3804 5962
1811 36 1896 43 q—

57 201 129 256 ιιιι
641 186 845 246 ιιιεοιοειι
863 189 1083 247 currerunt.
1100 189 1213 246 -irn
1230 190 1278 247 ιιι.
1399 145 1400 148 ¹
1743 191 1812 248 ivre

55 330 91 381 nt
106 329 292 390 summopere
305 314 444 373 inusitata
463 314 552 373 verba
566 313 650 386 quasi
669 312 792 385 prolana
806 322 835 373 et
856 314 907 371 tal·
924 317 949 373 lt
964 330 981 374 a
996 314 1157 375 conditoris
1172 316 1220 372 sui
1239 314 1359 383 visione,
1379 314 1434 372 hoe
1454 321 1496 372 est
1511 327 1529 371 a
1549 327 1618 372 vera
1633 314 1811 372 heatitudine

55 425 98 468 sae
123 408 248 466 scientim
270 405 390 477 laqueos
413 404 529 473 devitet,
546 417 597 474 per
611 417 685 475 quos
709 402 798 460 atlde
820 418 911 476 quos·
964 405 1086 476 expulit.
1104 405 1174 471 oue
1191 404 1267 461 sicut
1280 403 1363 461 illum
1379 410 1541 475 apostatare
1552 403 1621 461 iecit
1633 403 1675 460 ita
1688 410 1716 462 ει
1735 403 1809 462 mul·

55 499 127 556 dam
144 498 205 570 jam
232 494 375 553 excidisse
396 492 498 551 asserit
516 492 632 548 diceus:
650 493 672 550 0
697 489 845 562 Timotbee,
860 493 910 548 de-
964 501 1007 552 tos
1021 501 1048 550 ει
1063 493 1161 551 adhuc
1175 507 1226 564 per
1248 492 1381 548 haeresim
1395 491 1530 563 acquirit.
1548 493 1610 548 Non
1630 492 1707 550 enirn
1724 492 1810 567 igno-

54 590 178 660 positum
202 584 319 651 custodi,
343 582 467 637 devitans
490 583 624 652 profanas
651 595 744 636 vocum
764 584 908 652 novitates,
964 583 1059 640 rantia
1079 580 1250 639 haereticum
1273 580 1351 650 iacit,
1376 580 1425 638 sed
1439 581 1585 652 superbia,
1602 589 1634 638 ιιι
1650 582 1716 653 quis
1731 581 1810 639 ride-

55 683 84 732 ει
113 688 249 747 opponens
285 672 354 741 taisi
380 672 498 726 nominis
526 672 654 738 seientia,
690 685 770 741 quam
795 670 911 741 quidam
964 670 1029 729 licet
1044 686 1081 729 ex
1104 670 1231 728 novitate
1255 670 1355 740 aliqua
1378 684 1482 727 nomen
1507 671 1562 726 sibi
1581 671 1811 741 compararede-

54 757 759 838 promittentes,eircapdemencidevnntdl'im.
784 760 908 828 v1,ib).
964 761 1105 828 sidereus,
1135 759 1254 831 aliquod
1289 757 1460 816 inusitatum
1496 758 1623 830 prolerre
1656 758 1809 831 gloriatur,

54 854 139 912 ldem
175 852 213 908 ad
250 849 384 908 eumdem
416 849 447 904 iu
474 847 631 905 secunda:
670 847 734 903 ilaec
760 863 910 903 commoneo
964 850 1042 921 quod
1064 850 1203 906 adversus
1227 861 1329 904 omnes
1344 848 1508 919 importune
1523 848 1674 905 defendere
1696 847 1809 917 nititur,

56 942 106 1016 [V.
138 940 293 1010 commonet,
323 939 470 1008 testificans
511 951 602 992 coram
635 938 700 1006 heo,
738 937 796 992 noti
819 934 909 992 verbis
964 945 997 996 ut
1023 939 1155 1009 superior
1182 937 1319 994 omnibus
1346 938 1491 1006 videatur,
1521 943 1572 994 aut
1600 951 1636 994 ne
1663 938 1811 995 confutata

56 1031 227 1099 contundere,
257 1030 286 1083 in
313 1028 384 1082 nihil
407 1027 474 1082 utile
497 1030 547 1096 est,
571 1026 627 1081 nisi
650 1024 688 1079 ad
710 1024 911 1081 subversionem
965 1027 1107 1084 sententia
1128 1040 1191 1093 sua,
1209 1026 1328 1083 interior
1349 1026 1457 1083 caeteris
1480 1025 1631 1083 habeatur.
1660 1026 1741 1084 Unde
1755 1024 1813 1083 llu-

56 1119 242 1174 aualienttum.
283 1116 405 1182 Protcno
438 1118 528 1169 autem
561 1116 587 1167 et
627 1112 772 1179 vaniloqui
807 1111 909 1181 devita,
965 1116 1100 1188 gustinns
1120 1115 1152 1173 in
1179 1114 1253 1172 libro
1278 1118 1314 1170 lle
1334 1115 1459 1172 utilitate
1482 1115 1620 1183 credendi,
1644 1115 1810 1173 haereticum

56 1208 177 1264 muttum
201 1207 272 1261 enim
295 1206 443 1275 proficiunt
456 1201 494 1257 aot
515 1203 695 1271 impietatem.
715 1206 740 1256 et
763 1215 849 1256 sumo
870 1215 911 1256 eo·
964 1203 1117 1275 diiigenter
1131 1205 1318 1262 describens:
1342 1227 1357 1254 «
1380 1204 1536 1262 hereticus
1558 1205 1633 1277 [est],
1658 1205 1763 1277 inquit,
1779 1210 1811 1262 ut

55 1313 123 1353 rum
142 1300 173 1350 ut
187 1309 284 1351 cancer
303 1294 392 1362 serpit
414 1291 455 1361 (li
476 1292 545 1348 Tim.
571 1305 601 1359 u,
630 1290 684 1362 lt).
709 1290 780 1347 item
797 1309 808 1345 :
831 1291 910 1345 tuce·
964 1306 1028 1349 mea
1046 1292 1100 1350 iert
1116 1294 1224 1365 opinio,
1242 1294 1295 1366 qul
1318 1294 1444 1366 alicujus
1468 1295 1635 1365 temporalis
1656 1294 1810 1364 commodi,

56 1385 236 1441 militantem
259 1381 394 1437 ‘10⁸⁸'de
412 1382 490 1449 iuti,
511 1383 614 1434 tibiali
634 1392 695 1435 viti
712 1377 864 1448 l'titii'it'itb.
880 1381 911 1449 ti·
964 1389 992 1440 et
1017 1383 1144 1441 maxime
1168 1383 1266 1457 gloria
1282 1385 1519 1456 principatusque
1534 1384 1580 1440 sui
1604 1383 1708 1456 gratia,
1725 1382 1811 1441 lalsas

57 1474 133 1541 uem,
156 1473 327 1539 charitatem,
350 1484 445 1541 pacem
464 1483 525 1524 eum
547 1469 589 1523 lais
606 1471 653 1535 qut
676 1470 806 1523 invocant
825 1470 909 1522 Deum
963 1478 992 1528 et
1014 1485 1105 1529 novas
1123 1473 1272 1544 opiniones
1291 1473 1336 1530 vel
1355 1474 1449 1546 gignit
1472 1473 1518 1530 vel
1534 1474 1677 1545 sequitur.
1695 1494 1711 1524 u
1733 1471 1811 1529 ldem

57 1563 94 1618 ie
111 1561 283 1632 orbent-
306 1560 412 1615 siniam
432 1562 524 1613 ansam
544 1561 570 1612 a
593 1559 652 1612 tine
673 1556 820 1627 diciplina
835 1571 907 1626 qaae·
965 1559 995 1616 tn
1019 1576 1068 1616 nn
1095 1563 1134 1619 na
1155 1562 1272 1637 aritine
1293 1563 1362 1619 net:
1388 1585 1402 1614 «
1426 1561 1481 1629 oni
1506 1565 1536 1619 in
1560 1562 1685 1619 nantem
1700 1559 1811 1633 auquru

57 1652 160 1708 stium
176 1650 277 1718 diviti,
293 1651 380 1704 iiiiii
401 1651 466 1714 quia
487 1650 618 1717 tentritti
642 1646 712 1701 lites.
739 1645 851 1700 Sirium
865 1661 911 1701 tte
968 1661 1092 1720 pravum
1105 1650 1231 1721 sapiunt,
1246 1651 1271 1709 si
1292 1653 1412 1710 correcti
1431 1651 1640 1709 contumaciter
1662 1650 1810 1717 resistunt,

57 1749 113 1799 tem
132 1745 181 1798 liei
204 1755 257 1796 itin
272 1741 377 1810 illirici
402 1738 522 1805 liticare,
538 1735 587 1791 sed
605 1738 778 1790 mamutium
796 1748 854 1790 tiit
873 1734 910 1789 bd
966 1746 994 1796 et
1016 1753 1071 1797 sua
1092 1742 1225 1811 pestilera
1244 1743 1379 1814 dogmata
1400 1742 1554 1800 emendare
1576 1742 1690 1809 nolunt,
1713 1739 1761 1798 sed
1784 1746 1811 1797 et

56 1847 161 1900 omnes,
194 1829 344 1897 docibilem,
376 1830 537 1897 patientem,
571 1840 632 1880 eum
665 1824 797 1880 modestia
825 1825 908 1880 corm-
967 1825 1117 1885 defendere
1131 1829 1297 1899 persistunt,
1322 1831 1448 1888 heretici
1464 1830 1579 1888 irunt.»
1605 1832 1676 1886 ltenr
1691 1827 1811 1886 idemiu

55 1925 178 1993 pienum
197 1932 240 1974 eos
264 1919 311 1988 qui
338 1916 472 1970 resutunt
495 1913 590 1986 (loia,
624 1910 733 1984 iti-25).
768 1910 849 1968 Unde
883 1915 911 1966 ei
965 1917 1086 1988 epistola
1098 1918 1134 1974 ad
1148 1917 1304 1989 optatum:
1322 1919 1382 1976 «sl
1396 1920 1432 1977 de
1445 1920 1554 1988 anima,
1571 1938 1585 1972 v
1603 1918 1707 1990 inquit,
1726 1916 1812 1975 «ial-

58 2010 97 2067 bb
112 2008 159 2067 hii
179 2021 253 2079 t1¹1⁰s
267 2004 425 2062 ⁰bsii¹1³¹0⁸
438 2011 526 2076 atque
553 2001 732 2072 importunos
751 1998 911 2056 Viderimus
965 2005 1060 2062 sitatis
1081 2007 1202 2064 assertio
1227 2009 1401 2080 proteratur,
1421 2015 1449 2066 et
1475 2008 1614 2066 fallacitas
1634 2006 1809 2074 mendacem,

57 2099 215 2156 circatores
240 2093 385 2152 declinare
412 2108 466 2150 110⁸
482 2089 594 2149 Virilis
622 2090 766 2157 admouet,
792 2087 908 2144 dicens:
965 2100 993 2150 ει
1016 2093 1150 2151 talsitatis
1173 2095 1339 2166 importuna
1362 2097 1489 2154 detonsio
1508 2097 1677 2154 hereticum
1696 2094 1774 2152 iacit.
1795 2117 1810 2146 »

59 2189 151 2247 Nolite
173 2188 297 2241 sumtum
318 2184 384 2239 dore
408 2180 530 2249 canibus,
553 2194 639 2251 mette
659 2178 777 2234 mittatis
802 2191 910 2244 mitti·
965 2180 1045 2239 ldem
1060 2197 1146 2253 super
1159 2183 1307 2242 Genesim:
1333 2207 1347 2237 a
1362 2184 1426 2242 Non
1441 2187 1477 2242 oh
1493 2186 1572 2243 aliud
1590 2192 1658 2243 sunt
1675 2184 1810 2256 haeretici,

59 2279 133 2333 ritas
146 2280 250 2332 vetitas
267 2278 331 2328 inte
350 2287 457 2342 hirtii,
473 2286 506 2325 ne
531 2265 909 2337 i⁰rit⁶⁰utt⁴1⁶tttivtdibttt
965 2271 1021 2328 uisi
1045 2272 1123 2344 qnod
1148 2273 1312 2345 Scripturas
1341 2276 1496 2334 canonicas
1523 2291 1582 2333 non
1605 2283 1681 2333 recte
1705 2273 1811 2332 intelli·

60 2368 168 2435 suimet
180 2364 302 2419 conversi
316 2362 492 2431 disrumpant
506 2374 552 2414 vos
569 2358 679 2430 (Mutet.
694 2370 746 2426 vit,
763 2356 800 2428 b).
965 2367 1064 2432 gentes
1084 2375 1153 2419 suas
1173 2361 1261 2420 falsas
1283 2364 1433 2436 opiniones
1463 2374 1564 2424 eontra
1583 2378 1685 2423 earum
1703 2364 1809 2423 verita·

96 2457 137 2513 De
161 2454 218 2512 illis
245 2461 353 2520 autem,
389 2464 462 2522 quos
484 2448 601 2505 devotos
629 2445 666 2503 ad
693 2443 909 2517 inquisitionem
964 2458 1021 2507 tem
1037 2451 1382 2521 pervicaciterasserunt.
1399 2475 1414 2505 n

58 2543 192 2604 veritatis
215 2539 404 2614 percipienda
422 2537 593 2605 viderimus,
615 2542 648 2593 ut
670 2535 711 2593 eis
725 2533 832 2592 scilicet
859 2547 910 2604 per
1000 2540 1044 2596 Ad
1059 2541 1137 2611 quod
1161 2548 1241 2599 tanto
1255 2542 1370 2600 lucilius
1386 2544 1559 2615 prolessores
1577 2542 1733 2601 dialecticae
1749 2555 1811 2614 per·

59 2635 190 2693 rationes
223 2630 387 2688 satisfacere
412 2627 592 2693 studeamus,
630 2624 731 2681 Petrus
765 2621 910 2694 bli⁰⁸i⁰¹i¹³
963 2629 1040 2687 trani
1055 2629 1157 2700 solent,
1180 2638 1291 2702 quanta
1306 2646 1336 2689 se
1360 2633 1485 2702 amplius
1503 2633 1668 2691 rationibus
1683 2638 1811 2689 armatos

57 2723 196 2782 admonet
215 2721 334 2778 dicens:
360 2719 504 2774 Dominum
527 2721 621 2771 antem
640 2715 780 2772 divisium
805 2714 909 2768 saneti·
964 2733 1023 2776 esse
1047 2726 1213 2786 autumant,
1239 2726 1267 2777 et
1292 2727 1371 2778 tanto
1396 2722 1555 2778 securiores
1582 2720 1704 2778 liberius
1720 2719 1811 2792 quod·

57 2813 145 2881 gean
168 2812 275 2880 parati,
306 2805 474 2877 sumperunt
506 2801 735 2871 valefaciendum
763 2803 837 2858 omni
861 2815 910 2870 po
964 2806 1033 2865 libet
1065 2814 1116 2865 aut
1145 2808 1305 2878 detondere,
1339 2817 1390 2867 aut
1417 2809 1588 2881 impugnare
1614 2810 1805 2879 presumunt.

58 2901 146 2956 acenti
158 2914 205 2954 vos
218 2901 352 2953 rationem
368 2895 401 2951 ate
417 2910 448 2950 eu
463 2909 523 2964 que·
546 2892 664 2948 lavabis
680 2896 720 2946 est
744 2891 798 2961 tide
817 2894 843 2945 et
861 2904 910 2959 spe
966 2895 1095 2960 Quorum
1127 2903 1207 2956 lanta
1235 2905 1277 2955 est
1300 2899 1477 2971 arrogantia,
1505 2905 1536 2955 ut
1566 2897 1640 2954 nihil
1666 2911 1727 2954 esse
1751 2896 1811 2968 opi-

60 2986 88 3062 (Ι
106 2989 164 3045 Ρει.
186 3002 227 3055 ιιι,
250 2985 302 3057 li).
318 2985 353 3042 Et
367 2983 547 3054 coapostolus
570 2981 634 3053 ejus
648 2978 780 3037 Paulus:
805 2963 1080 3054 stomachentur,
1106 2986 1183 3057 quod
1207 3000 1309 3043 eorum
1334 2987 1505 3044 ratiunculis
1529 2985 1734 3057 comprehendi
1756 2989 1809 3040 aut

60 3077 170 3149 inquit,
191 3080 278 3132 vester
301 3076 331 3129 in
349 3075 442 3144 pratia
465 3072 589 3128 conditus
612 3072 649 3126 sit
674 3069 741 3138 sale,
755 3072 787 3124 ut
802 3071 907 3124 sciatis.
964 3074 1082 3132 edisseri
1103 3084 1238 3146 nequeat,
1270 3079 1499 3148 contemptisque
1525 3075 1670 3132 universis
1689 3072 1812 3131 auctori·

60 3165 195 3237 mamete
233 3168 355 3235 oporteat
382 3178 428 3218 vos
469 3162 615 3228 counione
649 3157 813 3230 respondere
848 3156 909 3228 (θο-
966 3161 1082 3230 tatibus,
1098 3162 1166 3219 solis
1180 3163 1235 3220 sibi
1250 3164 1365 3222 credere
1384 3164 1557 3236 gloriantur.
1581 3163 1662 3231 Quod
1689 3163 1767 3220 enim
1782 3160 1811 3218 id

60 3255 126 3312 usa.
149 3270 188 3323 rt,
217 3255 255 3326 o).
271 3252 360 3311 Aliud
384 3251 492 3324 quippe
506 3257 549 3307 est
569 3247 741 3308 conterendo
756 3247 909 3305 veritatem
964 3250 1058 3308 solnm
1072 3251 1226 3323 recipiunt,
1244 3254 1323 3324 qnod
1338 3253 1380 3311 eis
1400 3253 1474 3311 ratio
1494 3267 1549 3310 sua
1563 3252 1726 3324 persuadet,
1747 3264 1812 3323 pro·

62 3343 221 3417 inquirere,
237 3342 317 3400 aliud
335 3341 511 3412 disputando
525 3339 698 3396 contendere
723 3336 760 3393 ad
786 3343 908 3393 ostenta·
964 3340 1036 3397 lecto
1050 3340 1104 3397 sibi
1117 3341 1184 3399 solis
1205 3342 1406 3414 acquiescunt,
1427 3343 1512 3415 quasi
1534 3356 1583 3400 eos
1601 3340 1728 3399 habeant
1742 3354 1812 3397 ocu·

61 3433 181 3492 tionem.
199 3432 274 3489 illud
297 3429 406 3503 quippe
430 3428 591 3486 devotionis
612 3434 655 3485 est
668 3425 798 3482 studium
813 3424 849 3480 ad
868 3438 909 3480 εε-
965 3428 1018 3500 los,
1041 3430 1092 3501 qui
1107 3430 1137 3486 in
1152 3431 1240 3488 nullis
1249 3432 1375 3504 caligare
1387 3433 1530 3490 noverint.
1552 3431 1698 3489 Adversus
1712 3429 1813 3502 quales

60 3521 271 3592 didcatiouem3
296 3521 350 3578 hoc
373 3518 505 3577 elationis
537 3518 663 3587 impetus
695 3513 732 3570 ad
758 3513 909 3587 gloriatio·
966 3517 1038 3574 illud
1067 3519 1225 3592 Augustini
1253 3520 1361 3578 dicitur
1395 3536 1484 3591 super
1511 3535 1603 3578 xxxix
1646 3519 1810 3591 psalmum:

59 3625 139 3670 nem.
163 3610 204 3668 lbi
227 3611 378 3667 scientiam
404 3621 493 3679 quam
515 3621 574 3664 nou
598 3604 738 3662 babemus
762 3601 909 3674 percipere
967 3626 981 3656 ι
996 3604 1096 3663 Nonne
1111 3607 1254 3677 superbus
1269 3607 1421 3678 inveniris,
1446 3622 1513 3663 cuni
1535 3608 1629 3665 dicis:
1656 3607 1753 3663 Primo
1768 3605 1811 3669 vi,-

60 3700 195 3770 nitimur,
210 3699 259 3756 hic
276 3712 341 3756 eam
361 3705 504 3755 ostentare
528 3708 618 3768 quam
641 3707 694 3750 nos
716 3691 823 3749 habere
842 3705 907 3747 con·
966 3695 1049 3752 deam
1063 3703 1091 3752 et
1106 3695 1149 3751 sic
1163 3696 1299 3752 credam?
1314 3717 1329 3746 ι
1344 3695 1466 3764 Quibus,
1490 3697 1568 3767 quod
1584 3696 1692 3752 mirum
1706 3702 1759 3762 est,
1775 3708 1813 3751 ex

60 3788 190 3847 fidimus.
204 3789 266 3854 Quo
281 3788 359 3845 enim
373 3795 416 3844 est
429 3783 617 3843 excellentius
645 3780 765 3839 scientia
788 3780 909 3848 honum,
965 3782 1085 3840 scientia
1100 3783 1265 3855 ignorantia
1283 3793 1449 3857 generatur,
1472 3791 1504 3841 ut
1524 3783 1703 3841 contrarium
1719 3784 1814 3841 virtus

58 3877 175 3937 facilius
196 3878 233 3935 ad
256 3876 409 3935 elationem
434 3874 533 3943 trahit,
559 3874 646 3945 juxta
671 3870 745 3927 illud
771 3868 908 3940 apostoli,
966 3871 1070 3943 pariat.
1088 3871 1241 3928 scientiam
1262 3873 1371 3945 quippe
1393 3872 1541 3943 superbia,
1565 3871 1732 3941 superbiam
1757 3885 1813 3928 cae-

57 3966 182 4024 suentia
217 3969 307 4036 instat,
334 3965 456 4021 ebaritas
481 3962 600 4032 edificat
628 3960 653 4031 (l
683 3959 743 4017 Gor.
773 3973 831 4026 ιιιι,
872 3957 907 4029 ι).
965 3960 1037 4018 citas
1061 3961 1227 4033 comitatur,
1251 3976 1318 4019 cum
1345 3963 1412 4033 quis
1436 3961 1566 4019 videlicet
1588 3961 1697 4017 donum
1721 3962 1813 4017 maxi-

59 4056 144 4114 Unde
158 4063 185 4113 et
204 4069 332 4128 magnus
354 4054 402 4111 ille
417 4060 548 4124 apostata
562 4048 694 4122 angelus,
711 4047 763 4120 qui
784 4059 910 4119 proma-
965 4063 1056 4118 mum,
1079 4051 1157 4122 quod
1181 4064 1198 4107 a
1216 4052 1273 4109 lieo
1288 4052 1403 4124 recepit,
1428 4050 1482 4109 sibi
1502 4050 1628 4119 ascribit,
1654 4056 1682 4108 et
1696 4065 1754 4109 non
1769 4063 1813 4108 re·

56 4145 117 4218 jori
144 4143 362 4216 perspicacitate
387 4140 642 4213 intelligendarum
665 4145 841 4195 naturarum
864 4149 907 4193 ro·
965 4140 1163 4212 cognoscendo
1177 4141 1305 4211 dantem,
1321 4142 1425 4199 amittit
1448 4141 1568 4211 datum3
1592 4147 1620 4197 ει
1643 4145 1724 4197 tanto
1738 4147 1813 4211 post·

58 4247 130 4293 rum
143 4234 255 4292 ceteris
273 4247 290 4289 a
306 4232 445 4305 propheta
464 4231 602 4303 prelatus
616 4236 668 4298 est,
693 4233 721 4284 ει
745 4240 804 4298 praa
819 4223 910 4284 nituia
965 4229 1083 4286 modum
1099 4228 1224 4287 deterior
1247 4230 1289 4298 tit,
1314 4237 1425 4301 quanto
1446 4229 1547 4285 melior
1569 4227 1745 4286 antefactus
1769 4228 1812 4285 ta-

57 4323 187 4381 scientie
219 4323 433 4381 illuminatione
469 4319 599 4377 hueilero
635 4324 831 4388 comparatus,
866 4314 907 4371 di·
925 4311 948 4365 D
963 4317 1036 4374 ctori
1059 4316 1168 4390 gratias
1189 4331 1275 4389 agere
1294 4317 1472 4388 contempsit.
1498 4317 1612 4374 lustum
1637 4317 1745 4388 quippe
1769 4324 1812 4374 est

57 4418 143 4470 εειιιε
179 4415 344 4485 propheta:
385 4413 425 4466 Τιι
457 4411 579 4477 Lucifer,
617 4409 665 4476 qui
691 4421 770 4463 mune
806 4404 909 4460 oriebu
964 4413 997 4464 ut
1012 4406 1059 4465 cui
1085 4406 1151 4479 plus
1165 4407 1365 4475 committitur,
1382 4407 1447 4477 plus
1468 4405 1504 4464 ab
1528 4421 1561 4463 eo
1585 4406 1730 4478 exigatur.
1756 4405 1811 4462 Ta-

56 4506 113 4570 ris,
140 4510 194 4561 etc.
223 4503 289 4572 (lsu.
314 4514 373 4569 xm,
398 4501 451 4573 li).
479 4498 591 4568 Quanto
620 4497 722 4570 majori
755 4493 911 4567 praeditum
964 4495 1120 4554 liumvero
1142 4502 1252 4567 iustam
1270 4495 1503 4563 excecationem,
1522 4502 1550 4552 ει
1569 4508 1672 4552 sensus
1695 4502 1723 4553 et
1744 4493 1811 4552 vite

57 4590 248 4663 sapientiase
269 4589 417 4661 conspexit
441 4595 520 4645 tanto
537 4586 651 4645 laoilius
670 4586 818 4657 altiusque
833 4584 908 4641 intu-
964 4586 1095 4657 reprobe
1130 4584 1322 4657 ignominiam
1350 4585 1503 4656 Apostolus
1539 4583 1718 4656 conspiciens
1749 4583 1811 4640 ait:

57 4681 147 4749 mult,
165 4689 193 4738 ct
217 4687 379 4751 prostratus
404 4679 531 4736 deterius
554 4677 624 4734 ruit.
641 4675 743 4747 Cujus,
766 4673 796 4732 ni
815 4672 909 4740 iallor,
964 4674 1016 4741 Qui
1030 4689 1089 4729 eum
1111 4677 1297 4745 copnovissent
1310 4677 1405 4743 Deum,
1432 4690 1485 4730 non
1509 4677 1580 4730 sicut
1597 4677 1684 4730 Deum
1706 4673 1812 4744 glutiti-

55 4770 218 4842 imaginem
254 4770 329 4828 iuter
367 4770 517 4828 universos
546 4765 730 4838 philosophos
767 4760 910 4821 dialectici
963 4769 1104 4832 caveant,
1127 4769 1176 4820 aut
1191 4766 1297 4834 gratias
1324 4770 1445 4833 egeant,
1461 4764 1509 4819 sed
1527 4767 1699 4820 evanuerunt
1720 4763 1751 4818 in
1771 4776 1813 4817 co

55 4857 117 4919 sihi
141 4858 194 4916 hoe
208 4865 337 4928 tempore
358 4857 518 4920 vindicant,
538 4855 623 4928 quasi
645 4855 740 4926 magis
761 4851 910 4925 egregiam
963 4856 1142 4924 pitationibus
1164 4857 1233 4923 suis,
1263 4859 1289 4909 et
1304 4853 1478 4910 obscuratum
1493 4858 1533 4909 est
1552 4855 1683 4924 insipiens
1702 4866 1749 4908 eor
1766 4868 1811 4908 eo-

56 4945 159 5019 adepti
171 4947 393 5019 philosophiam,
410 4946 480 5017 quia
496 4945 588 5017 magis
612 4945 774 5001 verbosam.
799 4941 844 5009 lli,
869 4941 911 4998 in·
963 4958 1058 4999 rum...
1085 4946 1209 4999 dicentes
1237 4945 1312 5000 enim
1334 4958 1362 4997 se
1380 4958 1436 4999 esse
1464 4945 1613 5014 sopientes,
1639 4941 1719 4998 stulti
1742 4944 1813 5010 raeti

55 5049 160 5109 quam,
185 5045 245 5094 tam
267 5038 322 5094 ileo
342 5035 437 5092 inlesti
461 5047 553 5106 qnam
585 5031 753 5091 hominibus
786 5029 905 5102 ingrati,
963 5037 1060 5090 sunt...
1081 5036 1198 5104 propter
1219 5030 1291 5099 qnod
1307 5031 1424 5088 tradidit
1449 5031 1512 5087 illas
1527 5035 1598 5087 heus
1620 5031 1650 5084 in
1670 5031 1841 5100 passiones·

52 5126 137 5184 sicut
157 5126 374 5197 scriptumest:
405 5126 455 5180 Vir
476 5124 617 5192 linguosus
641 5137 696 5178 non
721 5119 858 5190 dirigetur
880 5121 911 5176 in
963 5122 1127 5190 ignominie,
1157 5129 1211 5178 etc.
1239 5120 1325 5191 (Rom.
1360 5135 1380 5189 ι,
1403 5121 1509 5186 ileo.)
1534 5120 1571 5177 Et
1598 5118 1751 5176 psalmista
1778 5119 1813 5176 de

56 5218 148 5283 ema,
167 5221 220 5273 etc.
244 5213 329 5285 (Psal.
346 5226 474 5284 cxxxix,
493 5215 548 5284 ti).
571 5212 608 5268 Et
632 5210 761 5268 Boetius:
787 5229 802 5260 u
825 5207 854 5264 Si
869 5221 912 5267 ar·
963 5208 1132 5282 hujusmodi
1146 5209 1337 5267 contentionis
1357 5207 1450 5279 elatis,
1476 5208 1528 5280 qui
1553 5222 1583 5265 se
1606 5207 1691 5279 quasi
1718 5209 1813 5281 magl-

55 5315 169 5377 rogans
182 5312 236 5374 est,
259 5326 275 5355 »
290 5303 399 5375 iuquit,
417 5324 428 5353 ι
451 5301 568 5359 odiosus
581 5308 633 5357 est.
650 5320 665 5349 n
684 5301 730 5357 lix
743 5299 911 5372 arrogantia
962 5306 1037 5356 stros
1051 5306 1079 5355 et
1099 5297 1245 5369 principes
1266 5296 1392 5355 aliorum
1413 5297 1571 5355 aestimant:
1587 5297 1686 5367 Effusa
1700 5301 1751 5366 est,
1768 5297 1812 5354 ιιι-

54 5392 139 5451 ειιιιιι
161 5392 274 5467 quique
297 5392 329 5449 tlt
352 5392 478 5450 odiosus.
503 5391 571 5447 llaec
589 5388 707 5462 quidem
730 5386 825 5445 omnis
845 5401 909 5459 pec·
964 5386 1040 5458 quit,
1063 5388 1225 5458 contemptio
1250 5401 1334 5456 super
1355 5388 1501 5457 menopes,
1529 5390 1556 5441 et
1578 5401 1672 5442 mare
1688 5388 1757 5456 tecit
1770 5400 1813 5443 eos

55 5480 259 5542 catiinitinm
280 5480 418 5555 angelum
439 5479 579 5554 primum,
594 5485 634 5554 ‚ut
657 5476 789 5548 dicimus,
813 5475 911 5538 ειιιιιιι
962 5479 995 5533 in
1020 5477 1095 5533 invio
1125 5481 1152 5534 et
1173 5491 1229 5534 non
1255 5479 1286 5532 in
1307 5477 1355 5534 viu
1373 5475 1459 5548 (Psoi.
1482 5489 1541 5546 cvr,
1568 5475 1627 5549 ib.)
1655 5474 1813 5537 Haeduus
