3804 5962
494 203 1063 291 rflu0b0Glactletsrlalta.,-L1B.
1083 204 1128 261 lu.
1204 270 1208 278 ι
1250 248 1253 253 .
1352 252 1355 258 .
1614 208 1696 281 lall-

79 330 172 389 'alsam
193 338 235 388 εει
250 330 451 403 paternitatem
474 329 548 387 nihil
566 344 635 400 esse,
664 329 718 387 hoc
738 335 779 387 εει
794 331 819 387 Δ
834 337 945 387 εειειιιε
959 328 1101 400 ambigat,
1117 326 1179 386 sive
1201 326 1318 385 Jndaeus
1339 326 1399 384 sive
1418 328 1534 400 gentilis
1551 329 1682 386 :nemini

101 421 234 494 quandiu
260 420 369 491 aliquid
392 427 474 491 pater
494 420 540 488 sit,
567 420 621 477 hoc
647 427 689 476 εει
714 433 778 475 eam
832 420 894 477 haec
917 418 987 476 lidos
1012 417 1108 475 deesse
1127 416 1254 474 videtur.
1270 415 1352 483 Quod
1367 423 1395 472 ει
1415 431 1467 474 nos
1481 417 1599 490 quidem
1613 433 1680 475 cou-

79 509 149 577 buod
169 510 256 566 etlam
275 508 385 565 dictum
408 516 468 577 est;
496 508 640 581 quidquid
660 516 711 576 est,
734 522 779 564 res
833 509 971 574 cedimus,
995 514 1147 579 sequentes
1172 505 1339 576 Apostolum
1366 506 1418 577 qui
1443 506 1499 562 ait:
1526 507 1604 573 Quod
1631 524 1680 562 no.

79 600 118 654 leo
140 599 340 669 paternitatem
356 611 414 653 non
436 612 506 666 esse,
535 597 560 653 ει
582 599 644 668 ipsa
669 612 728 654 non
742 598 780 655 sit
833 603 891 653 tom
914 601 955 653 εει
968 597 1037 670 [Dea
1064 596 1243 664 menifestum
1261 599 1300 650 εει
1326 595 1383 649 illis
1408 596 1494 663 (Rom.
1522 611 1542 662 r,
1568 595 1626 668 l9);
1649 610 1683 653 ac

102 686 139 743 ad
162 686 283 742 lormam
303 687 404 743 attinet
428 685 596 758 syllogismi,
620 685 645 742 si
670 686 729 742 vim
752 693 780 743 et
833 686 857 744 si
879 685 1009 743 diceret:
1039 685 1119 751 Quod
1147 685 1183 740 ad
1211 683 1393 741 divinitatem
1422 684 1544 755 pertinet
1571 684 1683 742 ratione

79 775 309 833 enuntiationum
330 773 424 846 magis
446 789 536 845 quam
557 788 661 832 sonum
685 782 781 831 atten-
832 775 1006 848 percipiunt,
1023 774 1212 847 quiahaecde
1226 775 1282 830 lieo
1298 772 1470 830 naturaliter
1486 772 1559 829 ratio
1571 787 1682 831 unum-

79 863 145 922 Τειε
168 865 274 935 quippe
301 871 344 919 est
372 863 449 934 quod
475 862 604 920 dicitur:
634 862 780 934 Quidquid
833 877 980 936 quemque
1000 863 1107 919 edocet.
1133 862 1214 920 Unde
1232 869 1261 918 ει
1277 862 1413 931 superius
1428 875 1495 918 cum
1520 861 1680 919 Platonico·

79 960 129 1023 est,
158 967 193 1011 ac
218 954 241 1011 si
271 953 403 1010 dicatur:
433 951 620 1023 Quocunque
656 965 701 1009 res
728 958 780 1021 est,
834 966 900 1010 rum
914 951 1070 1008 sententias
1085 951 1120 1007 de
1142 949 1236 1009 Verbo
1251 949 1301 1006 liei
1326 950 1512 1022 Augustinus
1525 958 1680 1021 presenta-

79 1058 129 1116 ’es3
154 1058 221 1101 cnm
246 1057 315 1100 vero
330 1043 458 1111 additur,
482 1043 640 1113 paternitas
655 1056 713 1098 non
739 1047 781 1097 εει
836 1048 888 1105 ret,
908 1041 1002 1098 solum
1024 1040 1104 1112 quod
1124 1038 1159 1096 ad
1187 1039 1366 1096 divinitatem
1396 1038 1482 1096 Verbi
1506 1039 1629 1111 pertinet
1654 1053 1684 1097 εε

79 1131 154 1190 this
177 1132 323 1204 colligitur
347 1131 505 1202 paternitas
528 1144 588 1187 non
611 1144 691 1199 esse;
716 1129 782 1186 talis
834 1128 920 1186 ineis
934 1128 1073 1199 reperisse
1094 1126 1287 1196 confirmavit,
1310 1135 1338 1184 ει
1353 1126 1426 1184 nihil
1443 1127 1478 1184 de
1500 1127 1681 1187 incarnatio·

81 1222 200 1289 inimus,
217 1219 411 1278 conclusionis
432 1234 533 1277 sensus
558 1233 591 1277 ac
605 1219 630 1276 si
651 1219 783 1276 dieamus
836 1218 881 1276 nis
902 1217 1047 1290 mysterio,
1064 1217 1094 1274 in
1116 1231 1175 1288 quo
1199 1223 1287 1274 totam
1311 1216 1414 1274 salutis
1441 1217 1577 1275 humanae
1602 1232 1682 1276 sum·

93 1310 206 1383 aliquid
228 1317 351 1382 patrem.
378 1308 519 1366 Resolutis
544 1308 643 1380 itaque
666 1320 782 1380 perex·
836 1321 914 1365 mam
938 1307 1093 1364 consistere
1120 1313 1231 1363 certum
1249 1314 1302 1373 est,
1329 1305 1391 1363 sine
1415 1320 1473 1377 quo
1495 1305 1604 1364 lrustra
1626 1322 1685 1366 cao·

79 1413 104 1456 m
135 1399 388 1471 propositionibus,
419 1397 484 1455 talis
513 1397 567 1455 erit
593 1404 783 1469 argumenta·
837 1404 899 1454 tera
914 1382 1087 1454 creduntur.
1114 1395 1208 1453 Facile
1236 1404 1333 1453 autem
1356 1395 1489 1452 convinci
1504 1395 1609 1467 poterit
1635 1410 1683 1454 eos
1713 1453 1715 1456 ,

101 1487 140 1544 ita
159 1487 273 1545 dicatur
289 1504 296 1542 :
314 1487 413 1545 Omnis
441 1500 486 1544 res
509 1499 574 1558 quae
592 1493 644 1554 est,
662 1492 704 1542 εει
719 1498 782 1555 ιεε;
837 1499 956 1558 qnoque
977 1485 1029 1557 qui
1052 1491 1150 1542 nostra
1173 1486 1208 1543 de
1235 1484 1290 1542 lide
1317 1485 1408 1541 verba
1425 1484 1592 1555 abhorrent,
1618 1500 1686 1543 cum

79 1577 166 1635 rnitas
191 1591 249 1634 non
269 1583 312 1633 εει
326 1590 386 1649 ιεε;
411 1590 480 1648 ergo
494 1589 553 1633 non
572 1574 659 1632 habet
672 1573 783 1646 aliquid
802 1613 823 1668 B
839 1573 971 1631 videlicet
986 1572 1110 1631 audiunt
1126 1575 1217 1631 Deum
1232 1574 1346 1631 Patrem
1366 1580 1394 1632 et
1408 1574 1501 1631 Deum
1516 1575 1633 1642 Filium,
1653 1575 1684 1632 ln

79 1673 150 1734 tem,
175 1666 385 1737 quodomniuo
411 1678 469 1722 non
496 1663 637 1737 provenit.
666 1662 695 1719 Si
720 1661 787 1733 quis
841 1677 958 1722 sensum
983 1664 1138 1721 verborum
1168 1663 1252 1720 uobis
1275 1677 1337 1720 esse
1359 1663 1539 1734 conjunctos.
1564 1666 1716 1722 lnterro,

79 1753 155 1810 ,viter
180 1753 302 1825 accipiat
331 1753 409 1825 quod
434 1752 488 1809 hoe
510 1752 570 1810 loco
594 1752 727 1809 lectorem
750 1749 787 1806 ad
841 1766 942 1825 gemus
956 1752 1034 1809 enim
1049 1766 1107 1818 eos,
1122 1753 1144 1808 si
1158 1751 1335 1823 Sapientiam
1361 1752 1411 1808 [tel
1431 1747 1560 1821 credant,
1576 1753 1611 1811 de
1627 1767 1687 1826 qua

78 1841 170 1898 ionem
215 1842 504 1912 praedicamentorum
553 1840 786 1903 invitaverimus,
841 1842 981 1912 scriptum
1011 1849 1076 1899 est:
1114 1841 1212 1898 Omnia
1249 1846 1279 1896 in
1314 1843 1453 1911 saptemm
1485 1844 1577 1910 fecisti
1610 1845 1686 1900 Psol.
1718 1876 1720 1881 ,

79 1944 131 1987 nnc
145 1929 202 1987 sibl
217 1937 373 1987 tractatum
392 1929 525 1987 sulficere
549 1943 607 1987 non
634 1943 715 2001 posse
740 1927 787 1986 di·
842 1944 907 1998 ctu,
929 1930 975 2002 ιι)
993 1945 1000 1986 :
1019 1937 1048 1987 ει
1062 1930 1158 1987 ειειιιιι
1184 1930 1399 2001 respondebunt
1422 1945 1452 1987 se
1472 1931 1598 1988 credere.
1615 1930 1690 1989 lule·

100 2018 154 2076 hoc
169 2034 237 2077 eum
254 2019 338 2090 quasi
355 2016 555 2090 imperiectum
580 2024 705 2090 arguat:
724 2017 787 2074 bre·
842 2018 1062 2077 ramusdeinde
1085 2022 1289 2076 convenienter
1304 2033 1352 2076 eos
1367 2019 1396 2076 ιιι
1417 2019 1472 2077 hoc
1497 2019 1558 2091 ipso
1582 2020 1688 2078 Filium
1715 2072 1719 2079 .

96 2105 298 2179 predicatione
324 2106 414 2178 patris
432 2114 459 2163 ει
479 2106 659 2177 paternitatis
682 2103 788 2162 instrui
843 2108 894 2165 Dei
916 2109 991 2165 sicut
1011 2113 1040 2164 et
1066 2121 1118 2164 uos
1142 2107 1268 2176 credere,
1296 2122 1363 2165 cum
1389 2122 1443 2165 nos
1461 2108 1594 2166 videlicet
1613 2108 1688 2166 idern

79 2210 170 2267 qnare
192 2196 324 2254 videlicet
347 2210 413 2254 cum
438 2196 581 2254 diversam
605 2210 666 2254 rem
693 2203 787 2268 pater·
842 2196 1039 2268 intelligamus
1052 2195 1245 2268 perverbum
1264 2196 1325 2253 sive
1346 2210 1398 2267 per
1411 2196 1517 2254 Filium
1536 2198 1597 2266 Dei,
1611 2197 1690 2269 quod

97 2293 178 2357 petre
205 2286 332 2342 nolimus
350 2299 421 2354 esse,
444 2298 478 2341 ea
499 2285 661 2357 tantum[s.
681 2281 786 2357 tamen]
843 2286 885 2344 illi
912 2299 962 2357 per
988 2284 1163 2357 Sapientiam
1195 2285 1255 2341 bei.
1287 2283 1426 2356 Quisquis
1454 2293 1552 2343 autem
1584 2285 1690 2343 Filium
1777 2323 1781 2335 ·

79 2385 138 2430 cem
163 2387 214 2444 per
235 2373 466 2444 praedicationem
486 2387 545 2430 non
563 2373 735 2445 jungamus,
757 2380 789 2431 ut
843 2389 906 2432 esse
933 2374 1043 2443 recipit,
1064 2372 1165 2444 utique
1192 2381 1221 2431 et
1241 2387 1308 2430 eum
1330 2374 1416 2446 cnjus
1440 2382 1482 2431 est
1510 2374 1601 2432 Filius
1629 2387 1690 2432 εεεε

100 2461 230 2519 ιιιεειιιιιε
259 2469 370 2534 patrem
396 2476 457 2519 esse
483 2454 696 2533 paternitatem,
724 2469 752 2519 et
774 2476 789 2518 ε
843 2477 902 2520 non
924 2463 1048 2532 dubitat,
1070 2462 1123 2519 hoc
1144 2469 1186 2519 est
1204 2464 1329 2519 Patrem.
1352 2462 1490 2533 Spiritum
1513 2477 1631 2536 quoque
1653 2463 1691 2520 si·

79 2575 91 2606 ι.
118 2550 246 2607 sienim
271 2560 352 2622 pater
374 2559 446 2608 esset
469 2551 640 2622 paternitas,
663 2549 790 2622 prolecto
844 2552 906 2611 mili
930 2551 1040 2608 ratione
1060 2564 1108 2607 eos
1133 2550 1248 2607 credere
1269 2551 1484 2620 convincemus,
1506 2553 1532 2608 si
1554 2554 1596 2610 ειε
1619 2551 1692 2623 quid

79 2639 217 2711 cipatione
240 2639 330 2711 patris
348 2649 420 2697 esset
439 2640 633 2713 assignandus
649 2647 739 2711 pater,
757 2647 790 2697 ut
846 2641 877 2698 in
902 2640 957 2696 hoc
979 2640 1095 2698 nomine
1122 2638 1318 2710 intelligamus
1340 2640 1570 2711 exposuerimus,
1600 2641 1691 2711 ipsam

91 2728 166 2786 idem
180 2729 295 2800 penitus
317 2736 398 2799 esset,
424 2728 624 2807 aliquemlesse
646 2743 714 2786 eum
739 2729 790 2800 qui
845 2729 952 2787 scilicet
965 2726 1073 2786 divinae
1088 2726 1189 2800 gratiae
1211 2728 1381 2785 Bonitatem.
1404 2729 1478 2786 ilinc
1491 2735 1591 2786 autem
1609 2726 1693 2785 lacile
1721 2776 1725 2783 .

79 2824 102 2886 t,
130 2831 197 2874 eum
226 2817 333 2875 habere
366 2819 396 2874 in
427 2832 456 2875 se
494 2818 705 2889 paternitatem,
737 2817 791 2873 hoo
846 2817 1026 2877 occasionem
1060 2816 1135 2873 sumi
1163 2816 1289 2873 arbitror
1318 2816 1504 2874 convertendi
1541 2817 1578 2874 ad
1607 2816 1693 2873 iidem

79 2955 81 2962 ,
112 2920 173 2963 εεεε
201 2914 322 2977 patrem,
353 2906 431 2979 quod
461 2907 578 2964 omnino
605 2906 710 2963 laisum
737 2914 789 2962 est.
808 2903 829 2960 C
846 2914 974 2963 nostram
999 2903 1144 2978 quoslibet
1167 2904 1285 2975 alienos,
1306 2905 1329 2962 si
1349 2905 1518 2977 hujusmodl
1545 2906 1694 2963 inductio-

85 2995 162 3053 sicut
187 2996 266 3053 aliud
293 3004 335 3053 est
362 2994 474 3067 aliquid
502 3010 563 3053 esse
590 2995 618 3051 id
643 2995 722 3066 quod
749 3001 791 3052 est
846 2995 995 3054 nibuseos
1014 2996 1075 3068 jam
1098 3007 1280 3051 communem
1310 2993 1460 3051 uobiscum
1488 2993 1554 3051 lldei
1576 3007 1694 3052 sensum

79 3083 97 3141 tl
120 3085 148 3142 id
166 3085 245 3157 quod
260 3092 303 3142 est
317 3093 499 3156 perpetuum,
515 3098 604 3157 quam
622 3084 716 3156 ipsum
730 3098 791 3140 esse
846 3084 953 3141 habere
976 3081 1228 3140 convincerimus:
1252 3096 1342 3152 quam
1365 3081 1431 3139 licet
1454 3096 1503 3141 ore
1525 3097 1582 3140 non
1607 3082 1692 3154 proli·

82 3172 167 3229 lesse
187 3181 371 3243 perpetuum,
394 3173 433 3230 ibi
449 3174 558 3245 quippe
583 3187 628 3230 res
649 3172 790 3241 lormatae,
846 3180 944 3230 tentor
962 3172 1042 3229 sicut
1066 3185 1129 3238 nos,
1152 3176 1269 3242 propter
1304 3171 1466 3243 ignoratam
1494 3172 1604 3229 scilicet
1628 3185 1707 3229 vers

79 3261 196 3332 reipsa
215 3261 431 3331 predicantur:
456 3262 495 3318 ita
515 3261 596 3319 aliud
612 3268 655 3318 est
680 3261 792 3332 aliquid
848 3261 952 3321 horum
980 3267 1147 3319 nostrorum
1184 3258 1438 3331 significationem,
1477 3261 1563 3318 corde
1598 3268 1694 3318 tamen

80 3365 97 3407 u
122 3351 175 3422 qul
194 3358 274 3421 pater
289 3357 331 3408 εει
351 3364 440 3422 quam
464 3350 561 3421 ipsum
585 3364 646 3408 esse
662 3359 790 3422 patrem:
846 3364 910 3408 eam
935 3350 997 3422 jam
1023 3355 1131 3418 tenent,
1159 3347 1236 3405 sicut
1256 3347 1397 3421 scriptum
1417 3356 1482 3407 est:
1506 3349 1592 3408 cede
1607 3348 1695 3407 medi·
1725 3400 1730 3409 .

91 3440 171 3499 aliud
192 3448 234 3498 est
262 3441 357 3511 ipsum
382 3454 443 3496 esse
468 3454 536 3496 eum
559 3440 610 3511 qui
638 3439 725 3497 habet
747 3452 794 3508 pa·
848 3437 1095 3508 torodjostiliem
1110 3436 1197 3508 (bom.
1214 3449 1244 3505 x,
1265 3437 1318 3509 lb).
1728 3490 1732 3497 ,

79 3543 109 3585 m
160 3542 251 3600 quam
300 3529 395 3600 ipsum
438 3528 544 3586 habere
582 3529 791 3599 paternitatem,
883 3528 1017 3584 Haecnos
1036 3525 1072 3582 de
1089 3524 1229 3582 altissima
1249 3533 1277 3580 ει
1297 3524 1583 3597 incomprehensibili
1601 3527 1694 3600 philo·
1727 3580 1732 3587 .

79 3616 173 3674 dsine
196 3616 249 3673 hoc
271 3631 329 3674 non
348 3617 437 3688 possit
461 3630 532 3673 esse.
555 3614 609 3680 Qui
632 3615 730 3687 ltaque
750 3614 792 3671 di·
847 3616 950 3688 sophia
970 3613 1129 3672 divinitatis
1155 3613 1245 3671 coacti
1267 3614 1432 3685 irequenter
1445 3624 1473 3673 et
1496 3619 1644 3688 provocati
1659 3618 1696 3676 ab

79 3705 143 3777 iquo
163 3706 235 3777 quia
248 3713 290 3764 εει
309 3713 400 3776 pater,
426 3704 639 3776 paternitatem,
664 3717 725 3760 non
744 3716 792 3773 pa·
849 3704 1066 3776 importunitate
1080 3701 1240 3760 inlidelium
1263 3703 1388 3761 scribere
1410 3705 1474 3761 ausi
1489 3719 1602 3774 sumus,
1621 3707 1696 3764 nihil

79 3793 180 3851 edicat.
197 3793 225 3850 Si
250 3809 319 3852 vero
334 3794 441 3852 diceret
466 3794 536 3866 quia
550 3801 592 3850 εει
606 3793 631 3850 ιε
645 3792 696 3864 qui
713 3799 794 3863 pater
848 3802 1007 3851 asserentes
1031 3793 1067 3850 de
1090 3792 1132 3849 eis
1155 3806 1222 3863 quas
1245 3791 1378 3860 dicimus,
1403 3807 1457 3850 nec
1470 3795 1621 3852 veritatem
1647 3795 1696 3852 do·

99 3890 142 3939 est
171 3881 336 3963 qui'habet
356 3883 570 3954 paternitatem,
594 3889 664 3939 tunc
692 3880 793 3952 utique
848 3898 912 3940 cere
936 3881 1124 3950 intendentes,
1141 3894 1231 3953 quam
1256 3894 1351 3952 neque
1367 3895 1420 3939 nos
1434 3896 1515 3953 posse
1538 3883 1611 3940 scire
1633 3897 1697 3954 pro

82 3984 166 4041 psum
182 3972 361 4043 praedicaret.
386 3974 448 4029 Non
462 3980 505 4029 εει
520 3972 618 4043 itaque
640 3978 721 4042 pater
743 3984 791 4041 pa·
849 3972 974 4029 dtemor.
1000 3971 1054 4029 Sed
1077 3984 1173 4042 neque
1198 3970 1228 4027 hi
1252 3969 1306 4041 qni
1334 3969 1418 4027 lidem
1447 3979 1574 4029 nostram
1603 3971 1698 4044 impu·

95 4072 161 4116 eum
186 4074 222 4117 ea
243 4060 459 4132 participatione
484 4060 574 4131 petris
595 4073 654 4115 non
676 4057 713 4115 ειι
727 4058 795 4115 εεει-
850 4075 941 4134 gnare
959 4060 1133 4134 gloriantur,
1150 4059 1302 4117 veritatem
1322 4063 1469 4131 quaerunt,
1490 4061 1540 4118 sed
1555 4074 1695 4133 pugnam.

79 4163 83 4200 t
111 4155 203 4219 pater,
232 4150 280 4208 sed
310 4164 347 4206 ειι
377 4149 597 4220 participatione
626 4155 658 4207 ut
683 4147 793 4206 dictum
810 4185 832 4242 0
850 4149 963 4217 Quibus
990 4149 1015 4206 si
1044 4147 1174 4205 resistere
1201 4161 1356 4218 possumus
1382 4146 1516 4217 lacessiti,
1541 4148 1611 4206 satis
1637 4164 1698 4208 esse

78 4237 197 4294 ernitas.
223 4237 277 4296 Sed
305 4253 400 4309 neque
428 4254 443 4296 e
473 4250 612 4296 converso
635 4238 793 4309 paternitas
848 4238 931 4295 dehet
946 4237 1024 4308 quod
1044 4251 1096 4294 nos
1110 4235 1303 4295 defendimus.
1327 4235 1362 4292 lli
1382 4249 1451 4294 vero
1474 4237 1526 4310 qui
1542 4237 1698 4326 impetunt,
1726 4285 1729 4288 ⁴

80 4339 105 4397 r,
133 4326 188 4383 hoc
215 4335 257 4384 est
291 4328 401 4384 habeus
431 4326 636 4399 paternitatem
665 4334 795 4397 respectu
849 4327 906 4385 nisi
924 4327 1046 4385 vicerint
1062 4341 1079 4384 a
1095 4325 1364 4397 propositoeadunt
1384 4326 1632 4398 atquedeliciunt.
1654 4329 1697 4398 Et,
1735 4374 1737 4379 .

103 4429 170 4472 cum
196 4416 256 4488 ipsa
280 4417 399 4474 omnino
424 4416 588 4474 substantia
612 4430 670 4474 non
695 4416 740 4479 sit,
762 4423 796 4473 ut
850 4415 991 4488 quoniam
1010 4415 1216 4487 philosophicis
1238 4417 1364 4473 maxime
1386 4416 1550 4473 rationibus
1568 4431 1621 4475 nos
1643 4431 1699 4490 ag·
1726 4464 1730 4471 .

79 4508 105 4560 ιε
130 4504 223 4562 filiurn
250 4505 367 4577 gignere
395 4507 503 4578 possit3
527 4505 576 4562 sed
606 4505 699 4578 magis
727 4517 796 4574 pro·
851 4504 1035 4578 grediuntur,
1059 4510 1087 4562 et
1107 4518 1159 4561 nos
1183 4517 1232 4560 eas
1254 4503 1397 4576 praecipue
1420 4505 1567 4575 prosecuti
1585 4520 1699 4577 sumus,

81 4592 180 4651 relatio
206 4594 378 4653 substantie
406 4601 459 4666 est,
496 4609 585 4668 quam
620 4594 794 4652 substantia.
850 4608 924 4667 quas
939 4592 1024 4651 credo
1047 4592 1084 4650 ad
1107 4593 1226 4665 plenum
1251 4607 1337 4651 nemo
1360 4593 1521 4666 intelligere
1540 4595 1627 4665 valet,
1643 4593 1700 4652 nisi

79 4683 265 4741 :nuucsatis
851 4683 904 4756 qui
931 4682 1135 4754 philosophicis
1155 4690 1184 4740 et
1205 4684 1329 4741 maxime
1352 4681 1510 4741 dialecticis
1534 4683 1638 4743 studiis
1652 4684 1701 4741 iu·
1729 4736 1732 4742 .

79 4777 119 4827 est
155 4780 252 4829 autem
292 4771 449 4830 novissima
484 4771 616 4844 questio,
652 4769 797 4843 quomodo
851 4772 1025 4847 vigilaverit.
1051 4774 1168 4830 Necesse
1190 4777 1287 4829 autem
1310 4779 1372 4829 erat
1396 4779 1428 4830 ut
1446 4771 1623 4830 adversariis
1644 4786 1702 4830 no-

79 4871 146 4916 ranc
161 4859 247 4917 bdem
262 4860 411 4918 Trinitatis
424 4860 477 4918 soli
492 4859 648 4919 Christiani
670 4867 796 4928 teneant,
850 4863 919 4922 stris
946 4876 983 4919 ex
1006 4861 1054 4919 his
1082 4874 1200 4933 quoque
1224 4875 1291 4932 quae
1317 4860 1462 4931 rccipiunt
1489 4861 1698 4931 resisteremus,

82 4947 170 5006 etiam
197 4948 242 5006 vel
267 4949 360 5006 ludet
386 4949 431 5006 vel
461 4949 596 5008 Gentiles.
622 4949 695 5005 Cum
718 4949 796 5007 enim
851 4964 1024 5009 commemo
1047 4948 1158 5005 nisiex
1182 4948 1314 5021 hisquae
1335 4950 1506 5008 concesserit
1531 4949 1702 5023 arguendus

79 5048 113 5092 ιεε
133 5036 248 5094 Ρειιειιι
269 5045 297 5094 ει
321 5038 427 5095 Filium
449 5046 477 5096 et
501 5038 640 5109 Spiritum
662 5046 797 5096 sanctum
852 5038 890 5094 sit
912 5045 964 5095 aut
983 5036 1166 5106 relellendus,
1188 5044 1222 5095 ut
1246 5038 1317 5095 illud
1337 5037 1476 5096 Veritatis
1492 5039 1703 5109 judiciumlm·
1742 5090 1745 5097 .

80 5130 126 5181 'ut
147 5125 286 5194 diximus,
311 5128 478 5184 baumesse
503 5126 674 5195 Potentiam,
699 5133 733 5184 ut
753 5126 795 5182 di·
853 5125 977 5198 pleatnr,
1002 5140 1061 5197 quo
1084 5125 1210 5183 dicitur:
1240 5129 1285 5183 Εε
1304 5142 1350 5183 ore
1378 5132 1426 5183 tac
1451 5131 1476 5183 te
1491 5127 1602 5199 judico,
1628 5142 1702 5184 aeae

79 5220 107 5278 ιι,
134 5224 328 5286 generantem,
353 5223 381 5273 et
404 5216 582 5287 Sapientiam
605 5216 744 5288 genitam,
769 5221 798 5273 ει
852 5229 970 5282 aequom
987 5213 1066 5284 (hnc.
1084 5214 1221 5286 ximat).
1691 5234 1696 5243 ·

79 5309 161 5360 tatem
190 5305 404 5374 procedentem
433 5317 500 5362 cum
530 5303 609 5366 istud
636 5317 722 5366 nemo
752 5302 796 5361 di·
