3804 5962
554 198 1118 263 rnsonooucnntsrmun.-us.
1137 201 1161 256 1.
1392 167 1426 185 '⁶
1666 198 1735 256 scas

79 329 139 398 ndu,
162 344 197 384 en
221 331 245 383 te
268 326 339 383 mibi
360 326 515 397 egredietur
537 329 586 399 pui
611 331 649 384 sit
671 329 826 384 dominator
842 321 867 376 A
881 323 1025 394 quomodo
1049 322 1181 396 spiritns,
1210 322 1240 380 iu
1265 327 1308 381 est
1333 319 1420 378 flatus
1442 318 1502 401 oris
1529 317 1644 377 Domini
1671 327 1733 379 θεεε
1802 356 1805 360 1

79 420 122 488 tel,
139 423 164 474 et
183 432 305 488 opressus
319 418 387 487 [ejus
403 417 437 472 ob
461 420 541 474 initio
569 419 701 474 odiebat
723 416 831 473 aterni·
886 412 1010 481 dicatur,
1034 427 1102 470 oum
1128 411 1270 475 videlieet,
1299 422 1395 480 nequo
1415 423 1457 477 os,
1481 421 1577 480 neque
1600 406 1731 480 aliquam

79 510 145 565 lim.
171 522 200 575 ι,
231 507 271 578 2).
302 507 404 562 Dicant
423 506 543 563 rebelles
562 514 589 564 et
610 505 752 564 inereduli
776 508 831 563 iu·
886 508 1008 574 partem,
1039 508 1072 558 ut
1094 500 1205 558 dictum
1228 507 1281 567 est,
1308 496 1437 556 babeat?
1464 496 1614 562 Quomodo
1642 496 1730 556 eliam

79 598 110 655 de
144 610 202 667 quo
232 595 379 651 nascituro
395 595 425 651 in
454 595 621 652 Bethlehem
645 596 700 652 boc
719 595 830 652 dietum
886 605 937 662 ρει
950 599 1069 649 ventum
1082 591 1178 648 virtus
1192 589 1255 647 ooeli
1268 596 1296 646 et
1311 594 1395 645 terrm
1413 584 1555 643 subsistit.

79 684 142 756 ¹uod
169 683 301 741 videlicet
328 697 463 754 egressus
485 684 549 755 eius
576 684 613 741 ab
644 683 726 740 initio
753 682 830 740 sita
919 679 1084 753 intelligant
1106 693 1175 752 ergo
1203 679 1283 736 bunc
1305 691 1366 735 esse
1394 674 1478 733 illum
1501 672 1643 744 Spiritum
1668 675 1729 734 llo—

79 789 85 830 ι
112 771 289 830 aternitatis.
310 768 461 828 AEternum
485 773 594 843 quippe
616 780 658 829 est
677 772 755 843 quod
769 772 830 829 ori·
885 770 966 839 mini,
986 770 1072 840 cujus
1098 767 1291 839 septiformem
1315 765 1439 839 gratiam
1461 763 1552 821 isaias
1566 762 1729 824 describens

80 869 151 919 aret.
167 860 248 928 Quod
272 859 296 916 si
317 860 372 917 hoe
396 859 521 917 referant
536 861 572 917 ad
587 861 730 928 Messiam,
746 860 829 918 illum
884 860 948 916 ait:
971 862 1008 915 ut
1028 861 1175 926 requiescet
1202 872 1283 927 super
1305 871 1367 912 eum
1390 855 1512 926 Spiritus
1536 853 1654 921 domini,
1669 855 1729 925 spi-

80 956 90 1006 t
111 947 272 1005 maximum
296 946 475 1018 prophetam,
493 955 526 1005 ut
546 948 640 1016 aiunt,
667 963 755 1020 quem
778 963 826 1004 ex·
882 950 954 1004 ritus
968 949 1110 1021 supientia
1125 950 1151 1002 et
1175 946 1342 1012 intellectus,
1360 946 1479 1016 spiritus
1494 942 1604 998 consilii
1623 946 1650 999 et
1670 943 1729 1012 sor

80 1043 122 1106 nt,
150 1036 202 1108 qui
230 1042 325 1092 tamen
351 1037 512 1092 secundum
542 1050 591 1093 eos
623 1036 708 1093 bomo
736 1051 829 1107 purus
884 1038 1022 1104 titudinis,
1052 1038 1118 1106 (lea.
1143 1050 1185 1092 ιι.
1214 1034 1252 1102 2).
1280 1035 1315 1090 Ει
1332 1031 1426 1090 alibi:
1454 1032 1495 1088 ut
1533 1046 1607 1086 nunc
1637 1033 1730 1089 Dend-

86 1138 146 1181 non
174 1125 262 1181 ctiam
287 1125 383 1180 Deus:
413 1124 566 1181 ostendant
590 1125 658 1195 quis
693 1139 828 1196 egressus
882 1141 934 1181 nus
950 1126 1026 1181 misit
1050 1140 1102 1191 mc,
1131 1128 1157 1180 et
1179 1122 1302 1194 Spiritus
1325 1121 1384 1193 ejus
1409 1120 1474 1193 (lau.
1495 1121 1670 1193 sturmii).
1691 1121 1729 1178 Et

79 1221 187 1271 eternus
201 1214 248 1279 sit,
273 1212 319 1268 vel
344 1212 422 1269 unde
445 1213 620 1270 eternaliter
646 1213 825 1284 egrediatur.
882 1226 1002 1271 rursus:
1031 1214 1153 1282 Spiritus
1179 1213 1289 1268 Domini
1303 1225 1386 1281 super
1398 1224 1448 1278 me,
1465 1224 1495 1265 eo
1519 1207 1595 1275 cuod
1616 1210 1730 1266 amerit

80 1316 126 1359 em
159 1302 257 1357 dicant
283 1315 352 1357 eum
379 1301 553 1357 eternaliter
582 1301 681 1373 egredi
710 1315 747 1358 ox
777 1302 828 1358 Be
881 1318 923 1358 me
948 1303 986 1358 ud
1008 1299 1230 1357 annuntiandum
1257 1301 1407 1355 mansuetis
1433 1297 1509 1352 misit
1520 1311 1563 1352 me
1579 1295 1647 1367 (isc.
1668 1311 1729 1364 uxr,

78 1405 105 1458 ιι,
139 1405 172 1446 oo
199 1389 277 1460 quod
300 1389 363 1460 ejus
385 1389 525 1446 nativitas
539 1389 570 1446 in
593 1404 627 1446 eo
652 1390 712 1446 loco
726 1390 827 1448 lutura
883 1392 921 1462 1).
950 1393 991 1448 lle
1013 1405 1072 1462 quo
1094 1389 1183 1447 etiem
1213 1388 1244 1446 in
1277 1387 1426 1458 Sapientia
1454 1385 1580 1443 dicitur:
1607 1384 1728 1442 Sanctus

79 1492 143 1534 trno
157 1477 274 1548 provisa
300 1478 338 1535 sit
359 1491 376 1533 a
398 1479 455 1533 [leo
481 1485 509 1538 et
532 1477 751 1548 predestinata:
772 1477 827 1535 hoe
881 1481 1003 1550 Spiritus
1022 1476 1174 1548 discipline
1198 1476 1309 1548 effugiet
1330 1479 1433 1547 lictum.
1449 1477 1643 1544 septennem
1657 1474 1729 1531 enim

79 1583 84 1622 t
102 1566 186 1622 modo
214 1564 369 1637 cuiuslibet
395 1566 530 1634 bominis,
548 1566 594 1623 vol
615 1566 770 1637 cujuslibet
785 1565 827 1622 rei
842 1591 864 1646 Β
881 1569 1003 1640 Spiritus
1016 1569 1175 1639 Sopinttin,
1190 1574 1244 1622 etc.
1261 1564 1338 1637 (Sap.
1366 1580 1387 1632 1,
1413 1563 1452 1635 5).
1483 1564 1523 1621 lle
1536 1576 1596 1634 quo
1619 1561 1726 1621 iterum

79 1661 116 1711 tas
136 1660 315 1722 aeternalem,
339 1654 410 1725 quia
427 1654 559 1712 videlicet
574 1655 611 1711 ab
637 1661 744 1711 mlerno
758 1669 826 1725 pro-
881 1671 947 1715 cum
963 1656 1123 1714 subditur:
1142 1659 1178 1712 ut
1192 1656 1241 1712 boc
1259 1654 1463 1722 quodconlinci
1478 1653 1570 1709 omnio
1583 1653 1726 1708 scientium

81 1742 198 1799 Discunt
223 1744 321 1812 itaque
340 1750 477 1799 uternam
512 1742 726 1814 generationem
753 1756 824 1812 esse,
881 1748 1042 1804 tooetcocis
1065 1745 1158 1818 (ibid,
1176 1744 1215 1816 i),
1238 1751 1335 1816 aperte
1348 1743 1408 1816 ipse
1431 1741 1558 1814 Spiritus
1572 1742 1650 1800 Dens
1663 1755 1725 1801 osse

93 1838 122 1887 ει
151 1831 288 1901 scriptam
308 1830 418 1903 legunt,
443 1840 470 1888 et
497 1830 618 1903 legendo
643 1831 824 1902 profitentur,
880 1836 1058 1908 perhibetur,
1088 1849 1156 1892 oum
1177 1834 1276 1892 omnia
1304 1831 1453 1891 continere
1475 1830 1601 1888 dicetur.
1622 1830 1655 1887 ιιι
1672 1829 1724 1890 ite·

79 1919 207 1977 olltentss
244 1934 303 1976 non
340 1922 470 1977 credunt.
506 1921 709 1990 Respondeant
739 1921 826 1977 etiam
880 1939 947 1984 rum
973 1924 1010 1981 ad
1035 1924 1127 1982 Deum
1157 1923 1280 1995 loquens
1314 1921 1460 1992 Sapientia
1488 1918 1583 1978 dicit:
1611 1918 1726 1976 semum

82 2021 152 2064 cum
186 2007 310 2064 audiunt
339 2008 511 2078 prophetam
544 2008 708 2063 dicentem:
738 2007 825 2065 Verbo
879 2020 969 2071 antem
988 2018 1065 2071 tuum
1091 2015 1153 2083 puis
1171 2013 1260 2079 sciuit,
1289 2013 1347 2067 nisi
1365 2014 1395 2066 tu
1416 2008 1523 2065 dederis
1545 2008 1723 2080 sapientiem,

79 2096 87 2149 ⁵
114 2096 172 2152 «αἱ
200 2099 302 2166 firmali
322 2100 397 2162 sunt,
420 2101 445 2151 ii
459 2097 562 2166 spiritu
589 2098 644 2151 iiii
658 2097 717 2165 ejus
737 2099 825 2151 Omnis
879 2109 904 2159 et
928 2105 1036 2159 miseris
1062 2099 1198 2172 Spiritum
1230 2103 1355 2156 sonetum
1382 2103 1459 2155 tuum
1487 2097 1521 2153 de
1553 2094 1723 2154 ultissimis?

94 2198 189 2239 corum
211 2183 296 2255 (Psoi.
325 2198 416 2251 xxxii,
438 2184 477 2253 6),
515 2184 586 2255 quid
618 2198 668 2254 ρει
701 2183 825 2241 verbum
879 2191 957 2262 (Sap.
981 2184 1724 2262 1x‚17).Etruscum:opoomomueetsucotc

79 2273 104 2340 ιι,
133 2273 204 2344 quid
234 2287 284 2343 per
310 2287 342 2330 os
360 2274 434 2344 ειιιε,
453 2272 497 2329 vel
523 2273 734 2344 perspiritum
761 2273 825 2344 eius
878 2283 928 2346 est,
951 2281 1072 2346 bomine,
1093 2279 1218 2348 Spiritus
1244 2281 1307 2332 tuus
1334 2278 1366 2330 in
1385 2275 1479 2331 nobis!
1510 2274 1587 2345 (sup.
1609 2286 1662 2341 ιιι,
1685 2270 1723 2343 1).

79 2367 150 2432 gant.
180 2361 399 2432 Unum'guipps
422 2361 553 2419 omnium
578 2361 702 2419 aliarum
726 2375 825 2419 rernm
879 2368 931 2425 llic
948 2367 1035 2424 etiam
1056 2380 1124 2423 cum
1151 2364 1210 2437 ipso
1233 2361 1357 2434 Spiritus
1379 2359 1531 2433 sapientie
1548 2361 1724 2419 describera-

79 2450 156 2520 pium
174 2449 265 2506 Deum
285 2463 345 2506 εεεε
369 2458 500 2518 constat,
515 2458 542 2507 et
560 2465 644 2507 omne
670 2451 748 2521 quod
770 2457 823 2519 est,
878 2463 937 2524 tur,
961 2448 1149 2513 rerus'llons
1170 2453 1255 2524 plano
1279 2451 1465 2523 predicatur,
1487 2462 1556 2506 enm
1577 2447 1653 2507 inter
1669 2462 1724 2508 om·

79 2552 127 2595 ³11⁸
149 2546 203 2606 ⁶⁸1,
223 2545 251 2594 et
268 2538 331 2595 ldeO
358 2546 509 2608 eternum,
529 2547 581 2596 ant
595 2539 632 2597 ab
651 2547 758 2596 aelern0
777 2537 824 2594 illo
877 2551 939 2602 tera
963 2544 998 2601 de
1023 2557 1056 2600 eo
1079 2543 1218 2613 scriptum
1240 2540 1277 2598 sit
1299 2540 1329 2597 in
1352 2539 1499 2611 Sapientia
1520 2539 1584 2597 sic:
1613 2537 1724 2595 Omnem

79 2628 120 2698 pio
146 2634 243 2684 manet
271 2633 410 2684 creatum.
440 2627 585 2697 Scriptum
606 2636 744 2699 praeterea
759 2636 822 2685 est:
878 2634 979 2689 babens
1006 2634 1146 2699 uirtutem,
1174 2632 1267 2687 omnio
1288 2629 1468 2700 prospiciens,
1486 2633 1515 2685 et
1535 2625 1615 2699 qnod
1628 2629 1723 2697 cupiet

79 2718 175 2786 incipio
205 2718 306 2772 creavit
329 2717 508 2772 ,Deuscoelum
531 2723 556 2772 et
572 2722 673 2772 terrum
696 2717 776 2787 (Gen.
802 2734 822 2788 1,
878 2721 975 2779 omnia
1001 2722 1125 2792 Spiritus
1152 2718 1230 2789 (Sup.
1255 2731 1310 2784 vti,
1339 2716 1395 2786 33).
1420 2715 1512 2781 Quem
1534 2714 1622 2772 otiam
1635 2713 1723 2772 uliud

79 2804 126 2861 ulo
140 2811 206 2861 ante
221 2805 283 2860 baee
305 2804 377 2861 nibil
393 2808 521 2861 creatum
539 2818 600 2861 osso
619 2805 732 2862 volunt.
749 2805 823 2863 Ver·
879 2811 909 2867 iu
923 2809 998 2867 libro
1016 2809 1069 2866 iob
1084 2811 1249 2866 Creatorem
1278 2803 1429 2876 profitetur
1453 2801 1573 2859 dicens:
1600 2802 1721 2874 Spiritus

81 2900 168 2964 taque
190 2892 263 2949 illud
286 2907 344 2964 quo
365 2892 429 2949 eoeli
457 2893 564 2949 firmati
595 2901 676 2961 sunt,
703 2901 732 2950 et
760 2893 824 2951 ideo
839 2927 861 2984 C
878 2900 988 2955 Domini
1007 2899 1073 2965 tecit
1101 2912 1153 2963 mc,
1187 2899 1213 2950 et
1234 2893 1402 2964 spiraculum
1430 2891 1628 2961 omoipotmtis
1650 2892 1722 2946 oioi·

79 2988 115 3038 ιει
128 2980 174 3037 bis
197 2995 271 3051 unos
295 2981 453 3047 constituit,
477 2989 606 3038 creatum
622 2989 748 3050 nonest,
765 2983 823 3040 imo
878 2989 971 3058 pcuoit
990 3002 1033 3042 sne
1044 2984 1113 3057 (iob.
1141 2997 1245 3051 xxxiii,
1261 2981 1300 3055 4).
1326 2981 1378 3038 Cui
1393 2987 1422 3038 et
1445 2979 1536 3037 Filius
1550 2980 1611 3051 ipse
1625 2980 1677 3037 llsi
1690 2979 1722 3038 in

80 3083 105 3136 r,
133 3070 202 3139 ipse,
229 3068 280 3140 qui
307 3070 383 3126 Deus
398 3076 450 3139 est,
467 3084 525 3141 quo
544 3070 607 3128 omli
622 3071 728 3127 ιιιιιειι
742 3079 821 3129 sunt.
877 3074 1034 3148 Evangelio
1054 3072 1197 3145 equalem
1211 3070 1267 3129 sibi
1290 3077 1317 3128 et
1332 3069 1410 3127 Patri
1435 3068 1608 3140 dignitatem
1636 3067 1723 3126 ascri·

79 3164 132 3215 ιειιι
167 3157 222 3214 boe
253 3158 379 3215 Verbum
412 3158 585 3216 locutionem
617 3159 822 3232 eliquamini
876 3166 947 3222 bens
971 3163 1034 3223 ait:
1054 3165 1103 3230 lte,
1131 3161 1222 3217 docete
1245 3173 1336 3216 omncs
1358 3157 1648 3227 emmerammenses
1677 3171 1721 3215 eos

79 3247 175 3303 oriam
202 3245 360 3317 appellent,
386 3248 460 3304 sicut
488 3256 516 3304 et
538 3248 659 3305 verbum
685 3248 821 3318 bourinis,
877 3254 907 3309 in
920 3254 1035 3320 nomine:
1049 3253 1140 3307 Putris
1162 3255 1190 3305 ct
1208 3249 1275 3304 Filii
1300 3251 1326 3303 et
1348 3247 1470 3318 Spiritus
1495 3246 1585 3301 suncti
1610 3244 1721 3316 (diutili.

79 3333 157 3391 elioct
172 3335 251 3405 quod
280 3336 477 3407 scriptumest
494 3339 720 3393 :Dicitlteusct
746 3341 824 3406 scota
878 3356 979 3406 ιιιιιι,
1001 3343 1055 3410 19).
1082 3339 1198 3396 Necnon
1220 3344 1249 3394 ει
1263 3334 1425 3407 apostolus,
1455 3341 1524 3392 teste
1544 3334 1721 3413 Augustino,

79 3423 147 3479 Psoi.
163 3437 256 3490 xxvii,
272 3422 319 3494 9);
350 3432 439 3495 atque
453 3425 493 3480 ita
517 3428 592 3482 bens
618 3441 735 3497 quoque
750 3427 824 3485 siout
878 3446 946 3490 cum
965 3430 1104 3502 templum
1125 3428 1252 3499 Spiritus
1276 3426 1369 3484 sancti
1382 3424 1522 3492 nominat,
1540 3432 1639 3497 aperte
1653 3438 1721 3482 eum

88 3511 172 3567 modo
195 3511 335 3583 loquitur,
361 3528 429 3570 oum
450 3514 507 3570 ait:
536 3516 599 3570 Fiet
621 3515 669 3569 lun
696 3517 772 3586 (Gen.
802 3533 822 3585 ι,
877 3534 939 3577 esse
968 3521 1060 3576 Deum
1085 3515 1266 3588 pronuntiat,
1295 3528 1362 3571 cum
1388 3512 1477 3570 solius
1504 3513 1556 3572 Dei
1584 3513 1723 3585 templum

79 3601 115 3657 clo
131 3601 282 3669 conticeat,
308 3602 434 3672 prolecto
462 3603 661 3674 permutabilis
685 3612 726 3661 est
749 3605 824 3662 divi·
878 3621 939 3665 esse
953 3606 1076 3663 dicatur.
1101 3603 1246 3673 Scriptum
1262 3601 1370 3671 quippe
1390 3602 1476 3657 estin
1500 3599 1652 3671 apostolo:
1670 3600 1721 3660 Nc·

97 3690 253 3756 aeternitas,
284 3705 351 3747 curn
377 3705 436 3748 non
467 3706 580 3764 semper
608 3692 685 3750 dicat
699 3696 748 3763 βαι
763 3696 823 3764 lun,
877 3698 954 3753 scitis
973 3694 1047 3764 quod
1067 3692 1197 3764 tempium
1218 3692 1270 3746 Dei
1284 3691 1350 3745 estis
1370 3694 1396 3745 et
1421 3689 1543 3759 Spiritus
1560 3690 1612 3746 Dei
1640 3689 1722 3746 boii·

79 3793 128 3836 era
146 3793 213 3849 uuae
238 3784 301 3850 jam
319 3780 437 3837 condita
459 3789 537 3838 sunt.
564 3781 737 3849 Quidstiam
751 3797 825 3854 opus
880 3790 921 3840 tut
935 3779 1075 3838 innotui
1096 3779 1120 3850 (l
1146 3781 1206 3836 Gor.
1226 3793 1267 3846 ιιι,
1295 3778 1352 3847 16).
1379 3776 1432 3835 Ubi
1461 3785 1558 3848 aperte
1590 3776 1722 3837 insinuat

82 3867 204 3924 audibili
221 3867 275 3923 luit
291 3877 356 3925 ante
373 3870 473 3926 mundi
493 3871 738 3939 constitutionem,
757 3886 827 3948 eum
879 3874 970 3930 ileum
992 3872 1087 3942 ipsum
1115 3868 1201 3939 eujus
1223 3874 1267 3925 εει
1294 3864 1444 3936 templum,
1458 3872 1486 3923 et
1513 3865 1652 3936 spiritum
1672 3867 1722 3924 bel

81 3969 108 4010 m
141 3961 214 4010 esset
242 3955 290 4012 eni
320 3955 499 4026 loqueretur,
535 3957 580 4015 ιει
611 3959 663 4029 qui
690 3956 824 4015 audiret?
879 3976 966 4036 quem
992 3958 1158 4016 inhabitare
1181 3956 1261 4024 dicit,
1286 3954 1361 4012 idem
1374 3967 1445 4011 esse.
1465 3952 1511 4011 Sic
1525 3961 1553 4011 et
1573 3955 1604 4011 B.
1620 3954 1724 4013 Petrus

79 4041 120 4098 tid
137 4042 223 4098 inane
239 4043 360 4098 verbum
380 4059 438 4100 nou
457 4045 586 4115 protulit,
603 4046 626 4102 si
646 4060 719 4116 opus
735 4045 824 4103 verbo
879 4051 909 4107 ιιι
937 4049 1057 4107 Actibus
1078 4045 1272 4118 apostolorum
1302 4042 1441 4114 Spiritum
1468 4048 1601 4100 sanctum
1630 4044 1724 4102 ιιειιιιι

79 4131 175 4187 ueriti
191 4131 347 4202 presertim
375 4147 443 4188 cun
467 4133 528 4189 sola
548 4134 684 4191 voluntas
711 4134 822 4191 sullce·
880 4153 941 4199 esse
951 4137 1110 4209 prestetur,
1126 4135 1225 4191 uiuus
1241 4149 1248 4189 :
1263 4134 1298 4190 ue
1315 4133 1384 4203 quid
1408 4132 1539 4188 nectem
1561 4131 1725 4203 sceptrum
1771 4187 1772 4191 .

79 4233 103 4276 ιε
124 4219 220 4275 adhue
249 4221 356 4291 aliquis
383 4230 456 4279 osset
480 4223 532 4293 qui
554 4223 653 4280 audito
668 4212 822 4280 instruero·
839 4201 862 4255 Β
879 4232 981 4294 sumto,
1008 4222 1145 4280 Anunioi
1160 4224 1221 4280 Non
1235 4238 1262 4278 cs
1276 4223 1405 4277 mentitus
1420 4220 1586 4289 bominibus,
1600 4221 1649 4278 scd
1670 4224 1723 4279 beo

79 4322 113 4365 no
141 4308 228 4363 etiam
255 4309 423 4379 proterendo
442 4310 565 4368 verbum
580 4313 731 4379 emitteret,
757 4326 824 4368 cum
879 4317 953 4388 (Aci.
981 4329 1011 4381 ι,
1034 4315 1060 4378 3,
1083 4312 1122 4384 4).
1152 4311 1192 4369 De
1213 4326 1272 4383 quo
1296 4311 1402 4368 iterum
1427 4308 1535 4382 Spiritu
1557 4309 1589 4367 in
1613 4309 1724 4369 eisdam

105 4396 203 4452 adbuc
233 4397 313 4454 locus
339 4407 453 4455 creatus
477 4408 560 4465 esset,
578 4415 631 4457 neo
654 4414 704 4457 aer
729 4400 826 4458 adbuc
881 4403 1000 4460 Actibus
1028 4401 1193 4458 continetur
1220 4414 1227 4455 :
1257 4400 1322 4455 Huc
1354 4398 1424 4455 dicit
1455 4399 1579 4469 Spiritus
1602 4398 1721 4469 jubent:

79 4498 114 4541 us
132 4499 169 4541 ex
194 4500 251 4557 quo
275 4487 364 4543 verba
385 4487 575 4545 formantur?
599 4490 710 4555 Quibus
738 4490 825 4547 etiam
879 4493 1012 4562 Seporotc
1035 4491 1104 4546 milii
1127 4489 1283 4547 licenciam
1300 4493 1326 4543 et
1339 4487 1467 4556 Paulum,
1493 4494 1547 4544 cto.
1564 4487 1638 4560 (Act.
1658 4501 1723 4557 ιιιι,

79 4572 182 4629 mentis
207 4574 298 4630 verba
328 4575 475 4643 formaret,
494 4592 561 4633 oum
577 4592 629 4635 nec
643 4593 685 4646 os,
697 4593 749 4636 nee
760 4593 826 4649 pars
878 4580 916 4650 ι).
945 4581 982 4637 ιιι
1004 4592 1147 4637 rursum:
1183 4578 1290 4633 Placuit
1321 4577 1443 4648 Spiritui
1470 4581 1565 4633 sancto
1592 4581 1618 4633 et
1645 4576 1724 4634 noim

79 4661 191 4718 ‚inesse
219 4664 309 4732 possit
331 4664 355 4720 ei
372 4667 424 4735 qui
449 4666 568 4723 omnino
595 4667 718 4737 simplex
743 4675 826 4725 estet
879 4668 953 4742 (Act.
974 4681 1025 4735 xv,
1040 4667 1095 4740 ιε).
1130 4667 1167 4724 Et
1196 4664 1348 4723 Psalmista
1376 4664 1516 4736 Spiritum
1539 4665 1589 4724 liei
1612 4664 1725 4738 ubique

79 4749 178 4806 sibilet
202 4764 288 4807 omne
312 4752 420 4823 quippe
443 4753 520 4824 quod
547 4755 679 4825 partibus
704 4763 825 4825 constat,
879 4772 940 4817 esse
961 4765 1104 4829 tanquam
1122 4755 1405 4825 incircumscriptum
1429 4754 1582 4826 proiltetnr
1602 4754 1722 4814 dicens:

79 4835 123 4893 ius
146 4845 188 4894 est
203 4837 374 4895 naturaliter
399 4840 445 4896 bis
458 4855 495 4897 ex
527 4842 638 4912 quibus
661 4850 772 4899 constat
798 4851 827 4900 et
880 4845 937 4912 Quo
951 4846 995 4902 ibo
1019 4861 1037 4901 o
1059 4846 1167 4917 Spiritu
1196 4843 1264 4899 tuot
1293 4843 1378 4912 (Psoi.
1404 4856 1544 4911 ιιιιιιιι,
1563 4843 1603 4915 7).
1623 4841 1725 4910 Quint

79 4939 107 4979 m
121 4934 266 4983 conventu
278 4928 436 4996 proficitur,
449 4943 515 4986 cum
530 4945 567 4986 eu
583 4931 651 5001 ipsis
665 4945 726 4987 esse
739 4945 826 4988 suum
880 4935 976 4992 statim
991 4942 1023 4992 nt
1034 4964 1037 4971 ·
1047 4933 1143 5004 ipsum
1158 4932 1298 5003 Spiritum
1325 4931 1386 4995 Ilei,
1411 4946 1498 5004 quem
1526 4932 1637 5003 ubique
1663 4946 1725 4992 osse

79 5012 133 5069 ¹bat
143 5028 177 5068 ex
189 5015 298 5084 utribus
308 5024 350 5072 est
360 5018 565 5074 constitutum:
579 5019 691 5076 «Omne
701 5020 825 5088 etiam»
881 5024 1040 5095 profitetur,
1058 5022 1129 5079 idem
1143 5035 1204 5078 esse
1219 5035 1286 5078 cum
1302 5021 1365 5092 ipso
1379 5021 1447 5089 Deo,
1463 5020 1499 5078 ad
1519 5035 1607 5094 quem
1625 5020 1725 5093 loqui-

96 5101 185 5157 Plato.
203 5104 305 5175 «qirod
329 5106 466 5175 junctum
493 5115 545 5174 est,
565 5117 672 5165 natura
701 5108 826 5167 dissolu·
882 5120 940 5177 tur,
957 5109 1093 5178 insinuet,
1114 5122 1166 5181 ρει
1179 5109 1234 5166 boo
1257 5115 1389 5179 patenter
1404 5107 1538 5176 ostendit,
1567 5107 1646 5180 quod
1663 5114 1726 5165 sta·

80 5196 101 5246 ι.
121 5212 131 5240 ι
151 5191 269 5256 Quodsi
290 5193 429 5264 Spiritum
456 5197 569 5253 ιιοιιιιιιι
602 5205 721 5254 ventum
745 5198 825 5256 intel·
881 5201 933 5258 tim
948 5198 1082 5270 Spiritum
1103 5198 1285 5269 ubiqueesse
1299 5197 1427 5270 assignat
1439 5210 1491 5268 per
1510 5197 1606 5268 ipsum
1620 5197 1725 5265 Deum,

79 5321 83 5345 ‚
99 5278 184 5336 sicuti
201 5281 238 5337 ibi
266 5284 395 5353 accipere
419 5284 521 5342 volrint
542 5301 548 5341 :
577 5287 698 5356 Spiritus
718 5290 829 5343 Domini
882 5303 971 5362 quem
984 5287 1093 5359 ubique
1108 5286 1319 5344 astruitelicens
1334 5302 1341 5342 :
1357 5287 1388 5344 Si
1412 5286 1558 5344 ascendero
1571 5288 1602 5342 in
1622 5286 1726 5353 cultum

79 5374 121 5424 tur
134 5384 217 5440 super
235 5388 322 5438 equus
337 5375 416 5443 (Gen.
435 5392 454 5442 ι,
475 5375 514 5442 9),
527 5389 571 5441 eo,
589 5383 620 5431 ul
644 5375 736 5440 aiunt,
750 5377 829 5448 quod
882 5386 913 5437 tu
928 5378 983 5433 illic
998 5391 1036 5443 cs,
1059 5382 1112 5433 elo.
1138 5375 1236 5445 (ibid,
1250 5374 1288 5447 8).
1305 5374 1359 5433 Sed
1384 5381 1413 5433 el
1439 5388 1506 5434 oum
1533 5373 1646 5434 Veritas
1664 5374 1727 5448 ipsa

79 5457 131 5515 sin
145 5458 231 5530 aquis
254 5475 329 5532 quas
357 5470 517 5522 commovet
540 5464 668 5522 maxime
681 5474 828 5537 appareat,
883 5464 1013 5536 perbibet
1027 5471 1176 5537 peccatum
1205 5464 1236 5521 in
1262 5462 1401 5535 Spiritum
1416 5477 1475 5522 uon
1495 5478 1558 5523 esse
1569 5465 1726 5525 remissibi-
