3804 5962
10 179 13 219 ³
72 207 138 261 rear
467 200 608 259 aranee.
629 201 732 258 mma
751 200 973 271 anruesoru,
992 199 1137 257 tunmuu
1156 198 1202 257 ur
1221 195 1418 256 ounrsrrart.
1463 206 1467 211 ·
1753 192 1824 256 teet

68 327 120 384 tio.
149 325 212 383 Non
226 325 305 382 enim
319 325 448 397 aliquem
473 325 560 382 etiam
583 325 655 381 bene
682 324 775 381 lacere
809 325 919 380 bonnm
933 326 958 378 A
972 337 1034 379 rem
1051 322 1143 379 multa
1158 323 1188 380 in
1211 324 1339 380 oratione
1363 321 1499 393 petimus,
1521 332 1588 390 quae
1616 317 1700 378 nobis
1723 333 1741 377 a
1764 320 1821 380 beo

70 425 123 484 est,
140 416 164 471 si
178 415 232 471 hoo
249 429 316 472 eum
331 416 424 471 lacere
445 413 529 470 alicui
549 413 655 470 divinat
669 412 844 470 ordinationi
855 418 917 469 'non
971 411 1163 483 denegantur,
1179 412 1230 483 qni
1247 411 1352 468 melius
1376 424 1466 482 quam
1489 422 1544 466 nos
1564 409 1635 481 lpse,
1651 407 1822 481 quidnobis

66 505 212 576 competit,
228 505 278 560 sed
302 504 396 573 potius
420 502 543 570 obsistit,
568 503 620 574 qui
649 516 702 559 nec
726 502 790 558 lieri
812 509 915 571 potest,
970 501 1006 555 sit
1026 497 1709 571 necessariumagnoscit.Undeinprtecipnum
1723 496 1821 556 estsie

65 595 145 667 quod
169 591 380 660 rationabilem,
419 606 473 647 cnr
501 592 560 659 hat,
588 604 706 647 causam
731 604 789 647 non
817 589 914 647 habet.
969 588 1082 645 dicere:
1113 589 1175 646 Fiat
1195 589 1332 646 voluntas
1357 595 1416 645 tua.
1445 587 1504 644 lloc
1536 585 1567 643 in
1595 584 1817 657 presentiarum

64 683 146 740 Tunc
167 690 265 739 autem
290 681 491 738 rationabilem
516 695 573 736 non
597 679 684 736 habet
707 693 836 748 cansam,
862 694 916 737 cur
969 679 1040 733 satis
1059 685 1101 734 est
1116 692 1162 734 me
1175 677 1292 745 dixisse,
1312 678 1348 734 ad
1364 675 1575 735 ostendendum
1597 673 1819 748 videlieetqua·

65 771 126 839 flat,
153 772 178 827 si
206 769 315 841 quida
343 770 400 826 lieo
427 768 596 839 dispositum
620 768 772 839 praepediri
801 783 915 826 neeesse
968 766 1034 823 liter
1049 781 1154 823 nomen
1172 766 1242 833 boni
1263 773 1305 823 est
1330 765 1561 837 intelligendum,
1576 763 1696 835 qnando
1719 776 1820 834 prore

64 868 149 927 esset,
164 859 187 916 si
204 858 276 915 illud
290 858 479 929 contingeret.
506 856 584 927 sape
608 857 707 928 itaque
734 857 845 927 decepti
870 857 913 912 di·
968 856 1044 912 bona
1059 855 1227 926 simpliciter
1248 855 1377 912 sumitur
1391 854 1436 911 vel
1458 852 1575 926 qnando
1600 851 1688 909 etiam
1718 864 1820 914 rerum

63 949 168 1011 cimus,
185 949 256 1020 quia
281 948 391 1004 bonum
417 953 458 1003 est
485 960 538 1002 nos
561 946 615 1002 boe
641 946 685 1002 vel
710 943 783 1002 illud
809 945 913 1012 lacere,
968 943 1120 1001 eventibus
1133 944 1177 1000 vel
1192 958 1258 1015 qnae
1279 942 1355 1016 leq..
1381 940 1510 1015 qnando]
1538 939 1820 1012 aproposttionibna

62 1036 142 1108 quod
167 1033 332 1091 laciendum
361 1047 421 1090 esse
445 1033 481 1090 ab
506 1033 642 1089 omnibus
678 1037 822 1090 censetur.
859 1032 913 1089 Sed
967 1032 1141 1103 applicatur.
1158 1031 1239 1099 Quod
1266 1033 1337 1104 quia
1363 1046 1400 1089 ex
1415 1030 1604 1103 inquisitione
1618 1031 1726 1087 summi
1748 1027 1825 1089 boni.

62 1136 131 1180 enm
159 1122 299 1179 adivina
327 1121 474 1178 dissentiat
499 1119 680 1176 ordinatione
708 1133 759 1190 per
785 1132 912 1180 errorem
967 1120 1118 1190 pendebat,
1148 1121 1173 1176 si
1200 1121 1272 1192 quid
1306 1127 1446 1193 superest,
1477 1119 1556 1191 qnod
1586 1117 1621 1176 de
1646 1118 1709 1190 ipso
1743 1118 1818 1178 ulte·

63 1211 234 1278 mentimur,
250 1209 299 1267 sed
313 1209 457 1266 mendacii
472 1209 512 1264 rei
527 1223 584 1265 non
600 1222 702 1264 sumus
727 1207 767 1263 ita
790 1206 909 1278 opinan·
966 1209 1028 1265 rins
1048 1208 1141 1279 queri
1165 1223 1292 1279 censeas,
1308 1209 1374 1267 licet
1404 1216 1430 1267 tc
1453 1206 1617 1268 subinferre
1643 1206 1748 1267 valed
1772 1219 1818 1269 re·

64 1308 116 1371 tes,
133 1307 167 1358 ιιι
180 1299 315 1357 dicimus.
333 1298 388 1367 Qui
408 1298 493 1356 etiarn
523 1297 577 1368 (59.
594 1296 642 1368 V.)
663 1311 739 1368 saepe
758 1310 810 1368 per
831 1308 908 1353 erro-
966 1294 1051 1368 liqna
1064 1294 1272 1357 festinare......

575 1626 749 1686 uxonarte
771 1624 827 1700 (tte)
846 1625 1011 1684 ltnelsllu
1028 1626 1076 1682 AD
1095 1626 1308 1715 biscretthbu

719 1803 752 1843 DE
770 1801 959 1852 INQUISITIONB
978 1800 1064 1844 SUlOEI
1082 1802 1155 1846 aoht.

97 2089 150 2146 Fili
164 2088 343 2156 charissime,
368 2085 499 2147 studium
526 2091 610 2144 tuum
632 2085 753 2144 delectat
768 2102 822 2157 me,
848 2104 908 2160 quo
923 2092 945 2148 n
962 2088 1088 2161 probum
1123 2102 1252 2158 sensnm,
1276 2096 1310 2147 nt
1333 2103 1392 2146 non
1413 2090 1508 2147 solnm
1530 2089 1638 2149 iaciant
1659 2104 1728 2163 qna
1752 2102 1813 2149 non

59 2179 225 2250 sapientum
245 2177 352 2247 scripta
369 2173 526 2245 investigas
553 2189 602 2245 per
621 2183 647 2231 te
671 2176 765 2246 ipsum
788 2177 909 2248 legendo

56 2277 86 2324 et
102 2267 298 2339 intelligendo,
326 2277 451 2335 quaeque
475 2278 533 2319 non
563 2264 701 2335 intelligis
723 2279 799 2322 ame
826 2273 907 2323 cacte-

57 2357 158 2426 risqne
189 2354 352 2411 senioribus
387 2352 593 2422 perquirendo.
619 2352 731 2409 Etenim
769 2355 909 2411 scholaris

59 2445 111 2501 illa
135 2443 311 2508 exercitatio,
342 2455 401 2512 qna
433 2440 487 2495 sub
518 2441 601 2511 virga
625 2442 788 2512 pavitantes
818 2444 908 2514 proll-

56 2535 141 2591 ciuut
155 2531 306 2604 ingeniosi,
323 2530 461 2587 deliciunt
476 2528 601 2597 hebetes,
617 2531 701 2587 bonae
718 2531 822 2588 indolis
838 2533 906 2589 ado·

57 2621 232 2679 lescentibus
259 2622 307 2678 vir
337 2626 379 2676 est
406 2631 457 2688 pro
486 2618 669 2674 infantilibus
709 2620 904 2685 nutrimentis,

57 2710 158 2781 qualia
179 2724 254 2780 saepe
273 2709 400 2766 vidimus
433 2705 468 2760 ab
496 2706 698 2763 obstetricibus
724 2708 768 2764 vel
785 2709 907 2764 nutrici·

58 2799 116 2856 bus
131 2799 285 2855 massicata
301 2798 330 2853 in
349 2809 400 2851 ora
418 2795 598 2864 vagientium
615 2795 807 2865 puerulorum
821 2798 905 2853 eden·

58 2888 188 2945 tulorum
213 2886 294 2959 poni,
319 2885 425 2942 eisdem
451 2883 641 2941 renitentibus
668 2892 696 2940 et
715 2883 787 2940 olias
812 2885 907 2942 aliena

58 2976 151 3034 saliva
173 2976 291 3032 intectas
313 2975 460 3031 interdum
483 2974 706 3031 lastidientibus.
735 2974 816 3031 Unde
839 2990 907 3031 eum

57 3064 162 3136 primis
188 3062 311 3119 dentatis
336 3063 463 3119 maxillis
486 3076 537 3132 per
564 3076 594 3117 se
611 3062 746 3118 mandere
775 3071 906 3133 possunt,

60 3151 176 3208 abaliis
199 3151 350 3206 masticata
372 3165 431 3206 non
454 3151 617 3220 recipiunt3
643 3148 711 3217 imo,
733 3164 800 3205 cum
822 3150 905 3207 disci·

61 3240 141 3312 pulis
165 3240 342 3296 transeundo
364 3253 415 3309 per
441 3247 550 3310 segetes
564 3237 691 3308 copiosas
715 3238 859 3308 vellicant,
879 3246 907 3297 et

964 2178 1142 2236 conveniunt
1170 2193 1273 2236 eorum
1305 2178 1484 2251 protessioni,
1512 2179 1562 2237 sed
1590 2179 1677 2236 etiarn
1713 2191 1813 2251 perse-

964 2275 1143 2339 quanturea
1167 2275 1322 2340 quaesunt
1343 2268 1462 2338 spiritus
1485 2268 1553 2325 lleil
1578 2268 1622 2326 l'u
1644 2275 1752 2336 autem,
1770 2267 1812 2325 ult

963 2357 1157 2426 dilectissime,
1181 2366 1214 2414 nt
1246 2371 1329 2427 spero
1353 2357 1382 2413 in
1409 2357 1458 2413 Dei
1483 2350 1692 2425 misericordia,
1723 2356 1812 2427 prou·

962 2446 1020 2502 cies
1039 2446 1126 2502 etiam
1154 2447 1231 2503 ultra
1246 2447 1388 2503 bimatum
1407 2460 1502 2518 usque
1522 2447 1592 2503 adeo
1607 2453 1641 2503 ut
1655 2445 1812 2504 lormldare

963 2548 1021 2591 non
1051 2534 1157 2591 habeas
1184 2533 1314 2606 gladium
1337 2533 1518 2600 antichristi,
1539 2534 1589 2606 qui
1604 2541 1648 2591 est
1662 2534 1811 2592 heretico·
1851 2568 1854 2572 ›

962 2637 1029 2679 rum
1044 2637 1094 2679 sen
1110 2622 1248 2679 falsorum
1264 2622 1386 2679 fratrum
1405 2637 1500 2680 sermo
1519 2622 1644 2680 dolosus.
1659 2622 1719 2681 Nisi
1733 2621 1811 2680 enirn

962 2712 1003 2767 sie
1023 2710 1185 2781 proficeres,
1206 2710 1264 2767 nisi
1294 2710 1456 2768 ablactatus
1476 2711 1538 2781 jam
1560 2711 1687 2768 solidum
1710 2710 1811 2768 eibnnt

962 2799 1147 2856 vehementer
1168 2799 1295 2856 esurires
1316 2800 1484 2856 desummo
1508 2799 1595 2868 bono,
1617 2799 1692 2857 sieut
1710 2799 1810 2870 inqui·

962 2887 1013 2956 ris,
1044 2901 1102 2943 non
1122 2887 1293 2959 inquireres.
1312 2887 1428 2945 Occasio
1443 2901 1512 2944 vero
1536 2887 1660 2960 hujusce
1686 2887 1809 2959 inquisi-

964 2976 1049 3032 tionis
1061 2975 1178 3045 exinde,
1207 2983 1240 3033 ut
1263 2975 1346 3044 dicis,
1363 2977 1463 3033 oborta
1476 2984 1519 3034 est
1533 2977 1596 3045 tibi,
1612 2976 1690 3049 quod
1712 2977 1810 3050 legens

962 3063 1111 3134 dialogum
1133 3064 1188 3121 snb
1207 3064 1412 3136 disceptatione
1437 3064 1591 3122 Christiani
1610 3073 1638 3123 et
1650 3064 1742 3123 iudaei
1761 3071 1808 3122 at·

963 3166 1020 3223 qne
1032 3151 1194 3223 philosophi
1208 3166 1225 3208 a
1241 3154 1380 3224 magistro
1390 3152 1473 3210 Petro
1487 3152 1631 3225 digestum
1645 3152 1809 3211 desummo

962 3240 1037 3298 bono
1058 3240 1116 3297 illie
1131 3240 1245 3297 invenis
1260 3240 1370 3312 aliquid
1388 3241 1606 3314 investigatum,
1627 3241 1675 3300 sed
1688 3254 1749 3298 non
1762 3254 1807 3315 sa·

57 3329 163 3387 iricant
187 3342 276 3385 manu
306 3330 423 3399 propria
459 3322 552 3398 spicas
585 3335 715 3383 maturas
745 3329 909 3400 exindeque
964 3326 999 3382 tis
1012 3327 1201 3396 elucidatum,
1226 3327 1298 3399 quid
1319 3328 1356 3384 sit
1369 3329 1414 3386 rel
1428 3328 1480 3385 ubi
1494 3328 1532 3386 sit
1550 3329 1646 3399 ipsum
1660 3341 1810 3385 summunt

58 3431 153 3488 grana
170 3416 265 3472 elicita
281 3408 331 3486 per
353 3431 383 3472 se
408 3417 586 3471 manducant
608 3423 636 3471 et
649 3417 821 3485 experiendo
841 3432 907 3488 pro·
963 3417 1082 3483 bonnm,
1106 3430 1201 3486 quave
1220 3417 1257 3473 ad
1282 3415 1354 3473 illud
1369 3418 1418 3474 via
1442 3417 1479 3473 sit
1498 3417 1655 3474 rectissime
1674 3416 1807 3489 gradien-

58 3506 140 3571 bant,
153 3506 182 3561 in
198 3504 378 3560 scholaribus
394 3504 449 3560 illis
468 3503 614 3560 exercitiis
628 3504 909 3570 diligentissimam·
961 3503 1042 3558 ditm.
1060 3502 1182 3559 Proinde
1195 3503 1236 3559 sie
1259 3504 1356 3574 accipe
1377 3505 1453 3561 istud
1467 3504 1642 3576 opusculum
1661 3503 1697 3561 de
1711 3501 1807 3574 inqui·

57 3601 132 3651 tatos
159 3609 217 3650 non
248 3593 379 3650 invenire
416 3607 546 3664 saporem
577 3592 735 3662 sapientire,
764 3593 819 3649 nisi
846 3602 908 3664 post
962 3590 1066 3647 sitione
1089 3590 1197 3646 summi
1223 3590 1291 3647 boni
1314 3591 1507 3659 intitulatum,
1531 3598 1564 3648 ιιι
1590 3592 1614 3648 si
1641 3590 1713 3662 qnid
1741 3588 1808 3648 bonl

59 3692 173 3754 tempus
198 3681 398 3738 ablactationis
420 3697 489 3738 suan.
512 3683 583 3737 ilinc
601 3681 734 3752 estquod
759 3680 907 3739 Abraham
961 3678 995 3735 de
1010 3679 1065 3735 bec
1084 3678 1119 3735 bo
1139 3677 1194 3751 (60.
1210 3678 1256 3749 V.)
1276 3693 1313 3735 no
1329 3678 1474 3736 inveneris
1487 3678 1610 3746 dictum.
1626 3677 1662 3735 de
1676 3677 1731 3735 hoc
1745 3677 1806 3749 ipse

58 3771 225 3843 patriarcha
244 3771 353 3840 grande
367 3770 475 3842 legitur
495 3770 595 3826 iecisse
619 3770 786 3826 convivium
811 3769 841 3826 in
860 3771 907 3828 dle
961 3767 1036 3823 bono
1070 3767 1147 3823 unde
1171 3767 1285 3839 agimus
1317 3781 1376 3825 non
1405 3768 1520 3824 dubites
1554 3774 1606 3826 ant
1629 3765 1761 3831 stillasse,
1782 3763 1807 3823 si
1891 3836 1896 3852 θ

58 3859 260 3918 ablactationis
288 3860 378 3927 lsaae,
409 3860 550 3914 nimirum
564 3859 750 3928 congandens
779 3857 838 3930 (iol.
860 3862 904 3915 eb.
961 3870 1066 3926 parum
1086 3863 1138 3922 est,
1162 3864 1213 3912 ant
1238 3870 1397 3925 emanasse,
1426 3856 1449 3913 si
1465 3857 1535 3912 satis
1556 3864 1610 3913 est.
1634 3846 1815 3924 Satis-dico,¹

57 3948 106 4019 R.)
123 3955 243 4019 paterno
258 3946 363 4004 ellectu
387 3945 561 4018 prolectibus
582 3947 654 4002 tanti
671 3946 732 4002 lilii.
759 3946 820 4014 Quo
836 3962 907 4003 con·
960 3959 1019 4001 non
1047 3952 1191 4015 qnantum
1226 3944 1261 4001 ad
1276 3944 1317 4001 rei
1340 3959 1405 4016 quae
1430 3952 1562 4001 versatur
1579 3941 1806 4000 estimationem.

56 4045 106 4094 tra
122 4037 252 4107 ploratus
266 4045 293 4091 et
307 4036 438 4092 ululatus
460 4036 570 4091 multus
594 4043 635 4091 est
650 4034 766 4091 Racheli
782 4036 906 4106 ploranti
960 4033 1009 4089 sed
1024 4040 1169 4104 quantum
1186 4032 1222 4089 ad
1242 4033 1363 4105 legentis
1374 4041 1401 4090 et
1421 4032 1594 4105 inquirentis
1605 4030 1720 4090 esuriri.
1736 4031 1808 4087 llam

57 4125 134 4182 fllios
163 4139 230 4180 snos
256 4131 322 4179 ante
355 4124 554 4180 ablactationis
589 4131 702 4194 tenipus
731 4124 767 4179 ab
796 4125 907 4181 llerode
961 4136 1005 4179 res
1021 4123 1083 4193 ipsa
1106 4130 1147 4178 est
1172 4123 1326 4180 inellabilis
1348 4124 1383 4181 de
1398 4137 1459 4195 qua
1477 4122 1533 4180 lari
1554 4130 1704 4193 uteunque
1718 4119 1808 4193 gesti·

58 4214 176 4270 occisos.
201 4215 238 4268 hc
260 4218 321 4267 tum
347 4212 457 4282 plangit
480 4212 608 4267 Ecclesia
622 4219 649 4268 et
665 4226 722 4268 non
745 4213 809 4269 vult
835 4227 907 4268 con·
961 4226 1035 4278 mus,
1051 4220 1137 4281 prout
1153 4212 1213 4282 ipsa
1221 4213 1344 4284 juvante
1356 4212 1523 4282 poterimus.

57 4301 157 4368 solari,
174 4301 316 4372 quianon
336 4308 405 4356 sunt
420 4298 552 4356 ablactati
574 4301 638 4371 ejus
662 4299 701 4355 illi
728 4301 809 4370 pueri
833 4314 907 4371 qnos
995 4302 1076 4354 Lecta
1092 4304 1135 4354 sot
1150 4303 1251 4355 eximia
1263 4317 1384 4372 presens
1401 4300 1638 4372 taeeptttosopbta

58 4390 185 4447 trucidat
207 4391 322 4459 gladius
346 4389 518 4445 Antichristi
541 4404 592 4460 pro
619 4403 652 4445 eo
679 4389 757 4459 quod
777 4397 845 4445 sunt
862 4389 904 4445 in·
995 4373 1130 4426 DOCW'M
1146 4373 1281 4442 t”1³²5th
1295 4373 1535 4442 cuivssl'raedlabt'l
1549 4373 1686 4428 domm·

56 4478 104 4536 ira
120 4480 271 4543 bimatum,
288 4493 346 4534 non
362 4473 535 4548 attingentes
550 4478 586 4532 ad
606 4478 727 4548 geminae
741 4479 905 4550 inlelligen-
995 4475 1069 4530 Pnto
1105 4475 1161 4547 (ll)
1195 4483 1302 4545 autem,
1323 4477 1347 4532 si
1375 4477 1552 4548 opuseulum
1581 4474 1735 4548 Augustini
1768 4474 1808 4532 lte

56 4566 107 4623 tite
127 4573 153 4621 et
174 4567 351 4636 operationis
372 4565 510 4622 fructum.
537 4567 579 4622 hle
600 4567 746 4633 miserum,
764 4582 814 4637 pro
834 4575 905 4638 quot
960 4579 1063 4620 summo
1105 4564 1173 4620 bono
1205 4566 1386 4622 intitulatum
1421 4567 1494 4623 bene
1528 4565 1720 4637 perspexeris,
1749 4563 1808 4623 illic

57 4654 191 4726 parvulis
212 4655 251 4710 ita
266 4655 338 4710 mihi
361 4655 487 4725 abreptis
506 4669 559 4725 ego
577 4655 688 4725 plorare
710 4655 811 4723 babeo,
837 4657 945 4727 quial)
962 4653 1144 4711 abundanter
1166 4654 1327 4724 instrueris
1357 4669 1417 4712 esse
1443 4655 1514 4713 illud
1531 4668 1678 4713 summum
1697 4654 1821 4712 bonum'

56 4757 107 4800 eos
123 4751 184 4813 post
212 4744 350 4799 exercitia
379 4743 521 4799 scholaria
545 4744 627 4799 video
658 4744 704 4800 vel
735 4745 859 4815 tepuisse
880 4746 909 4802 in
964 4758 1084 4814 exque,
1106 4757 1157 4813 per
1178 4744 1471 4816 quod,inquosunt
1495 4745 1808 4815 omniabonanragna

56 4845 177 4888 sensnm
196 4831 334 4902 puerilem
349 4839 377 4886 ct
407 4831 571 4898 artinralem,
602 4832 653 4902 qui
687 4847 745 4888 nou
773 4834 905 4905 percipit,
965 4832 1098 4889 mediaei
1119 4832 1281 4889 minimaet
1310 4833 1404 4903 ipsum
1422 4833 1478 4890 tale
1500 4842 1553 4902 est,
1567 4841 1600 4890 nt
1613 4832 1690 4890 nihil
1703 4831 1807 4889 melida

56 4927 206 4992 quaesunt
227 4920 348 4990 spiritns
365 4921 426 4986 Dei,
452 4919 497 4976 vel
518 4920 636 4976 omnino
661 4921 797 4992 friguisse
819 4922 904 4979 inre·
963 4921 1083 4993 cogitari
1103 4921 1201 4991 possit,
1221 4921 1279 4977 imo
1309 4921 1413 4977 melius
1426 4929 1469 4978 est
1484 4934 1573 4993 quam
1597 4921 1634 4978 ab
1654 4921 1714 4979 ulla
1728 4933 1808 4977 crea·

96 5093 151 5165 (ott)
169 5096 228 5150 vor
250 5094 356 5153 bacin
379 5098 440 5153 cod.
472 5113 523 5154 ms.
548 5104 628 5155 catat
656 5098 795 5169 rescripta
820 5114 908 5171 snper
961 5123 998 5137 -
1024 5095 1118 5151 Placet
1140 5093 1292 5151 monitum.
1318 5095 1396 5152 ldem
1419 5094 1477 5153 lere
1498 5095 1620 5152 suadere
1635 5094 1750 5155 ridetur
1763 5094 1807 5153 di·
1884 5092 1887 5098 '

56 5165 147 5222 aliam
162 5167 313 5222 miniatem
328 5182 450 5224 erasnm.
929 5183 931 5186 ’
962 5166 1045 5223 stichi
1069 5175 1277 5238 argumentum
1295 5181 1362 5224 cum
1385 5167 1552 5225 exoratione
1577 5175 1703 5240 utraque
1730 5182 1807 5224 com-

59 5272 62 5276 ·
96 5235 150 5306 (th
183 5239 228 5292 hit
256 5240 390 5294 lienisins
411 5240 428 5294 l.
454 5254 475 5295 s.
500 5254 579 5294 cz«
597 5240 755 5308 Intercepta
779 5248 821 5296 cst
846 5241 908 5297 haee
962 5246 1105 5308 paratum.

56 5309 189 5364 cxttratto
213 5309 330 5365 ilintate
352 5311 484 5366 disticho.
510 5311 589 5376 Qtiou
613 5311 719 5366 metim
743 5312 778 5366 au
800 5313 908 5369 calcem
997 5310 1055 5379 itti
1085 5308 1219 5365 uxoratio
1237 5308 1392 5379 insequens
1412 5309 1442 5364 iu
1471 5309 1533 5366 cod.
1553 5323 1638 5366 mser.
1656 5310 1693 5367 ab
1712 5309 1808 5369 attona

57 5378 165 5448 dialogi
192 5379 344 5436 locandum
361 5383 477 5438 luisset:
495 5383 523 5432 τι
544 5381 677 5450 triplicem
699 5384 775 5439 onim
800 5385 835 5438 all
857 5384 904 5440 do·
962 5395 1051 5437 manu
1064 5380 1193 5452 ejusdcm
1207 5387 1238 5437 nt
1254 5380 1379 5448 videtur,
1394 5380 1487 5437 aetatis
1501 5381 1662 5453 conscripta
1672 5388 1724 5439 est.

56 5450 185 5507 ctrinam
206 5451 294 5508 trium
319 5451 576 5524 interloquentium
600 5452 729 5509 alludere
754 5454 904 5512 videtur.»

1698 5542 1712 5575 h

68 5721 80 5749 ὶ
