3804 5962
130 134 171 189 lli

638 133 747 192 irrisi.
767 134 790 206 1,
809 137 876 195 SEU
894 138 1060 196 HISTORIA
1079 137 1337 197 militiarum

1827 145 1877 199 let

132 258 321 325 iebammum
335 258 372 316 ad
386 258 465 316 illam
478 273 516 317 ex
538 258 636 331 aliqua
656 259 710 332 [et.
728 260 866 334 antiqua]
884 262 970 334 eulpa
984 264 1009 318 Α
1024 265 1181 327 mensibus,
1206 262 1383 321 occasionem
1404 263 1446 321 eis
1469 264 1587 321 fortuna
1609 264 1722 332 obtulit
1744 279 1805 338 qua
1829 282 1877 326 me

133 348 298 417 lereuerim,
329 349 365 405 ad
383 350 459 407 lianc
486 359 614 408 metam
640 358 784 420 patentem
807 351 972 409 violentiam

134 436 232 491 arcera
248 434 372 493 intentio
396 450 538 509 amorque
562 438 627 496 fidei
651 447 756 496 nostrae
778 440 988 511 induxissent,-

133 538 183 594 qua
207 538 258 581 me
271 524 309 581 ad
331 526 516 583 scribendum
541 526 750 598 compulerant.
777 530 849 587 Cum
875 540 971 588 antem

132 614 169 669 loc
192 621 258 671 tam
274 614 433 672 crudeliter
447 623 475 672 et
496 616 707 675 inconsiderate
730 618 838 676 factum
862 634 971 690 omnes,

130 702 250 774 tiques
277 703 357 760 fama
373 704 501 763 delatum
522 713 564 763 est
589 708 775 766 vehementer
803 718 970 781 arguerent,

130 791 224 863 singuli
237 792 489 863 quiinterfnerent
498 794 676 867 aseculpam
686 795 890 867 repellentesiu
900 797 972 855 alies

130 880 375 950 transfundebant,
390 883 470 952 adeo,
487 892 521 940 ιιι
537 883 590 955 ipsi
603 899 721 957 queque
734 887 823 943 nostri
835 888 932 944 aemuli
944 887 972 944 id

130 969 235 1026 consilio
272 985 327 1028 suo
361 971 468 1029 factum
498 986 559 1030 esse
589 973 774 1047 denegarent,
805 984 833 1033 et
860 975 973 1049 legatus

130 1072 212 1115 eoram
232 1059 374 1117 omnibus
388 1061 526 1118 invidiam
543 1064 719 1120 Francorum
734 1077 823 1134 super
840 1064 894 1121 hoc
914 1080 973 1123 mn-

129 1148 194 1205 xime
223 1148 428 1206 detestaretur.
460 1149 514 1218 Qui
549 1151 646 1209 statim
673 1154 841 1223 poenitentia
868 1155 972 1212 ductus

129 1246 178 1306 post
203 1236 325 1309 aliquos
348 1238 418 1302 dies,
439 1253 505 1296 cum
528 1240 563 1296 ad
584 1248 697 1312 tempus
716 1248 832 1299 coactus
861 1243 971 1300 satisfe-

1030 355 1146 427 perdere
1176 354 1356 410 molirentur.
1388 354 1522 411 Fortuitu
1551 368 1679 426 namque
1711 356 1782 413 milii
1806 370 1879 429 qua·

1028 446 1094 501 dam
1110 444 1156 501 dic
1171 442 1275 516 legenti
1296 443 1421 500 occurrit
1449 444 1584 515 quaedam
1609 445 1691 501 Dede
1723 444 1876 513 sententia,

1029 549 1088 606 qua
1126 534 1156 590 in
1189 531 1367 604 expositione
1390 532 1518 589 Actuum
1540 532 1736 604 apostolorum
1776 534 1879 591 asserit

1027 625 1094 695 (li).
1120 623 1287 694 Dionysium
1308 622 1510 693 areopagitam
1537 622 1754 679 Corinthiorum
1778 623 1876 694 potitis

1027 727 1117 785 quam
1142 710 1359 768 Atheniensium
1380 709 1467 767 fnisse
1487 710 1663 782 episcopum.
1690 710 1772 779 Quod
1792 710 1877 771 ralde

1027 802 1068 859 cis
1087 803 1265 858 contrarium
1285 800 1451 866 videbatur,
1468 800 1519 871 qui
1534 814 1621 857 snum
1632 799 1802 871 Dionysium
1816 814 1878 859 esse

1027 890 1109 948 illum
1124 890 1325 961 areopagitam
1337 890 1479 961 jactitant,
1492 904 1580 961 quem
1600 888 1697 961 ipsum
1719 889 1877 946 Atbcnlen·

1027 994 1086 1037 sem
1110 980 1274 1050 episcopum
1297 985 1376 1050 gesta
1397 979 1460 1049 ejus
1475 976 1564 1034 fnisse
1584 978 1767 1049 profitentur.
1794 977 1876 1046 Quod

1026 1083 1092 1126 eum
1105 1068 1285 1138 reperissem,
1300 1067 1477 1138 quibusdam
1490 1068 1740 1124 circumstantium
1750 1067 1876 1125 fratrum

1027 1157 1111 1228 quasi
1125 1155 1247 1229 jocando
1271 1155 1440 1224 monstrari,
1460 1156 1657 1212 testimonium
1676 1155 1783 1213 scilicet
1803 1154 1876 1213 illud

1027 1246 1118 1314 Betim,
1140 1244 1217 1316 quod
1241 1244 1325 1301 nubis
1342 1244 1541 1317 objiciebatur.
1571 1243 1614 1300 llli
1628 1258 1696 1300 vero
1717 1243 1802 1301 valde
1828 1244 1877 1300 in-

127 1326 197 1383 iisset
215 1326 338 1384 illorum
354 1328 481 1398 invidiae,
498 1344 542 1386 me
557 1329 592 1388 de
607 1331 700 1388 alieno
717 1332 852 1389 eductum
872 1347 971 1390 moria-

127 1414 250 1471 sterioail
274 1418 426 1488 proprium
446 1418 570 1489 remisit;
585 1419 637 1476 ubi
653 1419 710 1477 fere
731 1429 875 1493 quotquot
889 1429 972 1479 crant

1027 1333 1137 1407 dignati
1173 1333 1311 1390 dixerunt
1339 1332 1445 1390 Dedam
1473 1333 1726 1390 mendacissimum
1754 1332 1875 1402 scripto·

1027 1428 1142 1490 remei
1166 1436 1195 1478 se
1217 1422 1393 1478 liuidonium
1410 1422 1458 1493 [el.
1478 1421 1646 1478 llilduinum
1671 1426 1698 1475 it
1722 1420 1813 1493 recte]¹
1827 1420 1877 1479 ab·

127 1503 182 1560 olim
195 1505 273 1575 jam,
293 1513 432 1577 utsupra
447 1508 574 1577 memini,
591 1508 709 1566 infestes
728 1510 880 1580 habebam,
903 1524 969 1567 cum
988 1550 1009 1604 B
1027 1511 1124 1567 batem
1139 1525 1226 1567 suum
1241 1511 1382 1567 veriorem
1402 1510 1508 1567 babere
1540 1518 1653 1579 testem,
1674 1510 1726 1583 qui
1747 1523 1801 1581 pro
1823 1509 1878 1567 lice

126 1607 216 1650 eorum
242 1594 313 1651 vitm
330 1595 481 1665 turpitudo
505 1603 532 1654 et
552 1595 706 1668 impudens
728 1598 906 1656 conversatio
925 1613 971 1656 me
1027 1599 1225 1670 investigando
1239 1598 1377 1656 Graeciam
1393 1599 1444 1655 diii
1458 1599 1654 1670 perlustravit,
1675 1606 1703 1655 et
1716 1598 1758 1655 rei
1771 1598 1876 1655 verita·

126 1690 285 1754 suspectum
314 1684 428 1755 penitus
446 1684 594 1753 haberent,
621 1701 708 1758 quem
723 1687 775 1759 [el.
802 1688 894 1760 quod]
922 1702 970 1744 ar·
1023 1692 1051 1744 te
1065 1688 1165 1759 agnita
1188 1689 1320 1760 ingestis
1341 1688 1430 1757 illius,
1447 1703 1513 1760 qum
1529 1686 1707 1760 conscripsit,
1724 1687 1801 1743 bane
1824 1699 1877 1743 rc-

126 1779 256 1843 gueutem
276 1772 406 1844 graviter
424 1774 607 1833 sustinerent.
629 1777 733 1833 Paucis
747 1785 843 1835 autem
867 1777 970 1849 elapsis
1024 1776 1130 1834 raciter
1151 1776 1359 1835 dubitationem
1379 1777 1510 1834 removit.
1537 1777 1619 1834 Unde
1634 1790 1700 1833 cuni
1718 1788 1797 1833 unus
1822 1788 1875 1832 eo-

739 1935 897 1992 ANDREAE
909 1935 1137 2004 Quamobrem
1150 1937 1255 1994 NOTAE

151 2056 207 2127 iii)
231 2058 400 2137 Dionysium
422 2059 629 2129 Areopagitae,
660 2066 711 2116 etc.
735 2091 770 2101 -
794 2061 861 2117 Haeo
889 2062 971 2118 Bedm
1223 2064 1418 2119 ilutltcnticum
1432 2063 1582 2118 innocentii
1598 2078 1681 2133 papae

124 2134 261 2207 sententia
287 2128 324 2185 de
339 2128 476 2199 Dionysio
497 2130 671 2201 Areopagita
696 2130 795 2187 multis
813 2132 898 2187 etiam
919 2133 969 2189 lio-
1061 2156 1075 2183 e
1099 2134 1283 2190 fsnoccnrics
1310 2135 1472 2205 episcopus,
1504 2148 1606 2190 servus
1632 2146 1782 2189 servorum
1812 2130 1876 2200 Del,

123 2198 160 2278 dte
178 2212 243 2254 nou
274 2198 377 2269 placet,
407 2199 459 2270 qui
491 2200 661 2270 Dionysium
688 2202 855 2273 episcopum
894 2203 971 2259 Pari·
1025 2204 1136 2261 dilectis
1164 2205 1230 2261 liliis
1259 2204 1357 2261 abbati
1378 2213 1406 2261 et
1431 2205 1587 2262 conventui
1615 2204 1720 2274 Sancty
1746 2203 1876 2275 Dionysii

124 2283 241 2325 alensem
269 2284 333 2326 esse
356 2269 440 2326 illum
466 2272 670 2342 areopagitam
698 2274 893 2331 contendunt.
918 2274 971 2331 Sed
1025 2275 1194 2332 l'arisiensis
1208 2275 1371 2333 salutemet
1385 2276 1571 2345 apostolicam
1586 2274 1825 2331 benedictionem.

123 2340 192 2466 ssuod
219 2339 353 2411 allegant
380 2342 415 2398 de
429 2342 596 2399 innocentio
620 2344 669 2407 lli,
686 2344 738 2415 qui
752 2358 857 2414 corpus
880 2346 969 2402 sancti
1064 2370 1074 2394 ι
1097 2347 1200 2404 Utrum
1222 2348 1364 2419 gloriosus
1380 2355 1490 2416 martyr
1511 2355 1539 2403 et
1560 2347 1689 2416 pontifex
1709 2345 1874 2416 Dionysius,

145 2410 258 2491 iouysii.
292 2411 506 2469 corintliteruni
543 2413 680 2484 episcopi,
713 2414 790 2470 dedit
821 2416 971 2471 monacbis
1025 2418 1110 2488 cujus
1133 2419 1295 2475 venerabile
1316 2432 1421 2487 corpus
1441 2417 1470 2472 in
1494 2425 1591 2473 vestra
1612 2416 1766 2487 requiescit
1787 2415 1877 2473 eccle·

126 2482 212 2538 Sancti
245 2482 375 2551 Dionysii
403 2484 580 2547 Parisiensis,
597 2499 650 2542 nec
682 2485 809 2556 ipsorum
840 2486 971 2559 opinioni
1025 2488 1077 2552 sia,
1108 2488 1143 2544 sit
1161 2489 1206 2545 ille
1228 2486 1391 2545 censendus
1419 2487 1470 2559 qui
1497 2487 1671 2559 areopagita
1691 2493 1815 2544 vocatur
1838 2486 1875 2543 ab

126 2554 283 2622 plurimum
310 2553 419 2623 farere,
454 2569 506 2612 uec
533 2555 675 2612 abaelardi
704 2570 821 2628 queque
853 2572 971 2615 sensum
1026 2559 1153 2629 apostolo
1182 2560 1270 2615 Paulo
1296 2572 1465 2624 conversus,
1488 2558 1609 2614 diversae
1634 2566 1703 2614 suut
1726 2557 1876 2615 sententiae

126 2624 293 2681 tomeritate
317 2624 398 2682 Bedae
426 2624 577 2683 suffultum
607 2627 724 2683 omnino
743 2627 914 2684 convincere
929 2629 971 2683 vi·
1026 2630 1220 2686 diversorum.
1252 2630 1376 2696 Quidam
1405 2633 1502 2685 autem
1541 2630 1669 2686 fatentur
1706 2628 1877 2698 Dionysium

126 2695 211 2751 detur.
223 2696 308 2775 ¹lieni
330 2696 371 2753 sic
392 2705 507 2753 enarrat
521 2711 695 2767 anonymus,
712 2699 762 2767 qui
779 2698 814 2755 de
839 2698 971 2769 reliquiis
1025 2701 1228 2771 areopagitam
1242 2701 1271 2756 in
1282 2700 1392 2757 Graecia
1408 2699 1497 2756 fuisse
1511 2708 1657 2756 mortuum
1674 2706 1702 2755 et
1718 2698 1874 2782 sepultum,

127 2767 243 2823 cenobii
267 2766 365 2823 Sancti
380 2767 505 2836 Dionysii
526 2768 662 2837 scripsit:
692 2770 838 2834 «Anne»
863 2770 971 2840 iuquit,
1025 2771 1176 2841 aliumque
1200 2771 1369 2840 Dionysium
1398 2770 1540 2827 exstitisse
1574 2770 1624 2838 qui
1653 2769 1738 2826 fidem
1768 2768 1877 2827 Christi

129 2837 183 2894 ιιι)
204 2838 414 2895 incarnatione
436 2839 550 2895 Domini
581 2842 660 2909 lili,
680 2840 874 2906 innocentius,
906 2855 970 2896 san·
1027 2844 1203 2898 Francorum
1224 2841 1337 2912 populis
1363 2840 1539 2911 praedicavit.
1564 2841 1620 2896 Alii
1647 2852 1715 2896 vero
1743 2848 1878 2897 asserunt

127 2917 171 2965 cta
198 2921 331 2965 romanae
351 2907 480 2966 Ecclesiae
495 2923 569 2981 papa
590 2910 640 2965 lll.
664 2911 700 2967 ad
722 2911 823 2967 urbem
837 2911 970 2982 generale
1026 2913 1107 2969 illum
1131 2920 1194 2983 post
1218 2920 1338 2968 mortem
1356 2911 1430 2969 beati
1447 2910 1530 2967 Pauli
1555 2910 1668 2967 venisse
1687 2910 1818 2975 Romam,
1848 2918 1877 2967 et

127 2979 278 3036 concilium
300 2980 480 3047 convocarit,
506 2995 543 3037 ex
574 2981 652 3036 omni
684 2981 799 3038 natione
826 2996 892 3052 quae
915 2984 970 3040 sub
1025 2998 1042 3039 a
1073 2992 1171 3040 sancto
1196 2983 1340 3040 Clemente
1369 2996 1443 3053 papa
1476 2983 1506 3037 in
1531 2980 1653 3038 Galliam
1678 2980 1875 3051 destinatum

128 3051 190 3129 rulo
203 3058 260 3107 est.
285 3050 416 3107 Pastores
438 3060 466 3108 et
480 3051 590 3120 prelati
618 3056 727 3109 sanctie
754 3053 855 3109 matris
870 3055 971 3110 Eccle·
987 3080 1009 3137 c
1026 3055 1176 3125 aliumque
1199 3054 1287 3111 fuisse
1323 3054 1375 3126 qni
1392 3061 1522 3110 mortuus
1536 3060 1578 3108 est
1599 3053 1626 3108 in
1646 3052 1766 3119 Graecia,
1782 3059 1811 3109 et
1831 3064 1876 3107 se·

127 3134 187 3177 siae:
202 3122 379 3191 patriarcba
404 3121 544 3185 videlicet,
567 3122 784 3193 archiepiscopi.
811 3124 966 3194 pontifices,
1026 3127 1137 3196 pullus.
1165 3124 1326 3195 Utrumque
1344 3133 1440 3180 tamen
1459 3124 1608 3194 egregium
1627 3123 1658 3179 in
1679 3139 1696 3179 o
1735 3136 1764 3179 re
1779 3130 1808 3180 et
1820 3135 1878 3178 ser·

126 3200 149 3246 et
160 3193 292 3255 abbates,
318 3201 346 3249 et
362 3192 503 3249 inferioris
523 3194 632 3266 gradus
646 3201 674 3248 et
692 3196 802 3250 ordinis
827 3196 891 3251 alim
909 3210 970 3265 per·

1025 3210 1108 3253 mone
1128 3195 1309 3266 preclarum.
1329 3194 1386 3251 Nos
1409 3203 1511 3251 autum
1539 3195 1635 3249 neutri
1660 3207 1696 3248 ro
1708 3201 1787 3250 entes
1802 3206 1877 3263 praa·

126 3276 206 3327 senae,
232 3276 363 3333 quarum
386 3277 444 3319 non
466 3273 527 3321 erat
546 3279 707 3321 numerus:
730 3279 812 3337 reges
832 3266 917 3323 etiam
942 3272 970 3323 et
1022 3268 1154 3338 judicare
1168 3267 1325 3331 sententiar,
1351 3266 1400 3322 sed
1416 3274 1544 3322 vestrum
1571 3265 1719 3335 cupientes
1735 3265 1876 3321 bonorare

126 3334 268 3404 principes
295 3334 476 3392 diversorum
504 3335 679 3406 populorum
704 3337 748 3393 vel
780 3350 829 3406 per
855 3351 896 3403 se,
923 3337 969 3393 vel

125 3418 170 3472 per
192 3405 316 3462 nuntios
339 3406 504 3462 adfuerunt.
528 3406 577 3463 llir
603 3415 700 3465 autem
720 3407 895 3464 venerabilis
918 3409 968 3463 ab·

124 3475 171 3531 bas
200 3476 280 3532 beati
302 3476 486 3558 'Areopagitae
512 3477 638 3548 Dionysii
672 3477 813 3534 ilenricus
853 3479 970 3535 numine

122 3561 185 3603 cum
210 3554 326 3603 caeteris
348 3555 484 3604 interesse
509 3562 566 3605 nou
596 3549 701 3618 potuit,
733 3549 804 3618 quia
828 3560 970 3619 provectae

121 3617 210 3674 etatis
239 3618 420 3675 imbecillitas
444 3632 502 3676 non
529 3620 666 3689 permisit.
698 3619 772 3676 Misit
796 3628 892 3677 autem
920 3634 970 3690 pro

122 3696 201 3751 se,et
253 3689 418 3746 roecclesia
442 3704 497 3746 sua
516 3691 614 3747 tirum
641 3690 809 3762 religiosum
834 3698 862 3746 et
886 3693 970 3748 bone

122 3767 196 3816 stum
261 3760 417 3817 emericum
443 3761 615 3831 magistrum
653 3762 776 3831 priorem
805 3775 872 3817 cuni
906 3762 970 3818 aliis

122 3832 253 3900 personis
277 3832 407 3902 ejusdem
437 3832 580 3896 necleta,
608 3833 659 3904 qui
678 3846 708 3889 se
732 3831 792 3889 loco
815 3831 860 3887 sui
884 3841 970 3902 prout

122 3900 316 3971 opportunius
336 3910 449 3972 possent
469 3902 579 3960 domini
607 3917 687 3973 papa
714 3903 872 3973 praesentire
896 3918 969 3974 pra-

121 3980 279 4029 sentareut.
313 3973 495 4030 celebratum
521 3980 564 4029 est
603 3974 694 4045 igitur
718 3988 859 4043 magnum
897 3974 969 4032 illud

121 4043 288 4111 concilium,
315 4044 344 4099 in
359 4059 419 4116 quo
433 4051 588 4101 tractatum
612 4053 656 4101 est
683 4044 794 4101 deiide
817 4044 969 4109 catholica,

121 4114 154 4169 de
176 4115 320 4180 moribus,
334 4123 364 4171 et
386 4116 422 4171 de
439 4124 518 4173 statu
532 4116 705 4172 universalis
729 4115 871 4181 Ecclesia,
888 4124 916 4172 et
935 4117 970 4173 de

120 4186 369 4253 rebusaliisquas
390 4185 511 4257 longum
532 4194 574 4242 est
589 4186 675 4242 bicet
693 4200 751 4243 non
778 4187 970 4243 necessarium

120 4270 269 4313 enarrare.
293 4256 392 4313 Soluto
419 4257 541 4314 concilio
566 4270 700 4314 concessa
723 4265 765 4313 cst
790 4256 914 4328 singulis
938 4258 970 4312 li·

121 4328 215 4385 centia
237 4328 399 4384 recedendi.
416 4328 557 4385 Dominus
568 4336 665 4384 autem
690 4341 765 4397 papa
792 4328 892 4384 nolens
904 4342 1009 4409 oni-1)

121 4398 209 4454 nibus
245 4399 341 4469 palam
373 4399 465 4455 facere
496 4398 733 4461 benevolentiam,
770 4407 798 4455 et
834 4399 969 4470 gratiam,

121 4478 208 4539 atque
221 4470 305 4540 pium
329 4468 490 4527 dilectionis
506 4468 653 4536 affectum,
674 4482 764 4540 quam
791 4482 861 4539 erga
887 4484 971 4527 vene-

120 4540 211 4596 rabile
224 4540 392 4597 eoenobium
415 4540 491 4597 beati
515 4540 640 4610 Dionysii
654 4548 681 4597 et
698 4548 768 4596 tunc
783 4541 917 4603 babebat,
941 4548 971 4597 et

119 4612 228 4681 simper
248 4611 398 4677 babuerat,
415 4612 530 4669 vocavit
552 4611 587 4667 ad
611 4626 641 4667 se
661 4612 814 4682 praefatum
842 4612 969 4668 Hemeri-

120 4696 186 4738 enm
201 4696 237 4738 ac
257 4682 349 4738 socios
362 4683 435 4753 eius,
459 4682 533 4739 etin
558 4683 665 4763 pignus
692 4691 852 4752 perpetuane
874 4682 969 4740 cbari-

120 4754 185 4809 tatis
207 4754 289 4810 dedit
318 4753 360 4809 eis
391 4754 561 4811 thesaurum
595 4753 825 4823 impretiabilem,
862 4767 969 4822 corpus

119 4824 254 4882 videficet
284 4824 456 4881 sanctissimi
490 4824 619 4894 Dionysii
650 4824 830 4885 confessoris.
867 4824 968 4881 Corin·

120 4895 248 4952 tliierum
274 4895 409 4966 episwpi,
439 4904 473 4953 ιιι
498 4894 594 4966 ipsum
621 4908 730 4962 secum,
766 4908 833 4951 cunt
862 4895 969 4951 bonore

1025 3338 1243 3403 monasterium,
1273 3337 1352 3408 quod
1378 3336 1542 3393 immediate
1568 3337 1602 3391 ad
1628 3335 1790 3392 Romanam
1812 3348 1876 3405 spe·

1025 3415 1083 3465 ctat
1104 3408 1268 3473 Ecclesiam,
1284 3421 1400 3464 sacrum
1421 3407 1496 3463 beati
1521 3407 1648 3475 Dionysii
1664 3407 1781 3479 pignus,
1798 3404 1876 3477 quod

1025 3480 1108 3536 bonae
1135 3480 1279 3535 memoriae
1313 3478 1344 3534 P.
1369 3478 1412 3534 tit.
1443 3477 1694 3535 Sancti'lfarceili
1726 3476 1878 3547 presbyter

1025 3550 1181 3607 cardinalis
1199 3558 1270 3606 tunc
1291 3549 1454 3618 apostoticae
1483 3548 1558 3604 sedis
1575 3548 1689 3618 legatus
1711 3547 1748 3605 de
1765 3546 1878 3605 Gracia

1025 3623 1132 3678 tulitin
1148 3621 1260 3686 urbem,
1277 3620 1358 3676 robis
1372 3634 1421 3688 per
1442 3619 1560 3676 dilectus
1586 3619 1678 3675 filiuni
1695 3618 1878 3675 Hemericum

1024 3694 1151 3765 priorem
1161 3700 1188 3749 et
1203 3692 1343 3762 quosdam
1365 3691 1436 3747 alios
1464 3690 1582 3747 nuntios
1607 3688 1771 3746 monasterii
1787 3687 1876 3745 vestri

1024 3764 1061 3819 ad
1076 3763 1208 3833 generale
1233 3761 1387 3819 concilium
1408 3760 1564 3817 destinatos
1578 3759 1679 3817 devote
1699 3759 1875 3831 dirigimus:

1025 3841 1058 3891 ιιι
1077 3847 1145 3889 cuin
1160 3841 1300 3903 utrasque
1323 3832 1462 3899 reliquias
1482 3830 1653 3898 habueritis,
1669 3830 1752 3886 nulla
1775 3830 1810 3887 de
1824 3843 1877 3910 οὓς

1024 3913 1086 3961 tero
1106 3912 1254 3960 remaneat
1280 3901 1433 3969 dubitaiio,
1453 3902 1525 3971 quin
1544 3914 1632 3956 sacrae
1658 3901 1732 3957 beati
1748 3900 1877 3969 Dionysii

1024 3975 1202 4045 areopagitae
1235 3973 1365 4043 reliquiae
1399 3973 1476 4040 apud
1511 3978 1638 4027 vestrum
1667 3971 1877 4027 monasterium

1025 4046 1198 4104 habeantur.
1225 4045 1281 4101 llos
1295 4045 1385 4115 igitur
1396 4056 1444 4099 eas
1458 4050 1623 4098 reverenter
1636 4041 1785 4109 suscipite,
1799 4042 1878 4097 banc

1025 4117 1107 4174 nobis
1121 4116 1347 4172 vicissitudinem
1372 4113 1570 4184 rependentes,
1587 4116 1621 4169 ut
1641 4112 1671 4168 iu
1694 4112 1877 4194 erationibus

1026 4187 1131 4245 vestris
1154 4187 1285 4256 specialis
1310 4199 1423 4255 semper
1456 4185 1492 4241 ad
1520 4184 1611 4241 Deum
1641 4191 1877 4241 commemoratio

1025 4258 1116 4315 nostri
1149 4257 1209 4326 liat,
1250 4266 1278 4314 et
1311 4254 1473 4314 secundum
1505 4254 1680 4311 oblationem
1707 4255 1877 4312 corumdem

1025 4329 1196 4385 nuntiorum
1226 4337 1389 4386 vestrorum
1427 4326 1627 4384 anniversaria
1656 4325 1754 4382 obitus
1786 4324 1877 4383 nostri

1026 4400 1166 4455 memoria
1193 4399 1358 4456 solemniter
1390 4398 1559 4455 celebretur.
1598 4396 1740 4454 Omnibus
1778 4404 1875 4455 autem

1025 4471 1077 4541 qui
1102 4471 1139 4526 ad
1160 4472 1211 4526 bas
1229 4484 1326 4527 sacras
1337 4468 1476 4539 reliquias
1490 4467 1672 4525 venerandas
1686 4468 1788 4524 devote
1809 4480 1877 4523 con·

1024 4543 1167 4607 venerint,
1184 4540 1381 4611 quadraginta
1404 4540 1464 4596 dies
1482 4540 1517 4596 de
1543 4538 1682 4608 injunctis
1707 4537 1762 4593 sibi
1776 4537 1877 4618 ‚pinni-

1024 4613 1120 4669 tentiis
1135 4613 1305 4669 auctoritate
1324 4611 1480 4681 apostolica
1503 4608 1678 4666 relaxamus.
1705 4607 1785 4664 Nulli
1806 4620 1877 4677 ergo

1024 4686 1142 4739 omnino
1157 4682 1308 4740 bominum
1330 4683 1413 4739 liceat
1430 4682 1504 4738 banc
1526 4681 1661 4751 paginam
1678 4686 1792 4759 ¹nostrie
1805 4692 1877 4735 con-

1024 4754 1159 4810 cessionis
1169 4762 1197 4810 ct
1217 4753 1392 4810 remissionis
1412 4752 1578 4823 infringere,
1591 4750 1636 4805 vel
1658 4763 1683 4805 ei
1695 4762 1770 4805 ausu
1791 4756 1877 4805 teme-

1024 4826 1101 4880 rario
1124 4826 1276 4882 contraire.
1296 4826 1324 4880 Si
1346 4824 1413 4895 quis
1435 4830 1532 4879 anterii
1555 4822 1608 4878 linc
1632 4823 1774 4877 attentare
1800 4832 1874 4889 prie-

1023 4897 1187 4965 sumpserit,
1205 4896 1432 4967 indignationem
1446 4891 1651 4962 omnipotentis
1667 4891 1728 4960 Dei,
1757 4897 1785 4947 et
1806 4891 1876 4947 bea·

119 4966 216 5025 debito
237 4966 271 5023 in
289 4966 440 5023 Franciam
468 4965 666 5031 transferrent,
695 4973 724 5022 et
750 4979 787 5021 ex
812 4970 892 5035 parte
917 4979 969 5021 sua
1023 4974 1119 5024 torum
1148 4968 1222 5023 Petri
1252 4976 1280 5024 et
1304 4966 1387 5023 Pauli
1406 4961 1601 5034 apostolorum
1626 4962 1690 5033 ejus
1710 4977 1741 5019 se
1762 4961 1877 5019 noverit

119 5036 246 5094 Ecclesia
269 5037 347 5093 beati
366 5036 493 5108 Dionysii
518 5038 685 5095 cumomni
709 5036 870 5092 reverentia
893 5051 969 5107 prae·
1023 5038 1224 5094 incursurum.

119 5115 276 5165 sentareut.
301 5107 430 5165 fradidit
466 5107 523 5164 illis
550 5116 688 5178 praeterea
719 5122 781 5164 sure
809 5106 969 5179 largitionis
1060 5108 1166 5166 «Data
1181 5108 1309 5165 laterani
1323 5106 1414 5178 pridie
1438 5104 1513 5162 Non.
1535 5104 1677 5173 ianuarii,
1692 5103 1875 5176 pontificatus

119 5177 326 5236 testimoniales
343 5180 453 5235 litteras
468 5177 562 5250 sigillo
586 5186 692 5235 sancta
715 5178 790 5235 sedis
807 5178 969 5248 apostolicae
1023 5180 1111 5235 nostri
1124 5194 1202 5236 anno
1216 5194 1300 5236 xviii.
1318 5200 1329 5227 ι

120 5250 281 5307 roboratas.
309 5249 433 5307 lllirero
460 5264 528 5306 cum
549 5250 700 5320 condignis
726 5250 887 5320 gratiarum
915 5263 967 5306 ac·
1060 5251 1162 5306 lterum
1183 5250 1261 5322 quod
1275 5250 1377 5305 attinet
1405 5247 1441 5303 ad
1464 5246 1660 5314 thalarium,
1685 5261 1753 5304 cum
1770 5246 1875 5304 fratres

118 5322 255 5389 tionibus,
289 5328 349 5377 tam
370 5319 476 5388 nobile,
499 5324 558 5377 tam
588 5328 732 5388 sanctum,
757 5328 818 5377 tam
841 5318 968 5391 denique
1021 5320 1085 5391 eius
1101 5321 1227 5391 graviter
1249 5320 1275 5376 ei
1294 5318 1551 5385 comminarentur,
1567 5326 1595 5375 et
1611 5320 1647 5375 de
1662 5332 1696 5374 eo
1715 5318 1876 5375 vindictam

120 5391 318 5449 venerandum
342 5392 530 5460 suscipientes
543 5391 714 5462 depositum,
739 5392 867 5461 gratuita
883 5406 968 5448 sum·
1021 5406 1136 5448 sumere
1150 5391 1265 5457 vellent,
1279 5391 1358 5460 quod
1372 5403 1472 5470 eorum
1488 5399 1643 5459 patronum
1666 5387 1875 5471 areopagitam

121 5465 155 5521 mi
178 5462 327 5535 pontilicis
355 5464 510 5520 exhilarati
529 5462 737 5529 munificentia,
768 5462 969 5532 quamcitius
1021 5463 1110 5519 fuisse
1143 5464 1321 5533 denegasset,
1363 5461 1520 5533 aliquando
1549 5460 1664 5541 taudem
1697 5459 1875 5541 palinodiam

123 5534 265 5603 potuerint
292 5532 324 5591 in
349 5533 502 5591 franciam
529 5541 733 5591 remearunt.»
754 5532 968 5591 Testimoniales
1021 5541 1138 5590 caumre
1151 5532 1320 5604 compulsus
1342 5539 1395 5589 est·
1414 5531 1663 5602 Epistolamenim
1682 5529 1791 5610 direxit
1806 5532 1876 5589 Ades

122 5614 213 5663 autem
221 5605 449 5663 illaelnuocentii
460 5604 560 5662 litterae
569 5604 611 5661 sic
620 5604 724 5661 ibidem
732 5611 876 5675 concepta
884 5612 966 5661 sunt:
1021 5605 1118 5661 abbati
1129 5618 1181 5662 suo
1197 5620 1204 5659 ε
1223 5626 1234 5655 ι
1251 5602 1395 5659 adversus
1410 5602 1523 5671 eosqui
1540 5614 1575 5658 ex
1589 5606 1759 5657 anctoritate
1788 5600 1874 5659 Dede
