3804 5962
93 207 149 262 nst
399 194 702 254 resultantium
721 195 797 252 OPl’.
820 192 908 251 PARS
926 194 960 249 ll.
975 222 1009 234 -
1024 191 1207 251 spumosus
1227 191 1270 246 Er
1289 187 1410 247 OPUSC.
1430 186 1547 244 ASCET.
1794 184 1848 238 nsi
1876 140 1882 257 i

97 328 163 395 Quis
178 326 285 382 dimisit
311 337 445 391 onagrum
460 319 597 377 illerum?
615 323 656 378 Ac
676 319 700 377 si
715 320 840 378 diceret:
865 319 945 387 Quis,
962 320 986 374 Α
1001 319 1078 376 llicit.
1094 317 1200 390 onagri
1226 331 1294 388 ergo
1317 311 1505 371 tabernacula
1519 310 1548 367 in
1564 317 1641 368 terra
1655 317 1724 368 sunt
1753 308 1847 382 arida,
1878 270 1884 427 i

96 417 234 486 nisiago,
255 414 332 470 hanc
354 413 512 469 libertatem
540 411 632 483 quieti
666 410 830 467 monastica
855 409 942 475 lledlt,
999 408 1070 480 quia
1084 408 1178 464 virtus
1192 404 1373 462 abstinentie
1395 402 1424 459 iu
1451 401 1492 458 eis
1511 400 1599 473 viget,
1629 414 1753 470 quorum
1784 415 1846 457 ccr-

27 574 30 580 Δ
97 519 163 579 quae
184 504 268 575 longe
292 502 443 572 preminet
464 501 506 557 illi
530 507 587 557 ture
614 498 760 570 coniugali
787 497 944 555 servituti?
999 512 1070 569 pora
1098 496 1183 554 fluxu
1209 495 1371 553 carnalium
1399 489 1699 562 concupiscentiarum
1733 503 1848 562 nequa-

97 592 234 665 ilaguum
256 591 357 661 utique
386 590 439 646 hoc
464 597 551 647 tautae
570 589 670 662 gratie
697 588 816 655 donum,
839 594 871 644 ut
898 587 945 643 in·
1000 599 1089 660 quarn
1104 592 1172 643 sunt
1187 584 1316 642 humida.

22 691 28 700 ·
97 681 254 753 spiratione
273 687 300 737 et
314 681 422 736 virtute
441 678 541 735 divina
565 677 695 735 homiues
722 677 751 733 iu
779 675 946 733 carnalibus
1036 676 1187 732 contemnit
1201 672 1407 730 multitudinem
1437 671 1558 726 ciuitatis
1573 667 1640 739 (dot
1666 682 1770 737 xxxix,
1808 667 1846 741 ti.

97 765 339 839 concupiscentiis
350 765 421 832 nati,
432 772 459 822 ct
471 765 499 821 in
512 765 703 822 saecularibus
714 764 855 821 illecebris
869 763 944 820 edu·
999 764 1042 822 Ad
1058 764 1115 821 duo
1129 778 1195 836 quae
1208 763 1363 820 novissime
1379 761 1492 818 dixerat
1505 761 1562 816 duo
1581 757 1744 831 subjungit,
1764 759 1848 830 quasi

91 857 168 926 'cati,
183 854 340 913 contravel
360 867 450 924 supra
471 853 732 911 humancualurae
750 851 945 908 infirmitatem
1000 851 1117 924 singula
1145 851 1269 923 singuiis
1294 851 1424 907 reddens.
1453 847 1495 904 nd
1521 847 1593 904 illud
1618 847 1753 918 quidem:
1788 846 1849 903 cul-

99 945 140 1003 ita
160 944 190 1002 in
219 958 305 1001 carue
327 943 440 1009 vivant,
467 949 500 999 ut
528 932 600 998 'vitia
629 943 725 998 carnis
751 941 890 1007 nesciant,
919 947 947 996 et
1001 941 1067 997 dedi
1080 944 1110 996 ln
1139 940 1286 997 solitudine
1312 939 1431 1002 domum,
1453 936 1530 993 istud
1556 933 1642 994 relerl
1664 936 1741 1006 quod
1770 950 1849 992 nunc

99 1032 289 1092 humanitatis
318 1031 521 1089 oblitivirtute
540 1030 758 1102 liantaugelioi.
783 1032 820 1085 Et
837 1028 948 1084 uincula
1002 1031 1127 1088 dicitur:
1152 1031 1303 1088 contemnit
1335 1026 1540 1082 maeltitndlnem
1579 1025 1765 1092 civitellam
1808 1032 1850 1081 est
1886 1056 1897 1093 i

100 1124 158 1194 eins
172 1126 233 1193 quis
263 1119 364 1177 soluit?
380 1121 438 1178 lloc
465 1127 507 1176 est
522 1118 686 1176 allectiones
713 1119 819 1187 carnis,
840 1118 948 1190 quibus
1003 1118 1194 1191 frequentiam
1215 1116 1397 1174 saccularium
1418 1116 1650 1185 luminumque
1675 1114 1780 1170 multos
1801 1128 1849 1170 ca·

101 1212 275 1271 naturaliter
293 1211 375 1282 quasi
394 1208 569 1280 quibusdam
593 1207 720 1265 vinculis
746 1208 857 1264 mundo
873 1206 946 1279 liga·
1002 1209 1045 1281 pit
1060 1216 1147 1280 atque
1173 1207 1306 1265 oblectat.
1338 1205 1419 1263 llulli
1440 1204 1549 1275 quippe
1575 1210 1643 1260 suut
1667 1203 1771 1270 vocati,
1801 1203 1850 1259 scd

101 1307 149 1360 tus
174 1307 246 1365 erat,
267 1298 333 1370 quis
351 1297 481 1368 dirupit?
504 1296 596 1364 Quam
621 1310 749 1369 congrue
772 1303 868 1353 aulem
902 1295 946 1351 vi·
1003 1298 1087 1368 pauci
1103 1296 1194 1365 electi,
1206 1304 1234 1353 et
1249 1296 1403 1366 spatiosam
1416 1301 1443 1352 et
1455 1293 1542 1350 latam
1558 1291 1635 1348 viam
1648 1292 1746 1348 mortis
1766 1293 1850 1350 mulli

101 1398 159 1449 tam
176 1387 396 1456 continentium,
422 1400 497 1456 quro,
513 1392 547 1442 ut
562 1385 673 1442 dictum
688 1392 739 1451 est,
758 1384 788 1440 in
801 1383 950 1441 monachis
1004 1385 1216 1458 perambulant.
1232 1384 1305 1441 Sunt
1319 1384 1369 1455 qui
1387 1385 1488 1439 timore
1510 1382 1556 1438 vel
1573 1380 1739 1438 necessitate
1750 1380 1851 1453 aliqua

102 1477 263 1552 praeminet,
278 1489 386 1547 onager
400 1474 538 1546 designet,
554 1473 604 1529 illa
618 1474 681 1546 ejus
700 1480 806 1530 natura
831 1473 948 1540 iudicat,
1005 1474 1139 1532 commoti
1165 1475 1201 1531 ad
1232 1472 1345 1531 occulta
1372 1471 1533 1529 solitudinis
1569 1485 1598 1527 se
1621 1470 1785 1538 coulerunt,
1825 1478 1851 1529 el

102 1580 190 1639 quam
204 1566 342 1633 isidorus,
370 1564 463 1636 etqui
492 1563 526 1619 de
548 1563 661 1620 naturis
681 1562 851 1618 animalium
880 1561 950 1618 scri·
1005 1563 1108 1621 hocex
1128 1563 1274 1622 coactione
1299 1562 1390 1632 magis
1404 1576 1492 1633 quam
1507 1574 1542 1617 ex
1558 1559 1707 1617 voluntale
1723 1559 1850 1630 laciuut;

103 1661 232 1728 pserunt,
249 1654 387 1711 referum·
403 1652 456 1720 Qui
471 1651 547 1708 essim
565 1665 659 1709 malis
675 1659 744 1724 sunt
769 1651 798 1706 ³11
822 1651 949 1721 walliis,
967 1623 987 1677 B
1005 1655 1080 1711 sicut
1103 1655 1132 1710 in
1161 1653 1224 1711 Elia
1246 1653 1338 1725 primo
1353 1652 1465 1720 antiqui
1481 1650 1580 1721 populi
1607 1649 1791 1718 anachoreta,
1807 1647 1852 1706 vel

103 1743 397 1802 illiossuoscastrare
416 1741 563 1798 dicuutur.
589 1739 671 1804 Quod
697 1739 814 1810 quidem
838 1754 874 1796 ne
890 1740 949 1807 fiat,
1006 1744 1036 1801 in
1066 1745 1156 1800 Paulo
1184 1743 1366 1814 postmodum
1388 1740 1481 1811 primo
1509 1740 1628 1798 eremita
1657 1737 1764 1796 lactum
1792 1752 1853 1794 esse

106 1841 221 1900 matres,
246 1837 389 1902 quantum
415 1837 545 1899 possunt,
572 1844 620 1885 &⁰8
644 1828 789 1886 occultare
804 1828 949 1885 nituntur.
1006 1834 1140 1907 legimus.
1157 1833 1193 1890 At
1214 1846 1282 1888 vero
1307 1831 1441 1902 egregius
1457 1837 1499 1886 est
1514 1843 1531 1884 a
1547 1828 1653 1886 saeculo
1669 1842 1799 1885 recessus
1825 1834 1852 1884 et

105 1921 198 1982 Mares
226 1919 377 1977 antemio
405 1918 533 1989 onagris,
563 1915 651 1974 fortes
681 1918 710 1973 in
740 1916 882 1988 proposito
900 1931 952 1973 suo
1007 1924 1064 1979 [teo
1086 1929 1229 1992 acceptus,
1262 1934 1328 1977 cum
1355 1920 1421 1990 quis
1450 1926 1564 1988 propter
1585 1918 1676 1974 Deum
1714 1915 1859 1988 relinquit.

105 2008 335 2076 suotmonachi‚
364 2008 415 2079 qui
427 2021 475 2064 eos
491 2007 600 2078 quibus
619 2007 703 2079 quasi
719 2006 785 2063 liliis
813 2012 950 2077 praesunt,
1007 2010 1161 2078 mundum,
1184 2024 1238 2066 nee
1261 2017 1319 2066 tam
1349 2023 1416 2065 eum
1445 2006 1574 2064 mundus
1605 2005 1733 2077 expellit,
1763 2019 1850 2077 qnam

105 2099 152 2158 vel
171 2113 245 2171 quus
260 2097 290 2154 in
305 2110 387 2154 suam
403 2096 655 2168 congregationem
672 2095 844 2166 suscipiunt,
865 2094 953 2165 spiri·
1008 2101 1068 2171 ipse
1095 2099 1239 2156 mnndum
1268 2098 1368 2168 reiicit.
1392 2099 1428 2152 Et
1455 2097 1599 2151 clamorem
1633 2095 1768 2150 exactoris
1799 2110 1853 2150 nen

107 2188 202 2246 taliter
216 2185 367 2243 castrando
383 2186 412 2241 iu
440 2179 683 2242 suecontinentia
697 2191 822 2240 serrant.
850 2182 953 2249 Quales
1008 2188 1088 2244 audit
1117 2187 1223 2256 (ibid),
1250 2199 1283 2242 ac
1305 2185 1329 2241 si
1351 2184 1474 2242 diceret:
1499 2184 1542 2240 Ex
1567 2183 1622 2240 hoc
1642 2189 1762 2254 apparet
1786 2197 1853 2239 euru

107 2275 396 2347 lssldssmfflsssssshffls
413 2274 465 2345 ‘iul
486 2287 516 2329 ⁵0
534 2272 667 2329 videlicet
691 2278 807 2343 propter
830 2286 951 2344 regnum
1008 2278 1130 2335 interra
1157 2275 1313 2348 salsuginis
1329 2273 1434 2331 hahere
1448 2273 1644 2341 tabernacula,
1667 2271 1738 2343 quia
1761 2271 1855 2343 quoti·

108 2363 246 2420 coelotum
273 2369 483 2426 castraverunt,
499 2368 557 2417 lam
586 2359 675 2417 isaias
695 2373 782 2431 quam
810 2359 871 2430 ipsa
898 2359 954 2417 Ve·
1008 2368 1102 2426 dianas
1127 2363 1307 2422 abstinentie
1331 2363 1485 2420 moderatis
1508 2361 1627 2433 jejuniis
1660 2375 1776 2418 carnem
1805 2360 1854 2419 do·

107 2451 178 2509 illas
204 2450 363 2521 plurimum
391 2448 571 2505 commendat
600 2448 665 2521 (1⁸st
700 2463 759 2518 ΠΙ,
788 2449 819 2515 l;
853 2449 952 2504 Malth-
1009 2463 1079 2523 mat,
1100 2461 1132 2512 ut
1155 2461 1183 2510 et
1208 2451 1456 2523 concupiscentias
1484 2449 1633 2520 reprimat,
1657 2459 1684 2508 et
1712 2447 1853 2507 defectum

108 2554 172 2603 ¹¹¹»
190 2540 243 2612 sti·
266 2538 346 2606 Quod
360 2546 458 2595 autem
472 2538 507 2594 de
521 2538 679 2606 monachis,
695 2536 723 2594 id
738 2544 779 2594 esi
809 2536 954 2605 solitariis,
1008 2554 1122 2603 naturae
1146 2557 1204 2600 non
1230 2541 1369 2598 incurrat.
1394 2542 1581 2611 importunus
1606 2543 1635 2595 et
1667 2539 1855 2611 quotidianus

110 2629 220 2688 haecde
239 2643 349 2700 onagro
369 2627 517 2684 dictasint
543 2627 739 2699 intelligenda,
767 2635 896 2697 patenter
910 2625 955 2682 in·
1009 2641 1126 2692 exactor
1152 2632 1284 2688 innubis
1307 2637 1407 2686 venter
1440 2636 1491 2696 est,
1521 2629 1571 2700 qui
1595 2629 1692 2685 cibum
1719 2642 1736 2685 a
1774 2627 1855 2685 uobis

110 2718 219 2787 sinuat,
234 2718 354 2776 dicens:
381 2718 431 2774 cni
454 2716 518 2772 dedi
541 2717 570 2771 in
592 2716 740 2772 solitudine
761 2717 870 2771 domum
892 2715 955 2792 (lob
1009 2721 1150 2795 exigendo
1194 2721 1278 2792 quasi
1323 2718 1451 2789 quotidie
1501 2725 1676 2784 murmurat,
1709 2724 1745 2775 gp
1799 2717 1855 2773 013.

110 2823 211 2877 xnxrx,
224 2809 262 2881 6),
291 2808 345 2864 hoc
367 2814 409 2864 est
434 2820 451 2862 a
474 2806 603 2863 tumultu
628 2806 726 2863 saeouli
752 2805 788 2862 ad
813 2812 954 2862 secretum
1010 2820 1090 2868 mat:
1108 2809 1197 2878 Alter,
1223 2807 1308 2865 alteri
1336 2808 1388 2863 llic
1407 2806 1523 2878 quidem
1547 2821 1647 2863 vocem
1677 2806 1855 2864 moderatam

109 2897 197 2955 eremi
226 2895 665 2965 traxi‚utibiscilicctquanto
693 2894 819 2966 quietius
841 2893 1097 2978 habita-chaber
1140 2899 1169 2955 in
1207 2896 1385 2964 necessariis,
1429 2896 1477 2953 sed
1520 2895 1673 2953 clamorem
1722 2895 1856 2968 intempe

110 2994 163 3054 ret,
178 2993 256 3043 tauto
268 2983 419 3056 perfectius
430 2982 500 3039 milri
515 2990 640 3039 vacaret.
657 2984 693 3037 st
706 2982 883 3038 tabernaculo
896 2982 954 3051 ejus
1010 2999 1104 3048 samm
1121 2989 1151 3044 in
1166 2987 1332 3058 superfluis,
1344 2985 1458 3058 Onager
1471 2998 1539 3056 eigo
1558 2985 1620 3052 iste,
1638 2985 1707 3057 quia
1725 2999 1855 3043 necessa.

110 3078 225 3131 interra
237 3072 386 3143 salsuginis
396 3070 707 3141 (idid.).'labernacula
724 3071 843 3128 roobiles
853 3070 955 3127 domus
1009 3081 1054 3136 ria
1082 3077 1175 3134 ventri
1203 3075 1339 3133 alimenta
1364 3089 1422 3131 non
1448 3073 1603 3140 subtrahit,
1634 3073 1681 3131 sed
1708 3073 1857 3146 superflua

84 3178 93 3201 ¹
111 3172 190 3231 sunt,
206 3162 346 3233 nullaque
360 3159 513 3217 Slibllssalss
528 3158 604 3227 filiai,
616 3158 793 3230 qnaliasuut
807 3167 955 3231 pastorum
1009 3167 1093 3234 tollit,
1106 3166 1258 3224 clamorem
1275 3164 1428 3229 exactoris,
1446 3170 1478 3220 ut
1492 3164 1601 3220 dictum
1617 3170 1669 3232 est,
1689 3178 1748 3221 uon
1764 3164 1854 3232 audit,

112 3252 156 3308 vel
166 3250 411 3323 peregrinantium
427 3248 646 3305 obumbracula.
659 3247 709 3305 ilis
725 3263 847 3320 corpora
857 3256 956 3305 nostra
1010 3257 1061 3329 qui
1072 3255 1096 3314 ei
1110 3269 1168 3312 non
1179 3256 1357 3325 obtemperat
1373 3252 1402 3310 in
1419 3252 1585 3322 superfluis.
1612 3253 1651 3309 De
1675 3267 1734 3324 quo
1762 3252 1856 3310 adnue

34 3372 40 3377 ·
111 3348 328 3411 comparantur,
349 3345 439 3395 morte
463 3338 559 3394 annuo
578 3336 767 3407 utssoruotua,
792 3352 845 3394 nec
866 3338 955 3394 stabi·
1009 3345 1147 3404 suuntur
1163 3359 1169 3400 :
1183 3344 1488 3414 circummanentes
1505 3347 1722 3411 possessum
1738 3342 1857 3398 strenus

112 3429 221 3487 litatem
251 3427 476 3485 immortalitatis
503 3425 617 3498 adepta.
648 3428 687 3484 lle
725 3426 862 3498 qualibus
888 3426 955 3483 dicit
1010 3449 1131 3506 quaeqnae
1151 3435 1290 3504 perquirit
1313 3431 1405 3502 (ibid,
1435 3429 1473 3500 8).
1503 3431 1612 3488 Montes
1636 3444 1751 3501 pascuae
1772 3431 1856 3488 volu-

111 3517 286 3592 Aposlolus:
316 3517 347 3572 st
373 3516 540 3571 dissolvatur
568 3515 662 3571 domus
690 3521 785 3571 nostra
818 3519 955 3571 terrestris
1013 3526 1175 3583 mingsunt
1190 3520 1367 3580 sublimioris
1382 3519 1529 3588 doctrines,
1545 3519 1574 3577 id
1595 3527 1638 3576 est
1667 3533 1757 3577 5301·ae
1782 3519 1855 3578 spii.

93 3607 239 3675 ,habemus
260 3608 290 3661 Μ
317 3606 411 3660 illlum
437 3605 545 3659 dmm
569 3620 623 3660 '1⁰²²
640 3606 830 3672 manufactam
862 3606 956 3660 “Del
1011 3623 1113 3686 pturae.
1130 3612 1190 3679 Quo
1213 3625 1282 3682 ergo
1297 3609 1347 3666 iste
1367 3606 1505 3679 spiritalis
1519 3622 1629 3681 onager
1644 3608 1770 3680 amplius
1786 3608 1856 3665 cibis

108 3699 241 3768 partiam
268 3694 389 3765 (1100st
419 3692 508 3764 ν,1)·
536 3693 611 3749 Dum
640 3707 708 3765 eritO
745 3693 775 3748 iu
802 3691 847 3748 his
872 3692 957 3749 luteis
1010 3701 1211 3774 corporalibus
1234 3698 1367 3764 abstinet,
1392 3705 1472 3756 tanto
1500 3697 1692 3755 consolatione
1731 3697 1857 3755 melioris

110 3793 138 3842 et
160 3784 330 3842 mortalibus
349 3782 518 3853 corportnus
550 3796 661 3849 sumus,
696 3782 725 3837 tn
763 3781 958 3838 tabernaculis
1010 3793 1077 3857 etot,
1094 3791 1120 3848 tu
1138 3798 1180 3848 est
1194 3787 1496 3861 panutootvtntverln
1513 3787 1784 3860 magistnutgenet
1800 3801 1856 3859 quo

110 3873 203 3946 magis
226 3887 315 3945 (luam
339 3872 367 3928 in
384 3872 518 3928 domibus
545 3870 721 3928 habitamus·
742 3870 796 3938 Qui
816 3884 885 3942 tillo
910 3870 958 3927 hic
1011 3881 1091 3938 illam
1116 3881 1212 3937 minus
1231 3885 1326 3942 curat,
1355 3876 1411 3935 hac
1438 3877 1590 3934 reiectione
1614 3877 1741 3934 animam
1767 3875 1858 3949 magis

30 4027 33 4033 .
110 3962 207 4020 ³thss
223 3961 438 4034 peregrinantes
452 3960 537 4033 <lU³⁵l
561 3959 782 4018 labifssaffllflm
806 3959 955 4029 habemus.
1011 3969 1105 4027 satiat.
1132 3969 1207 4033 Bone
1231 3975 1327 4024 autem
1354 3966 1574 4036 circumspicere
1604 3965 1710 4023 dicitur
1748 3974 1858 4023 montes

110 4065 177 4108 culn
193 4051 227 4107 ad
243 4049 364 4108 coelestis
388 4049 545 4106 Jerusalem
562 4049 684 4121 patriam
708 4049 884 4117 venerimus,
906 4049 957 4105 d0·
1012 4070 1126 4128 pascuae
1140 4069 1211 4122 suae,
1227 4055 1280 4110 hoc
1289 4056 1332 4110 est
1347 4053 1500 4124 diligenter
1516 4052 1664 4125 inquirere
1677 4068 1712 4112 ac
1732 4056 1860 4126 provide

49 4217 58 4225 .
110 4154 177 4197 mus
198 4137 438 4209 potiusltabituri
461 4138 620 4194 sumus.lu
644 4137 729 4208 eujus
752 4137 791 4193 rei
812 4145 879 4208 typo
905 4151 957 4208 pc·
1012 4141 1383 4215 reinquibusmontibus,
1411 4140 1440 4197 id
1468 4149 1511 4198 cst
1538 4143 1628 4199 sacris
1660 4143 1860 4202 voluminibus

110 4227 199 4299 pulus
213 4228 263 4283 Dei
279 4228 404 4298 utimum
429 4225 533 4283 habuit
547 4225 767 4282 tabernaculum
790 4225 819 4282 1¹1
834 4226 956 4293 ᾱθὸθῐῑῦ,
973 4214 995 4269 D
1011 4233 1150 4305 aptiorem
1174 4230 1227 4287 sibi
1252 4229 1433 4288 relectionem
1457 4245 1493 4287 ex
1517 4230 1707 4303 intelligentia
1732 4233 1860 4305 ipsorum

111 4324 138 4373 et
163 4324 258 4386 postea
281 4314 419 4386 templum
438 4315 468 4370 iu
493 4313 684 4385 ierosolymis,
703 4322 809 4372 terram
837 4315 959 4386 adeptus
1013 4321 1102 4395 possit
1123 4319 1259 4392 reperire.
1287 4319 1352 4377 Non
1366 4318 1444 4376 enim
1462 4320 1740 4380 omnibusomuium
1773 4323 1860 4380 libro·

111 4403 318 4488 promissionis,
348 4411 375 4460 et
400 4403 529 4461 maxima
554 4403 632 4475 pacis
648 4404 832 4476 jucunditate
859 4403 959 4460 lrueus
1013 4426 1079 4469 rum
1095 4410 1177 4467 lectio
1200 4409 1345 4479 competit,
1367 4423 1419 4465 nec
1434 4424 1533 4466 omues
1547 4411 1583 4466 ab
1612 4412 1747 4468 omnihus
1780 4412 1861 4469 intel·

99 4493 165 4551 sub
181 4491 342 4558 Salonrcue,
362 4492 413 4564 qui
432 4506 468 4549 ex
494 4494 610 4550 nomine
622 4507 740 4565 quoque
754 4507 818 4561 suo,
842 4493 917 4550 sicut
931 4498 959 4550 el
1013 4499 1064 4571 ligi
1081 4505 1209 4569 possunt,
1231 4512 1285 4555 nec
1307 4496 1337 4554 in
1350 4498 1486 4556 omnibus
1500 4499 1615 4556 lerculis
1641 4514 1741 4557 ornnes
1756 4503 1862 4571 pariter

110 4582 281 4652 Jerusalem,
303 4582 353 4640 ubi
373 4581 512 4653 templum
527 4581 689 4650 aedificavit,
712 4597 811 4654 pacem
835 4590 958 4653 praelen·
1013 4587 1253 4646 oblectamenta
1277 4587 1416 4658 quoniam
1442 4589 1472 4644 in
1493 4588 1598 4645 divinis
1622 4589 1703 4645 libris
1726 4592 1859 4661 quedam

111 4671 163 4742 tlt,
181 4686 246 4744 quae
262 4685 409 4743 nusquam
433 4670 489 4727 nisi
514 4671 544 4727 in
565 4669 615 4726 illa
644 4669 803 4753 ierusalem
831 4682 959 4740 superna
1013 4673 1277 4746 reprehenduntur,
1293 4675 1426 4745 quaedam
1442 4677 1692 4746 commendantur,
1702 4692 1755 4735 nec
1767 4678 1861 4736 solum

111 4768 203 4833 potest
235 4775 296 4818 csse
326 4774 406 4817 vera.
442 4758 573 4816 Scribens
610 4757 697 4816 eliam
731 4758 769 4815 ad
804 4757 959 4815 Hebraicos
1013 4762 1334 4833 vitabonorumquam
1357 4778 1525 4836 sequamur,
1542 4767 1745 4823 verumetiam
1771 4769 1863 4826 malo·

111 4851 274 4923 apostolus,
305 4849 425 4906 mortale
457 4847 611 4918 cujuslibet
638 4861 744 4918 corpus
772 4845 958 4904 tabernaculo
1013 4866 1080 4911 rum
1102 4851 1354 4925 quamiugiamus
1377 4854 1562 4925 describitur3
1590 4864 1700 4914 montes
1729 4857 1774 4914 isti
1803 4873 1862 4916 nou

111 4947 259 5012 comparat
273 4937 370 4995 dicens
385 4953 391 4995 2
408 4938 544 4993 Habemus
557 4937 654 5005 allate.
669 4936 703 4992 de
719 4952 771 5002 tvo
784 4950 837 4991 non
860 4935 959 4991 labeni
1013 4941 1106 4999 solum
1124 4940 1256 5009 viridem,
1272 4943 1320 4998 sed
1336 4943 1423 5000 etiam
1448 4944 1554 5002 siccam
1571 4945 1719 5002 continent
1731 4945 1862 5004 lrerbam.

87 5027 189 5084 'edere
201 5026 440 5097 qut2telernaenl0
455 5025 610 5082 desectnnt
630 5025 722 5097 (lleltr.
739 5039 800 5094 xtrr,
821 5025 876 5096 lo),
906 5024 960 5082 hoc
1014 5031 1083 5099 Qua
1095 5028 1172 5086 enim
1188 5030 1225 5088 ad
1239 5030 1408 5089 saecularem
1434 5032 1577 5104 pertinent
1591 5033 1680 5090 vitam
1701 5034 1765 5092 leno
1785 5050 1863 5093 com·

112 5122 155 5171 est
168 5115 408 5186 concupiscentiis
429 5114 525 5172 caruis
540 5114 632 5187 magis
647 5128 736 5186 quant
755 5115 869 5186 spiritui
888 5115 958 5172 obe·
1014 5118 1145 5191 paranda
1159 5127 1238 5188 sunt,
1254 5120 1339 5192 quod·
1347 5120 1491 5178 abscisum
1507 5120 1633 5179 deterre
1650 5137 1711 5180 suae
1735 5123 1865 5181 viridita-

112 5201 208 5272 diunt,
223 5212 251 5260 ct
264 5206 358 5261 ventri
374 5205 467 5276 magis
482 5217 571 5276 quam
591 5204 647 5261 lieo
662 5204 852 5262 lamulantur.
872 5204 959 5261 Terra
1013 5208 1187 5280 tisvigorem
1202 5209 1308 5266 amisit.
1326 5210 1361 5268 Et
1379 5211 1438 5266 vita
1455 5212 1642 5281 reproborum
1669 5225 1687 5268 a
1713 5220 1791 5269 terra
1816 5214 1865 5270 vi·

113 5290 296 5364 salsuginosa
307 5291 369 5350 loca
387 5300 454 5349 sunt
468 5292 551 5349 arida
564 5298 592 5349 et
606 5291 691 5362 sicea,
707 5306 797 5364 quam
811 5292 960 5364 perambu·
1013 5295 1145 5353 ventium
1170 5296 1275 5366 aliena,
1291 5297 1336 5354 iris
1351 5297 1467 5356 caducis
1487 5298 1604 5356 inhians
1622 5301 1719 5370 rebus,
1750 5316 1817 5374 qua
1833 5303 1864 5360 in

112 5379 177 5439 laus
191 5379 324 5438 diabolus
337 5379 468 5453 requiem
483 5379 672 5451 noniuvenit,
687 5379 739 5453 qui
761 5380 791 5437 in
819 5379 889 5437 locis
903 5381 958 5438 hu·
1013 5382 1126 5441 delectu
1142 5385 1313 5456 consistunt,
1343 5387 1407 5445 lenc
1421 5397 1621 5461 comparatur;
1650 5390 1726 5448 sicut
1753 5406 1769 5447 e
1789 5405 1864 5448 con-

113 5467 260 5528 mentibus
273 5468 388 5536 dormit,
417 5466 492 5526 sicut
520 5467 557 5527 ad
577 5469 711 5526 eumdem
740 5468 792 5526 lob
820 5467 959 5526 Dominus
1013 5469 1102 5526 trario
1125 5470 1186 5529 nita
1209 5472 1377 5542 electorum,
1420 5489 1486 5547 que
1513 5476 1717 5547 quotidianum
1753 5477 1865 5536 habeus

1883 876 1889 1031 l
