3804 5962
111 160 176 217 ltbt
378 154 481 213 PETRI
500 153 690 213 abaciam
708 154 784 213 OPP.
806 155 895 215 1²le
914 157 966 225 lli,
979 187 1015 202 -
1028 157 1249 217 rancidulos
1266 159 1310 217 ET
1327 156 1593 219 eflllosoefltdn.
1810 158 1863 215 {752

107 285 215 346 referre
233 285 326 344 debet.
342 283 391 342 Sic
406 298 523 357 qnoque
544 297 727 342 communem
753 285 906 344 utilitatem
925 287 956 343 in
971 288 995 341 Α
1006 285 1149 359 justitiam
1186 288 1304 361 scilicet,
1337 289 1537 348 tortitudinem
1566 296 1595 347 et
1623 287 1863 360 temperantiam.

107 390 161 437 sno
171 374 282 449 judicio
306 380 467 431 conservat.
490 372 573 437 Quod
596 373 674 430 enim
698 374 777 432 bunc
796 375 837 432 sic
859 390 953 433 remu·
1008 376 1092 434 Nunc
1111 377 1320 450 inquirendum
1335 387 1378 436 est
1393 379 1537 450 quomodo
1559 392 1669 436 omnes
1693 377 1864 434 virtutesatl

107 471 201 535 uerat,
237 463 319 520 illum
346 462 387 519 sic
414 462 508 534 punit,
541 462 612 519 alios
649 463 755 520 divinae
779 464 835 535 (28)
863 465 955 538 magis
1009 465 1078 523 istas
1094 473 1187 523 treset
1203 481 1269 538 quae
1285 467 1321 524 ad
1336 481 1409 539 quas
1424 469 1613 526 reducentur.

107 552 248 612 obnoxios
258 551 361 609 reddit.
382 549 411 607 Si
436 558 533 608 autem
555 565 642 609 suum
666 552 701 608 ad
721 553 894 611 tribuentem
911 569 954 612 re·
1045 553 1175 611 Primum
1204 555 1296 627 igitur
1322 554 1473 613 videamus
1494 570 1560 628 quae
1583 557 1621 613 ad
1651 553 1807 629 justitiam
1829 566 1864 611 rc·

107 642 226 712 leratur,
242 654 300 699 non
319 639 478 712 adjectione
499 654 571 710 opus
593 648 645 697 est.
671 641 718 699 Sic
736 643 814 699 enim
832 643 916 714 punit
929 652 956 701 et
1010 642 1165 700 ducantur.
1191 644 1297 701 Omnes
1326 643 1382 702 illae
1409 647 1532 703 virtutes
1562 660 1632 718 quae
1662 644 1819 716 pertinent
1835 644 1863 701 al

108 736 274 791 remunerat
285 728 388 801 judex,
404 736 476 785 utse
499 729 589 797 decet,
609 738 638 787 et
659 731 736 802 quod
758 731 876 802 quidem
901 732 956 790 sibi
1010 732 1189 789 reddendum
1209 733 1371 805 unicuique
1387 735 1563 806 quodsuum
1583 740 1638 802 est,
1666 734 1707 790 ad
1725 733 1864 805 justitian

108 819 201 882 dabat,
217 824 251 876 ut
274 818 354 890 quod
378 817 495 890 justitia
524 818 608 876 debet
630 833 703 887 esse,
727 820 884 878 crudelitas
910 822 956 880 vel
1010 827 1153 891 spectant.
1180 822 1279 879 Virtus
1299 821 1359 890 illa,
1380 837 1447 894 qua>
1471 823 1594 893 pertinet
1616 822 1658 879 ad
1686 821 1863 879 reddendum

107 907 331 967 dissolutiones
345 906 483 979 sit,quod
503 915 586 976 esset,
603 908 649 965 vel
668 908 693 966 si
720 923 779 966 non
800 910 957 969 remitteret
1010 911 1067 966 Deo
1082 909 1161 982 quod
1176 924 1263 967 suum
1278 918 1331 979 est,
1347 910 1376 967 id
1391 918 1434 968 est
1449 910 1559 983 religio,
1578 911 1613 967 ad
1628 910 1792 983 justitiam
1808 923 1862 980 per·

107 996 296 1070 exportaret
314 1010 351 1054 ειι
371 1003 430 1055 ιοιο
455 997 622 1055 remitteret.
648 999 707 1055 Hoc
728 1000 814 1056 etiarn
839 1001 895 1059 sibi
910 1003 957 1061 ‹ie-
1011 999 1092 1056 tinet.
1116 999 1344 1071 Similiterque
1369 999 1462 1057 reddit
1478 1000 1650 1071 parentibus
1680 1000 1767 1073 quod
1786 1013 1862 1056 suun

109 1087 158 1148 bel
167 1094 299 1145 terrenus
314 1085 417 1158 judex,
436 1093 470 1143 ut
484 1085 551 1143 inde
576 1088 834 1147 commendabilior
854 1097 880 1148 ει
896 1105 955 1148 ma-
1011 1094 1064 1154 est,
1079 1087 1108 1144 id
1130 1095 1172 1144 est
1187 1087 1278 1157 pietas
1292 1090 1321 1143 et
1339 1087 1444 1156 virtus,
1470 1101 1536 1159 qua
1565 1087 1665 1143 reddit
1695 1086 1862 1158 majoribus,

108 1175 181 1250 ioris
212 1173 391 1232 auctoritatis
424 1175 461 1231 ad
491 1174 652 1232 laciendum
681 1176 824 1247 justitiam
856 1177 955 1236 rodda·
984 1175 1055 1232 'rel
1071 1176 1242 1239 minoribus,
1269 1175 1314 1232 vel
1339 1175 1503 1246 equalibus
1524 1175 1603 1247 quod
1626 1190 1723 1232 suum
1748 1182 1805 1241 εει,
1828 1176 1862 1231 ra

110 1262 322 1324 tnr.Similiter
342 1263 422 1336 quod
440 1265 516 1321 Deus
539 1264 618 1322 buno
638 1266 723 1336 punit
746 1266 844 1324 minus
867 1282 956 1338 quam
1011 1263 1186 1335 virtusque
1207 1263 1383 1335 pauperibus
1408 1263 1486 1335 quod
1519 1277 1607 1320 snum
1637 1270 1684 1321 est
1718 1262 1861 1336 largitur:

110 1353 250 1412 meruerit
280 1351 327 1410 vel
364 1361 532 1410 remunerat
566 1355 659 1426 magis
692 1369 781 1425 quam
818 1357 956 1413 meritum
1011 1351 1083 1421 haec,
1101 1353 1233 1423 inquam,
1253 1352 1353 1411 omnia
1375 1352 1411 1408 ad
1431 1351 1748 1424 justitiamtanqnam
1776 1359 1862 1423 parta

110 1442 212 1516 exigit,
224 1456 285 1499 suae
296 1440 417 1512 justitiae
431 1449 482 1512 est,
499 1441 528 1498 id
546 1451 590 1499 est
602 1443 640 1499 ad
662 1443 807 1515 justitiam
831 1446 877 1502 sui
893 1446 958 1503 red·
1012 1441 1169 1513 integrales
1187 1441 1364 1498 referuntur.
1395 1440 1494 1497 Unde:
1520 1442 1584 1498 Nisi
1607 1441 1805 1496 abundaverit
1822 1440 1861 1510 ja-

111 1531 206 1606 dentis
217 1530 348 1604 pertinet.
370 1533 435 1589 liaeo
455 1531 532 1587 bona
555 1530 699 1602 voluntas,
715 1533 767 1604 qui
791 1533 837 1590 rel
859 1533 958 1605 aliquo
1012 1533 1091 1586 stitia
1116 1534 1209 1585 oestro
1228 1531 1294 1600 plns
1327 1545 1409 1600 quem
1432 1529 1583 1584 amicorum
1609 1534 1637 1585 et
1665 1531 1862 1600 pharisaeoram

111 1621 215 1680 timore
240 1620 388 1678 mundano
416 1619 462 1678 vel
494 1619 595 1692 aliqua
631 1620 773 1678 mundiali
796 1622 1000 1692 {cupiditaten
1017 1619 1178 1691 (Metine,
1200 1620 1255 1689 20).
1280 1620 1313 1674 Et
1328 1618 1363 1675 de
1385 1617 1564 1689 eleemosyna
1582 1618 1700 1675 David:
1721 1621 1860 1689 ptcpmit

111 1708 263 1784 praepediri
279 1715 370 1780 potest
393 1708 464 1766 adeo
487 1709 565 1781 quod
587 1709 700 1782 justitia
728 1710 758 1766 in
782 1710 881 1782 aliquo
904 1712 960 1768 dis·
1014 1708 1092 1763 dedit
1123 1707 1305 1780 puaperibus,
1330 1708 1444 1777 justitio
1471 1708 1531 1777 ejus
1553 1712 1647 1762 monet
1677 1706 1712 1763 a'n
1740 1708 1863 1763 saudan

113 1799 254 1866 solvatur,
271 1797 332 1855 ideo
352 1797 466 1855 duobus
486 1799 573 1870 quasi
598 1799 727 1870 postibus
750 1807 776 1856 et
795 1800 960 1858 lirmamen-
1013 1797 1107 1852 saculi
1130 1796 1216 1867 (Psoi.
1237 1812 1279 1865 ιιι,
1295 1796 1340 1868 9);
1358 1809 1423 1867 quae
1451 1795 1548 1852 omnia
1578 1795 1697 1853 iaciunt
1722 1797 1768 1854 sic
1784 1795 1862 1867 justi·

112 1888 150 1948 tis
164 1887 284 1960 indiget.
302 1886 332 1944 Si
350 1887 428 1944 enim
451 1887 559 1959 aliquis
573 1886 621 1956 sit,
637 1902 725 1960 quem
736 1889 857 1947 debeam
871 1890 960 1948 hono.
1014 1885 1094 1954 tiam,
1112 1885 1186 1942 sicut
1200 1885 1319 1942 scientia
1341 1884 1508 1942 inveniendi
1523 1892 1551 1941 et
1570 1885 1733 1956 judicandi
1749 1884 1862 1957 logicam

113 1989 179 2036 raro
197 1983 225 2034 ει
238 1976 273 2036 de
291 1976 379 2033 rebus
402 1974 474 2033 meis
491 1976 518 2032 ei
540 1975 619 2045 dare,
647 1976 718 2048 quia
736 1979 851 2049 sapiens
871 1987 913 2036 est
933 1986 960 2036 et
1014 1972 1136 2030 iaciunt.
1160 1973 1260 2045 Neque
1275 1973 1353 2030 enim
1376 1973 1483 2044 species
1502 1973 1624 2045 justitiae
1651 1973 1715 2030 dici
1738 1981 1861 2045 possunt,

113 2065 181 2124 talis
193 2065 240 2123 oni
253 2064 413 2136 exjustitia
425 2065 479 2122 boe
500 2064 638 2134 debeam;
657 2065 764 2137 aliquis
777 2081 847 2125 vero
867 2066 958 2125 dicat:
1014 2076 1081 2118 cum
1096 2062 1179 2118 nulla
1190 2063 1305 2119 illarum
1321 2075 1371 2134 per
1388 2076 1418 2118 se
1437 2063 1550 2133 justum
1566 2062 1668 2130 iaciat,
1693 2062 1781 2120 idest
1808 2061 1862 2118 red

63 2192 66 2199 -
113 2156 152 2212 lle
165 2153 221 2212 boc
234 2152 334 2224 iacias,
350 2166 465 2210 neeum
483 2153 533 2210 tibi
549 2153 703 2226 adjungas,
726 2155 797 2226 quia
820 2158 896 2228 regis
910 2156 962 2212 ini·
1014 2150 1128 2208 dentem
1152 2152 1313 2223 unicuique
1338 2151 1414 2222 quod
1438 2164 1526 2206 suum
1549 2157 1603 2216 εει,
1630 2151 1684 2207 sed
1709 2151 1862 2207 sicutcon-

113 2242 207 2300 miens
218 2250 270 2311 est,
286 2241 391 2299 etideo
414 2241 497 2299 lacile
516 2242 593 2313 regis
617 2242 787 2300 inimicitias
811 2245 959 2303 incurres:
1014 2249 1105 2298 ventu
1128 2240 1245 2312 parietis
1259 2241 1325 2297 tecti
1340 2247 1367 2297 ει
1391 2238 1710 2297 lundamentidomus
1733 2239 1862 2305 allicitur,

115 2330 169 2387 boc
184 2330 286 2387 timore
300 2330 427 2400 prolecto
442 2329 478 2385 ab
494 2329 549 2386 bac
563 2344 653 2401 quam
672 2331 716 2388 illi
738 2331 828 2390 debeo
846 2333 962 2405 justitia
1015 2331 1057 2387 sic
1080 2330 1202 2386 istarum
1240 2329 1385 2386 virtutum
1426 2335 1571 2386 conventu
1594 2329 1701 2399 iustus
1735 2328 1861 2386 elicitur.

114 2417 225 2477 retrahi
242 2432 368 2488 possum,
389 2425 417 2475 et
432 2424 495 2475 turn
516 2418 686 2484 fortitudine
701 2435 774 2492 opus
791 2429 843 2478 est.
868 2423 960 2479 Forti-
1015 2419 1092 2479 Visis
1115 2433 1184 2490 ergo
1210 2433 1276 2490 quae
1304 2418 1339 2474 ad
1366 2417 1508 2489 justitiam
1537 2417 1736 2486 reducantur,
1753 2415 1861 2489 quaed

115 2506 185 2565 tudo
198 2505 278 2564 enim
293 2505 389 2563 virtus
411 2513 453 2563 εει
473 2514 574 2563 εοιιιιε
595 2506 727 2576 adversa,
751 2523 817 2580 quae
840 2508 907 2566 lacit
926 2523 962 2566 ne
1015 2506 1224 2574 tortitudinem,
1249 2521 1315 2579 quae
1334 2506 1370 2562 ad
1393 2505 1612 2576 temperantiam
1636 2504 1810 2563 relerantnr
1825 2505 1862 2561 ri

113 2595 255 2669 justitiam
272 2595 374 2652 timore
385 2594 430 2653 rel
446 2594 544 2667 aliquo
561 2595 611 2652 tali
630 2597 808 2655 deseramus.
827 2597 963 2655 Similiter
1016 2597 1089 2654 dere
1104 2603 1201 2654 restat.
1230 2597 1379 2653 Fortitudo
1407 2602 1435 2652 et
1462 2595 1665 2666 temperantia,
1698 2603 1733 2653 ut
1760 2595 1862 2652 dictnn

116 2699 184 2743 oum
194 2685 314 2743 debeam
322 2684 408 2742 alicui
420 2684 490 2741 dare
503 2685 538 2742 de
552 2685 641 2742 rebus
649 2686 730 2754 meis,
741 2687 881 2758 quiaipse
892 2687 965 2745 indi·
1016 2693 1070 2753 est,
1087 2685 1221 2756 potentia
1236 2691 1314 2754 sunt,
1338 2683 1408 2756 quia
1426 2697 1527 2741 earum
1549 2685 1710 2741 contrariae
1734 2692 1768 2742 ut
1781 2683 1862 2755 impe

117 2780 174 2848 got,
189 2776 218 2832 ot
234 2789 287 2848 ego
303 2774 505 2846 concupiscam
524 2775 603 2846 quod
627 2775 719 2832 babeo
742 2776 876 2843 retinere,
893 2774 963 2848 quia
1018 2772 1257 2844 tentiaquaedam
1270 2772 1410 2842 existunt,
1430 2779 1458 2829 et
1478 2786 1545 2828 eum
1560 2771 1617 2828 hoo
1632 2772 1685 2841 sit,
1702 2781 1862 2830 nontamen

117 2862 269 2922 utilemibi
279 2869 376 2934 putem
388 2863 512 2920 illudvel
522 2863 657 2935 quianon
669 2864 750 2921 lacile
761 2878 963 2936 recuperarem
979 2843 1001 2902 (ἶ
1017 2862 1155 2920 desinunt
1184 2861 1300 2919 babitus
1322 2875 1393 2919 esse.
1425 2861 1554 2917 Potentia
1582 2874 1654 2917 vero
1684 2861 1861 2919 naturaliset

117 2951 201 3021 illud,
227 2960 297 3011 tunc
315 2953 479 3010 necessaria
498 2960 540 3010 est
563 2955 755 3024 temperantia
777 2961 878 3010 contra
900 2968 962 3024 pro·
1017 2950 1135 3008 habitus
1154 2951 1287 3021 opposita
1309 2957 1389 3007 sunt.
1415 2950 1468 3006 Sed
1492 2949 1636 3020 potentiae,
1663 2954 1735 3021 qua
1759 2962 1862 3020 perap

117 3055 212 3115 spera,
226 3056 293 3115 quae
307 3041 616 3114 concupiscibilitatem
635 3049 798 3114 temperans
819 3042 963 3114 justitiam
1019 3037 1199 3111 plicationem
1220 3039 1342 3111 subjecti
1363 3039 1496 3106 veniunt,
1516 3037 1635 3094 babitus
1654 3045 1737 3095 sunt.
1752 3039 1860 3109 rampe

118 3129 239 3189 illesam
253 3136 412 3187 conservat.
433 3131 499 3186 liae
518 3130 610 3186 animi
633 3130 768 3188 voluntas
791 3131 836 3187 bis
851 3132 965 3189 duobus
1018 3129 1114 3186 rantia
1130 3128 1230 3199 igitur,
1246 3142 1314 3184 cum
1329 3129 1366 3184 sit
1380 3127 1507 3197 potentia
1526 3125 1642 3183 illicitos
1666 3134 1767 3184 motus
1785 3126 1860 3184 relre-

119 3219 204 3291 quasi
227 3218 404 3275 fulcimentis
433 3218 546 3280 innixa.
572 3219 688 3289 justitia
717 3226 768 3275 est.
801 3219 965 3277 Notandum
1019 3217 1120 3284 nandi,
1137 3216 1360 3289 omniaquaead
1377 3214 1490 3273 illicitos
1505 3222 1601 3272 motus
1616 3215 1767 3285 pertinent
1785 3215 1860 3272 reite·

118 3319 188 3364 roro
203 3304 333 3376 estquod
347 3302 538 3376 cumjustitia
552 3304 688 3362 voluntas
700 3307 793 3363 animi
813 3308 861 3375 sit,
883 3307 964 3365 lorti·
1019 3306 1130 3363 nendos
1146 3306 1182 3362 ad
1205 3320 1270 3362 eam
1296 3306 1445 3363 celeranda
1470 3319 1531 3362 esse
1555 3304 1747 3362 manifestum
1772 3313 1821 3372 εει,
1833 3309 1860 3359 ut

119 3392 250 3451 tudinem
273 3399 301 3449 et
325 3392 561 3464 temperantiam,
585 3406 652 3449 cum
684 3407 786 3451 earum
815 3397 967 3453 contrarie
1020 3394 1198 3452 continentia
1213 3409 1278 3466 quae
1298 3395 1453 3463 luxuriam,
1481 3394 1600 3451 castitas
1619 3408 1691 3464 quae
1712 3394 1859 3456 libidinem,

119 3479 297 3554 impotentia
320 3480 388 3551 siut,
412 3480 556 3551 potentias
576 3496 638 3541 εεεε
655 3497 770 3542 ιιεεεεεε
783 3492 834 3542 εει.
859 3488 963 3542 intem·
1021 3483 1159 3541 sobrietas
1181 3499 1246 3556 quae
1273 3482 1670 3557 ingluviemrelrenat.1stae
1695 3483 1815 3540 virtutes
1834 3481 1858 3535 in

119 3569 254 3644 parantia
280 3569 358 3626 enim
386 3576 414 3626 et
437 3568 582 3638 debilitas,
605 3583 671 3641 quae
692 3584 792 3628 earum
815 3573 967 3630 contrarie
1022 3574 1165 3644 prosperis
1189 3574 1376 3630 necessariae..
1399 3572 1548 3629 Fortitudo
1570 3584 1640 3627 vero
1666 3571 1797 3642 potentia
1814 3577 1858 3635 ert,

119 3667 200 3731 aunt,
210 3656 385 3730 impotentia
404 3657 551 3716 ridentur.
568 3659 613 3716 lix
634 3658 774 3718 charitate
793 3661 883 3732 igitur
897 3669 966 3718 sunt
1022 3676 1087 3733 quae
1102 3662 1195 3719 reddit
1209 3662 1340 3718 animum
1354 3667 1531 3718 constantem
1546 3666 1648 3717 contra
1664 3660 1799 3718 adversa

120 3747 183 3808 bac
204 3746 383 3817 fulcimenta,
412 3761 471 3805 non
498 3747 634 3805 ebaritas.
664 3749 737 3805 Cum
756 3749 835 3806 enim
861 3749 967 3809 diceret
1308 3749 1423 3808 CAPUT
1442 3749 1574 3805 XXXlll.

119 3840 305 3914 Augustinus
326 3851 441 3896 omnem
465 3837 605 3896 virtutem
630 3853 692 3895 esse
712 3839 893 3908 charitatem,
913 3840 967 3898 boe
1127 3842 1165 3895 De
1178 3840 1264 3906 vitiis,
1278 3855 1339 3910 pce
1356 3839 1506 3894 virtutibus
1525 3839 1670 3893 contrariu
1689 3843 1767 3894 aunt.

120 3927 273 3997 intellexit,
293 3928 372 4001 quod
404 3927 498 4008 omnis
524 3935 598 3984 esset
621 3927 757 3997 ebaritas,
780 3928 824 3985 vel
849 3928 967 3986 effectus
1055 3928 1139 3986 Nunc
1164 3927 1199 3984 de
1228 3927 1317 3996 vitiis,
1354 3941 1420 3998 quae
1446 3926 1509 3983 istis
1537 3925 1706 3983 virtutibus
1729 3922 1862 3983 contraria

119 4017 286 4076 charitatis:
306 4015 447 4086 Charitas,
464 4022 498 4073 ut
518 4029 618 4073 omnes
639 4016 696 4073 illae
712 4015 769 4087 (ιο)
785 4032 852 4089 quae
867 4019 898 4074 in
917 4032 967 4075 vo
1022 4025 1100 4085 sunt,
1123 4015 1221 4074 itidem
1243 4016 1428 4073 disseramus.
1452 4017 1644 4087 Unaquaeque
1668 4015 1767 4072 virtus
1788 4013 1864 4071 habet

120 4106 232 4165 luntate
259 4105 438 4164 consistunt:
468 4103 595 4172 effectus,
626 4112 659 4161 ut
687 4120 872 4177 quacunque
898 4114 966 4164 sunt
1020 4107 1124 4164 vitium
1143 4105 1197 4162 sibi
1213 4105 1402 4172 contrarium,
1420 4104 1584 4176 utjustitiae
1606 4104 1761 4161 contraria
1777 4104 1865 4160 satin

120 4195 264 4269 potentia.
280 4195 343 4252 Hoc
357 4194 431 4263 dico,
447 4194 471 4252 si
501 4194 726 4251 huicsententiae
756 4195 895 4252 assentire
917 4210 967 4252 vo·
984 4188 1144 4268 Djustitia,
1166 4193 1362 4264 temperantiae
1387 4191 1620 4265 intemperantia,
1638 4191 1809 4250 lortitudini
1828 4191 1866 4247 tle

121 4284 229 4351 lomus,
246 4284 325 4357 quod
347 4282 488 4341 lortitutio
502 4290 530 4340 et
553 4283 755 4354 temperantia,
778 4290 805 4340 et
829 4298 896 4354 qua
915 4283 970 4341 sub
1024 4283 1133 4350 bilitas,
1146 4283 1285 4354 quoniam
1306 4282 1379 4340 bono
1406 4296 1442 4338 ex
1471 4281 1638 4338 necessitate
1663 4283 1781 4338 malurn
1808 4294 1866 4338 con·

121 4373 371 4442 eiscoutinentur‚
388 4372 520 4444 potentiae
543 4371 634 4429 animi
656 4373 725 4440 siut,
752 4380 780 4430 et
803 4373 966 4430 secundum
1024 4371 1147 4428 trarium
1162 4379 1213 4439 est,
1241 4370 1322 4442 quia,
1335 4371 1358 4426 si
1374 4369 1486 4440 aliquid
1506 4368 1616 4426 bonum
1637 4377 1694 4438 est,
1717 4368 1868 4427 necewio

122 4462 263 4522 bocbene
281 4462 404 4520 dicimus
420 4462 500 4533 qnod
523 4461 606 4518 multi
629 4461 691 4519 sine
715 4462 823 4519 virtute
846 4462 966 4519 salvan-
1023 4460 1087 4533 eius
1111 4460 1290 4516 eontrarium
1310 4458 1418 4515 malum
1433 4467 1485 4527 est,
1511 4457 1559 4514 sed
1585 4471 1647 4513 non
1675 4460 1867 4522 contendum

122 4558 180 4622 tur,
206 4551 278 4625 quia
292 4548 377 4607 multi
392 4548 467 4619 {sine
489 4547 615 4621 perlecta
639 4548 779 4606 charitate
806 4549 968 4618 salvantur,
1023 4556 1113 4621 potest
1127 4549 1204 4605 enim
1220 4548 1296 4605 malo
1309 4548 1419 4604 malum
1440 4546 1618 4604 contrarium
1633 4560 1709 4603 esse.
1732 4547 1868 4620 injustitia

122 4640 193 4714 qnia
206 4648 270 4697 tum
284 4638 402 4710 quando
419 4638 585 4695 moriuntur
606 4639 683 4694 banc
704 4638 883 4695 voluntatem
914 4639 965 4694 ba·
1023 4642 1066 4696 est
1080 4637 1183 4697 vitium
1198 4637 1299 4705 animi,
1316 4650 1374 4708 quo
1388 4650 1447 4692 non
1465 4636 1596 4693 redditur
1615 4635 1787 4709 unicuique
1800 4634 1868 4708 quid

122 4730 218 4799 boam,
234 4728 314 4802 quod
340 4727 363 4784 si
390 4727 469 4799 optio
487 4727 528 4785 eis
551 4726 680 4796 daretur,
699 4735 891 4796 morerentur,
907 4742 967 4785 non
1023 4743 1109 4785 snum
1128 4730 1180 4796 est,
1196 4735 1223 4784 et
1245 4727 1323 4798 quod
1347 4725 1478 4782 debetur.
1506 4724 1557 4780 Est
1581 4723 1677 4796 igitur
1704 4726 1776 4783 talis
1803 4724 1868 4783 mab

122 4828 219 4879 umen
239 4817 347 4876 habent
371 4816 451 4874 illam
469 4816 650 4874 voluntatem
673 4816 790 4874 dillicile
822 4816 967 4888 mobilem,
1021 4816 1156 4874 voluntas
1172 4816 1313 4888 iniustitia
1326 4815 1401 4871 sicut
1414 4814 1489 4870 bona
1508 4820 1550 4870 est
1572 4811 1704 4883 justitia.
1729 4817 1865 4886 intempe·

123 4907 193 4984 quia
206 4908 230 4967 si
246 4908 380 4966 viverent
393 4912 557 4964 mutaretur
572 4905 622 4962 illa
640 4906 776 4963 voluntas
788 4913 816 4963 et
831 4906 894 4963 ideo
911 4921 969 4963 non
1022 4908 1117 4964 raotia
1133 4914 1175 4963 est
1197 4904 1363 4981 impotentia
1387 4901 1537 4960 resistendi
1562 4903 1696 4960 motibus
1712 4903 1829 4973 illicitis,
1845 4909 1868 4958 nt

122 4997 328 5059 atdriusai
357 5003 453 5054 autem
481 4995 617 5054 volumus
647 4995 741 5053 dicere
769 4995 848 5068 quod
876 4995 970 5053 omnis
1009 4995 1144 5054 'luxuria
1161 5001 1204 5051 εει
1215 4992 1371 5053 loontraria
1390 4983 1525 5058 castitati,
1553 4990 1701 5064 gulositas
1721 4991 1867 5052 sobrietati.

121 5086 217 5149 virtus
237 5087 274 5144 sit
298 5085 433 5145 voluntas
456 5084 542 5152 bona,
570 5099 734 5156 possumus,
767 5086 846 5157 quod
874 5085 969 5142 omnis
1024 5083 1199 5141 Fortitudini
1216 5096 1284 5138 vero
1311 5080 1444 5137 debilitas
1464 5080 1568 5136 mentis
1591 5089 1636 5138 est
1656 5084 1818 5150 contraria,
1838 5087 1867 5140 et

124 5178 221 5237 rirtus
234 5184 278 5235 est
293 5176 439 5234 ebaritas:
464 5183 493 5233 et
509 5175 549 5233 ita
573 5174 701 5232 charitas
724 5175 779 5232 erit
798 5189 891 5247 genus
910 5188 969 5231 um·
1022 5173 1097 5231 siout
1112 5171 1284 5243 praedictum
1305 5177 1358 5238 est,
1380 5167 1517 5225 lortitndo
1539 5168 1570 5224 in
1597 5170 1748 5241 adversis,
1773 5181 1866 5240 tempe

123 5268 206 5325 nium
220 5266 375 5328 virtutum.
396 5265 531 5323 Diximus
548 5273 606 5323 tres
631 5279 692 5322 esse
714 5265 822 5336 species
841 5263 969 5331 virtutis,
1021 5262 1118 5321 rantia
1138 5261 1168 5318 in
1179 5258 1323 5331 prosperis
1337 5258 1498 5316 necessaria
1511 5264 1564 5314 est.
1588 5257 1666 5317 Nota
1682 5275 1757 5319 rero
1779 5260 1866 5332 buius·

161 5437 217 5513 (ιι)
232 5440 338 5515 snppla
349 5443 479 5515 justitia.
1059 5437 1115 5512 (ιι)
1136 5437 1202 5511 Lag.
1215 5437 1296 5506 lorte,
1311 5436 1402 5493 omnio
1413 5436 1472 5493 itta.
