3736 5962
51 194 124 254 lllll
619 191 818 251 Tubunodut
835 195 1052 252 cuutsrtutttt.
1069 222 1103 235 -·
1120 193 1186 250 tte.
1207 195 1231 250 l.
1731 194 1800 252 titt

49 337 113 382 csse
138 320 273 396 regimini
301 321 404 380 mnndi
429 329 462 379 nt
489 320 636 379 dominam
662 321 741 391 dicit,
768 323 894 394 proiecte
909 327 933 379 ι
948 325 1020 382 dum
1035 324 1113 397 quod
1128 324 1191 396 ipsa
1205 321 1341 380 videlicet
1366 321 1465 379 anima
1487 319 1689 393 inseparabilis
1710 335 1805 381 comes

51 426 117 470 eam
131 412 211 470 omni
233 411 348 482 praeterr
363 419 514 474 creatura,
541 414 569 468 et
585 412 677 468 Deum
701 425 763 469 esse
787 413 900 483 astruit,
960 421 1002 470 est
1015 426 1179 484 corporum,
1206 426 1272 469 cum
1296 410 1372 468 lianc
1386 410 1492 467 seilicet
1511 409 1708 481 multiplicatis
1735 410 1804 469 scis·

51 515 143 573 quam
169 500 353 573 postmodum
372 500 417 556 ιιι
431 499 528 556 verbis
550 500 678 556 animam
695 500 797 559 mundi
816 516 901 559 voca·
958 516 1056 558 suram
1072 501 1152 557 nullo
1167 501 1250 557 modo
1264 507 1408 572 quantum
1431 500 1467 554 ad
1481 500 1603 570 seipsam
1619 498 1725 557 babere
1739 513 1803 572 pos·

51 592 114 647 vit:
147 589 236 645 «Hoc
263 587 336 644 dixit
363 595 391 644 ιι
405 588 522 644 demum
550 588 688 660 reliquias
717 589 904 660 prioriscon-
958 590 1002 659 sit,
1028 589 1077 646 sed
1105 589 1284 646 solummodo
1309 596 1451 659 quantum
1481 587 1518 643 ad
1545 586 1654 644 allecta.
1684 588 1805 661 Egregie

50 677 200 745 cretionis,
237 690 275 733 ιι
311 691 371 746 ιιι
406 676 509 733 mundi
548 678 675 733 animam
714 679 906 736 commiscne-
958 679 1186 751 quoqneputari
1206 678 1315 734 dictum
1339 684 1423 734 estet
1442 688 1589 744 nonesse,
1614 675 1806 747 quiasivere

54 773 112 836 rat,
130 773 213 823 etc.»
234 765 310 822 Bene
334 773 431 821 autem
456 764 597 836 Spiritum
619 757 751 822 sanctum
776 767 904 823 animam
958 783 993 825 ac
1022 766 1136 837 proprie
1160 766 1326 838 loquamur,
1355 779 1413 822 non
1450 772 1492 821 est
1518 764 1580 820 ιιι
1606 762 1806 835 multiplicitas

52 854 158 912 mundi
173 853 258 925 quasi
280 853 370 909 vitam
392 853 592 910 universitatis
611 854 713 925 posuit,
728 868 795 911 cum
810 855 840 911 in
853 854 904 913 bo·
959 858 1093 928 Spiritus,
1109 855 1158 914 scd
1180 856 1346 912 effectorum
1369 854 1470 925 ipsius,
1494 868 1561 910 cnm
1584 867 1652 909 eum
1672 851 1806 912 videlicet

51 945 145 1002 nitate
165 942 216 999 Dei
240 941 338 999 omnia
362 941 576 1013 quodammodo
600 942 698 1000 vivere
722 943 859 1013 babeant,
877 950 905 1001 et
958 946 989 1002 in
1013 946 1067 1003 boc
1086 960 1143 1002 uno
1169 943 1358 1015 multiplicem
1377 943 1519 1009 dieamus,
1541 942 1612 1013 quia
1632 939 1805 1012 multiplicia

52 1033 192 1090 universa
220 1037 360 1100 tanquam
381 1028 450 1086 viva
475 1029 531 1087 sint
551 1030 628 1100 apud
655 1032 757 1099 Deum,
780 1040 807 1088 et
824 1031 905 1088 nulla
957 1033 1034 1103 iacit,
1049 1034 1125 1105 quod
1141 1041 1182 1090 est
1202 1033 1302 1090 edecta
1316 1034 1379 1103 ejus
1392 1033 1485 1102 magis
1499 1045 1560 1088 csse
1574 1030 1698 1100 diversa,
1714 1042 1804 1101 quam

54 1127 180 1188 mortua,
197 1118 252 1175 boc
275 1126 317 1175 ιιι
340 1117 422 1175 nulla
438 1119 564 1188 inutilia,
581 1134 633 1177 nec
658 1122 719 1190 ipsa
741 1119 818 1178 mala
838 1134 904 1193 ιιι
958 1122 1062 1194 ipsum.
1083 1122 1155 1180 Cum
1168 1123 1268 1193 itaque
1283 1120 1312 1177 in
1332 1122 1393 1191 ipsa
1415 1122 1513 1177 anima
1528 1119 1631 1176 mundi
1653 1116 1806 1176 individua

53 1209 142 1265 etiarn
169 1207 277 1278 optimc
305 1220 356 1277 per
387 1207 543 1264 bonitatem
569 1208 660 1279 ipsius
695 1208 903 1280 disponuntur,
958 1219 985 1268 et
1012 1211 1142 1279 dividua,
1162 1211 1233 1277 sive,
1256 1219 1289 1267 ut
1303 1210 1413 1267 dietum
1434 1218 1487 1275 est,
1516 1209 1615 1265 eadem
1640 1215 1668 1265 et
1691 1206 1809 1264 diversa

51 1297 140 1370 iuxta
177 1296 255 1368 quod
282 1302 341 1352 tam
362 1295 440 1366 apud
464 1296 690 1368 Evangelistam,
715 1311 803 1369 quam
827 1298 903 1368 apud
958 1300 1105 1357 concurrit
1125 1299 1296 1367 substantia,
1324 1298 1402 1354 addit
1423 1298 1468 1354 ιιι
1486 1297 1600 1354 duobus
1615 1296 1644 1352 in
1669 1296 1732 1367 ipsa
1745 1294 1806 1353 ani-

53 1384 218 1442 Platonicos
242 1383 382 1454 seriptum
402 1398 463 1440 esse
485 1385 688 1442 meminimus:
706 1384 785 1452 Quod
797 1387 904 1455 {cetum
959 1403 1006 1445 ma
1033 1387 1089 1445 sibi
1110 1386 1351 1443 concurrentibus
1374 1386 1530 1458 quamdam
1553 1385 1709 1442 misturam
1729 1382 1806 1442 elllcl

53 1479 96 1530 est
109 1477 139 1528 tn
160 1476 220 1543 ipso
239 1477 298 1527 otto
312 1477 373 1528 erut
397 1472 579 1544 (quu.1,3),
602 1487 636 1530 ac
659 1474 683 1529 si
703 1482 801 1545 aperte
824 1474 905 1532 dica-
958 1492 995 1535 ex
1020 1475 1171 1533 individuo
1192 1475 1299 1532 seilicet
1317 1483 1344 1533 ct
1367 1475 1496 1542 dividuo,
1524 1477 1584 1531 sive
1602 1488 1639 1531 ex
1658 1474 1757 1532 eudem
1778 1481 1807 1531 et

54 1569 122 1620 tur:
145 1561 247 1618 Omnia
273 1561 469 1631 temporaliter
496 1561 571 1617 lacta
583 1575 634 1632 per
657 1561 764 1632 ipsum,
787 1562 842 1619 hoc
862 1571 905 1620 est
957 1567 1080 1630 diverso,
1106 1565 1159 1621 hoc
1179 1570 1222 1620 est
1245 1564 1476 1622 incommutabili
1496 1571 1523 1620 et
1539 1561 1746 1622 commutabili.
1769 1563 1804 1619 ln

55 1649 215 1721 peripsam
239 1648 290 1704 Dei
315 1648 470 1705 bonitatem
490 1649 616 1719 condita,
632 1650 661 1706 in
677 1649 740 1721 ipsa
758 1651 808 1707 Dei
823 1650 902 1708 boni·
921 1632 942 1685 B
960 1666 1020 1724 qua
1037 1650 1167 1723 quidem,
1182 1654 1215 1708 ut
1238 1651 1277 1707 ita
1292 1651 1395 1718 diram,
1423 1652 1546 1707 mistura
1569 1649 1692 1721 Spiritus
1712 1649 1807 1706 sancti

55 1746 114 1795 tate
139 1737 353 1809 quodammodo
378 1737 543 1809 perenniter
565 1739 711 1809 vivebant,
736 1753 803 1799 cnm
827 1739 904 1810 apud

56 1826 189 1883 divinam
213 1825 424 1897 providentiam
453 1827 550 1883 omnia
579 1826 615 1882 ab
640 1834 745 1884 aeteruo
769 1842 821 1899 per
842 1829 906 1898 ejus

55 1913 216 1971 bonitatem
238 1913 345 1984 optime
363 1921 457 1971 essent
475 1913 619 1983 ordinata,
638 1923 671 1973 nt
685 1922 745 1972 tam
759 1915 831 1973 bene
849 1917 906 1973 sin·

56 2002 129 2074 gula
146 2001 299 2073 procedere
321 2002 406 2060 vellet
421 2012 566 2074 quantum
580 2011 732 2074 oporteret.
757 2005 831 2062 lluic
847 2019 906 2062 non

56 2091 218 2161 incongrue
246 2089 318 2147 illud
344 2090 471 2161 apostoti
497 2105 654 2149 consonare
676 2092 801 2162 videtur,
827 2092 906 2164 quod

54 2178 186 2250 perbibet
209 2178 446 2249 pbilosophorum
463 2179 603 2250 quosdam
619 2180 737 2250 dixisse,
757 2181 836 2253 quod
869 2180 902 2237 in

57 2267 116 2323 Deo
138 2269 266 2333 uiuimus,
293 2282 442 2335 movemur,
464 2271 490 2322 ei
512 2283 605 2324 suanos
626 2267 700 2340 (Act.
724 2269 906 2340 xv11,28),ac

55 2356 81 2412 si
95 2355 171 2412 hanc
191 2355 319 2412 animam
342 2356 444 2412 mundi
460 2356 556 2427 ipsum
583 2356 777 2428 intelligerent
801 2357 905 2414 Deum.

56 2443 141 2512 Quod
156 2457 225 2501 vero
250 2443 318 2499 dicit
347 2445 438 2501 Deum
462 2444 640 2517 excogitasse
665 2444 781 2503 tertium
803 2446 909 2502 animae

56 2545 161 2606 genus,
178 2532 255 2603 quod
279 2532 407 2588 animam
429 2532 531 2589 mnndi
552 2533 685 2602 dicimus,
703 2533 809 2591 talecst
824 2547 859 2591 ac
882 2534 907 2591 si

57 2621 173 2678 tertiam
189 2634 206 2675 a
221 2622 275 2676 lieo
296 2629 324 2678 et
344 2620 405 2692 Noy
432 2635 582 2693 personam
606 2629 717 2679 astruat
740 2637 801 2679 csse
820 2622 908 2693 Spiri-

59 2716 123 2766 tum
151 2715 284 2766 sanctum
311 2709 341 2766 in
368 2709 417 2767 illa
442 2709 586 2780 spirituali
607 2710 708 2767 divina
736 2711 906 2768 substantia.

61 2797 232 2868 Excogitare
247 2795 357 2854 dicitur
378 2798 465 2866 Deus,
492 2798 546 2855 hoe
568 2805 611 2855 cst
635 2812 672 2854 ex
692 2799 803 2871 integro
814 2799 907 2870 perci-

961 1741 1119 1812 proprietas
1146 1740 1299 1813 diligenter
1327 1750 1354 1797 et
1382 1740 1492 1812 integre
1518 1739 1633 1796 videtur
1659 1751 1804 1809 expressa,

960 1828 1065 1885 tamin
1084 1828 1175 1898 seipso
1199 1827 1315 1897 scilicet,
1344 1842 1433 1899 quam
1455 1829 1483 1884 in
1502 1826 1619 1894 electis,
1645 1832 1677 1882 ut
1696 1824 1806 1883 dictum

961 1924 1013 1985 est,
1029 1916 1098 1974 suis.
1119 1916 1192 1972 uicit
1216 1917 1314 1987 itaque
1330 1917 1400 1986 quia
1421 1917 1496 1972 licus
1521 1914 1575 1971 hoc
1599 1913 1716 1970 tertium
1740 1912 1808 1970 sub-

961 2005 1074 2062 stantia
1096 2019 1189 2076 genus
1216 2003 1266 2072 ita,
1289 2011 1321 2060 ut
1345 2004 1527 2070 dictumest,
1552 2003 1679 2070 mistum,
1701 1998 1807 2058 locavit

962 2092 1089 2149 medium
1117 2092 1191 2148 inter
1213 2099 1369 2162 utramque
1390 2090 1600 2157 substantiam,
1625 2086 1807 2145 individuam

962 2180 1069 2238 seilicet
1083 2187 1110 2236 et
1126 2180 1287 2247 dividuam,
1307 2180 1377 2251 quia
1392 2193 1458 2235 cum
1472 2180 1509 2237 sit
1534 2178 1593 2249 ipse
1615 2189 1732 2248 quoque
1746 2174 1808 2246 Spi-

962 2270 1036 2326 ritus
1050 2282 1087 2325 ex
1102 2270 1168 2336 Deo,
1190 2278 1330 2339 tanquam
1358 2282 1394 2324 ex
1417 2267 1478 2338 ipso
1503 2266 1669 2338 procedens,
1692 2270 1808 2321 utrum-

963 2374 1020 2431 qne
1035 2358 1138 2415 borum
1155 2357 1266 2428 abipso
1290 2357 1415 2421 habeta
1434 2370 1492 2426 quo
1512 2369 1574 2412 esse
1596 2354 1697 2411 habet:
1713 2355 1740 2410 ct
1754 2352 1809 2409 boc

962 2454 1004 2504 est
1017 2446 1108 2504 dicere
1123 2446 1201 2518 quod
1222 2446 1299 2503 Deus
1327 2445 1430 2502 locavit
1450 2446 1504 2501 hoc
1521 2445 1616 2514 ipsum
1641 2441 1746 2499 animae
1760 2452 1807 2514 ge·

963 2536 1109 2592 nusinter
1134 2543 1257 2606 utraque
1276 2548 1366 2606 supra
1393 2533 1469 2590 dicta
1497 2533 1581 2604 quasi
1609 2531 1738 2588 medium
1764 2542 1810 2587 eo·

964 2637 1041 2690 rum,
1058 2623 1111 2678 hoc
1124 2630 1167 2679 ιιι
1181 2622 1299 2677 mistum
1324 2623 1424 2687 exeis,
1442 2634 1475 2677 ac
1493 2623 1516 2677 si
1537 2621 1653 2689 diceret,
1678 2617 1757 2690 quod
1772 2614 1809 2672 ab

963 2709 1025 2780 ipso
1038 2710 1105 2775 Deo,
1120 2722 1138 2764 a
1153 2721 1211 2779 quo
1232 2708 1294 2778 ipsa
1317 2714 1358 2764 ιιι
1381 2707 1489 2776 anima,
1512 2715 1571 2763 tam
1591 2706 1644 2763 boc
1667 2717 1757 2776 quam
1773 2701 1810 2759 il-

964 2795 1015 2852 lud
1028 2795 1125 2864 habet,
1146 2802 1178 2852 ut
1197 2795 1330 2852 videlicet
1351 2802 1378 2850 et
1393 2793 1544 2850 individua
1557 2794 1593 2849 sit
1609 2794 1638 2849 in
1660 2804 1714 2849 sua
1735 2789 1809 2848 sub-

59 2899 126 2958 pere
149 2885 238 2958 hujus
262 2900 391 2956 personae
411 2886 622 2953 discretionem,
637 2900 728 2959 qnam
750 2903 804 2945 nos
820 2889 907 2960 digne
924 2900 946 2957 c
964 2885 1070 2943 stantia
1093 2893 1121 2942 et
1143 2885 1264 2942 dividua
1288 2884 1448 2941 secundum
1472 2882 1582 2939 edecta.
1606 2880 1687 2946 Quod
1711 2883 1809 2936 autem

61 2973 187 3044 cogitare
202 2979 291 3044 atque
312 2973 347 3030 ab
371 2973 433 3044 ipso
455 2974 538 3030 Patre
554 2976 581 3031 ιι
607 2973 679 3031 Filio
703 2974 788 3045 plene
804 2975 906 3032 distin·
963 2975 1071 3031 dictum
1087 2981 1130 3030 est
1145 2972 1260 3040 locavit,
1281 2985 1410 3044 congrue
1424 2971 1534 3027 dictum
1555 2976 1597 3026 ιιι
1614 2970 1701 3040 juxta
1721 2972 1808 3023 mcta-

60 3075 150 3134 gnere
170 3076 229 3118 non
255 3061 427 3119 sufficimus.
447 3061 640 3120 l'antumdem
656 3062 743 3119 etiam
758 3063 835 3120 valet
854 3064 907 3121 ali·
964 3063 1084 3134 phoram
1100 3061 1262 3128 locutionis,
1281 3074 1340 3131 qua
1364 3059 1474 3116 dictum
1497 3065 1539 3115 est
1562 3057 1692 3114 inedium
1719 3053 1833 3128 quasi.

62 3149 133 3222 qnid
150 3151 237 3206 alteo
265 3151 385 3222 cogitari
413 3150 513 3222 aliquo
543 3151 638 3220 modo,
668 3165 758 3223 quam
785 3149 858 3210 illud
880 3167 909 3210 ιι
964 3151 1038 3208 iuter
1053 3151 1152 3222 aliqua
1166 3149 1384 3207 circumstantia
1398 3149 1578 3205 collocatum.

62 3237 169 3295 babere
184 3236 231 3294 illo
247 3238 341 3308 modo,
365 3238 419 3295 boc
433 3247 475 3295 est
497 3239 537 3296 ita
559 3239 702 3297 veraciter
716 3254 787 3297 esse.
804 3240 910 3297 lieinde
1000 3243 1154 3312 Postquam
1170 3247 1267 3296 autem
1296 3238 1458 3309 designavit
1474 3237 1626 3294 misturam
1643 3233 1759 3315 animae,
1773 3246 1811 3290 ex

63 3328 160 3384 statim
174 3326 265 3398 hujus
282 3327 373 3384 tertiae
388 3341 528 3398 personae,
544 3342 636 3401 quam
659 3329 787 3386 animam
806 3329 911 3386 mundi
966 3328 1117 3386 individuo
1142 3343 1178 3384 ac
1195 3328 1325 3395 dividuo,
1349 3327 1451 3384 transit
1471 3327 1507 3383 ad
1527 3326 1679 3382 misturam
1704 3335 1742 3381 ex
1762 3336 1811 3380 co·

63 3416 194 3483 collocat,
225 3415 392 3488 diligentem
429 3416 544 3474 adhibet
575 3416 808 3490 descriptionem,
843 3433 910 3475 cum
965 3419 1080 3475 demet
1114 3418 1236 3486 diverso,
1265 3418 1363 3475 dicens
1387 3415 1517 3473 eamdem
1544 3415 1686 3484 animam,
1710 3411 1811 3470 eodem

64 3505 194 3562 animam
210 3505 303 3577 ipsam
318 3521 354 3563 ex
379 3505 530 3562 individua
551 3512 580 3563 ιι
594 3504 824 3563 incommutabili
839 3507 911 3563 sub·
966 3508 1050 3565 modo
1064 3521 1101 3565 ex
1120 3507 1218 3564 ecdem
1240 3515 1268 3562 ιι
1290 3506 1403 3563 diverso
1431 3504 1597 3570 consistere,
1624 3503 1700 3560 sicut
1712 3515 1750 3559 ex
1770 3501 1814 3556 in·

63 3593 171 3651 stantia
195 3594 350 3652 consistere
369 3594 521 3666 perbibet:
555 3609 589 3651 ac
610 3609 712 3652 rursus
731 3608 769 3651 ex
792 3595 913 3652 dividua
967 3596 1085 3653 dividuo
1102 3596 1231 3652 consistit
1251 3602 1337 3665 atque
1352 3592 1483 3650 dividuo.
1506 3592 1607 3662 Cujus,
1623 3590 1729 3662 inquit,
1745 3602 1813 3661 pars

64 3682 229 3739 secundum
268 3684 346 3755 quod
383 3683 491 3741 scilicet
531 3683 654 3756 seipsam
690 3683 819 3740 scindere
864 3697 914 3755 per
968 3685 1053 3753 idem,
1068 3698 1135 3755 pars
1160 3684 1308 3740 diversum
1328 3689 1456 3746 vocetur,
1480 3694 1547 3736 cum
1569 3679 1701 3737 videlieet
1723 3677 1811 3749 Spiri-

64 3784 188 3842 corpcra
204 3779 332 3843 putatur.
363 3773 437 3830 Natu
456 3781 484 3829 et
505 3773 630 3844 Spiritus
652 3781 771 3830 sanctus
786 3779 814 3828 ιι
827 3772 857 3827 ιι
872 3785 914 3828 se·
967 3779 1015 3830 tus
1031 3773 1090 3843 ipse
1104 3779 1132 3828 et
1148 3773 1221 3828 idern
1245 3771 1281 3827 sit
1299 3771 1328 3826 in
1353 3769 1515 3826 substantia
1538 3782 1605 3825 cum
1620 3769 1677 3823 lico
1697 3771 1725 3823 et
1738 3766 1811 3834 lloy,

66 3856 130 3928 ipso
145 3858 268 3931 simplex
289 3861 409 3917 omnino
423 3860 586 3919 substantia
600 3869 651 3926 est,
663 3868 691 3918 ιι
705 3873 743 3916 ιι
757 3866 864 3916 ιιιιιι
875 3858 914 3915 di·
968 3862 997 3918 id
1012 3870 1054 3918 est
1073 3875 1139 3918 cum
1159 3861 1242 3916 Patre
1254 3867 1281 3915 et
1297 3858 1377 3926 Filio,
1394 3864 1422 3915 et
1441 3857 1576 3913 diversus
1591 3856 1622 3910 in
1641 3853 1814 3925 proprietate

65 3945 197 4004 vinitatis
215 3948 333 4005 omnino
358 3949 539 4007 invariabilis
559 3956 647 4022 atque
671 3947 915 4006 incommutabilis
968 3963 1105 4020 persona.
1131 3947 1290 4005 Possumus
1303 3947 1391 4002 etiam
1408 3945 1550 4008 eumdem,
1573 3943 1627 3999 buc
1649 3948 1691 3999 est
1704 3940 1814 3997 incont-

67 4035 99 4092 in
125 4036 217 4107 seipso
242 4048 414 4107 perseverat,
439 4048 526 4111 atque
540 4039 625 4111 ,idem
654 4038 776 4109 Spiritus
800 4051 851 4108 per
871 4036 914 4093 el·
931 4091 954 4147 D
970 4037 1138 4095 mutabilem
1152 4037 1183 4092 in
1197 4050 1238 4105 ιι,
1258 4049 1325 4092 enm
1339 4035 1435 4091 dicere
1449 4041 1476 4090 et
1498 4033 1646 4089 diversum
1668 4029 1813 4101 quodam·

67 4123 141 4180 lecta
169 4125 322 4197 multiplex
358 4127 572 4199 quodammodo
596 4134 725 4196 vocatur,
754 4134 782 4183 et
806 4133 912 4196 septem

69 4212 194 4283 Spiritus
215 4228 427 4287 nonnunquam
451 4215 568 4286 dicitur,
595 4216 756 4272 secundum
785 4215 913 4285 septilor-
971 4217 1085 4273 diversa
1111 4223 1179 4273 sunt
1207 4213 1313 4282 lecerit,
1341 4211 1500 4269 secundum
1524 4210 1603 4281 quod
1625 4208 1759 4278 superius
1774 4206 1816 4263 di·

69 4301 125 4358 mis
140 4302 242 4374 gratiae
254 4317 314 4359 ιιι
329 4303 507 4360 ellicaciam:
533 4303 648 4361 undeet
662 4305 691 4358 ιι
705 4303 791 4361 laude
809 4303 915 4359 divinae
970 4312 1049 4362 ctum
1064 4312 1115 4370 est,
1130 4317 1167 4360 ex
1191 4302 1343 4359 individua
1367 4307 1497 4357 constare
1519 4297 1691 4364 substantia,
1713 4308 1816 4352 verum

69 4389 222 4461 Sapientia
248 4391 372 4463 Spiritus
385 4394 449 4464 eius
474 4400 502 4450 et
529 4393 636 4450 unicus
660 4399 689 4449 et
720 4392 874 4463 multiplex
889 4398 917 4448 et
970 4394 1057 4451 etiam
1072 4407 1106 4450 ea
1122 4406 1172 4463 per
1194 4400 1355 4462 temporum
1371 4389 1581 4446 successionem
1608 4392 1702 4443 mutat
1716 4397 1750 4441 ac
1763 4397 1816 4440 ra·

972 4127 1054 4184 modo
1070 4140 1118 4196 per
1137 4125 1236 4182 euecta
1251 4139 1322 4192 esse,
1347 4138 1413 4179 cum
1432 4137 1487 4178 uon
1505 4121 1599 4178 solum
1619 4118 1680 4190 ipse
1694 4131 1728 4175 ea
1748 4132 1815 4189 quae

971 4482 1039 4548 rial,
1066 4489 1150 4551 prcnt
1182 4486 1378 4550 opportunum
1402 4490 1462 4533 csse
1489 4475 1611 4546 judicat,
1633 4471 1720 4542 iuxta
1743 4469 1816 4528 illud

108 4569 181 4627 llicit
209 4570 307 4643 itaque
328 4571 516 4642 philosophus
536 4572 664 4628 animam
688 4572 780 4642 ipsam
797 4586 857 4628 esse
880 4585 918 4627 ex
972 4569 1076 4629 Boetii:

70 4659 222 4716 indiuidua
236 4674 407 4732 semperque
422 4660 451 4716 ιι
472 4674 524 4717 suo
544 4667 621 4717 statu
637 4668 837 4730 perseverante
849 4660 917 4717 sub.
1128 4658 1295 4727 stabilisque
1309 4671 1419 4711 monens
1441 4656 1489 4709 dot
1504 4658 1600 4710 cuncto
1615 4653 1727 4708 mouet.

69 4748 186 4806 stantia.
215 4750 317 4820 ltaque
343 4763 394 4820 per
425 4748 482 4805 alia
508 4763 574 4820 quae
599 4748 798 4819 inseparabilis
824 4762 919 4806 comes
1007 4748 1044 4804 Ει
1055 4748 1116 4818 jam
1132 4745 1249 4818 quidem
1271 4745 1406 4815 superius
1421 4738 1686 4799 incommutabilem
1700 4750 1816 4796 osseas

71 4853 236 4910 corporum,
262 4853 314 4909 per
336 4839 436 4896 eadem
451 4854 481 4896 se
501 4852 621 4908 corpora
643 4838 772 4896 scindere
787 4846 917 4910 putatur,
973 4837 1149 4911 signaverat,
1165 4850 1232 4892 cum
1255 4834 1305 4903 ιιι,
1321 4847 1491 4903 semperque
1515 4832 1544 4887 in
1564 4838 1642 4887 statu
1655 4843 1708 4887 suo
1720 4840 1818 4902 perse·

72 4927 144 4998 quia
172 4926 295 4998 Spiritus
322 4934 440 4984 sanctus
464 4935 491 4984 et
511 4927 677 4997 hujusmodi
704 4934 756 4995 est,
777 4927 855 4998 quod
883 4942 920 4984 ex
973 4934 1092 4984 verante
1120 4925 1292 4991 substantia,
1314 4923 1362 4979 sed
1392 4921 1469 4993 quod
1498 4919 1648 4977 variabilis
1673 4929 1725 4989 per
1750 4913 1819 4973 elle·

72 5031 126 5074 suo
154 5024 240 5085 statu,
271 5033 357 5089 quem
374 5018 403 5073 in
419 5017 512 5088 seipso
532 5031 591 5072 non
611 5017 641 5072 in
662 5017 769 5073 eliectis
792 5016 852 5073 suis
871 5017 921 5072 ha·
974 5024 1074 5072 ctuum
1099 5027 1218 5071 suorum
1244 5012 1430 5068 mutationem
1451 5011 1505 5080 (32)
1522 5016 1605 5074 esset,
1621 5005 1751 5064 nondum
1769 5003 1818 5059 ad·

74 5106 132 5174 bet,
156 5109 273 5164 omnino
301 5107 424 5177 simplex
442 5114 484 5163 ιιι
512 5113 601 5177 atque
624 5104 877 5173 incommutabilis,
892 5114 920 5161 et
975 5106 1097 5169 diderat,
1114 5102 1192 5172 quod
1207 5116 1285 5157 nunc
1304 5101 1379 5157 lacit.
1396 5100 1471 5155 Bene
1487 5099 1585 5168 itaque
1600 5094 1668 5152 dicit
1692 5091 1820 5150 animam

74 5196 288 5266 quodammodo
304 5196 456 5267 multiplex
477 5209 538 5252 csse
560 5194 723 5252 secundum
746 5192 846 5252 effecta
867 5210 919 5265 pu-
976 5194 1066 5264 ipsam
1082 5189 1230 5263 quoddam
1247 5188 1373 5245 medinm
1388 5201 1459 5257 esse,
1485 5186 1512 5242 id
1531 5192 1574 5242 ιιι
1594 5183 1712 5240 mistum
1724 5194 1762 5238 ex
1776 5179 1818 5236 in·

74 5290 163 5354 tatur,
180 5286 256 5358 quod
272 5293 314 5342 est
329 5286 455 5356 seipsum
471 5285 501 5341 in
526 5298 646 5356 corpora
661 5283 793 5342 scindere
819 5298 921 5342 secun·
976 5280 1095 5338 dividua
1116 5279 1191 5334 inse
1212 5277 1374 5334 substantia
1392 5283 1420 5333 ιι
1439 5275 1559 5332 ιιιιιιι
1573 5286 1624 5345 ιιι
1644 5267 1822 5344 mutunctic

70 4479 238 4538 discurrens
247 4486 275 4538 et
288 4482 400 4539 stabilis
418 4496 479 4539 esse
492 4482 674 4540 describitur.

109 5465 168 5537 (tt)
192 5465 226 5522 lu
248 5462 462 5522 introductione
478 5464 514 5522 ad
530 5463 703 5538 theologiam
720 5466 771 5522 Per
794 5462 918 5535 affectum
936 5466 963 5518 ιι
977 5476 1090 5519 suorum
1100 5459 1288 5517 mutationem.
