3804 5962
58 195 113 252 9³7
504 187 693 249 ssxr081r10
711 189 749 246 IN
766 187 876 244 EPIST.
898 185 1004 245 PAULI
1023 187 1071 245 sb
1091 185 1173 244 nort.
1187 184 1299 242 -Lle
1319 185 1364 241 lv,
1757 184 1811 243 938

57 322 274 391 precesserant,
289 315 471 388 postmodum
490 322 662 386 sequantur,
683 320 711 369 et
726 311 797 368 liant
824 326 904 367 «no—
919 315 943 366 Α
959 323 1047 381 oriam
1071 310 1132 380 ipse
1157 315 1272 380 propter
1302 319 1396 378 opera.
1427 305 1480 362 sed
1505 305 1570 363 licet
1592 319 1630 363 ex
1651 307 1745 379 seipso
1762 320 1814 380 pc-

57 405 172 463 vissimi
188 406 274 477 primi
290 405 401 467 (dotti.
417 418 481 469 mx,
498 404 553 474 30).
572 400 731 468 »Altitudo
745 399 772 456 id
787 407 829 455 εει
844 413 909 470 pro·
966 399 1024 456 tins
1039 413 1128 471 quam
1137 413 1173 455 ex
1187 397 1295 454 clientis
1320 396 1382 453 suis
1402 396 1461 467 ipse
1476 395 1571 452 bonus
1586 395 1632 464 sit,
1649 395 1695 454 vel
1705 395 1814 470 diguus

58 492 191 552 lunditas
209 493 322 550 occulta
344 492 429 548 uobis
443 491 543 549 divitis
571 499 598 547 et
622 491 743 560 copiosae
769 490 912 560 sapientiae
965 488 1060 555 laude,
1078 489 1151 544 actio
1167 494 1263 542 tamen
1281 487 1343 556 ipsa
1370 486 1531 557 gratiarum
1547 484 1592 541 vel
1612 483 1732 543 edoctus
1750 484 1813 544 lau·

56 583 121 652 Dei,
140 585 290 654 {quantum
305 581 340 639 ad
365 580 575 652 prescientiam
601 580 703 649 ipsius,
731 584 758 634 et
786 575 913 633 scientine
966 577 1012 633 dis
1026 584 1138 645 uostrae,
1157 590 1246 648 quam
1261 576 1286 632 ei
1309 574 1512 645 persolvimus,
1535 588 1571 630 ex
1597 573 1816 648 operibusque

60 679 208 745 qnantum
224 672 260 727 ed
276 670 367 741 ipsius
381 669 476 739 operis
489 667 635 735 ellectum,
649 681 685 724 ex
703 680 762 738 quo
790 665 913 736 praevisa
968 680 1018 737 per
1037 665 1134 736 ipsum
1150 665 1360 737 cognoscimus,
1376 662 1563 734 consequitur
1579 663 1653 719 sicut
1666 671 1693 720 ει
1712 665 1815 736 cujus-

60 761 113 818 iila
128 762 189 832 jam
206 760 274 816 sciri
303 769 433 831 possunt.
448 757 534 824 Quom
564 755 860 828 incomprebensibitin;
885 753 913 808 id
966 756 1035 813 libet
1064 755 1183 811 artificis
1202 755 1266 810 laus
1293 753 1321 809 iu
1346 752 1484 824 operibus
1511 753 1573 823 ejus
1589 753 1779 824 cognoscitur
1789 759 1819 812 ει

60 859 113 916 εει,
131 863 222 922 quem
236 848 426 920 impossibiles
441 861 545 904 sumus
563 846 598 902 ad
611 860 715 902 causas
730 845 794 901 ilias
809 857 912 915 cogno·
971 842 1391 916 quamvisprnpterscientiam
1402 840 1650 912 qunmhabetjam
1662 841 1819 915 dignoscit

60 939 183 998 mendas
212 938 461 1009 dispensationum
503 935 548 993 vel
585 934 805 1004 dispositionum
839 933 913 1005 ejus,
968 932 1063 1000 laude,
1083 946 1120 989 ex
1144 932 1246 988 notitia
1272 939 1368 987 tamen
1389 944 1508 1000 operum
1526 928 1589 999 ejus
1611 929 1742 987 laudatio
1754 914 1818 1002 ejus

62 1042 157 1102 quere
171 1027 355 1084 videlieetsic
370 1025 498 1083 decuerit
513 1024 660 1096 agendum
679 1038 741 1080 esse
756 1030 914 1093 antequam

62 1116 175 1184 tierent,
209 1123 237 1172 ct
267 1119 330 1187 post
362 1113 496 1171 effectum
525 1126 655 1184 operum,
679 1109 914 1178 ininvestigabiles

60 1210 115 1262 uia
129 1208 208 1276 ejus3
225 1205 280 1262 viae
296 1205 403 1276 qnippe
419 1203 481 1269 Dei,
497 1202 606 1273 quibus
619 1200 751 1258 videlicet
766 1197 915 1269 adcogni-

62 1297 173 1352 tionem
193 1297 256 1368 ejus
282 1293 410 1359 venitur,
437 1296 502 1364 ejus
527 1298 707 1361 suntopera,
738 1288 813 1345 sicut
841 1286 916 1342 idem

63 1384 219 1457 Apostolus
242 1396 332 1454 supra
359 1381 502 1449 meminit,
532 1381 652 1436 dicens:
673 1376 830 1435 lnoa'sibiiin
844 1377 915 1430 enim

62 1476 153 1544 ipsine
167 1490 185 1528 n
200 1476 337 1539 mentire,
363 1478 417 1528 ete.
440 1469 533 1540 Opera
558 1468 655 1539 itaque
672 1467 732 1537 Dei,
749 1479 814 1538 quae
828 1477 914 1521 sensu

968 1021 1168 1093 consequitur.
1185 1020 1242 1077 Noc
1264 1018 1418 1090 spostolus
1433 1019 1488 1075 buc
1503 1019 1564 1076 loco
1585 1018 1655 1076 dicit
1670 1019 1761 1077 Deum
1776 1018 1817 1076 di·

970 1124 1059 1182 gnum
1077 1108 1161 1166 laude
1174 1116 1289 1180 propter
1300 1122 1387 1179 opera
1402 1122 1467 1180 quae
1482 1107 1556 1177 lecit,
1574 1109 1623 1165 sed
1638 1123 1690 1167 uos
1704 1109 1742 1166 ad
1756 1108 1820 1181 ejus

970 1200 1102 1257 hortatur
1117 1199 1233 1255 laudem
1256 1207 1373 1269 propter
1395 1211 1483 1268 opera
1505 1198 1650 1270 ejusque
1671 1198 1818 1271 cognosci-

970 1304 1043 1347 mus.
1061 1290 1122 1359 ipsi
1145 1290 1243 1358 gloria,
1272 1288 1379 1359 inquit,
1409 1289 1455 1354 sit,
1471 1288 1499 1344 id
1524 1296 1566 1345 est
1581 1296 1691 1359 optimu
1705 1301 1820 1345 summa

970 1387 998 1436 et
1011 1379 1068 1436 late
1083 1386 1183 1449 patens
1199 1378 1285 1446 lema,
1302 1382 1331 1432 iu
1350 1377 1457 1446 saeclo,
1475 1378 1504 1434 id
1520 1386 1561 1435 est
1577 1392 1627 1449 per
1641 1392 1741 1436 omnes
1753 1390 1820 1435 suc·

971 1470 1112 1529 cessiones
1139 1475 1313 1538 temporum.
1342 1468 1440 1533 Amen,
1472 1466 1500 1523 id
1528 1474 1570 1523 εει
1599 1467 1659 1537 liat,
1678 1467 1757 1540 qnod
1776 1473 1820 1524 εει

62 1562 197 1636 quotidie
210 1561 391 1632 experimur,
408 1557 623 1629 investigabilia
642 1555 813 1623 nobissunt,
844 1553 915 1624 quia
932 1591 953 1647 B
971 1557 1142 1614 adverbium
1167 1557 1297 1628 optandi,
1326 1556 1483 1628 aliquando
1508 1558 1595 1614 etiam
1618 1557 1819 1627 confirmandi,

61 1651 194 1712 occultas
208 1664 309 1707 eorum
335 1657 455 1706 naturas
478 1645 609 1703 nondum
635 1644 779 1702 discutere
804 1641 917 1700 ratione
973 1645 1089 1719 quando
1113 1647 1246 1703 videlicet
1276 1647 1394 1717 ponitur
1427 1659 1480 1717 pro
1506 1651 1547 1702 itu
1576 1650 1626 1714 εει,
1651 1647 1699 1705 vel
1725 1661 1820 1704 oerum

64 1740 254 1812 suscipimus.
271 1741 328 1796 Nec
347 1739 477 1794 mirum:
500 1735 566 1802 Quis
584 1736 656 1790 enim
672 1737 797 1803 cognonit
811 1748 919 1788 sessum
974 1741 1022 1792 eet.

64 1831 126 1899 Dei,
146 1829 175 1886 id
192 1836 234 1886 est
249 1829 392 1886 rationem
407 1841 496 1899 quam
521 1825 625 1881 babuit
644 1824 674 1880 in
692 1837 746 1879 sua
766 1821 917 1894 prescien-

65 1919 107 1977 tia
126 1921 163 1976 de
177 1917 300 1999 bisquae
315 1919 445 1973 tacturus
462 1923 535 1982 erat,
560 1913 801 1983 comprehendere
825 1924 874 1982 per
889 1924 919 1966 εε
1009 1915 1236 1985 obsecroitaqne,
1255 1914 1325 1985 quia
1345 1915 1479 1972 videlicet
1507 1914 1572 1972 talis
1597 1913 1643 1973 vel
1657 1922 1819 1987 tentusest,

64 2009 158 2080 potuit
168 2007 183 2064 ι
193 2015 244 2065 aut
257 2020 345 2080 quem
357 2006 392 2062 de
408 2005 528 2076 bisquae
539 2003 669 2059 tacturus
682 2010 744 2058 erat
759 1999 918 2071 consuluit,
972 2018 1011 2061 ex
1025 2020 1083 2076 quo
1097 2005 1205 2073 omnia,
1224 2018 1273 2075 per
1302 2018 1401 2075 quem,
1428 2013 1494 2075 etc„
1521 2005 1639 2062 obsecro
1663 2013 1697 2063 ut
1711 2019 1763 2064 vos
1777 2007 1819 2079 ip.

65 2099 176 2168 ntejus
195 2096 387 2153 instrueretur
401 2093 523 2150 consilio
538 2091 609 2164 quid
627 2092 670 2146 vel
686 2091 811 2162 qualiter
826 2103 917 2159 agen·
973 2108 1019 2150 sos
1033 2104 1061 2150 et
1077 2093 1201 2149 bostiam
1221 2093 1390 2164 praeparetis
1414 2094 1510 2164 potius
1536 2107 1626 2165 quam
1653 2108 1756 2166 pecora
1771 2109 1820 2153 vg.

65 2187 139 2244 dum
158 2184 256 2242 esset?
277 2188 338 2239 Ant
357 2185 430 2253 quis,
450 2189 511 2253 post
532 2194 677 2237 summam
697 2177 918 2250 incompreben·
972 2192 1032 2240 stra
1052 2181 1108 2253 ipsi
1138 2183 1276 2238 mactetis.
1304 2180 1393 2247 Quasi
1418 2184 1581 2253 adjurando
1604 2197 1653 2240 eos
1682 2190 1820 2254 coarctat,

67 2274 182 2332 sibilem
197 2272 438 2344 licisapientiam
464 2269 589 2326 ostendit
616 2281 759 2325 summam
785 2267 849 2338 ejus
869 2266 917 2323 bo·
972 2286 1040 2328 cum
1063 2270 1147 2327 dicit:
1167 2272 1220 2326 Per
1245 2271 1463 2326 misericordiam
1491 2275 1552 2336 liei;
1584 2286 1619 2328 ae
1647 2272 1672 2329 si
1695 2271 1820 2331 diceret:

67 2365 204 2433 uitatem,
230 2365 302 2434 qnia
326 2361 425 2419 omnia
453 2360 537 2416 nobis
553 2358 636 2429 prius
657 2358 781 2429 largitur
798 2368 919 2428 quamn
974 2361 1098 2418 sleutde
1114 2361 1312 2417 misericordia
1338 2361 1402 2432 ejus
1421 2361 1577 2425 confiditis,
1606 2361 1646 2417 ita
1668 2362 1755 2421 etad
1780 2363 1820 2435 ip·

67 2453 153 2511 nobis
178 2451 345 2524 quidquam
369 2448 503 2518 accipiat.
534 2447 639 2503 Deinde
664 2447 692 2501 in
723 2445 835 2501 actione
854 2457 917 2516 ttri-
973 2463 1036 2507 sam
1059 2449 1257 2515 obtinendam,
1287 2460 1430 2520 quantum
1447 2449 1560 2517 valetis,
1573 2464 1624 2508 vos
1639 2450 1818 2522 preparetis.

67 2542 178 2599 starum
210 2537 603 2610 A1³⁰⁸¹⁰¹l1⁸‘'idlllflsaifflnem
631 2549 714 2592 ⁵1¹³OE
749 2534 920 2601 terminans,
974 2538 1098 2607 Corpora
1113 2551 1247 2607 pecorum
1268 2552 1335 2594 cum
1350 2537 1546 2595 offerebantur
1562 2539 1591 2595 iu
1615 2539 1756 2597 sacrificio
1771 2554 1822 2598 oc-

68 2634 134 2689 ait:
160 2629 295 2698 Quoniam
322 2643 357 2682 ee
379 2629 524 2697 ipsosne
547 2626 647 2693 emere,
680 2624 769 2689 idest
784 2622 922 2694 quelibet
974 2627 1155 2692 edebantur,
1180 2634 1280 2682 nostra
1300 2636 1396 2682 aurem
1423 2640 1545 2697 corpore
1565 2642 1632 2684 eum
1646 2629 1704 2685 beo
1724 2629 1824 2687 immo·

68 2720 242 2778 substantie
261 2724 366 2774 natura
386 2724 528 2786 tanquam
547 2715 583 2771 ab
600 2714 660 2784 ipso
676 2720 784 2778 creata,
801 2721 833 2768 ut
848 2718 921 2768 esset
975 2716 1083 2783 lantur,
1102 2715 1181 2770 vitiis
1202 2715 1242 2771 ita
1262 2718 1427 2771 moriuntur
1452 2727 1484 2772 ut
1517 2719 1578 2772 vita
1615 2731 1674 2773 non
1705 2718 1820 2789 priven-

65 2825 118 2882 ρει
141 2809 233 2878 ipsum
251 2806 360 2863 scilicet
380 2816 559 2872 conservata,
591 2811 622 2860 ut
652 2811 781 2859 nianeret
801 2805 830 2858 in
849 2803 920 2871 ipso,
976 2811 1034 2861 tur.
1049 2803 1083 2859 Et
1095 2804 1148 2860 boc
1163 2812 1205 2860 εει
1224 2804 1302 2875 quod
1317 2804 1395 2874 dicit,
1413 2805 1530 2860 bostium
1544 2807 1687 2876 uiuentem,
1703 2815 1731 2865 et
1752 2816 1825 2866 tnnc

67 2906 212 2968 uuquam
228 2895 285 2952 fine
303 2895 410 2965 optimo
432 2902 644 2960 consummata,
662 2892 733 2949 dum
752 2904 854 2948 eorum
876 2885 959 2946 vic
977 2893 1100 2965 prolecto
1134 2892 1339 2949 immolationis
1364 2900 1469 2950 nostrae
1493 2894 1666 2966 obsequium
1691 2895 1824 2955 rationa-

1299 1823 1415 1882 GAPUT
1434 1825 1498 1882 llll.

69 2985 173 3044 delicet
192 2983 288 3056 opifex
307 2982 436 3053 optimus
450 2989 539 3053 atque
560 2981 713 3052 dispositor
731 2980 760 3035 in
777 2979 845 3050 ipsis
860 2980 920 3051 glo-

70 3075 207 3134 rificatur
221 3083 310 3143 atque
327 3071 474 3139 laudatur,
505 3068 713 3140 propterquod
737 3082 772 3124 ea
794 3068 922 3125 condidit

69 3172 161 3236 atque
175 3168 337 3226 conservat,
356 3161 430 3216 siout
453 3159 483 3214 in
509 3158 673 3214 Proverbiis
699 3157 920 3228 scriptumest:

72 3255 208 3313 Universa
234 3254 347 3321 propter
370 3248 546 3318 semetipsum
571 3251 673 3302 creauit
698 3249 780 3314 Deos,
806 3248 923 3316 impium

71 3340 227 3412 quoqnend
241 3340 313 3394 diem
325 3340 428 3394 molum
440 3339 530 3408 (Pron.
541 3350 602 3402 xvi,
618 3336 656 3406 ι).
672 3335 708 3392 Ut
718 3335 822 3406 quinto
837 3349 924 3406 super

72 3429 206 3489 Geuoeim
223 3429 324 3485 beatus
343 3426 475 3483 meminit
499 3425 684 3496 Augustinus
700 3423 766 3494 (87),
788 3423 924 3496 quaelibet

72 3525 278 3577 creaturarum
297 3521 442 3585 quantum
472 3513 502 3568 in
523 3520 549 3568 te
573 3524 693 3581 vespere
711 3520 763 3579 εει,
780 3518 924 3582 qnantum

71 3622 143 3669 vero
155 3606 192 3663 ad
207 3605 323 3662 laudem
339 3604 481 3660 circatoris
504 3602 597 3659 relata
620 3615 705 3656 mane
720 3600 835 3668 dicitur,
851 3607 878 3657 et
894 3601 925 3655 in

72 3711 103 3756 se
117 3694 302 3754 considerata
326 3693 412 3764 quasi
431 3691 574 3749 deiectum
590 3691 688 3761 habet,
710 3691 741 3747 iu
755 3690 841 3747 laude
855 3703 925 3746 vero

73 3784 219 3846 creatoris
237 3784 405 3854 proiectum.

110 3876 228 3944 Qnaerat
241 3871 361 3929 fortasse
384 3869 492 3941 aliquis
519 3868 662 3941 quomodo
690 3870 798 3924 natura
826 3867 924 3939 noeti·

75 3964 123 4022 bet
141 3960 313 4018 substantie
335 3968 531 4026 conservetur,
556 3967 588 4015 nt
609 3964 734 4025 maneat,
757 3971 825 4012 cum
841 3957 925 4027 spiri·

977 2982 1035 3040 bile
1058 2991 1111 3052 est,
1133 2981 1158 3038 si
1182 2995 1235 3037 nos
1260 2981 1335 3052 ipsos
1366 2982 1406 3038 ita
1422 2983 1603 3040 immolemus
1619 2985 1714 3056 potins
1734 3000 1825 3059 quam

977 3085 1080 3145 pecora
1094 3079 1193 3127 nostra
1214 3070 1240 3126 ei
1269 3078 1437 3139 mactemus,
1462 3071 1507 3128 vel
1528 3088 1580 3129 nos
1605 3073 1681 3144 ipsos
1709 3083 1826 3147 propter

977 3177 1045 3221 eum
1074 3159 1294 3217 interficiamus.
1323 3160 1496 3228 Confirmant·
1516 3163 1579 3217 boio
1604 3165 1711 3231 saeclo,
1732 3163 1762 3220 id
1783 3170 1827 3223 εει

978 3251 1129 3309 saeculares
1142 3250 1192 3321 qui
1210 3256 1376 3320 presentem
1393 3251 1481 3307 vitam
1495 3250 1621 3323 diligunt
1642 3252 1763 3323 imitari,
1778 3252 1828 3310 sed

977 3341 1179 3409 reformamini,
1206 3338 1234 3393 id
1263 3346 1305 3395 est
1334 3339 1444 3396 studete
1468 3353 1603 3411 reparare
1627 3355 1661 3398 ac
1686 3355 1828 3407 renovare

979 3431 1114 3487 humanae
1139 3427 1260 3484 rationis
1283 3441 1399 3484 sensum
1423 3430 1545 3499 peccatis
1571 3431 1746 3502 jamdudum
1776 3431 1828 3490 cb·

979 3519 1173 3577 tenebratum.
1203 3518 1236 3572 tlt
1255 3519 1295 3571 sie
1316 3518 1446 3586 probetis,
1469 3518 1496 3573 id
1523 3527 1566 3576 est
1585 3534 1757 3592 cognoscere
1777 3533 1828 3579 va·

980 3607 1072 3674 lentis,
1084 3607 1129 3663 vel
1145 3606 1234 3662 etiam
1254 3605 1318 3662 aliis
1346 3607 1503 3674 ostendere,
1532 3616 1560 3664 et
1585 3609 1829 3681 rationeprobare

979 3696 1104 3770 possitis,
1131 3711 1190 3762 quat
1213 3697 1252 3749 sit
1278 3695 1404 3750 noluntas
1432 3697 1486 3764 Dei,
1505 3695 1532 3752 id
1552 3704 1594 3752 εει
1620 3698 1691 3769 quid
1722 3700 1830 3758 Densa

980 3785 1065 3842 nobis
1084 3783 1147 3839 lieri
1175 3782 1255 3850 velit,
1285 3792 1317 3839 ut
1345 3782 1415 3839 honi
1435 3783 1528 3840 simus
1553 3785 1583 3841 in
1603 3786 1830 3858 nobismetipsis,

982 3873 1040 3928 imo
1064 3869 1130 3926 aliis
1161 3883 1289 3940 quoque,
1313 3870 1358 3926 vel
1390 3869 1444 3940 ipsi
1475 3872 1530 3927 beo
1559 3872 1785 3943 beneplacentes,
1802 3881 1832 3931 et

982 3962 1101 4020 tandem
1116 3958 1232 4030 perlecti
1252 3958 1282 4015 in
1308 3958 1468 4016 virtutibus
1482 3961 1684 4029 consummati,
1700 3976 1829 4020 crescen-

76 4061 126 4111 tus
145 4050 358 4107 irrationalium
382 4047 557 4104 animalium
586 4060 673 4104 carne
701 4045 774 4118 regi,
803 4053 831 4101 et
860 4059 927 4101 cum
983 4053 1145 4122 dosemper
1171 4047 1200 4105 in
1230 4048 1342 4117 melius,
1372 4049 1416 4105 vel
1441 4050 1469 4105 in
1492 4050 1597 4108 cmlesti
1620 4052 1682 4107 vita
1703 4051 1834 4122 periectae

75 4155 168 4200 earne
192 4138 312 4196 delicere
328 4138 445 4209 penitus
468 4138 634 4195 credantur.
671 4135 724 4192 Sed
752 4134 878 4207 prolecto
903 4135 928 4190 si
984 4137 1358 4198 beatitudinisliieoenim.
1383 4139 1751 4208 bixit,noliteconformnri
1771 4140 1834 4198 bute

75 4229 121 4289 illi
136 4242 255 4301 quoque
272 4227 395 4298 spiritus
408 4227 485 4283 sicut
510 4236 537 4283 et
551 4225 643 4282 nostri
665 4223 835 4282 substantiae
849 4231 928 4292 sunt,
944 4230 967 4285 b
984 4229 1090 4294 saceio,
1104 4226 1152 4282 sed
1166 4228 1369 4295 retomomini,
1384 4235 1450 4290 ete,
1467 4234 1494 4283 et
1519 4229 1621 4285 merito
1645 4229 1673 4285 id
1699 4243 1751 4287 vos
1774 4243 1832 4288 mo·

76 4319 214 4392 quaedam
230 4318 338 4374 scilicet
353 4316 458 4373 raritas
468 4316 687 4382 elementorum,
705 4320 737 4371 ut
751 4313 929 4385 quibusdam

75 4409 206 4474 ridetur,
221 4421 288 4463 cum
304 4407 440 4462 deserunt
455 4419 516 4462 esse
531 4404 661 4476 spiritus,
677 4404 705 4459 id
726 4409 766 4460 est
780 4402 931 4459 vivitlrare

79 4504 195 4554 cessant
209 4508 331 4566 corpora
349 4494 409 4562 illa,
435 4509 492 4550 non
517 4501 612 4549 tamen
636 4493 771 4549 deserunt
785 4507 845 4550 esse
860 4492 933 4549 sub-

78 4584 196 4644 stantiae
210 4584 286 4641 sicut
308 4590 336 4640 et
350 4596 427 4651 caro,
444 4597 511 4640 cnm
539 4596 599 4654 qua
626 4582 756 4652 deperire
783 4581 932 4650 dicuutur,

78 4688 150 4733 eum
178 4686 246 4729 caro
270 4672 380 4729 deseret
403 4685 474 4736 esse,
495 4685 553 4727 non
578 4677 674 4726 tamen
690 4682 834 4740 corporeae
860 4668 933 4724 sub-

79 4761 199 4822 euntis
225 4770 362 4819 naturam
386 4760 503 4816 amittit.
528 4758 625 4824 Quaeri
643 4757 729 4815 etiam
747 4765 847 4827 potest,
868 4770 934 4813 cum

81 4852 162 4911 bens
178 4865 236 4924 ipse
251 4855 367 4922 propter
382 4863 412 4906 se
436 4849 636 4920 potiusquam
656 4855 770 4917 propter
781 4859 869 4916 opera
881 4857 936 4902 sua

80 4944 122 5004 sit
135 4941 314 5007 laudandus,
341 4940 485 5011 quomodo
504 4939 581 4995 dicat
600 4938 755 5009 spostolus
776 4950 843 4993 eum
868 4949 935 5007 pro·

82 5039 148 5107 pter
164 5042 321 5102 opere-sua
347 5043 409 5085 esse
432 5027 665 5101 glorilicandum,
697 5025 726 5081 id
749 5032 792 5081 est
807 5023 937 5080 maxima

83 5122 175 5181 laude
193 5118 328 5193 dignum.
355 5119 401 5174 Er
426 5131 456 5175 se
473 5122 532 5188 ipso
548 5116 657 5188 quippe
677 5115 770 5171 bonus
792 5115 837 5170 vel
854 5113 939 5171 laude

83 5211 197 5284 dignus
211 5216 254 5267 est
269 5210 365 5280 potius
381 5220 469 5279 quam
485 5221 522 5263 ex
542 5206 681 5276 operibus
696 5204 766 5272 suis,
780 5211 808 5261 et
824 5211 939 5275 propter

84 5302 187 5377 ipsum
209 5312 298 5372 opera
321 5299 386 5370 ejus
406 5299 501 5369 potius
529 5303 597 5354 sunt
619 5294 766 5352 laudanda
791 5293 836 5354 vel
865 5294 941 5352 bona

124 5479 306 5561 torrem.
323 5475 605 5547 summum.
622 5476 700 5554 ese.-

343 5577 473 5675 rinn,
493 5571 693 5652 cixxtlll.

985 4316 1134 4388 neuquid
1150 4316 1204 4372 hoc
1226 4316 1291 4372 dico
1309 4333 1360 4387 per
1384 4319 1505 4386 gentiam
1521 4334 1581 4387 quae
1602 4318 1670 4374 doto
1694 4325 1734 4375 est
1756 4318 1836 4391 mibi,

986 4407 1015 4465 id
1030 4414 1072 4463 est
1089 4420 1139 4477 per
1162 4405 1367 4477 magisterium
1391 4406 1463 4462 milri
1487 4421 1574 4477 super
1600 4422 1651 4466 vos
1673 4409 1838 4482 injunctum

987 4496 1081 4553 dicere
1105 4495 1259 4565 compellor
1278 4498 1401 4551 omnibus
1430 4499 1479 4567 gui
1503 4503 1567 4552 sont
1582 4499 1656 4552 inter
1669 4512 1727 4566 nos,
1752 4496 1839 4554 idest

988 4587 1066 4657 apud
1093 4595 1193 4658 gentes
1218 4586 1355 4654 contusis,
1387 4601 1478 4657 quare
1501 4587 1663 4657 specialiter
1685 4585 1839 4657 Apostolus

988 4691 1053 4734 sum
1069 4676 1252 4731 destinatus:
1281 4677 1341 4733 Non
1363 4678 1428 4746 pios
1449 4691 1642 4746 superenatent
1661 4682 1777 4748 oportet,
1792 4673 1841 4732 sed

989 4780 1192 4836 supercrescere
1219 4764 1256 4819 cd
1286 4765 1467 4821 sobrietatem.
1500 4768 1549 4822 llle
1580 4768 1655 4837 sapit
1684 4766 1841 4837 plusquam

990 4862 1100 4925 oportet
1115 4854 1167 4925 qui
1188 4854 1337 4924 mulnipsa
1354 4856 1516 4913 nonsolum
1542 4856 1645 4912 notitia
1676 4854 1801 4913 rationis
1823 4866 1842 4910 a

993 4941 1232 5010 bonisdiscernit,
1247 4942 1334 5014 Juxta
1344 4945 1415 5001 illud
1428 4945 1591 5015 philosophi
1604 4961 1638 5000 :n
1656 4944 1720 5001 diali
1735 4945 1843 5016 quippe

993 5033 1096 5087 notitia
1109 5035 1186 5102 justo
1202 5032 1299 5088 deesse
1316 5047 1373 5088 uon
1390 5042 1491 5104 potest,
1509 5053 1524 5082 »
1537 5048 1639 5090 rerum
1660 5034 1746 5091 etiam
1760 5045 1842 5105 expe·

994 5121 1099 5179 rientia
1114 5121 1210 5187 discit,
1226 5122 1388 5177 secuudum
1403 5137 1492 5192 qtiam
1506 5123 1620 5194 lignum
1630 5123 1762 5181 scientim
1776 5119 1846 5181 boni

995 5218 1022 5266 et
1036 5209 1104 5265 maii
1120 5210 1230 5266 dictum
1250 5217 1302 5266 est.
1319 5211 1355 5266 Iit
1378 5211 1425 5267 bic
1446 5211 1563 5283 quidem
1587 5221 1629 5271 est
1655 5226 1770 5283 sensus,
1789 5226 1846 5273 ιι-

996 5300 1062 5369 euti,
1080 5299 1109 5356 id
1124 5306 1166 5356 est
1183 5299 1369 5358 saecularium
1385 5308 1412 5359 et
1435 5302 1598 5361 carnalium
1623 5302 1790 5373 hominum,
1813 5309 1847 5364 ιιι

1558 5576 1601 5645 30
