3804 5962
71 214 124 271 m
534 213 636 274 burm
656 213 845 274 tumulum
864 211 943 273 bru.
962 211 1051 272 PARS
1068 214 1092 271 l.
1112 242 1148 257 -
1166 210 1354 273 EPISTOLAE.
1763 214 1818 268 etl

69 334 334 409 distentoperihus,
348 336 500 413 equaliter
515 336 552 395 ab
567 339 629 409 ipso
648 337 814 410 promereri.
835 337 917 396 Unde
931 335 956 391 l
971 349 1071 397 camur
1097 352 1187 410 qnam
1212 336 1373 395 Christiane
1394 349 1506 408 sapere,
1528 342 1556 394 et
1577 350 1645 394 cum
1667 336 1755 394 iacob
1784 336 1819 393 de

71 426 241 498 quicunque
262 436 330 486 sunt
344 444 411 487 vere
430 428 595 498 Christiani,
618 429 661 484 sic
676 427 726 485 toti
745 428 823 484 circa
845 427 917 484 inte·
971 427 1134 484 domesticis
1152 425 1328 484 animalibus
1345 423 1526 482 relectionem
1551 424 1626 496 patri
1644 423 1817 496 providere?

70 513 177 572 riorem
205 517 352 575 hominem
379 527 448 576 sunt
478 519 622 588 occupati,
650 525 684 575 nt
710 531 777 575 eum
810 516 918 573 scilicet
971 516 1034 574 Non
1053 530 1120 574 cum
1135 516 1213 572 Esau
1231 515 1266 572 de
1285 514 1465 572 silvestribus
1487 527 1587 570 curam
1607 527 1722 571 sumere
1741 514 1815 583 (dea.

69 603 228 662 virtutibus
241 616 353 675 ornent,
370 621 404 665 ac
424 608 503 665 ritiis
515 608 666 674 mundent,
682 615 716 664 ut
730 607 765 664 de
780 601 917 663 exteriori
971 620 1058 674 xxru,
1092 605 1129 677 6),
1162 604 1238 661 etin
1258 603 1452 661 exterioribus
1485 603 1644 672 judaizare.
1683 602 1756 659 ilinc
1791 608 1818 659 et

72 691 183 750 nullam
198 694 243 750 vel
259 695 408 753 minimam
422 704 692 755 assumantcuram.
709 696 827 754 Undeet
842 695 919 765 ipsos
972 695 1044 752 illud
1058 702 1101 752 est
1119 693 1299 751 Psalmistae:
1319 714 1335 744 «
1364 693 1398 748 ln
1413 706 1458 749 mc
1476 699 1545 748 sunt
1573 693 1648 748 bens
1663 697 1729 747 vota
1756 697 1818 756 tua,

73 779 196 849 legimus
214 784 356 852 apostolos
381 784 420 842 ita
444 785 591 844 rusticane
613 794 641 844 et
664 786 744 843 velut
769 784 918 842 inhoneste
973 799 1039 856 quse
1056 785 1106 857 [ol.
1129 784 1215 855 quas]
1243 782 1360 839 reddam
1385 781 1565 838 laudationes
1588 780 1639 837 tibi
1666 780 1753 850 (Psoi.
1772 796 1818 847 nv,

74 867 105 926 in
124 870 184 941 ipso
197 869 285 929 etlam
299 873 412 930 Domini
426 872 566 932 oo'mitatu
579 889 609 932 se
624 873 770 943 habuisse,
791 881 826 930 ut
840 872 919 930 uelut
974 873 1028 946 ιι).
1043 893 1058 924 s
1071 873 1115 930 Ad
1129 873 1183 929 hoo
1195 886 1312 943 quoque
1326 871 1398 928 illud
1411 870 1538 942 adjunge
1552 869 1711 940 poeticum:

70 959 164 1015 omnis
178 963 345 1019 reverentie
366 971 454 1034 atquc
479 964 635 1022 honestatis
655 961 747 1029 obliti,
775 977 842 1020 oum
867 975 919 1033 per
1150 964 1189 1019 Ne
1203 963 1395 1032 tepoasiceris
1408 966 1498 1016 cotra.

69 1053 133 1104 sata
142 1049 296 1107 transirent
310 1050 404 1120 spicas
419 1052 531 1120 vellere,
549 1051 690 1110 labrioare
700 1051 810 1124 (llotth.
825 1066 875 1114 ιιι,
894 1053 919 1130 ι)
1257 1050 1351 1121 (Pons.
1370 1050 1464 1117 Sator.
1479 1063 1497 1115 ι,
1519 1047 1557 1118 7.)

73 1141 101 1193 οι
133 1137 280 1195 comedere
313 1154 391 1198 more
420 1155 576 1211 puerorum
613 1154 671 1199 non
707 1140 918 1198 erubescerent·
975 1138 1064 1196 liulla
1078 1145 1146 1195 sunt
1166 1145 1194 1195 et
1213 1136 1436 1194 innumerabilia
1449 1140 1513 1192 'tarn
1530 1134 1714 1193 saecnlarium
1729 1147 1818 1204 quam

74 1223 133 1282 Nec
148 1224 258 1296 deipsa
288 1229 377 1286 etiam
406 1243 547 1287 manuum
583 1229 739 1295 ablutione,
761 1243 828 1286 cum
842 1228 921 1284 cibos
973 1227 1229 1284 ecclesiasticorum
1257 1226 1408 1283 doctorum
1441 1224 1610 1292 testimonia,
1641 1223 1749 1295 quibus
1787 1237 1820 1278 oa

75 1320 169 1370 essent
192 1317 348 1387 accepturi,
374 1317 508 1376 sollicitos
525 1333 596 1376 csse.
621 1317 687 1387 Qui,
711 1331 777 1374 oum
803 1331 821 1373 a
844 1330 920 1372 non·
975 1330 1042 1386 quae
1056 1323 1123 1372 sunt
1137 1313 1265 1371 exterius
1280 1320 1308 1371 et
1320 1313 1370 1385 [ol.
1390 1313 1439 1385 ex]
1458 1311 1649 1369 indifferentia
1666 1317 1818 1377 vocantur,

75 1400 260 1472 nullisquasi
275 1404 309 1461 de
333 1405 518 1463 immunditia
541 1413 746 1478 arguerentur,
765 1419 813 1461 eos
828 1401 921 1461 Domi·
975 1418 1033 1460 non
1059 1416 1232 1475 magnopere
1259 1402 1389 1458 curanda
1414 1415 1476 1459 esse
1504 1401 1652 1457 docemur.
1684 1398 1819 1469 Alioquin

74 1503 133 1555 nus
142 1504 299 1549 excusans:
318 1495 405 1552 «Non
421 1495 494 1562 lotis,
512 1517 523 1545 ι
540 1495 647 1567 inquit,
663 1514 675 1546 ι
691 1493 828 1552 manibus
842 1507 922 1548 man·
975 1491 1046 1563 legis
1059 1506 1155 1562 opera,
1175 1498 1203 1549 et
1220 1491 1367 1549 servitutis
1380 1490 1454 1562 ejus,
1474 1489 1549 1548 sicut
1573 1490 1613 1545 aii
1634 1490 1743 1556 Petrus,
1769 1488 1821 1543 im·

75 1577 193 1647 ducere,
210 1594 267 1637 non
282 1584 451 1655 coinquinat
473 1584 616 1643 hominem
632 1584 742 1656 (Morti.
759 1599 805 1650 xv,
825 1585 877 1649 18).
906 1602 918 1631 ι
937 1609 958 1662 Β
977 1581 1116 1653 portabile
1125 1581 1230 1652 jugum
1245 1579 1419 1650 evangelica
1440 1578 1562 1637 libertati
1577 1583 1651 1635 esset
1666 1576 1820 1648 praeteren-

77 1665 130 1723 Ubi
144 1674 172 1723 et
190 1669 287 1725 statim
309 1673 481 1743 generaliter
498 1673 611 1745 adjecit,
633 1686 671 1730 ex
694 1671 782 1729 nullis
802 1672 922 1729 exterio·
976 1671 1055 1736 dum,
1071 1678 1099 1727 et
1116 1669 1200 1727 suari
1222 1670 1293 1742 jugo
1317 1668 1432 1731 Christi,
1458 1675 1487 1724 et
1505 1667 1568 1738 ejus
1590 1665 1670 1723 oneri
1693 1664 1758 1720 leri.
1776 1664 1819 1720 Ad

77 1753 158 1812 ribus
176 1756 302 1814 animam
326 1760 474 1832 inquinari
490 1778 499 1833 ;
517 1763 566 1819 sed
588 1776 625 1819 ex
650 1762 695 1818 bis
715 1768 829 1819 tantum
854 1774 921 1830 quae
975 1758 1185 1831 quodquidam
1208 1771 1298 1814 suave
1309 1758 1414 1829 jugum
1434 1763 1462 1813 et
1481 1769 1556 1812 onus
1571 1755 1631 1812 leve
1653 1768 1705 1825 per
1723 1761 1821 1810 semet-

76 1840 920 1923 decordeprodeunt,«quaesunt,»inquitaoogitationes
975 1846 1071 1915 ipsum
1095 1847 1227 1904 Christus
1249 1860 1301 1903 nos
1322 1847 1469 1902 inritans:
1496 1867 1507 1896 ι
1534 1843 1645 1911 Venite,
1672 1865 1687 1894 s
1711 1842 1819 1913 inquit,

75 1932 228 2004 adulteria,
255 1937 410 1996 homicidia
437 1940 529 2010 (ibid,
560 1939 614 2011 ltl),
641 1958 656 1991 s
680 1947 734 1996 etc.
762 1937 822 1995 Nisi
843 1936 920 1993 enirn
975 1956 989 1985 »ι
1007 1936 1209 2006 collaboratis
1233 1942 1261 1991 et
1287 1934 1398 1991 onerati
1419 1933 1490 1991 estis
1516 1935 1626 2006 (Malli.
1650 1946 1690 2001 xr,
1718 1931 1774 1992 iil·
1804 1949 1819 1982 o

75 2020 157 2092 prius
172 2037 263 2093 prava
281 2026 431 2085 voluntate
453 2029 568 2085 animus
589 2034 801 2097 corrumpatur,
822 2038 921 2095 pecca·
975 2025 1055 2082 Unde
1075 2031 1104 2081 et
1120 2024 1272 2094 predictus
1286 2022 1432 2094 apostolus
1447 2023 1587 2095 quosdam
1608 2023 1669 2093 jam
1689 2021 1725 2078 ad
1740 2020 1821 2076 Chri-

76 2113 139 2165 tum
164 2123 226 2167 esse
253 2127 311 2171 non
327 2115 429 2185 poterit
454 2116 595 2188 quidquid
611 2115 739 2174 exterius
764 2122 870 2185 agatem
891 2113 921 2168 in
974 2121 1050 2169 stum
1078 2126 1240 2180 conversos,
1270 2112 1318 2168 sed
1352 2112 1449 2170 adhuc
1476 2126 1564 2182 opera
1594 2112 1664 2183 legis
1696 2109 1821 2168 retinere

77 2212 203 2269 corpore.
221 2201 300 2260 Unde
318 2211 345 2260 et
369 2205 442 2262 hene
456 2205 518 2275 ipsa
546 2219 664 2277 quoque
690 2203 833 2261 adulteria
861 2201 921 2258 sive
974 2208 1121 2259 censentes
1148 2202 1332 2258 vehementer
1354 2201 1524 2274 objurgans,
1548 2201 1622 2258 sicut
1649 2201 1678 2256 in
1703 2198 1822 2255 Actibus

77 2283 231 2345 homicidia
257 2304 294 2347 ex
319 2290 411 2349 'corde
437 2294 587 2363 procedere
619 2293 697 2362 dicit,
722 2306 788 2364 quac
813 2297 840 2348 et
858 2290 921 2345 sine
975 2289 1169 2361 apostolorum
1191 2290 1330 2360 scriptum
1349 2297 1401 2356 est,
1418 2290 1456 2347 ait
1473 2307 1480 2345 :
1497 2312 1508 2341 ‹
1524 2290 1585 2346 viri
1608 2290 1720 2355 iratres,
1750 2285 1821 2357 quid

77 2381 156 2432 tactu
178 2375 228 2448 [αι.
256 2383 400 2455 contactu]
415 2395 568 2452 corporum
596 2389 808 2452 perpetrantur,
836 2380 922 2448 juxta
975 2380 1091 2437 tentatis
1112 2380 1203 2437 Deum
1218 2379 1364 2449 imponere
1377 2379 1483 2451 jugum
1504 2392 1591 2449 super
1613 2378 1753 2435 cervicem
1776 2375 1819 2431 di·

76 2460 172 2518 illud:
195 2464 283 2532 «Qui
306 2467 410 2526 viderit
435 2468 583 2526 mulierem
604 2468 640 2525 ad
664 2466 921 2539 concupiscendam
975 2468 1164 2538 scipulorum,
1195 2468 1273 2539 quod
1297 2482 1392 2540 neque
1415 2475 1512 2538 patres
1539 2468 1629 2524 nostri
1653 2480 1746 2537 neque
1768 2480 1822 2522 nos

26 2548 36 2555 “
76 2561 153 2618 eam,
166 2551 227 2622 jam
241 2554 401 2613 moechatns
414 2557 495 2614 estin
507 2557 592 2614 cordo
606 2571 658 2614 suo
669 2556 778 2628 (Metti.
793 2572 821 2624 v,
836 2555 919 2626 28)·
977 2567 1090 2628 portare
1114 2557 1276 2628 potuimus;
1296 2556 1344 2613 sed
1374 2570 1425 2625 per
1456 2557 1578 2627 gratiam
1610 2556 1722 2611 Domini
1755 2556 1822 2611 iesu

78 2637 137 2694 itt:
163 2656 177 2692 ι
192 2639 291 2698 Omnis
306 2645 355 2713 qui
371 2645 431 2702 odit
455 2645 573 2703 lratrem
602 2660 701 2712 suum,
721 2644 866 2701 homicida
880 2651 923 2700 est
976 2646 1120 2704 credimus
1134 2645 1241 2702 salvari
1264 2644 1509 2716 quemadmodum
1531 2650 1558 2699 et
1579 2643 1640 2699 illi‘t
1654 2664 1669 2693 o
1686 2643 1760 2713 (Act.
1776 2661 1822 2710 xv,

78 2724 103 2797 (Ι
127 2728 206 2782 1⁰⁰tl·
232 2743 271 2793 ¹1¹,
297 2733 353 2802 lll.
383 2753 394 2784 ι
422 2734 458 2790 lit
481 2733 564 2791 tactis
586 2733 630 2791 rel
656 2733 731 2790 laesls
754 2732 924 2804 corporibus
978 2737 1034 2806 ld.)
1061 2735 1142 2791 Etiu
1158 2735 1226 2805 ipse,
1243 2733 1370 2800 obsecro,
1394 2747 1454 2789 non
1469 2731 1560 2787 solum
1582 2731 1702 2798 Christi,
1718 2746 1821 2788 verum

77 2815 197 2874 minime
209 2827 400 2890 peraguntur,
413 2823 530 2893 quondo
542 2822 675 2879 videlicet
689 2833 740 2892 liei
754 2819 922 2877 violentiam
976 2826 1062 2882 etiam
1091 2823 1179 2894 hujus
1205 2821 1332 2878 imitator
1358 2819 1477 2890 apostoli
1503 2818 1671 2874 discretione
1697 2819 1771 2875 sicut
1795 2828 1824 2876 et

61 2904 250 2974 opprimitur
272 2908 381 2979 ³¹i‘lllat
403 2910 447 2967 vel
474 2925 524 2982 per
545 2910 688 2981 iustitiam
704 2915 820 2965 coactus
832 2907 923 2978 iudex
977 2914 1093 2970 nomine
1111 2911 1152 2968 sic
1169 2925 1289 2982 operum
1304 2916 1448 2980 praeoepta
1469 2908 1627 2972 moderare,
1643 2914 1675 2963 ut
1701 2908 1824 2965 infirmae

77 2989 236 3051 interlicere
244 3009 336 3052 reum.
346 2997 464 3056 «Omnis
477 3021 488 3049 ι
499 3000 606 3071 quippo
620 3020 635 3049 «ι
650 2997 824 3058 homicida»
847 2996 921 3052 sicul
977 3002 1112 3060 convenit
1126 3007 1248 3067 naturae,
1264 3004 1292 3056 et
1305 3005 1338 3056 ut
1361 2997 1466 3054 divinae
1485 2996 1579 3053 laudis
1601 2994 1760 3066 plurimum
1775 3012 1824 3053 va·

76 3082 214 3153 scriptum
223 3093 368 3152 eserenon
379 3088 465 3144 habet
474 3095 584 3159 partem
595 3089 625 3144 in
636 3099 724 3158 regno
734 3083 919 3155 Duplici-b·
977 3105 1042 3149 care
1064 3087 1328 3161 possimusoiticiis.
1351 3085 1443 3153 Quam
1464 3086 1579 3156 quidem
1603 3085 1725 3141 hostiam
1748 3094 1826 3142 exte-

77 3169 141 3227 Non
159 3171 258 3242 itaque
273 3189 446 3245 magnopere
465 3192 532 3247 quae
554 3176 637 3241 lluut,
677 3173 726 3231 sed
748 3187 806 3245 quo
826 3174 922 3228 animo
977 3178 1104 3237 rioribus
1138 3177 1274 3235 omnibus
1309 3174 1456 3231 sacrificiis
1493 3174 1652 3245 reprobatis
1688 3175 1826 3231 Dominus

79 3257 422 3332 fl²¹11ll0¹¹³²1¹d¹111108b
449 3265 472 3321 si
494 3264 535 3321 illi
558 3260 844 3334 ulaoeffliludemub
871 3259 921 3331 (tui
978 3266 1192 3332 commendans,
1203 3264 1265 3322 ait:
1293 3286 1307 3315 r<
1322 3263 1350 3320 si
1373 3263 1511 3330 esuriero,
1541 3277 1599 3319 non
1621 3263 1715 3321 dicam
1744 3264 1792 3320 tibi
1817 3280 1823 3319 :

78 3348 173 3405 cordis
187 3357 216 3406 et
239 3365 341 3407 renum
367 3353 501 3423 probator
526 3361 568 3409 est
587 3358 614 3409 et
633 3351 663 3406 in
688 3349 853 3406 abscondito
875 3348 922 3404 vi·
979 3368 1061 3411 meus
1085 3361 1127 3412 est
1146 3353 1222 3410 enlm
1237 3352 1316 3411 orbis
1339 3359 1435 3418 terrae,
1449 3359 1478 3408 et
1493 3351 1642 3422 plenitudo
1661 3353 1732 3424 ojus.
1747 3352 1827 3410 Nun·

79 3436 138 3506 det,
152 3439 203 3509 qui
216 3438 359 3508 judicabit
372 3441 484 3498 occulta
499 3440 660 3497 hominum.
677 3458 693 3489 «ι
718 3437 825 3494 Paulus
849 3438 923 3491 ·in-
979 3443 1050 3515 quid
1075 3442 1258 3500 manducabo
1276 3454 1377 3498 carnes
1398 3447 1560 3503 taurorum,
1585 3449 1635 3497 aut
1653 3442 1825 3513 sanguinem

81 3527 154 3597 quit,
170 3529 356 3586 «secundum
371 3528 562 3600 Evangeliuru
578 3541 674 3585 meum
690 3529 779 3595 (dont.
796 3541 826 3591 ιι,
845 3526 922 3594 46)·
980 3531 1128 3588 hircorum
1148 3531 1252 3602 potabo
1268 3531 1282 3586 l
1306 3531 1427 3586 immola
1451 3530 1509 3586 Deo
1523 3530 1698 3586 sacrificium
1720 3530 1826 3598 laudis,

82 3614 201 3672 ¹1⁰⁰0⁵²
229 3617 388 3674 secundum
417 3631 487 3674 ¹110ae
513 3616 724 3686 lllaedlcsslwnis
752 3615 922 3671 ⁰001siss2m·
979 3628 1008 3677 ct
1023 3621 1109 3677 redde
1134 3619 1280 3677 Altissimo
1306 3625 1373 3676 vota
1396 3624 1457 3685 tua,
1477 3624 1505 3673 et
1529 3618 1633 3675 invoca
1659 3633 1704 3674 me
1728 3620 1758 3675 in
1782 3620 1828 3676 die

82 3704 197 3761 U⁰d001
213 3706 324 3762 m0di⁰²
337 3704 434 3762 Vldllae
447 3705 562 3773 0b¹³li⁰s
578 3718 645 3776 (lllffi
660 3703 714 3759 [¹¹5²
728 3701 785 3758 (1¹1⁰
801 3701 922 3769 minuta,
982 3706 1185 3774 tribulationis,
1199 3714 1340 3765 eternam
1357 3715 1393 3774 te,
1416 3714 1443 3763 et
1463 3706 1666 3764 honorificabis
1680 3721 1725 3763 me
1741 3705 1827 3777 (Psoi.

81 3792 109 3848 id
130 3799 173 3850 est
189 3795 338 3863 quadrans
358 3795 454 3862 (dioro.
481 3808 532 3860 ru,
561 3794 616 3863 lh),
645 3792 777 3849 omnium
801 3790 925 3847 divitum
981 3813 1051 3864 mx,
1067 3796 1121 3870 tn).
1139 3817 1154 3846 ι
1178 3796 1237 3854 Noc
1261 3796 1289 3852 id
1313 3795 1429 3866 quidem
1452 3796 1491 3852 ita
1512 3794 1671 3865 loquimur,
1699 3802 1729 3852 ut
1752 3795 1830 3851 labo

81 3881 275 3940 oblationibus
289 3882 409 3952 copiosis
424 3883 543 3951 praelata
557 3888 599 3938 est
614 3881 650 3937 ah
665 3880 714 3936 illo
729 3879 777 3936 cui
800 3878 923 3935 dicitur:
982 3900 1042 3942 rem
1058 3899 1176 3955 operum
1200 3883 1393 3954 corporalium
1409 3897 1591 3954 respuamus,
1616 3897 1684 3940 cum
1709 3885 1832 3939 necessi.

81 3990 97 4021 «
121 3970 266 4027 Bonorum
291 3983 420 4026 meorum
439 3984 497 4026 non
520 3984 586 4042 eges
608 3969 690 4037 (Psoi.
714 3982 759 4035 xr,
781 3967 853 4036 3)»
879 3966 926 4022 cui
984 3981 1026 4031 tas
1047 3974 1242 4044 postulaverit.
1259 3971 1311 4029 Sed
1332 3986 1369 4029 ne
1396 3974 1450 4028 ista
1473 3985 1581 4043 magna
1603 3980 1739 4042 putemus
1762 3987 1830 4042 qrrae

82 4057 175 4128 magis
189 4056 295 4114 oblatio
315 4072 352 4115 cx
367 4056 503 4115 offerente
523 4071 612 4129 quarn
636 4055 760 4113 ollerens
785 4055 875 4124 placet
890 4068 927 4111 ex
983 4063 1094 4133 corpori
1125 4061 1264 4124 serviunt,
1299 4067 1328 4117 et
1363 4059 1450 4117 olllcii
1485 4059 1576 4116 divini
1608 4061 1829 4117 celebrationem

82 4144 236 4212 oblatione,
251 4147 326 4203 siout
345 4146 484 4216 scriptum
505 4154 569 4203 est:
596 4164 610 4196 a
634 4144 765 4214 Respexit
788 4144 928 4199 Dominus
983 4150 1165 4222 praepediunt
1186 4149 1235 4222 [ot.
1258 4149 1440 4221 impediunt],
1459 4149 1617 4219 presertim
1632 4163 1697 4206 cum
1722 4164 1758 4206 ex
1773 4163 1832 4206 au·

82 4233 119 4288 ad
132 4231 213 4295 abel,
232 4241 260 4289 ot
275 4232 312 4288 ad
333 4247 455 4290 munera
475 4235 539 4305 ejus
553 4233 629 4303 (uon.
644 4248 682 4294 ιν,
697 4232 764 4300 ut.»
787 4231 823 4288 Ut
846 4230 928 4288 vido·
985 4240 1115 4297 ctoritate
1138 4237 1294 4310 apostolica
1318 4236 1348 4293 td
1368 4237 1511 4308 precipue
1541 4237 1652 4293 devotis
1684 4236 1830 4294 indultum

82 4318 147 4377 Ῐῑῢθ)
170 4319 251 4390 prius
275 4320 455 4378 dsslfflfiffllflffl
478 4322 623 4379 Offelesslii
643 4319 803 4389 inslloefflb
828 4328 856 4377 et
886 4301 966 4376 ⁸10⁰
982 4330 1019 4387 sit
1050 4329 1165 4385 leminis
1197 4334 1230 4385 ut
1259 4327 1360 4384 alienae
1394 4324 1604 4397 procurationis
1631 4331 1833 4381 sustententur

81 4422 119 4466 ⁰¹
141 4408 211 4480 5⁹⁸⁰·
231 4410 279 4479 [ab
297 4409 369 4481 ipsa]
384 4410 493 4468 d⁰ssllffl
511 4411 641 4467 ⁰b¹²¹ll¹¹¹
660 4416 776 4480 gratum
798 4408 924 4466 haberet.
982 4418 1075 4476 cilicio
1097 4417 1190 4488 magis
1210 4429 1298 4488 quam
1320 4416 1356 4473 de
1378 4429 1463 4484 opere
1483 4414 1591 4484 proprii
1614 4413 1727 4471 laboris.
1750 4414 1833 4471 Unde

82 4497 152 4565 ouo
172 4497 290 4569 coruom
309 4499 397 4555 animi
414 4500 526 4557 devotio
544 4508 623 4556 tanto
646 4497 780 4568 bajoria
796 4498 853 4554 noo
873 4497 928 4553 ba·
982 4505 1213 4562 adrimeticum
1229 4502 1337 4559 uanius
1356 4518 1363 4558 :
1387 4521 1402 4551 «
1418 4501 1447 4557 st
1472 4502 1539 4573 quis
1563 4501 1655 4559 noetis
1677 4502 1762 4559 nabo
1788 4500 1834 4557 vr-

81 4586 177 4655 betur,
192 4595 302 4658 quanto
323 4588 352 4643 in
365 4587 558 4644 exterioribus
572 4603 638 4659 quae
651 4589 721 4649 llaut
740 4590 839 4648 minus
860 4605 926 4648 coo-
983 4595 1067 4656 duas,
1093 4592 1290 4650 subministret
1315 4589 1381 4659 illis,
1400 4598 1428 4647 et
1450 4604 1508 4647 non
1532 4599 1671 4662 gravetur
1694 4590 1832 4646 Ecclesia.

85 4677 208 4733 ildimus.
235 4677 317 4734 Unde
345 4682 373 4732 et
391 4676 541 4746 apostotos
566 4686 628 4748 post
651 4693 832 4737 communem
847 4681 928 4737 oibo-
984 4688 1017 4738 ut
1040 4681 1085 4738 his
1106 4694 1172 4752 qua
1195 4679 1291 4736 viduae
1309 4684 1378 4735 sunt
1402 4676 1528 4735 sufliciat
1547 4679 1573 4750 (l
1599 4681 1668 4734 Τιίη.
1693 4693 1721 4746 v,
1749 4676 1833 4748 idle

81 4776 150 4821 rum
166 4764 386 4836 indulgentiam,
415 4765 532 4836 dequa,
567 4775 703 4838 utsupra
729 4768 925 4832 meminimus,
985 4768 1075 4826 Veras
1096 4769 1204 4840 quippe
1224 4767 1329 4823 viduas
1347 4766 1418 4824 dicit
1434 4781 1628 4839 quascunque
1652 4766 1765 4824 Christo
1788 4766 1836 4823 de

85 4851 233 4909 Timotheo
258 4853 368 4921 scribit,
400 4854 435 4910 de
464 4853 601 4911 exercitio
631 4869 748 4927 quoque
775 4855 930 4927 corporalis
984 4864 1074 4925 votas,
1107 4857 1216 4928 quihus
1251 4870 1310 4912 non
1343 4857 1439 4914 solum
1472 4863 1604 4913 mortuus
1640 4862 1692 4923 cst,
1728 4869 1832 4912 rerum

84 4939 192 4997 laboris
205 4940 351 5011 adiunxit,
369 4943 491 5000 dimne:
521 4964 536 4993 ι
562 4943 781 5001 ilreroeautcm
804 4943 927 5014 teipsum
983 4953 1012 5004 st
1037 4945 1164 5003 mundus
1188 4945 1347 5003 crucifixus
1374 4954 1426 5014 est,
1454 4953 1483 5003 et
1510 4945 1578 5015 ipsa
1605 4945 1725 5002 mundo.
1754 4943 1835 5009 Quas

83 5027 120 5085 ad
143 5029 286 5099 pictatem.
310 5029 383 5087 llam
407 5031 566 5101 corporalis
585 5031 750 5089 exercitatio
771 5031 928 5088 admodum
984 5042 1059 5092 recte
1078 5035 1113 5091 de
1137 5034 1293 5105 dispendiis
1316 5034 1450 5092 Ecclesia
1476 5041 1618 5105 tanquam
1646 5034 1681 5090 de
1705 5032 1837 5103 propriis

84 5115 164 5174 utilis
184 5122 235 5172 est.
261 5116 353 5173 Pietas
375 5127 472 5176 autern
499 5119 657 5176 adomnia
681 5120 760 5177 utilis
787 5127 838 5188 est,
865 5134 929 5192 pre·
983 5122 1078 5192 sponsi
1101 5123 1148 5180 sui
1170 5122 1328 5181 redditibus
1352 5121 1508 5181 sustentari
1532 5122 1676 5178 convenit.
1702 5121 1784 5180 llnde
1809 5127 1838 5178 et

83 5204 247 5262 missionem
275 5204 385 5263 babens
400 5207 465 5263 vitas
492 5221 559 5278 quae
577 5221 658 5265 nunc
685 5216 736 5276 est,
765 5216 793 5266 et
820 5208 928 5267 lutura
985 5211 1123 5268 llominus
1148 5210 1207 5281 ipse
1227 5212 1313 5268 matri
1337 5225 1400 5269 sna
1423 5217 1641 5281 procuratorem
1671 5209 1836 5280 apostolum

85 5293 110 5360 (l
133 5293 202 5346 Tim.
225 5293 305 5363 rr,7)
324 5310 332 5360 ;
349 5317 364 5345 a
387 5295 525 5365 quoniam
541 5295 708 5365 piamentis
730 5296 931 5354 inlleumde·
983 5301 1078 5371 potius
1110 5312 1201 5371 qnam
1232 5300 1329 5356 virum
1355 5301 1420 5370 ejus
1451 5298 1583 5370 previdit
1615 5298 1666 5373 [ot.
1699 5295 1841 5371 providit]

85 5379 173 5448 votio,
188 5387 217 5437 et
232 5380 279 5437 hic
292 5381 329 5436 ab
345 5380 404 5450 ipso
419 5385 727 5451 mereturneoessaria,
742 5392 770 5443 et
785 5386 815 5443 in
830 5385 930 5445 luturo
984 5388 1074 5461 (loon.
1101 5401 1162 5455 xrs,
1186 5387 1231 5458 ιιι)
1258 5395 1287 5445 et
1311 5386 1430 5459 apostoli
1459 5393 1566 5457 septem
1594 5388 1731 5446 diaconos
1759 5387 1835 5458 (hot.

84 5477 233 5540 perpetua.
249 5470 360 5540 Quibus
374 5471 492 5543 quidem
505 5471 683 5535 documentis
696 5475 767 5550 quid
782 5476 863 5537 eliud
875 5477 930 5536 do·
983 5492 1021 5542 vr,
1046 5476 1084 5551 tt),
1101 5475 1131 5536 id
1152 5483 1195 5535 est
1217 5474 1350 5535 Ecclesia
1373 5476 1530 5544 ministros,
1547 5478 1598 5550 qni
1614 5476 1726 5535 devotis
1740 5477 1834 5534 mini-
