3804 5962
1620 30 1778 38 ἡ

380 201 561 262 expostulo
580 204 617 260 IN
639 203 748 262 uulsi.
770 204 875 262 PAULI
895 205 942 260 ΑΙ]
961 205 1045 263 noll.
1068 237 1097 247 -
1117 208 1181 264 utu.
1201 207 1251 267 tlt.
1624 216 1677 271 902

79 335 213 401 ,propter
227 329 427 387 inhabitantem
440 331 585 402 spiritum,
600 331 683 390 idest
699 336 785 402 prout
799 328 825 386 a
838 345 948 387 comem
961 331 1064 404 (duint.
1080 348 1111 401 v,
1130 333 1184 406 lt),
1211 335 1241 392 id
1261 341 1303 394 est
1319 336 1393 393 ratio
1408 337 1505 395 curnis
1518 339 1683 411 suggestio-

79 420 247 477 reverentiae
263 420 382 489 spiritus
396 421 511 490 Christi,
530 422 582 494 qui
602 421 632 477 in
655 420 783 491 corpori·
838 433 889 476 nes
912 422 1080 491 reprimens,
1096 436 1133 479 ne
1156 422 1266 481 scilicet
1289 426 1441 496 usquead
1467 441 1555 498 opera
1583 442 1683 499 proce·

90 510 175 581 quasi
199 510 228 564 in
254 510 358 580 templo
379 510 439 581 iam
463 510 575 567 habitat
598 519 626 567 et
651 509 782 581 quiescit,
838 507 918 566 dant.
933 510 969 566 Et
991 509 1143 568 Salomon:
1172 514 1269 568 Melior
1293 519 1343 582 est,
1370 514 1476 586 inquit,
1493 519 1604 587 patens
1625 521 1684 574 niro

96 597 160 668 eius
186 597 309 670 gratiam
345 599 483 669 repressis
507 598 650 656 mortibus
682 612 784 655 carna·
836 598 917 667 sord,
942 600 1031 669 etqui
1048 600 1207 657 dominatur
1230 607 1320 658 animo
1344 617 1403 671 suo,
1427 611 1615 675 expugnatore
1637 623 1684 663 ur·

838 685 912 740 bium
927 686 1011 758 (Psoi.
1026 702 1088 757 xvi,
1102 689 1159 761 32).

79 790 140 834 trra
157 783 200 832 εει
214 775 344 847 quaestio,
357 789 424 832 cum
438 775 710 834 divinasubstantia
723 777 784 833 hu·
873 777 1031 844 Quicunque
1046 780 1126 834 euim.
1143 778 1227 848 Beue,
1250 780 1383 851 inquam,
1400 781 1512 852 vivetis,
1529 783 1553 840 si
1580 785 1684 855 spiritu

79 866 121 924 ibi
146 866 177 922 in
192 879 281 921 unam
301 864 406 922 Christi
422 881 573 936 personam
589 865 782 938 conjunxerit,
837 862 944 921 scilicet
962 865 1038 922 lacta
1052 866 1147 923 earnis
1162 867 1414 937 mortificaveritis,
1431 871 1502 941 quia
1513 872 1683 944 quicunque

79 973 83 1011 l
99 955 135 1011 sit
151 954 267 1025 penitus
281 956 372 1011 Patris
387 963 414 1011 et
430 955 493 1012 Filii
507 964 534 1013 et
553 955 677 1027 Spiritus
691 955 783 1012 sancti
836 961 968 1024 aguntur
982 955 1077 1024 potius
1092 969 1182 1026 quam
1205 963 1363 1028 coguntur,
1383 957 1413 1014 id
1435 967 1478 1016 est
1501 973 1600 1018 amore
1619 962 1681 1019 alli-

79 1059 100 1101 a
116 1044 278 1112 individua,
295 1057 349 1100 cur
366 1042 456 1101 Filius
475 1045 570 1115 potius
587 1058 677 1116 quam
698 1047 783 1102 Pater
836 1041 1487 1117 ciunturmagisquamtimorecompelluntur.
1500 1048 1608 1120 Spiritu
1621 1043 1680 1106 lieiss

79 1141 123 1190 tus
155 1140 275 1189 sauctus
296 1132 410 1190 dicatur
437 1133 615 1202 incarnatus,
643 1133 687 1191 vel
715 1147 781 1190 cum
837 1130 902 1188 Filii
917 1140 988 1188 sunt
1007 1132 1057 1189 uei
1073 1133 1273 1205 potiusquam
1284 1136 1371 1206 servi,
1387 1136 1416 1192 id
1430 1145 1473 1195 est
1489 1152 1540 1208 per
1554 1152 1680 1197 amorem

79 1221 256 1278 aTrinitatis
276 1221 411 1291 indivisa,
433 1223 567 1280 videlieet
581 1230 614 1280 ut
638 1222 783 1294 quidquid
836 1219 863 1276 ei
882 1220 975 1293 magis
1004 1234 1094 1293 quam
1122 1235 1173 1293 per
1200 1222 1331 1280 timorem
1357 1224 1489 1297 subjecti.
1510 1229 1680 1285 Nonacrim.

79 1325 213 1368 sonarum
235 1312 304 1368 lacit
321 1317 354 1369 'et
376 1320 486 1368 caeterae
501 1310 619 1380 iaciant,
638 1310 782 1382 quomodo
835 1310 877 1366 Ac
889 1309 913 1366 si
928 1310 1035 1382 aliquis
1053 1317 1219 1382 quareret:
1244 1311 1372 1371 liabetne
1387 1314 1463 1373 Deus
1484 1315 1582 1388 plures
1597 1318 1680 1386 lilios,

79 1414 152 1458 nem
175 1403 363 1472 assumpsisse
378 1401 496 1472 dicitur,
514 1409 541 1459 et
555 1416 614 1458 non
628 1402 713 1458 Pater
731 1407 782 1456 aut
836 1412 902 1456 cum
921 1401 986 1471 ejus
1009 1401 1184 1473 Unigenitus
1199 1401 1315 1460 dicatur
1338 1404 1494 1462 Christus?
1510 1406 1681 1479 Respondet,

102 1491 152 1547 sed
176 1491 230 1547 hoc
249 1504 286 1547 ex
309 1491 492 1563 Atropologia
514 1490 550 1563 [t.
565 1490 783 1562 Antropologia]
836 1489 922 1546 hahet
938 1489 1055 1561 quidem
1069 1490 1179 1563 plnres,
1200 1491 1250 1549 sed
1264 1506 1316 1563 per
1339 1493 1533 1567 adoptionem,
1552 1511 1611 1554 non
1630 1511 1682 1569 per

79 1587 176 1638 statur.
192 1581 269 1649 Ergo
284 1582 399 1648 tratres.
426 1581 666 1654 Quandoquidem
685 1581 781 1652 quiin
836 1580 982 1635 naturam.
1000 1579 1076 1645 Quia
1088 1587 1116 1637 et
1139 1595 1191 1638 vos
1204 1582 1259 1652 ipsi
1274 1582 1409 1652 spiritum
1423 1584 1587 1656 adoptionis
1601 1601 1681 1645 acce·

79 1678 100 1726 lt
115 1671 173 1726 lieo
189 1670 301 1740 placere
316 1685 374 1727 non
389 1679 519 1743 possunt,
530 1685 666 1743 ergonon
679 1683 781 1727 sumus
796 1716 819 1778 B
836 1667 929 1737 pistis,
948 1669 977 1725 in
992 1683 1052 1740 quo
1067 1670 1236 1728 efficiuntur
1250 1671 1305 1728 diii
1320 1673 1378 1729 liei.
1400 1674 1481 1732 Unde
1495 1682 1522 1731 et
1537 1675 1596 1747 ipse
1611 1676 1681 1733 alibi

88 1760 181 1826 carni,
198 1759 226 1815 id
249 1768 291 1816 est
306 1760 454 1817 desideriis
477 1761 644 1817 carnalibus
665 1761 781 1818 obedire
836 1756 925 1813 dicit:
944 1756 1021 1823 Quod
1035 1759 1156 1815 chorites
1172 1762 1223 1816 liei
1245 1761 1351 1831 diffuso
1373 1767 1413 1818 est
1435 1765 1467 1819 in
1485 1764 1610 1821 eordious
1631 1782 1681 1822 no-

79 1863 169 1919 emus,
203 1847 273 1920 quia
304 1849 377 1905 niuil
401 1850 540 1920 cuiquam
563 1858 663 1907 contra
688 1850 781 1906 Deum
834 1847 901 1901 stris
912 1862 963 1917 per
986 1848 1121 1918 Spiritum
1135 1854 1260 1906 sunctum
1274 1852 1322 1918 qui
1339 1852 1423 1908 dotus
1442 1857 1483 1909 est
1501 1854 1577 1910 nobis
1594 1857 1679 1926 (Rom.

79 1939 149 2009 ,qui
164 1937 251 1994 etiam
272 1946 388 2009 propter
412 1940 502 1995 Deum
527 1940 653 1995 animam
675 1953 781 2010 ponere
833 1949 863 2003 t.
897 1937 936 2008 5).
966 1935 1090 2009 Spiritus
1111 1938 1211 2010 itaque
1235 1940 1399 2012 adoptionis
1432 1941 1540 2000 donum
1574 1944 1681 2002 dicitur

79 2041 178 2084 remur.
196 2029 254 2083 lloo
277 2027 430 2084 saeculares
444 2028 594 2084 attendant
618 2035 779 2100 potestates,
834 2025 993 2094 charitatis,
1009 2041 1061 2097 per
1084 2028 1162 2099 quod
1186 2028 1391 2099 adoptamnra
1411 2031 1468 2088 lieo
1491 2032 1521 2088 in
1546 2032 1631 2090 filios.
1647 2035 1681 2090 ln

78 2116 115 2173 ihi
133 2117 239 2173 scilicet
263 2117 434 2186 asubjectis
455 2117 647 2174 obedientiam
672 2116 778 2184 deberi,
835 2128 897 2183 quo,
910 2114 1020 2172 scilicet
1033 2115 1147 2187 spiritu,
1172 2116 1257 2174 idest
1277 2117 1307 2174 in
1323 2119 1499 2189 prolessione
1511 2128 1540 2179 et
1551 2124 1682 2196 recogni-

79 2204 140 2277 iuid
170 2206 248 2276 quod
278 2207 354 2262 Deus
381 2206 513 2276 prohihet
534 2206 575 2262 eis
607 2206 778 2284 injungunt,
834 2203 1012 2275 tioneouius
1039 2205 1116 2274 doni,
1146 2219 1199 2262 nos
1217 2206 1253 2263 ad
1281 2208 1438 2266 Dominum
1457 2212 1606 2268 clamamus
1620 2213 1680 2284 iin-

79 2293 128 2350 dde
145 2294 191 2350 vel
206 2301 386 2351 sacramento
400 2309 449 2352 eos
468 2295 522 2351 sihi
536 2295 567 2351 in
586 2295 641 2352 hoc
659 2296 778 2353 astrixe-
805 2345 810 2353 ,
834 2298 920 2361 tante,
941 2299 1029 2365 atque
1052 2294 1232 2352 exsultanter
1258 2295 1408 2364 dicimus,¹
1423 2298 1511 2369 Abba,
1532 2302 1623 2370 Pater,
1651 2301 1680 2357 id

79 2383 178 2438 scilcet
199 2399 307 2438 comem
320 2389 449 2440 uestram.
472 2385 599 2455 Exponit
619 2384 696 2456 quod
711 2398 779 2454 pro·
832 2388 955 2439 osteum
978 2383 1076 2454 potius
1095 2383 1265 2454 prolitemur
1291 2398 1352 2441 esse
1366 2386 1481 2443 Patrem
1509 2401 1600 2459 quam
1620 2390 1680 2446 lio-

80 2473 182 2528 omodo
206 2473 338 2529 videlicet
356 2473 576 2543 intelligendum
597 2474 633 2530 sit
653 2487 706 2531 uos
721 2487 779 2530 non
833 2472 958 2539 minum,
974 2485 1072 2543 acper
1095 2473 1148 2529 hoc
1174 2487 1227 2529 nos
1251 2475 1347 2544 potius
1370 2474 1444 2532 lilios
1467 2490 1558 2547 quam
1582 2492 1680 2536 servm

79 2562 252 2630 toresearni,
270 2576 305 2618 ne
320 2563 391 2618 lorte
404 2562 458 2619 hoc
472 2562 580 2633 aliquis
593 2562 628 2619 de
642 2564 780 2620 substan·
832 2562 1075 2632 reeognoscimus.
1099 2561 1145 2619 Sic
1167 2562 1245 2619 enim
1273 2570 1301 2620 et
1326 2562 1439 2622 Veritas
1467 2565 1496 2622 in
1519 2567 1679 2640 Evangelio

79 2664 93 2706 s
117 2650 227 2708 dictum
251 2652 402 2722 acciperet,
425 2652 474 2708 cni
495 2652 614 2723 quidem
638 2652 780 2709 debitores
832 2647 1000 2720 frequenter
1014 2649 1112 2707 docuit
1137 2665 1190 2707 nos
1213 2650 1322 2708 scilicet
1346 2653 1439 2710 Deum
1455 2655 1550 2725 potius
1574 2669 1680 2714 vocare

79 2747 193 2796 rantum
218 2741 254 2797 ad
278 2741 469 2798 necessariam
491 2741 555 2813 eius
575 2755 676 2798 curam
691 2741 779 2812 perti·
833 2737 946 2795 Patrem
968 2752 1058 2809 quam
1079 2739 1245 2806 Dominum,
1265 2748 1298 2796 ut
1320 2754 1356 2796 ex
1379 2741 1434 2798 hoe
1448 2756 1565 2814 quoque
1590 2744 1626 2800 ad
1645 2745 1679 2799 fi·

79 2836 132 2886 ctu
147 2829 278 2886 videlicet
295 2837 322 2887 et
336 2831 453 2899 vestitu,
471 2838 503 2887 ut
519 2831 580 2887 haec
593 2831 619 2887 ei
633 2831 777 2888 ministre·
832 2825 929 2882 lialem
952 2840 1005 2883 nos
1027 2826 1193 2884 hortaretur
1215 2827 1431 2898 subiectionem.
1455 2831 1536 2888 Unde
1557 2839 1584 2888 et
1612 2846 1677 2891 cum

79 2933 94 2975 e
120 2927 252 2990 estergo
276 2934 309 2976 ae
334 2919 479 2976 sidicat:
502 2921 563 2976 Non
591 2934 703 2987 sumus,
732 2919 777 2976 in·
831 2914 912 2971 illam
944 2914 1095 2987 discipulis
1119 2916 1299 2986 spiritualem
1332 2919 1456 2975 traderet
1484 2920 1677 2978 orationem:

79 3008 189 3065 tbitores
204 3009 298 3076 carni,
314 3009 354 3065 ita
367 3016 400 3066 ut
422 3009 582 3065 secundum
599 3022 717 3066 carnem
732 3008 775 3065 vi·
793 3007 816 3067 (l
832 3000 955 3066 Oratio&
978 3000 1085 3071 inquii,
1102 3000 1193 3069 diditi,
1219 3004 1302 3058 Pater
1326 3008 1427 3074 noster,
1451 3008 1499 3071 ‘itti
1525 3019 1552 3060 et
1580 3007 1610 3061 in
1630 3021 1678 3062 ctu

81 3103 125 3153 oei
145 3097 175 3151 in
195 3110 291 3164 capno,
315 3097 344 3153 id
369 3104 412 3153 osi
436 3104 468 3154 ui
485 3097 614 3154 carnalia
636 3105 779 3155 sooiomur
832 3090 877 3158 lis,
892 3090 945 3146 liic.
962 3088 1072 3161 (Mami.
1089 3104 1128 3159 Vl,
1154 3091 1192 3163 9).
1213 3091 1294 3149 Unde
1312 3092 1385 3150 bene
1404 3093 1679 3152 abbatesmollasie·

79 3185 133 3242 ‚Si
155 3187 237 3254 enim,
257 3185 347 3242 idest
372 3187 518 3243 nonestis
540 3187 661 3244 obnoxii
684 3186 776 3255 carni,
832 3179 942 3236 riorum
955 3178 1053 3236 Patres
1080 3178 1215 3248 dicimus,
1240 3187 1273 3239 ut
1298 3195 1335 3239 ex
1361 3181 1422 3252 ipso
1446 3183 1562 3241 nomine
1585 3186 1678 3256 magis

92 3273 254 3330 obediencia
269 3288 320 3330 vos
337 3273 497 3331 damnaret,
521 3275 557 3331 Ec
572 3275 625 3331 1100
652 3283 703 3344 est,
723 3291 778 3330 me
831 3267 925 3323 amari
939 3274 1080 3340 tanquam
1102 3277 1207 3340 patres,
1229 3284 1319 3340 quam
1343 3271 1439 3329 timeri
1461 3280 1602 3344 tanquam
1624 3273 1677 3330 do-

78 3361 105 3418 id
128 3370 169 3419 est
189 3370 310 3419 mortem
331 3362 446 3430 animae,
469 3377 537 3434 quae
557 3368 599 3420 est
618 3370 777 3435 peccatum,
831 3357 905 3413 mini
923 3365 1020 3428 aperte
1042 3359 1264 3417 admoneantur.
1291 3360 1467 3430 Clamamus,
1494 3362 1601 3434 inquit,
1626 3376 1678 3419 nos

79 3464 86 3507 t
112 3451 137 3507 ei
161 3452 374 3521 consentiendo,
404 3453 429 3508 si
464 3466 498 3507 ea
526 3453 693 3510 stimulante
720 3469 778 3510 nou
831 3445 943 3504 Hebiaei
957 3447 1048 3515 Abba,
1072 3461 1125 3504 11⁰⁸
1139 3462 1176 3504 0¹
1192 3448 1329 3520 dentibus
1350 3452 1442 3519 Pater,
1460 3465 1527 3508 cum
1543 3450 1607 3521 11⁰⁰,
1623 3452 1677 3509 8οῑ-

100 3541 216 3612 potesois
243 3541 433 3599 reluctemini.
455 3543 486 3599 st
509 3547 601 3598 autem
620 3545 732 3612 spiritu,
750 3543 777 3599 ld
831 3534 896 3592 licet
912 3550 1015 3593 nomen
1028 3537 1064 3593 sit
1079 3536 1231 3593 Hebraeum
1245 3538 1305 3594 sive
1320 3538 1424 3609 Syrum
1435 3554 1445 3610 ;
1457 3539 1529 3598 illud
1544 3540 1676 3598 Graecum

89 3631 188 3701 aliquo
208 3631 314 3687 divinae
338 3631 439 3702 gratiae
460 3632 553 3702 magis
572 3646 662 3702 qnam
682 3641 778 3689 vestra
830 3624 891 3681 sive
907 3624 1244 3697 latinumlngustinus
1258 3627 1290 3683 in
1299 3628 1424 3697 Epistola
1432 3630 1469 3685 ad
1481 3630 1675 3702 Galatasit8):

79 3720 283 3782 ortitienoeritis
303 3722 380 3788 suctu
401 3724 500 3787 comis,
527 3722 552 3777 si
574 3721 706 3778 nondum
728 3736 778 3793 pc·
831 3732 846 3764 ‹
865 3713 1057 3782 nocemur,
1070 3715 1129 3771 (¹¹1⁰
1143 3715 1317 3782 susslvilbae
1333 3729 1400 3787 quae
1416 3717 1523 3786 immite
1539 3725 1572 3775 11²
1586 3727 1677 3790 90510·

79 3810 235 3882 igestiones
267 3810 428 3880 exstirpare
454 3810 580 3881 potestis,
619 3812 732 3867 Videtis.
746 3812 776 3883 ili
829 3802 905 3860 riore
929 3804 1133 3873 interpretetur
1148 3804 1296 3874 primumn
1314 3803 1387 3861 Nam
1412 3805 1466 3862 11⁰⁰
1492 3807 1575 3864 Abba
1598 3808 1677 3879 qnod

95 3912 165 3955 vera
183 3900 287 3955 animae
308 3900 378 3968 vita,
402 3901 462 3956 sive
483 3900 532 3956 hic
556 3901 585 3956 in
607 3901 774 3970 virtutibus,
831 3898 920 3961 βὸῐθΐ»
947 3898 1062 3962 limites
1082 3892 1254 3948 universum
1276 3891 1426 3962 populum,
1442 3895 1494 3964 qui
1516 3894 1551 3951 (Ῐθ
1569 3895 1677 3952 Judaeiss

79 3995 160 4045 terna
175 3988 364 4056 tentitudine,
381 3988 455 4046 laen
471 3989 695 4058 mortificantur,
711 3997 776 4046 un-
830 3987 857 4036 et
872 3979 1007 4052 geneses
1033 3986 1152 4037 vocatus
1166 3987 1227 4050 est;
1251 3986 1281 4037 ut
1312 3980 1465 4038 neeraeum
1493 3982 1616 4040 vernum
1639 3984 1676 4040 ad

79 4077 211 4134 iai-vuius
232 4077 262 4132 in
282 4085 364 4134 uioso
379 4087 534 4149 oonoopiug
550 4086 706 4150 aniequam
722 4093 776 4136 na.
829 4071 954 4138 Jlfflfflffi,
968 4068 1100 4127 Graeltum
1112 4069 1148 4125 ad
1168 4077 1266 4141 gemes
1284 4070 1433 4140 βθΓῑῘΠθῧῐ.
1452 4091 1466 4121 n
1484 4070 1562 4128 Idem
1578 4071 1627 4128 llb.
1643 4087 1676 4129 111

79 4166 262 4238 stinguatur,
288 4166 358 4222 dum
381 4167 456 4223 mala
481 4183 547 4239 qnae
567 4175 662 4225 mente
683 4168 776 4225 conci·
829 4159 1020 4216 deconsensn
1034 4158 1279 4231 evangelistarum
1293 4158 1363 4232 (79).
1384 4161 1519 4218 ‹lloeest
1534 4160 1675 4218 annalio-

79 4269 87 4312 ε
111 4269 203 4325 usque
227 4255 263 4310 ad
291 4269 378 4325 opera
407 4257 546 4327 prodeant
571 4258 773 4328 praevenimus,
791 4290 814 4347 D
831 4248 927 4305 braice
942 4247 1072 4320 quodest
1085 4248 1181 4305 Latine
1196 4248 1288 4305 Pater.
1303 4249 1528 4320 »llaymosnper
1543 4251 1622 4308 liuuc
1634 4249 1673 4308 lo-

79 4344 110 4401 iis
138 4350 282 4415 quonium
313 4358 466 4414 possumus
493 4347 672 4403 occasionem
695 4347 776 4404 auso.
831 4353 897 4396 cum
913 4338 988 4410 (80):
1005 4337 1112 4396 «Abba
1127 4338 1279 4396 Hebraeum
1294 4346 1336 4395 081
1345 4346 1371 4395 θῑ
1382 4337 1498 4410 Syrum,
1512 4340 1673 4398 Palel'Grae·

79 4441 123 4490 gui
138 4434 279 4505 scriplum
303 4441 345 4490 esi
359 4451 365 4487 ;
381 4436 481 4490 Beatus
503 4438 552 4506 qm·
567 4436 674 4503 emeno,
689 4441 715 4492 o
735 4439 774 4494 ai.
831 4442 896 4485 cum
908 4437 936 4485 et
948 4427 1094 4485 Latinum.
1107 4427 1270 4485 Proevidens
1286 4442 1355 4500 ergo
1368 4429 1522 4499 Apostolus
1537 4437 1675 4501 utrosque

79 4523 140 4580 ulos
162 4539 224 4578 suos
250 4522 288 4578 od
307 4527 417 4592 petram
437 4523 525 4595 (Psoi.
547 4538 669 4592 cxxxvi,
693 4525 732 4598 9),
748 4526 776 4583 id
831 4517 951 4590 populos
967 4517 1004 4574 ad
1028 4517 1111 4574 tidem
1138 4517 1322 4589 colligendos,
1352 4517 1450 4588 posuit
1476 4517 1534 4575 duo
1557 4518 1676 4575 nomina

79 4621 120 4682 eta
136 4627 185 4685 per
206 4613 337 4685 aliquam
354 4613 574 4685 ,suggestionem
600 4622 694 4673 mente
708 4630 776 4686 pec·
829 4605 883 4662 sub
898 4619 959 4662 una
981 4605 1202 4678 significatione,
1220 4615 1252 4663 ut
1274 4606 1325 4677 qui
1344 4607 1467 4664 credunt
1487 4622 1524 4666 ex
1547 4607 1676 4665 Hebraeis

79 4718 117 4761 uc
140 4704 223 4774 quasi
247 4704 370 4774 parvula
394 4704 451 4759 sint
475 4702 659 4761 mortificabit
687 4711 776 4777 atque
829 4694 1177 4766 ⁰²35f18di⁰³11¹211bba‚
1195 4696 1397 4768 miserere,qui
1417 4697 1574 4755 0¹Grffl⁰i⁸
1596 4697 1675 4755 aliis·

81 4791 302 4861 ,allidendoad
320 4800 441 4863 petram,
458 4793 544 4849 idest
567 4793 774 4866 conlringendo
829 4799 886 4856 que
914 4786 1012 4843 dicant
1036 4787 1127 4842 Pater·
1151 4785 1217 4842 Tale
1244 4786 1317 4857 quid
1341 4786 1371 4842 in
1400 4787 1559 4860 EvangelIO
1587 4785 1677 4844 Marci

79 4881 189 4952 cipando
210 4883 246 4939 ad
266 4882 339 4938 illud
361 4882 504 4939 honorum
521 4883 652 4939 omnium
673 4883 785 4941 stabile
828 4872 962 4942 habetur,
986 4875 1097 4931 dicente
1123 4874 1243 4932 Domino
1259 4889 1266 4930 ἒ
1282 4875 1363 4930 Abba
1385 4878 1478 4945 Patere
1501 4879 1527 4932 δῖ’
1548 4877 1676 4948 Ρθῦδῑὺῑῑθ

79 4978 158 5039 itum,
182 4971 261 5043 quod
284 4971 416 5029 Christus
439 4980 501 5042 est;
526 4972 595 5029 dum
622 4973 700 5043 qnod
723 4987 775 5044 par
828 4968 868 5019 eu
883 4968 1005 5021 transeut
1018 4964 1094 5021 cotie
1108 4969 1160 5020 istc
1173 4981 1191 5020 o
1204 4980 1247 5020 me
1262 4968 1355 5034 (Maro.
1372 4980 1432 5035 x1v,
1447 4969 1532 5038 36).»

79 5075 124 5120 om
145 5063 240 5118 cappis
265 5077 345 5119 mons
361 5063 489 5119 humana
511 5061 697 5132 concupiscit,
724 5076 774 5133 pop
863 5052 1000 5125 Spiritum
1023 5056 1162 5110 setvt'tttlt's
1185 5056 1215 5109 t'rt
1231 5056 1334 5110 timore.
1365 5055 1440 5112 Didii
1469 5056 1578 5114 donum
1602 5055 1675 5114 illud

79 5151 175 5208 :hristi
190 5152 264 5208 ratio
280 5153 414 5209 roborata
428 5166 464 5208 ne
475 5151 642 5222 perficiatur
656 5151 770 5223 satagit.
828 5143 941 5200 fflrviliss
955 5144 1076 5211 tiffl⁰li⁸2
1103 5156 1162 5214 <1¹¹⁰
1177 5157 1236 5200 11⁰ss
1258 5157 1276 5199 ὃ
1298 5143 1374 5200 mala
1402 5143 1561 5212 voluntate,
1585 5146 1634 5202 sed
1658 5160 1675 5203 ι

79 5240 102 5299 oi
135 5240 209 5296 idem
235 5241 389 5311 Apostolus
413 5248 618 5297 commemorat
647 5240 770 5300 dicens:
827 5232 905 5289 mala
922 5231 1132 5303 compescimur
1156 5232 1276 5302 actione,
1303 5232 1455 5291 lormidine
1472 5248 1582 5306 poenae3
1598 5236 1675 5293 sicut

79 5331 180 5402 upiscit
194 5329 326 5386 odoenus
348 5333 488 5400 spiritum,
504 5330 622 5401 spiritus
641 5331 771 5390 auem
825 5329 911 5380 antea
931 5321 1025 5380 ludaei
1051 5335 1102 5393 per
1117 5336 1216 5394 peenas
1243 5321 1314 5394 legis
1327 5323 1500 5396 corporales.
1523 5325 1584 5385 Non
1599 5340 1674 5384 ucce-

79 5436 129 5495 tol.
147 5444 217 5495 tom.
233 5436 353 5504 XXXV,
370 5436 425 5494 col.
440 5438 522 5493 illi.
861 5431 917 5504 (80)
931 5429 1036 5490 Patrol.
1053 5436 1122 5490 tom.
1138 5429 1394 5501 cxv11,nol.430.

78 5508 142 5569 troi·
161 5516 228 5568 tom.
244 5508 365 5577 XXXIV,
376 5508 430 5569 col.
447 5510 523 5565 lite.
