3736 5962
81 83 149 137 isat
596 74 645 129 Ab
665 72 782 132 ouum
800 73 902 132 euml
921 72 1113 133 summitur
1132 72 1321 133 abrahum.

77 219 137 260 rem
153 199 234 255 babet
257 195 405 264 infidelem,
434 201 460 251 et
484 198 538 251 baec
566 199 698 252 consentit
721 197 846 253 babitare
861 214 923 254 cum
936 198 963 255 A
976 200 1103 256 loannes.
1119 201 1170 256 Hie
1183 200 1258 255 uenit
1280 201 1312 254 in
1337 198 1546 254 testimoniam
1573 195 1656 254 ‘ata
1678 197 1700 254 ll

78 277 136 341 itta,
165 269 357 325 nondimittot
377 267 465 331 illum,
490 275 543 323 etc.
571 269 762 338 Sanctificatus
788 274 828 324 est
857 274 929 326 enim
983 271 1013 327 in
1028 270 1366 328 eodemtestatusestde
1383 268 1512 324 Christo
1542 237 1643 339 (ibid.)
1669 271 1700 325 bc

77 342 251 412 virinfidelis
277 354 328 406 per
346 339 486 391 mulierem
509 338 628 405 fidelem,
656 343 681 393 ct
710 355 861 405 econverso,
872 350 926 397 etc.
981 344 1040 408 Dei,
1055 345 1176 411 eccequi
1191 343 1262 397 toltit
1283 344 1399 414 peccota
1414 339 1540 395 mundi.
1562 341 1639 396 ltem
1659 348 1700 398 teat

78 414 213 482 Alioquin
238 409 292 479 filii
330 413 413 462 uestri
452 410 585 463 immundi
610 415 708 465 essent.
734 414 813 469 Nunc
837 416 928 466 autem
982 413 1265 483 perbibuitloannes
1290 413 1325 468 de
1340 412 1418 482 ipso:
1452 410 1514 476 Oai
1529 413 1613 465 misit
1642 428 1681 466 me

77 479 341 541 mundisunt.Nou
367 480 487 535 eredidit
502 481 656 550 Apostolus
671 484 748 538 viros
771 490 799 538 et
823 496 928 539 uxores
981 485 1172 553 inopinante
1187 483 1255 539 mibi
1282 483 1495 552 dinittsuper
1525 497 1609 551 quern
1636 485 1700 538 nida

78 551 281 612 sisintlideles
306 563 357 618 pro
384 550 544 606 redditione
572 553 713 609 maritalis
742 552 829 610 debiti
844 554 927 610 amit·
981 559 1039 609 tum
1069 559 1117 610 Dei
1144 554 1359 621 descendentem,
1376 559 1403 607 et
1432 557 1698 624 manentcmsupcc

78 634 137 683 tere
153 637 237 679 suam
254 621 446 688 sanctitatem,
473 622 495 675 si
511 628 614 678 cetera
639 637 740 680 eorum
768 638 856 693 opera
870 626 927 681 sint
980 629 1021 679 est
1040 628 1089 695 qni
1104 627 1226 695 baptizat
1241 627 1271 678 tn
1283 625 1392 694 spiritu
1406 628 1526 692 sanda,
1544 633 1604 680 etc.
1615 625 1700 681 ltemi

79 698 166 753 bona.
184 696 254 750 ltem
277 693 429 760 Apostolus
447 693 477 747 iu
500 694 620 748 eodem:
650 695 681 749 st
702 696 834 764 receperis
852 712 923 750 uco-
980 695 1052 766 (cop.
1070 695 1134 766 rrtl:
1164 696 1216 762 Qui
1243 696 1323 750 babet
1348 710 1505 766 sponsam,
1536 710 1658 765 sponsus
1670 708 1700 753 ert

77 780 210 833 rem‚non
223 765 342 832 peccasti
360 780 366 817 :
383 767 444 818 cisi
458 767 586 832 nupserit
603 766 690 833 oirpo,
721 781 777 819 aon
791 769 923 834 peccauit.
979 774 1069 821 autem
1098 771 1193 837 sponsi
1208 770 1256 832 qai
1269 772 1325 822 stat
1338 771 1366 821 et
1390 767 1493 834 audit,
1515 771 1574 823 eia.
1606 769 1664 823 doc
1687 785 1700 824 a

76 838 147 893 Item
161 833 314 906 Apostolus
337 834 367 890 iu
383 835 482 890 eodem
501 836 541 889 ait
558 852 564 887 :
592 834 645 899 Qui
663 838 836 890 matrimonio
863 853 925 892 eon·
979 838 1055 893 dium
1068 853 1157 893 mcum
1170 839 1312 907 impletum
1333 842 1385 892 est.
1409 838 1488 893 item
1507 837 1541 893 iu
1556 837 1700 910 Evangelii

72 909 170 978 junqit
195 907 330 971 cirpinem
357 921 444 967 suain,
470 906 534 959 bene
551 907 643 971 facit:
670 912 695 962 et
713 909 762 973 qui
783 923 837 962 non
862 923 923 962 con·
978 908 1048 965 dum
1062 908 1228 966 blattbaeum
1242 908 1376 965 cbristus
1400 909 1511 978 ipsum
1532 909 1674 966 ioannem
1696 930 1700 963 t

73 980 179 1048 junpit,
196 978 292 1031 nietius
315 976 394 1039 tacit.
412 977 478 1032 llaec
504 984 644 1045 precepta
658 977 825 1046 supradicta
852 981 925 1046 Apo
978 979 1037 1046 dat,
1054 980 1151 1036 dicens
1166 981 1236 1050 (cop.
1255 984 1320 1044 xit:
1343 979 1437 1035 Amen
1466 978 1536 1034 dieo
1556 980 1646 1046 nobis,
1668 986 1700 1036 tn

76 1050 168 1106 stolus
183 1049 244 1103 suis
262 1045 413 1117 discipulis
428 1062 486 1102 non
517 1048 608 1112 daret,
624 1056 651 1104 et
678 1049 739 1104 haee
758 1048 849 1105 verba
864 1063 924 1106 non
977 1052 1122 1105 mulinum
1139 1066 1194 1105 non
1223 1051 1456 1118 cuncuttmojor
1481 1051 1599 1105 Joannc
1615 1052 1700 1122 nuptis

76 1120 213 1177 scriberet
227 1118 279 1183 eis,
299 1115 323 1170 si
339 1127 454 1188 propter
475 1117 528 1173 hoc
556 1119 709 1189 conjugale
731 1119 841 1176 iactum
864 1133 924 1176 cre·
978 1120 1069 1190 libid.)
1089 1121 1182 1188 :Quid
1197 1122 1292 1176 scistis
1307 1123 1338 1175 in
1354 1120 1509 1176 desertum
1529 1122 1700 1178 eumin

76 1191 156 1247 deret
168 1204 217 1247 eos
234 1201 295 1244 esse
316 1189 508 1245 damnandos.
541 1188 609 1243 ltem
637 1191 788 1246 Aostolus
807 1190 836 1245 in
850 1191 923 1261 Epi·
978 1193 1069 1246 litiom
1085 1192 1144 1246 dico
1159 1191 1233 1247 nobis
1246 1193 1309 1262 plus
1324 1207 1411 1260 quom
1435 1192 1631 1262 prophetam.
1646 1195 1693 1249 llic

77 1262 149 1318 stola
164 1261 258 1331 prima
277 1257 313 1313 ad
340 1259 523 1315 Timotheum
549 1262 617 1328 (cop.
634 1204 692 1330 ruff:
720 1262 840 1329 Spiritus
863 1277 920 1315 ma-
976 1262 1486 1332 dequoscrtptumest21tcccmitto
1518 1265 1651 1331 amacium
1670 1282 1700 1320 m

75 1335 175 1399 nitcste
189 1332 267 1396 dicit,
283 1336 349 1394 occia
362 1334 393 1385 ia
420 1332 576 1384 nouissimis
595 1332 761 1402 temporibus
782 1332 922 1387 discedent
975 1335 1064 1400 tuam,
1079 1337 1128 1402 qui
1156 1333 1325 1403 praeparabit
1351 1335 1431 1388 uiam
1463 1337 1553 1388 tuam
1583 1341 1647 1390 ante
1670 1341 1700 1391 te.

77 1404 216 1472 quidama
229 1401 283 1469 fide
300 1419 305 1456 :
323 1402 492 1457 attendentes
509 1402 655 1469 spiritibus
685 1405 796 1471 erroris,
820 1407 846 1457 et
873 1403 920 1457 do·
974 1403 1084 1460 Joattne
1099 1404 1184 1460 sentit
1198 1405 1273 1460 male
1297 1403 1342 1460 vel
1362 1417 1527 1473 perverse,
1556 1408 1700 1465 conlui}

75 1476 171 1529 ctriuis
186 1475 391 1539 demoniorum,
412 1475 442 1526 in
461 1474 598 1542 hypocrisi
622 1473 788 1544 loquentium
811 1474 923 1529 menda·
939 1474 959 1529 B
976 1474 1278 1556 etcontraapostolos,
1292 1481 1320 1530 et
1332 1481 1439 1530 contra
1467 1474 1654 1532 catholicam
1676 1477 1700 1534 bt

76 1547 159 1614 mum,
173 1544 375 1614 prohibentium
387 1544 494 1598 nubere.
976 1545 1122 1602 Habemus
1142 1560 1173 1601 m
1196 1544 1354 1616 Evangelio
1370 1545 1458 1614 quod
1486 1545 1556 1674 ipse
1569 1547 1689 1605 loannes

110 1617 146 1672 Et
159 1625 226 1672 nota
243 1619 321 1685 quod
338 1616 462 1685 Spiritus
472 1621 590 1669 sanctus
605 1621 704 1684 aperte
727 1615 921 1671 manifestavit
976 1616 1005 1671 in
1021 1616 1143 1672 llumine
1153 1617 1287 1672 iordanis
1307 1614 1465 1672 Christum
1523 1617 1675 1687 aptiurit,
1696 1639 1700 1670 ι

76 1687 216 1757 quosdam
244 1689 331 1744 abde
353 1686 507 1750 discedere,
531 1693 559 1740 et
573 1699 622 1740 eos
648 1686 793 1742 adhaerere
816 1686 920 1742 doctri·
976 1692 1038 1743 turn
1053 1696 1185 1744 sanctum
1215 1687 1245 1744 in
1259 1687 1528 1756 speciecolumbae
1545 1703 1700 1762 supereum

68 1759 122 1814 -nls
143 1759 362 1824 dunioniorum,
387 1764 415 1812 et
443 1755 626 1810 mendacium
653 1756 683 1811 in
707 1756 851 1826 hypocrisi
879 1755 920 1813 lo·
974 1758 1088 1814 denum
1103 1758 1185 1825 vidit,
1197 1766 1226 1814 et
1238 1771 1338 1814 vocem
1353 1758 1457 1813 Patris
1486 1759 1624 1817 dicentis
1637 1761 1699 1817 andi

97 1830 136 1895 ui,
158 1837 185 1884 et
213 1829 340 1886 illitales
367 1827 476 1882 nubere
500 1826 661 1894 prohibent.
688 1831 757 1883 ltem
774 1828 802 1882 in
821 1827 919 1883 eodem
974 1828 1377 1898 accinctumaccensum
1408 1844 1468 1899 quo
1504 1830 1586 1885 milii
1613 1833 1700 1887 benet

73 1844 192 1971 (geppe)
209 1916 216 1953 :
236 1902 302 1956 Volo
313 1901 437 1969 juniores
465 1897 575 1964 nubere,
590 1899 661 1966 tilios
685 1913 839 1966 procreare,
867 1913 921 1951 ma
974 1898 1084 1969 (blattis.
1107 1899 1186 1971 xvir).
1210 1899 1238 1955 Sl
1266 1899 1327 1970 ipse
1340 1906 1421 1956 esset
1447 1913 1468 1956 a
1484 1901 1700 1974 malignosque

76 1973 267 2037 tresfamilias
284 1988 349 2038 esse,
367 1971 472 2023 nullom
487 1970 652 2023 occasionem
673 1968 740 2023 dicre
765 1969 921 2023 adversarii
975 1970 1071 2035 tiatuS,
1088 1969 1382 2037 utbaereticidicuut‚
1410 1984 1594 2042 nunquam
1629 1973 1700 2032 euru

73 2043 215 2096 maledicti
242 2042 399 2111 praetulit
423 2047 492 2095 nota
516 2040 593 2109 qnod
609 2040 760 2108 Apostolus
784 2054 842 2095 non
862 2053 920 2095 cre·
974 2053 1004 2095 se
1019 2040 1196 2111 permitteret
1215 2040 1361 2111 baptizari,
1385 2055 1448 2097 nec
1477 2045 1614 2100 tantum
1639 2059 1700 2102 nce

74 2113 212 2181 diditpro
233 2115 286 2170 hoc
312 2114 460 2169 laetoesse
482 2109 612 2180 aliquam
632 2109 918 2166 damnationisocca·
973 2110 1010 2166 ab
1025 2126 1057 2168 eo
1077 2112 1162 2168 vellet
1174 2111 1293 2168 initiari.
1310 2111 1386 2167 ltcm
1409 2112 1443 2167 in
1461 2112 1617 2172 Mattbaeo
1648 2117 1700 2186 ipsc

74 2183 184 2239 sionem
200 2184 230 2238 in
253 2181 425 2254 conjugatis.
463 2182 534 2236 Item
564 2180 706 2237 babemus
729 2182 760 2236 in
790 2179 920 2250 Epistola
973 2181 1114 2251 approbat
1128 2196 1205 2247 eum,
1223 2181 1511 2240 dicenstarisaeis
1540 2186 1621 2257 (cop.
1645 2187 1698 2259 ιιι)

74 2255 169 2322 prima
198 2254 272 2310 beati
294 2256 377 2310 Petri.
403 2254 506 2307 Beatus
535 2266 601 2307 vero
627 2253 727 2306 Petrus
753 2251 917 2320 Apostolus,
973 2253 1125 2308 amendico
1140 2254 1227 2320 vobis,
1242 2255 1308 2318 quio
1332 2253 1496 2322 publicani
1513 2264 1546 2312 et
1576 2263 1700 2314 rumicis

74 2323 125 2393 qui
142 2324 275 2393 princeps
291 2325 422 2380 omnium
451 2323 644 2389 apostolorum
668 2322 754 2378 abeo
778 2322 917 2379 constitu·
973 2323 1038 2378 dent
1051 2339 1097 2378 oos
1110 2325 1140 2378 iu
1154 2339 1266 2392 repnom
1285 2324 1343 2378 Dei¹
1366 2326 1466 2380 Venit
1480 2331 1567 2383 euim
1590 2331 1700 2384 ioannes

75 2401 122 2450 tus
137 2395 201 2459 luit,
217 2395 342 2450 etetiam
360 2395 448 2450 totius
463 2391 594 2447 Ecclesiae
608 2399 706 2459 caput,
722 2399 754 2448 ut
772 2392 803 2448 in
823 2394 918 2448 Evan—
974 2394 1013 2448 ad
1024 2410 1073 2450 oos
1085 2396 1117 2449 in
1137 2398 1184 2449 oia
1207 2395 1335 2466 justitia,
1360 2399 1389 2449 et
1409 2411 1475 2452 non
1502 2400 1672 2455 credidistis
1693 2417 1700 2456 t

74 2464 149 2535 gello
164 2463 296 2521 Christus
311 2466 377 2519 ait:
408 2467 448 2518 Tu
472 2463 609 2516 vocaberis
637 2462 747 2532 Gepltas
770 2463 857 2532 (ioan.
884 2465 916 2533 r).
973 2467 1045 2532 caui,
1061 2469 1263 2536 etpeoootoree,
1287 2470 1313 2520 et
1326 2470 1500 2524 meretrices
1530 2472 1700 2528 credidem

73 2536 110 2591 Et
129 2537 158 2591 ln
180 2537 278 2591 eodem
296 2552 303 2588 :
322 2538 363 2590 Ta
386 2550 412 2588 es
427 2536 533 2600 Petrus,
563 2540 588 2587 et
620 2548 702 2603 saper
724 2535 793 2589 lianc
809 2539 918 2603 petram
972 2540 1062 2591 autem
1076 2537 1276 2604 eumoidentes,
1291 2551 1339 2590 nec
1361 2541 1585 2607 poenitentiam
1600 2543 1700 2598 bobaisl

73 2606 213 2675 aedificabo
243 2609 389 2662 Ecclesiam
415 2621 501 2658 tricem
526 2603 635 2673 (Mutii.
657 2610 733 2672 xm),
761 2612 917 2675 postquam
971 2607 1294 2663 circumnectens
1317 2605 1466 2665 Christus
1503 2612 1547 2668 de
1579 2614 1692 2671 Ioanne

72 2677 144 2733 viris
155 2677 287 2735 fidelibus
302 2675 472 2733 Christianis
495 2675 656 2730 doctrinam
675 2689 759 2730 suam
782 2676 917 2745 scripsis-
971 2686 1124 2746 asseverat,
1140 2679 1249 2743 dicens,
1274 2676 1352 2748 quod
1375 2679 1410 2734 in
1447 2680 1542 2738 viam
1572 2684 1700 2756 justitia,

73 2756 127 2816 set,
139 2749 254 2818 scripsit
273 2748 453 2812 mulieribus,
472 2746 597 2817 qualiter
614 2747 737 2816 propriis
768 2746 836 2802 viris
857 2747 917 2802 suis
970 2750 1031 2806 itur
1045 2749 1080 2804 ad
1094 2763 1217 2820 regnum
1233 2749 1293 2815 liei,
1304 2749 1365 2817 ipse
1382 2750 1537 2810 loannes
1563 2756 1700 2814 ambulab

73 2819 209 2889 subjectae
232 2829 336 2886 essent,
364 2818 558 2874 bumilitatem
586 2825 742 2883 servantes,
767 2824 794 2873 et
820 2818 916 2874 mode·
970 2828 998 2876 et
1016 2833 1080 2875 eam
1094 2821 1278 2890 praedicabat.
1300 2817 1383 2885 Quod
1401 2836 1474 2878 non
1500 2834 1625 2897 ageret,
1644 2829 1700 2884 sir

73 2891 168 2957 stiam,
194 2889 314 2946 dicens:
339 2891 471 2945 Similiter
501 2893 526 2943 et
553 2889 678 2943 mulieres
711 2886 827 2942 subdite
859 2891 916 2943 siut
969 2890 1056 2946 vela
1085 2891 1211 2962 maligno
1239 2888 1343 2960 spiritu
1369 2890 1488 2951 luisset
1521 2898 1695 2956 nuntiatus

72 2963 141 3015 uiris
155 2964 224 3028 suis,
239 2968 271 3016 ut
286 2967 311 3016 ct
326 2964 351 3014 si
365 2963 414 3030 qui
424 2976 477 3013 aon
495 2959 609 3014 credunt
629 2959 720 3025 uerbo,
734 2973 784 3028 per
792 2958 916 3013 mulieris
932 2935 954 2990 C
970 2961 1127 3042 Evangelio
1141 2963 1301 3018 secundum
1324 2961 1497 3031 loannem,
1534 2967 1576 3025 de
1602 2983 1700 3026 commi

73 3036 301 3088 conversationem
329 3033 386 3086 sine
410 3031 489 3085 uerbo
523 3032 671 3099 lucrifiunt.
701 3031 747 3086 Sic
765 3030 916 3095 aliquando
968 3032 1088 3087 loannts
1102 3033 1236 3101 baptiste
1251 3033 1322 3103 (cap.
1339 3031 1393 3102 vl:
1418 3037 1481 3091 Vos
1502 3040 1635 3096 misistis
1655 3040 1700 3094 ad⁴

73 3108 99 3157 et
121 3109 221 3158 sancta
249 3105 373 3158 mulieres
401 3107 543 3171 sperantes
571 3103 600 3154 in
628 3103 692 3166 Deo,
729 3100 864 3155 amabam
890 3115 917 3155 se
968 3103 1028 3171 ipse
1053 3105 1237 3158 testimonium
1275 3105 1389 3157 oeritmi
1413 3107 1575 3174 perbibet.
1603 3114 1662 3180 Epo
1677 3126 1700 3165 at

72 3175 130 3228 suis
152 3177 241 3237 oiris;
267 3177 338 3229 sicut
365 3176 440 3229 Sora
466 3173 608 3226 obediebat
624 3171 752 3237 Abrobae,
772 3173 916 3224 Dominum
970 3172 1004 3228 ab
1021 3174 1127 3228 bomine
1140 3175 1322 3229 testimonium
1334 3176 1452 3244 occipio
1472 3194 1482 3244 3
1500 3181 1559 3236 sed
1586 3182 1639 3238 boc
1653 3182 1700 3237 dio

74 3260 135 3298 eum
156 3261 266 3299 vocans.
297 3244 380 3311 Cujus
408 3244 472 3295 estis
501 3243 565 3310 filiu
591 3242 785 3306 benefacientes
799 3243 821 3311 (l
836 3243 914 3296 Petr.
969 3244 1042 3298 salui
1056 3244 1128 3299 sitis.
1142 3245 1192 3300 ltte
1217 3249 1277 3299 erot
1295 3244 1408 3299 lacerna
1433 3249 1556 3307 ardens
1572 3259 1604 3309 et
1625 3256 1700 3309 tucca

73 3313 129 3384 ur),
154 3322 207 3369 etc.
223 3316 274 3370 llic
286 3314 382 3368 innuit
395 3312 495 3367 beatus
509 3314 610 3366 Petrus
625 3312 710 3382 viros,
721 3311 758 3366 ab
774 3312 917 3368 uxoribus
969 3317 1019 3369 stis
1031 3320 1120 3371 autem
1134 3331 1181 3371 oos
1197 3316 1335 3371 casuitore
1346 3316 1384 3370 ad
1399 3317 1517 3376 horum
1529 3326 1568 3378 in
1583 3326 1645 3381 tuce
1659 3325 1700 3396 eju

71 3391 99 3439 et
116 3397 221 3440 uxores
238 3398 256 3438 a
279 3383 352 3438 viris
375 3396 433 3437 non
459 3381 603 3437 discedere
619 3401 627 3442 c
643 3382 712 3452 quia
738 3380 884 3438 Abrabam
899 3395 917 3438 a
1287 3385 1407 3444 CAPUT
1426 3389 1504 3448 Vll.

71 3453 142 3510 Sara
157 3468 249 3511 uxore
263 3468 318 3509 sua
340 3467 397 3508 non
425 3452 553 3508 discessit
568 3452 624 3508 nisi
653 3466 704 3521 per
719 3460 850 3520 mortem,
866 3453 915 3509 sed
1004 3456 1043 3511 lle
1085 3457 1285 3514 incarnatione
1314 3456 1426 3515 Christi
1457 3471 1539 3519 sunt
1567 3466 1695 3538 quidam

73 3533 147 3581 nutu
163 3526 299 3595 cognovit
323 3538 397 3592 eam,
424 3523 561 3579 etlilium
589 3524 691 3593 genuit
710 3525 785 3580 sicut
807 3524 916 3580 Elcana
969 3526 1045 3583 inter
1067 3526 1135 3584 istos
1167 3527 1385 3585 condonianam
1409 3530 1569 3592 baeresim
1596 3551 1700 3608 sequen

70 3593 233 3653 Susannam
257 3603 284 3652 et
298 3595 417 3651 loachin
435 3595 561 3650 Annam.
583 3595 654 3650 ltem
674 3595 776 3651 beatus
803 3596 913 3652 Paulus
969 3598 1072 3654 dicunt
1103 3598 1249 3656 Christum
1276 3613 1335 3656 nan
1363 3614 1401 3656 ex
1434 3603 1563 3663 semina
1578 3617 1696 3677 natum,

70 3667 100 3722 in
115 3667 244 3737 Epistola
263 3667 356 3737 prima
370 3666 406 3721 ad
421 3665 583 3721 Corinthios
598 3665 670 3735 (cop.
703 3665 744 3736 xi)
760 3681 768 3720 :
787 3667 914 3722 Volooos
969 3667 1313 3737 buissereramcarnem,
1332 3684 1479 3731 necvere
1506 3687 1700 3747 mortuum,t

70 3740 139 3794 seire
154 3738 225 3808 quod
239 3740 325 3793 amnis
340 3739 491 3805 oiricaput
515 3743 555 3791 est
571 3736 703 3804 Christus,
729 3740 915 3805 copulantem
968 3752 1059 3809 quam
1084 3754 1200 3809 passum
1231 3758 1240 3808 ;
1286 3741 1335 3798 sed
1371 3743 1544 3804 simulasse
1581 3752 1700 3821 passion

70 3811 316 3876 mulierisestoir,
333 3814 491 3877 caputoero
515 3806 624 3861 Christi
639 3812 679 3862 est
693 3811 773 3862 Deus.
795 3808 854 3862 Non
872 3810 916 3862 at'r
969 3811 1091 3866 credunt
1121 3825 1188 3867 eum
1216 3813 1419 3879 manducasse,
1451 3831 1513 3873 neo
1551 3819 1678 3887 bibisse,

70 3896 105 3935 ea
117 3882 230 3935 muliere
244 3887 294 3946 est,
321 3881 369 3934 sed
396 3880 494 3932 mulier
517 3894 551 3932 eu
576 3880 644 3932 oiro.
667 3880 772 3933 diatim
797 3894 852 3933 non
875 3883 916 3933 cst
967 3880 1185 3950 phantasticum
1216 3897 1321 3952 eorpus
1353 3883 1515 3956 babuisse,
1558 3905 1619 3949 nec
1640 3906 1700 3949 eun

70 3955 233 4007 creatusoir
255 3957 367 4020 propter
392 3950 542 4016 mulierem,
558 3949 605 4003 scd
632 3951 730 4004 mulier
743 3954 857 4020 propter
877 3951 916 4003 vi·
969 3953 1088 4008 rexisse.
1119 3952 1225 4009 Contra
1254 3954 1333 4010 bunc
1360 3968 1500 4015 errorem
1538 3961 1700 4020 haeretleor

69 4038 141 4077 rum.
169 4024 358 4078 Verumtamen
394 4036 479 4085 neque
506 4022 550 4074 uir
582 4022 640 4075 sine
674 4020 796 4087 muliere,
829 4035 916 4090 neque
968 4036 1027 4078 non
1061 4024 1181 4080 credunt
1208 4023 1354 4082 Christum
1392 4028 1429 4082 de
1466 4043 1548 4087 vera
1575 4034 1695 4107 virgine

69 4095 167 4148 mulier
181 4096 240 4148 sine
255 4097 314 4147 uiro
326 4095 353 4147 iu
373 4093 496 4146 Domino.
512 4092 582 4146 ltem
610 4090 733 4147 babetur
755 4091 914 4147 secundum
968 4092 1058 4149 luisse
1069 4101 1182 4164 natum,
1205 4096 1425 4163 destruendum,
1455 4102 1676 4162 testimoninm
1694 4104 1700 4160 l

69 4165 220 4235 loannem,
248 4165 326 4234 quod
363 4163 444 4218 lesus
471 4161 603 4218 Salvator
629 4170 734 4228 noster,
764 4170 792 4219 et
823 4170 915 4218 mater
969 4163 999 4219 in
1028 4164 1162 4221 blattbaeo
1189 4165 1261 4236 (cop.
1290 4166 1344 4238 ul:
1381 4169 1453 4225 Com
1483 4177 1582 4230 natus
1611 4179 1680 4232 esset

68 4235 141 4306 ejus,
159 4235 322 4305 etdicipuli
338 4234 401 4304 ejus
429 4233 522 4289 vocati
551 4241 695 4288 venerunt
718 4232 754 4288 ad
776 4234 914 4302 nuptias3
968 4234 1122 4290 Bethlehem
1137 4236 1224 4306 tuda,
1248 4244 1302 4295 etc.
1332 4237 1467 4294 Videutes
1494 4244 1621 4302 stellam
1643 4262 1700 4315 cnop

69 4313 97 4362 et
111 4308 140 4362 in
152 4307 255 4363 eisdem
272 4305 382 4375 nuptiis
405 4304 520 4360 initium
543 4303 694 4374 signorum
718 4316 838 4383 suorum
867 4317 913 4360 ca·
930 4293 953 4350 Ι)
971 4307 1145 4374 suntqaudio
1166 4323 1267 4378 maqno
1292 4309 1381 4364 ualde.
1406 4311 1444 4364 ttt
1465 4316 1622 4374 intrantes
1645 4319 1700 4374 dou

68 4390 132 4433 ram
161 4377 311 4446 discipulis
337 4377 397 4431 suis
422 4375 486 4432 iecit
515 4375 624 4430 scilicet
639 4375 673 4430 de
700 4387 778 4444 aqua
800 4388 913 4431 vinum.
972 4382 1201 4447 neruntpuerum
1228 4395 1285 4435 curn
1299 4381 1389 4436 Maria
1415 4387 1513 4439 matre
1527 4389 1611 4456 ejus,
1641 4397 1697 4446 etc„

68 4448 190 4518 Propter
218 4449 272 4504 hoc
298 4445 489 4504 certissimum
518 4453 559 4501 est
583 4444 701 4514 nuptias
724 4459 785 4502 esse
813 4444 914 4513 bonas,
971 4446 1070 4503 eodem
1092 4449 1204 4520 (ibid.):
1244 4452 1384 4520 Apparuit
1404 4451 1700 4520 Ampelusnominiit

68 4521 211 4591 quianon
248 4526 289 4575 est
317 4518 503 4583 credendum,
527 4515 584 4572 nisi
610 4515 811 4583 bonaeessent,
832 4515 915 4573 Chri·
971 4519 1079 4588 loseph,
1096 4520 1313 4590 dicenszsurpe
1333 4527 1359 4576 et
1382 4524 1480 4591 accipe
1503 4542 1635 4596 puerum
1663 4547 1700 4586 eu

68 4599 145 4647 stum
161 4590 283 4657 venisse,
312 4603 364 4644 nec
381 4596 494 4644 tantum
518 4587 915 4667 miraculumlecissedtem
971 4593 1058 4644 matre
1093 4593 1161 4660 eius.
1187 4593 1257 4647 ltem
1287 4593 1316 4647 ln
1338 4593 1504 4663 Evangelio
1528 4601 1700 4659 secundun

69 4662 179 4719 Paulus
194 4662 222 4716 in
248 4659 375 4731 Epistola
398 4658 490 4729 prima
506 4659 542 4713 ad
575 4657 821 4728 Corinthiosleap.
838 4659 914 4730 mh:
972 4658 1044 4784 paup.
1062 4660 1105 4732 nl:
1134 4663 1268 4718 Ascendit
1281 4668 1371 4719 autem
1393 4667 1439 4720 ios
1480 4668 1540 4723 ho
1557 4672 1683 4729 Gaium

68 4733 169 4788 Mulier
183 4733 289 4800 olipoto
316 4736 355 4786 est
371 4732 423 4798 lepi
447 4731 514 4795 ciri,
528 4734 628 4798 quanto
653 4733 771 4798 tempore
795 4728 854 4798 ejus
872 4731 916 4784 uir
982 4733 1056 4787 ehem
1071 4735 1189 4796 ciuitate,
1208 4739 1238 4789 ut
1254 4737 1450 4804 protitmetnri
1476 4742 1482 4751 '
1507 4754 1579 4795 cum
1606 4745 1700 4800 uaria

69 4810 148 4861 uiuit.
166 4804 280 4870 Quodsi
306 4803 448 4857 dormierit
473 4800 518 4855 oir
544 4801 612 4869 cjus,
642 4800 759 4855 liberata
773 4808 813 4854 est
828 4817 845 4855 a
860 4802 915 4868 teuc
971 4809 1033 4856 sata
1046 4804 1099 4857 sibi
1116 4820 1202 4859 umore
1214 4811 1383 4874 pracpnontc.
1412 4808 1447 4862 ut
1483 4811 1608 4881 impleti
1632 4820 1700 4870 sunt

67 4880 133 4943 oiri,
150 4882 175 4930 et
191 4877 234 4929 cai
250 4880 309 4929 uiro
321 4876 381 4928 uult
395 4874 504 4935 nubat;
520 4875 628 4926 tacitum
642 4874 673 4925 in
700 4874 823 4926 Domino.
845 4874 915 4928 ltem
968 4881 1090 4942 pareret,
1112 4879 1137 4929 et
1149 4879 1259 4945 peperit
1282 4879 1369 4946 filium
1392 4892 1475 4934 saum
1505 4888 1700 4954 primcqmtti

69 4948 178 5004 Paulus
206 4948 241 5002 ad
256 4947 434 5002 Timotheum
458 4946 527 5014 (cap.
555 4945 611 5014 ul:
642 4943 801 4999 sulcabitur
819 4945 916 4997 mulier
971 4944 1377 5017 ineodemangelusllomini
1396 4949 1461 5005 e'us
1486 4954 1687 5014 nativitatem

66 5035 119 5089 per
133 5022 332 5088 uenerationem
347 5018 475 5087 tiliorum,
496 5015 520 5070 si
544 5017 734 5096 permanserit
758 5015 788 5071 in
803 5013 867 5084 side,
888 5022 915 5070 et
971 5015 1026 5071 bus
1049 5017 1205 5086 nuntiavit,
1232 5018 1330 5074 dicens
1345 4966 1456 5091 (ibid.):
1477 5025 1547 5078 Ecce
1577 5027 1661 5083 enim
1683 5045 1700 5083 e

70 5091 232 5157 dilectione,
248 5098 275 5146 et
290 5088 513 5144 sanctificatione
528 5100 596 5141 cum
610 5087 773 5142 sobrietate.
970 5087 1045 5140 uobis
1061 5088 1192 5155 pendium
1214 5104 1354 5157 mapnam,
1369 5092 1435 5157 onio
1459 5099 1547 5150 nctus
1577 5104 1624 5153 est
1653 5101 1700 5154 uel

406 5158 518 5215 CAPUT
530 5157 575 5213 Vl.
971 5159 1108 5226 Salvator,
1135 5161 1182 5228 qui
1206 5165 1246 5215 est
1270 5161 1396 5217 Christus
1421 5163 1452 5217 in
1476 5180 1566 5221 eume
1591 5170 1692 5226 Dauid

104 5235 176 5289 ltem
199 5232 337 5288 loannem
356 5229 513 5300 Baptistam
538 5242 596 5284 non
617 5227 725 5284 abono
738 5226 850 5299 angelo,
866 5226 915 5283 sed
970 5230 1191 5297 nobissimum:
1219 5233 1369 5288 inuenietis
1392 5248 1511 5303 puerum
1537 5237 1643 5297 desum
1668 5258 1700 5313 pc

70 5302 456 5359 adaemoniaconuntiatum
484 5299 572 5356 luisse
592 5298 702 5366 dicunt,
726 5313 779 5354 nec
807 5300 915 5355 bonum
969 5316 1056 5370 praese
1079 5303 1112 5356 io.
1133 5303 1204 5357 ltem
1228 5303 1258 5359 in
1299 5304 1419 5360 eodem:
1447 5306 1610 5378 Postquam
1648 5328 1700 5369 con

69 5387 137 5429 eum
158 5376 363 5431 cssecredunt.
380 5373 433 5429 Sed
457 5380 558 5429 contra
573 5371 651 5427 hunc
668 5383 796 5427 errorem
824 5369 916 5427 multa
971 5377 1035 5426 sunt
1065 5375 1180 5437 iesocto,
1195 5377 1228 5429 ut
1247 5388 1321 5447 puer
1348 5376 1611 5452 circumcideretur,
1640 5400 1700 5441 ωα

69 5443 99 5499 in
119 5443 286 5514 Evangeliis
309 5443 472 5501 testimonia
501 5443 701 5507 inveniuntur,
728 5447 762 5498 ut
783 5440 917 5498 inEvan·
971 5458 1067 5499 nomen
1081 5445 1140 5522 ejus
1154 5446 1241 5501 iesus.
1254 5445 1332 5514 Quod
1350 5453 1479 5505 uocatam
1494 5455 1538 5507 est
1559 5454 1601 5509 ab

90 5512 145 5571 elio
175 5513 251 5571 beati
278 5516 405 5584 ioannis,
431 5515 490 5584 ipse
510 5515 633 5572 loannes
666 5511 790 5585 scripsit,
818 5512 921 5570 dicens.
972 5530 1055 5585 quom
1078 5517 1108 5571 in
1135 5522 1212 5572 atero
1234 5520 1429 5589 conciperetur.
1452 5521 1528 5580 Item
1556 5522 1593 5581 in

69 5528 144 5662 ἶσαι).
159 5583 181 5660 1)
198 5599 204 5641 :
220 5585 286 5642 Fuit
313 5585 389 5642 bomo
416 5587 515 5643 missus
544 5585 649 5653 aliea,
679 5585 724 5642 aui
749 5588 917 5641 nomenerot
970 5588 1062 5656 tactas
1081 5591 1151 5646 estet
1167 5590 1248 5648 ictae
1270 5604 1403 5651 aarum
1426 5590 1589 5670 duodecin,
1618 5612 1700 5658 m
