3804 5962
61 200 130 257 totta

556 204 793 263 luruobucrlo
813 207 860 261 ab
879 204 1115 264 TllEobodlall.
1133 235 1167 250 -
1181 206 1246 264 lib.
1268 206 1301 264 tl.

1739 212 1807 267 loro

58 326 139 384 aliud
152 327 189 383 sit
204 328 355 399 proprium
373 328 448 398 teris,
469 328 550 386 aliud
566 330 634 386 aerei
649 329 748 402 sigilii,
767 337 794 387 et
807 332 947 405 quam-,ll
961 343 1069 387 aereum
1089 344 1126 387 ex
1150 344 1206 388 aere
1228 331 1337 388 dicitur
1363 345 1433 400 esse,
1451 332 1529 404 quod
1543 339 1585 390 εει
1603 317 1668 406 ejus
1687 334 1810 392 materia

58 417 105 473 vis
120 416 195 473 idern
210 417 267 474 sint
280 417 481 487 essentialiter,
496 417 625 490 sigillum
636 426 731 476 tamen
747 427 790 476 est
801 432 906 476 aereum

58 520 97 562 ex
114 519 179 574 tare,
200 521 258 563 non
278 520 316 563 ιεε
336 521 373 564 ει
389 521 464 564 aereo
488 507 594 579 sigillo,
617 518 646 567 ει
663 522 703 565 aes
724 517 767 565 est
788 508 908 564 materia

59 595 127 652 aerei
149 595 248 666 sigilli,
275 610 333 651 non
362 595 490 667 sigillum
505 597 579 652 aeris.
602 596 660 654 Nec
686 596 845 653 ullomodo
868 610 907 674 tes

60 685 183 740 materia
196 685 242 740 sni
268 684 357 754 ipsius
372 699 433 740 εεεε
461 692 562 754 potest,
578 686 713 757 quamvis
730 687 767 742 sit
787 687 908 743 materia

58 772 158 845 sigilli,
175 773 253 844 qnod
273 781 315 829 est
330 773 424 843 ipsum
451 787 500 836 aes,
522 775 672 830 nonenim
686 790 725 831 aes
742 789 778 832 ει
792 789 849 832 aare
864 774 906 844 iit,

58 860 134 917 sicut
148 860 278 932 sigillum
298 877 335 917 en
362 876 418 919 aare
442 870 485 918 est
512 864 714 931 constitutum,
730 871 758 920 et
773 864 908 935 quamvis

58 950 134 1006 idem
149 950 187 1006 sit
211 951 331 1007 materia
349 950 411 1021 ipsa
426 952 505 1022 quod
523 960 566 1008 est
586 954 782 1022 materiatum,
800 967 908 1024 nequa-

58 1053 147 1111 qnam
162 1046 258 1095 tamen
282 1041 310 1096 in
327 1038 423 1110 sigillo
446 1039 494 1095 illo
512 1041 695 1097 materiatum
712 1048 755 1098 εει
774 1041 907 1110 materia,

58 1127 103 1182 vel
119 1127 242 1183 materia
258 1135 300 1183 est
321 1129 480 1185 materiata.
500 1130 585 1186 Facto
602 1137 700 1186 autem
722 1144 759 1186 ex
784 1144 840 1186 aere
866 1131 908 1186 si-

58 1215 138 1288 gillo,
152 1216 212 1288 jam
226 1216 380 1288 sigillabile
394 1225 447 1286 est,
470 1218 523 1273 boc
547 1225 589 1275 εει
609 1227 710 1290 aptum
726 1219 762 1275 ad
776 1218 906 1291 sigillan-

59 1304 141 1373 dum,
159 1303 214 1361 etsi
235 1305 365 1361 nondum
380 1305 418 1361 sit
436 1305 589 1362 actualiter
609 1306 750 1379 sigillans.
771 1305 844 1364 Cum
861 1320 908 1362 au·

59 1400 116 1449 ιειιι
131 1407 181 1464 per
196 1393 277 1450 illum
292 1393 412 1465 sigillari
425 1408 520 1450 ceram
541 1396 696 1467 contingit,
719 1394 779 1466 jam
796 1395 825 1451 in
848 1407 908 1450 una

59 1481 126 1538 aeris
150 1482 315 1539 substantia
345 1481 402 1538 tria
422 1492 492 1539 sunt
513 1482 685 1552 proprietate
714 1483 841 1548 diversa,
869 1496 908 1540 aas

963 421 1008 475 vel
1023 420 1181 489 speciesex
1200 434 1313 492 genere,
1343 420 1420 492 quod
1447 421 1532 492 quasi
1561 422 1683 480 materia
1706 422 1810 495 speclei

962 506 1068 572 dicitur
1082 523 1151 575 esse,
1182 517 1214 566 ut
1238 508 1345 565 animai
1369 509 1503 566 bominis.
1534 510 1706 571 sicutenim
1724 525 1762 568 ox
1776 523 1811 568 oo

962 597 1039 665 quod
1067 605 1109 653 εει
1133 611 1240 654 areum
1260 598 1388 668 sigillum
1413 597 1505 670 exigit
1525 599 1685 656 necessario
1711 606 1744 657 ιιι
1773 611 1812 654 aes

962 684 1009 752 sit,
1037 692 1066 742 et
1087 699 1124 741 ex
1146 686 1277 756 eoquod
1299 687 1385 743 bomo
1410 695 1444 743 ut
1471 686 1578 744 animal
1593 688 1641 754 sit,
1658 687 1707 745 sed
1723 700 1812 745 nono

962 774 1114 829 contrario.
1138 776 1179 830 lta
1209 775 1308 831 divina
1340 775 1491 845 sapientia,
1515 790 1581 848 qua
1613 785 1656 833 εει
1683 775 1810 848 potentia

962 861 1151 931 discernendi,
1176 864 1266 935 exigit
1285 864 1363 935 quod
1386 865 1421 921 sit
1437 865 1539 921 divina
1563 867 1700 937 potentia,
1724 880 1812 924 none

963 952 1114 1008 contrario.
1145 953 1258 1023 Quippe
1287 961 1321 1009 ut
1340 968 1378 1010 aas
1401 962 1458 1010 tam
1483 954 1519 1009 ad
1545 969 1654 1012 aerenm
1678 955 1811 1029 sigillum

963 1039 1115 1108 quamalia
1129 1054 1158 1097 se
1168 1041 1262 1110 babet,
1272 1049 1300 1097 ει
1315 1041 1422 1097 animal
1433 1048 1493 1098 tam
1508 1043 1543 1098 ad
1558 1042 1707 1101 hominem
1722 1058 1813 1116 quam

963 1129 999 1183 ad
1014 1128 1072 1185 alia
1085 1131 1132 1196 sit,
1145 1139 1172 1186 et
1188 1131 1313 1201 potentia
1328 1131 1429 1187 divina
1452 1139 1510 1186 tam
1535 1132 1571 1188 ad
1589 1133 1813 1191 discernendum
1875 1156 1878 1160 “

963 1231 1053 1288 quam
1068 1219 1297 1289 adoperandum
1313 1234 1342 1276 εε
1358 1219 1464 1276 babet:
1494 1228 1522 1278 ει
1546 1221 1621 1279 sicut
1642 1236 1750 1279 areum
1771 1221 1813 1279 si·

964 1305 1065 1377 gilium
1081 1308 1115 1363 de
1130 1308 1192 1378 ipsa
1217 1309 1282 1363 aeris
1309 1308 1472 1365 substantia
1498 1309 1543 1367 vel
1567 1311 1691 1368 essentia
1707 1310 1814 1368 dicitur

963 1408 1036 1459 csse,
1052 1410 1121 1452 cum
1144 1410 1205 1452 esse
1220 1395 1351 1452 videlicet
1364 1410 1473 1454 mreum
1489 1398 1617 1470 sigillum
1639 1399 1677 1456 sit
1690 1412 1752 1456 esse
1774 1411 1813 1455 aes
1885 1461 1889 1468 ,

964 1484 1118 1554 quoddam,
1136 1492 1164 1541 et
1183 1498 1243 1540 esse
1267 1484 1423 1554 bominem,
1443 1486 1528 1543 idest
1554 1487 1663 1544 animal
1684 1487 1811 1545 rationa-

59 1570 191 1628 videlicet
217 1572 323 1641 ipsum,
348 1570 514 1643 sigillabile.
542 1579 569 1627 et
592 1570 733 1643 sigillans.
749 1571 819 1640 Quae
839 1572 906 1642 qui·
923 1589 946 1646 g
964 1571 1034 1629 le...
1053 1572 1089 1629 sit
1111 1587 1171 1629 esse
1185 1571 1293 1629 animal
1312 1573 1468 1644 quoddam,
1486 1574 1567 1633 itaet
1582 1576 1809 1648 divinasapien·

58 1659 127 1716 dem
142 1658 310 1715 intersesic
324 1673 354 1715 se
384 1659 500 1725 babent,
524 1665 558 1714 ιιι
584 1673 621 1715 ει
650 1673 707 1716 tere
734 1662 771 1716 sit
799 1659 908 1716 lactum

59 1747 224 1819 sigillabile,
255 1747 308 1804 boc
322 1750 371 1804 ‘est
390 1746 519 1819 sigillum
541 1755 568 1804 ει
591 1760 628 1804 ert
650 1762 705 1804 rere
720 1748 809 1805 simul
831 1758 858 1805 ct
873 1748 910 1805 si·

60 1835 181 1908 giliabili
197 1836 347 1908 contingat
372 1835 433 1892 lieri
449 1836 590 1907 sigillans.
626 1838 661 1893 Et
675 1850 712 1893 ex
727 1850 784 1893 tere
802 1838 911 1907 quippe

60 1924 140 1996 quod
159 1934 219 1981 erat
236 1925 381 1996 primitus,
411 1925 447 1980 ad
475 1924 531 1981 hoc
550 1925 724 1994 productum
751 1933 793 1982 εει
814 1924 911 1996 ipsum

60 2026 98 2070 εει
118 2022 151 2071 ιιι
165 2014 318 2086 sigillabile
345 2020 426 2081 esset,
461 2013 562 2069 deinde
586 2021 617 2070 ut
646 2014 723 2084 quod
742 2028 782 2070 aas
805 2013 912 2085 sigilla·

60 2102 118 2158 bile
130 2103 192 2175 jam
205 2111 277 2170 erat,
293 2103 425 2173 sigillans
440 2102 529 2158 fieret.
553 2102 708 2174 sicigitur
727 2117 795 2159 oum
810 2103 911 2159 eadem

60 2191 97 2248 sit
113 2192 233 2248 essentia
249 2192 315 2247 aeris
331 2200 358 2247 ct
387 2191 561 2262 sigillabilis,
588 2198 616 2247 et
644 2191 812 2263 sigillantis,
844 2205 912 2262 quae

61 2280 118 2336 tria
132 2280 305 2351 proprietate
320 2281 434 2336 diversa
458 2287 537 2348 sunt,
568 2282 607 2336 ita
624 2280 685 2336 baec
708 2282 763 2336 tria
787 2280 912 2338 invicem

61 2369 116 2426 sibl
128 2377 196 2425 sunt
211 2371 378 2441 coniuncta,
402 2376 435 2425 ιιι
456 2383 492 2423 ex
507 2382 562 2424 aare
577 2367 740 2439 sigillabib,
756 2377 785 2425 et
805 2384 842 2425 ex
857 2383 913 2426 aere

62 2465 90 2514 ει
102 2457 250 2530 sigillabili
265 2457 364 2524 simui,
380 2457 512 2528 sigillans
527 2456 631 2512 babeat
653 2471 739 2512 suum
755 2470 825 2513 εεεε.
843 2457 912 2521 Quae

63 2547 181 2619 quidem
214 2547 313 2604 omnia
336 2547 358 2603 ει
382 2546 418 2602 ad
443 2545 547 2601 divinae
573 2545 722 2602 Trinitatis
751 2546 913 2602 doctrinam

63 2637 201 2709 congruis
216 2635 451 2708 proportionibus
476 2635 665 2702 reducantur,
690 2632 774 2690 facile
797 2642 839 2690 εει
861 2649 912 2691 no·

65 2725 110 2781 bis
143 2741 179 2782 ex
204 2726 271 2796 ipsis
297 2724 535 2797 pbilosophorum
565 2723 756 2790 documentis,
791 2723 911 2793 pseudo·

64 2814 258 2885 pbilosopbos,
276 2814 395 2885 quinos
416 2813 562 2881 inlestant,
588 2811 724 2868 refellere.
741 2811 913 2868 sicutenim

966 1662 1006 1717 tia
1020 1661 1054 1717 do
1069 1660 1175 1717 divinae
1187 1661 1320 1732 potentiae
1334 1662 1442 1720 dicitur
1463 1678 1524 1720 esse
1543 1665 1718 1734 substantia,
1742 1679 1811 1722 oum

964 1749 1095 1806 videlicet
1114 1763 1174 1806 esse
1193 1750 1377 1820 sapientiam,
1409 1751 1495 1808 idest
1520 1753 1679 1823 potentiam
1701 1753 1813 1810 discer-

965 1838 1063 1907 nendi,
1077 1839 1188 1909 sitgesse
1203 1839 1358 1909 potentiam
1373 1841 1541 1911 quamdam,
1559 1841 1637 1913 quod
1650 1849 1692 1898 εει
1707 1841 1814 1898 Filium

965 1925 1000 1982 do
1016 1926 1180 1983 substantia
1205 1928 1297 1983 Patris
1311 1941 1380 1995 εεεε,
1397 1928 1442 1984 vel
1459 1928 1495 1984 ab
1513 1929 1573 1999 ipso
1597 1929 1730 2002 genitum
1753 1941 1815 1986 εεεε

966 2013 1034 2086 (ot).
1062 2015 1135 2072 Nam
1161 2021 1189 2070 ει
1211 2015 1318 2085 species
1346 2029 1383 2071 ax
1413 2031 1515 2088 genere
1549 2019 1633 2089 quasi
1659 2018 1739 2091 gigni
1768 2015 1815 2075 vel

966 2104 1057 2162 creari
1083 2104 1243 2175 pbilosopbi
1279 2103 1389 2172 dicunt,
1417 2106 1578 2162 secundum
1606 2107 1659 2162 boc
1690 2105 1812 2176 scilicet,

966 2194 1090 2266 quodex
1102 2193 1175 2263 ipso,
1192 2200 1226 2248 ut
1242 2192 1420 2262 dictumest,
1444 2208 1505 2250 esse
1534 2196 1720 2252 contrahunt:
1741 2193 1815 2251 Boe·

969 2284 1025 2339 tius
1041 2284 1069 2338 in
1082 2282 1155 2338 libro
1172 2281 1362 2348 Divisionum,
1383 2296 1476 2353 genus
1498 2283 1529 2339 in
1548 2283 1656 2354 species
1676 2283 1762 2356 quasi
1780 2282 1812 2339 in

968 2372 1109 2443 quasdam
1137 2383 1155 2426 a
1177 2384 1207 2426 se
1243 2370 1457 2441 quodammodo
1484 2373 1697 2443 procreationes
1723 2370 1815 2430 dividi

970 2460 1079 2516 asserit.

1003 2548 1074 2604 cnm
1092 2554 1187 2604 autem
1198 2546 1310 2617 species
1323 2560 1361 2604 ex
1376 2562 1480 2619 genere
1498 2550 1590 2607 creari
1613 2565 1665 2607 seu
1680 2550 1761 2623 gigni
1770 2550 1816 2607 di·

968 2644 1083 2705 cantur,
1111 2650 1169 2692 non
1192 2643 1288 2691 tamen
1307 2635 1371 2692 ideo
1397 2651 1511 2693 necesse
1537 2646 1579 2695 est
1600 2639 1815 2710 genusspeoies

967 2738 1036 2781 suas
1052 2731 1188 2792 tempore,
1201 2721 1248 2778 vel
1262 2735 1312 2791 per
1328 2723 1513 2779 existentiam
1537 2726 1708 2794 precedere,
1724 2733 1756 2783 ut
1770 2725 1816 2783 vi·
1850 2717 1857 2725 '

969 2813 1071 2870 delicet
1091 2812 1187 2882 ipsum
1197 2809 1278 2881 prius
1292 2824 1354 2866 esse
1368 2811 1521 2882 contigerit
1533 2826 1623 2882 quam
1640 2813 1712 2870 illas.
1729 2812 1816 2872 Nun-

62 2916 100 2960 ειι
110 2917 167 2960 aere
182 2903 313 2974 sigillum
328 2911 370 2958 εει
385 2916 504 2967 aereum,
517 2908 544 2957 et
565 2915 601 2957 ει
617 2901 678 2971 ipso
699 2901 913 2971 quodammodo
930 2936 952 2994 G
970 2916 1058 2974 quam
1070 2901 1175 2957 etenim
1185 2913 1287 2971 genus,
1303 2898 1360 2955 nisi
1375 2912 1426 2970 per
1440 2900 1570 2971 aliquam
1585 2902 1815 2973 speciemsuam,

64 3001 231 3065 generatur,
248 2991 289 3048 ita
307 3004 344 3048 ex
367 2991 428 3061 ipsa
446 2990 496 3045 Dei
521 2989 615 3045 Patris
634 2989 798 3049 substantia
824 2989 914 3047 Filius
967 3006 1027 3048 esse
1045 2988 1197 3060 contingit,
1222 2988 1267 3045 vel
1287 2987 1433 3044 ullatenus
1453 2990 1560 3046 animal
1577 2990 1640 3060 luit,
1657 2985 1835 3064 antequam

62 3081 151 3138 babet
165 3095 235 3150 εεεε,
256 3088 283 3137 ει
304 3080 466 3136 secundnm
494 3078 548 3134 boc
571 3093 608 3134 ex
634 3079 693 3150 ipso
708 3078 816 3135 dicitur
836 3078 914 3149 geni·
968 3078 1110 3136 rationale
1123 3078 1168 3133 vel
1184 3075 1351 3132 irrationale
1365 3076 1471 3133 luerit:
1495 3085 1523 3133 et
1543 3077 1584 3133 ita
1600 3079 1737 3149 quaedam
1750 3094 1816 3152 spe·

64 3175 121 3228 tus.
152 3169 188 3227 Ut
215 3169 350 3226 enimet
371 3169 563 3239 suprapositis
587 3167 761 3239 jamdudum
791 3168 913 3224 ostendi·
968 3169 1028 3224 cles
1041 3181 1108 3224 oum
1122 3179 1185 3222 ειιιε
1200 3164 1355 3236 generibus
1374 3165 1462 3221 simul
1486 3166 1658 3223 naturaliter
1671 3167 1815 3239 existunt,

65 3275 139 3329 mus,
151 3259 313 3331 specialiter
328 3257 445 3314 nomine
472 3257 562 3313 Patris
586 3257 688 3313 divina
712 3257 842 3327 potentia
869 3256 916 3312 de·
968 3266 1001 3314 ut
1017 3257 1286 3325 nullatenusgenus
1298 3255 1360 3310 sine
1376 3254 1440 3323 illis,
1457 3253 1533 3312 sicut
1547 3269 1601 3311 nec
1615 3255 1685 3326 ipsae
1698 3255 1818 3330 sinoga-

65 3349 205 3414 olaratur,
221 3348 297 3404 sicut
318 3347 433 3403 nomine
451 3347 513 3402 Filii
537 3345 638 3402 divina
661 3346 803 3416 sapientia
828 3344 917 3416 signi·
969 3359 1038 3403 nore
1066 3358 1127 3402 esse
1151 3343 1306 3414 potuerint,
1331 3343 1408 3400 sicut
1433 3343 1581 3415 quantitas
1601 3353 1629 3401 et
1647 3346 1756 3414 unitas,
1770 3344 1817 3403 vel

66 3437 180 3495 iicatur.
198 3438 248 3494 Est
262 3444 360 3493 autem
386 3435 485 3492 divina
509 3436 649 3505 sapientia
665 3435 811 3506 quaedam,
828 3443 860 3491 ut
876 3434 915 3490 ita
970 3439 1149 3490 numeruset
1163 3431 1304 3488 binarius.
1332 3431 1377 3488 sic
1391 3439 1419 3489 ει
1438 3432 1539 3489 divina
1562 3433 1714 3505 sapientia,
1737 3433 1817 3504 licet,

65 3525 279 3596 dicamipsius
305 3524 356 3580 Dei
382 3524 519 3595 potentia,
547 3523 757 3595 quavidelicet
776 3522 812 3579 ab
837 3523 917 3592 omni
969 3530 1003 3580 ut
1026 3523 1136 3579 dictum
1163 3528 1216 3587 est,
1246 3534 1284 3576 ex
1310 3520 1411 3575 divina
1435 3523 1562 3591 potentia
1588 3537 1674 3580 omne
1699 3523 1816 3593 babeat,

66 3615 121 3672 sibi
137 3614 250 3670 laliacia
275 3612 318 3669 vel
342 3625 439 3668 errore
469 3612 620 3682 providere
643 3618 744 3682 potest,
770 3611 811 3667 ita
832 3624 916 3666 vera·
970 3611 1049 3685 quod
1067 3618 1108 3668 εει
1121 3609 1224 3665 Filium
1240 3623 1277 3664 ex
1293 3609 1375 3665 Patre
1390 3609 1483 3680 gigni,
1499 3626 1558 3668 non
1570 3618 1666 3669 tamen
1676 3613 1753 3671 bane
1767 3613 1818 3670 illa

66 3704 138 3761 citer
153 3718 220 3759 cunt
240 3703 295 3758 ista
322 3701 494 3774 dijudicare,
523 3709 550 3758 et
574 3700 731 3757 scrutando
754 3706 915 3771 penetrare,
970 3699 1155 3773 precesserit,
1173 3711 1240 3753 cum
1255 3697 1422 3753 nullatenus
1436 3697 1498 3753 sine
1512 3700 1652 3769 sapientia
1663 3703 1741 3760 Deus
1756 3715 1818 3761 esse

68 3799 101 3849 ut
116 3791 145 3848 in
156 3791 236 3847 nullo
251 3791 341 3861 decipi
360 3791 403 3847 vel
419 3804 517 3848 errare
529 3790 628 3860 possit.
972 3788 1107 3859 potuerit.
1128 3786 1214 3842 sicet
1231 3786 1503 3857 innumerabillaox
1519 3788 1583 3845 aliis
1600 3790 1682 3862 gigni
1694 3790 1739 3847 vel
1756 3803 1817 3848 εεεε

102 3880 249 3951 Sapientia
264 3881 364 3952 itaque
382 3880 482 3936 divina
497 3879 624 3950 potentia
633 3886 675 3935 εει
690 3878 739 3935 illa
753 3886 781 3935 ει
794 3877 918 3935 lacultas
970 3876 1117 3942 videntur,
1135 3873 1277 3945 aquibus
1293 3881 1389 3929 tamen
1412 3881 1539 3945 tempore
1561 3877 1729 3934 nullatenus
1744 3891 1817 3948 prae-

66 3969 240 4039 disserendi,
264 3983 313 4040 per
338 3984 428 4041 quam
451 3970 543 4024 omnia
565 3970 649 4023 oculis
668 3968 728 4038 ejus
754 3968 832 4022 nudo
853 3972 919 4023 sunt
971 3965 1125 4031 ceduntur,
1142 3971 1174 4020 ut
1186 3978 1223 4019 ει
1237 3962 1296 4019 sole
1309 3963 1445 4033 splendor
1464 3972 1514 4020 ant
1528 3965 1617 4033 calor,
1634 3979 1701 4037 quae
1724 3964 1761 4021 ad
1777 3965 1819 4021 si·

66 4064 93 4114 el
107 4064 206 4129 aperta
227 4060 319 4131 (liebr.
339 4073 379 4127 ιι,
407 4057 460 4129 l3),
476 4073 530 4114 nec
559 4058 723 4130 quidquam
748 4056 919 4130 ignorantiae
972 4053 1168 4110 militudinem
1193 4051 1344 4108 Trinitatis
1362 4053 1501 4121 ¹nonnulii
1528 4051 1631 4110 allerre
1653 4066 1818 4110 consueve-

68 4148 108 4204 illi
122 4149 212 4220 possit
228 4149 328 4205 inesse.
346 4148 519 4205 sicutenim
546 4146 714 4203 sanativum
734 4154 786 4203 aut
811 4146 917 4202 durum
973 4149 1051 4210 runt,
1064 4151 1098 4200 ut
1112 4142 1149 4197 sit
1162 4139 1295 4197 videlicet
1320 4140 1410 4197 Filius
1429 4154 1466 4197 ex
1482 4143 1575 4210 Patre,
1594 4143 1670 4199 sicut
1683 4141 1821 4214 splendor

66 4251 105 4294 ex
133 4238 268 4308 potentiis
302 4237 479 4309 quibusdam
515 4236 570 4292 dici
608 4235 772 4292 Aristoteles
801 4222 1009 4302 astruit,Dex
1024 4231 1093 4299 sole,
1113 4239 1141 4287 et
1155 4244 1260 4287 rursus
1289 4229 1414 4299 Spiritus
1444 4244 1479 4286 ex
1507 4231 1578 4301 ipso,
1602 4232 1678 4288 sicut
1700 4246 1736 4288 ex
1761 4230 1821 4289 sola

68 4325 148 4396 quod
169 4326 302 4383 videlieet
330 4326 392 4396 ipsa
416 4324 605 4381 incommodis
634 4323 695 4380 ειιιε
720 4323 851 4381 ιεειειειε
867 4335 919 4379 ιι·
977 4321 1063 4378 ειιει.
1082 4317 1222 4389 Splendor
1235 4319 1343 4390 quippe
1362 4319 1397 4373 ad
1415 4319 1606 4390 sapientiam,
1628 4333 1695 4391 quta
1713 4327 1822 4377 tamem

68 4412 137 4480 lent,
151 4413 195 4479 ita
206 4414 348 4484 sapientia
368 4414 481 4470 ratione
507 4413 635 4485 quadam
658 4412 786 4482 potentia
800 4410 918 4479 dicitur,
974 4414 1015 4464 εει
1025 4407 1140 4476 animae,
1159 4416 1235 4465 recte
1251 4408 1365 4465 videtur
1378 4407 1530 4478 pertinere,
1542 4415 1570 4465 et
1584 4410 1619 4465 de
1635 4409 1698 4479 ipsa
1713 4408 1762 4464 liei
1775 4419 1821 4464 sa-

50 4501 141 4573 ·qnia
167 4502 287 4560 laliaciae
310 4503 417 4560 scilicet
441 4503 485 4558 vel
510 4501 681 4574 ignorantiae
696 4501 850 4569 resistitur,
868 4512 921 4555 nec
976 4496 1082 4565 pientia
1102 4510 1168 4567 qnae
1183 4496 1273 4552 Filius
1287 4495 1350 4565 eius
1365 4495 1548 4567 intelligitur,
1565 4497 1706 4568 scriptum
1720 4503 1763 4554 ost
1782 4495 1820 4554 ab

70 4593 100 4647 in
115 4592 214 4663 aliquo
240 4606 289 4663 per
304 4607 430 4649 errorem
456 4606 538 4648 mens
559 4598 665 4648 cacata
680 4590 807 4648 labatur.
829 4590 874 4646 Sic
892 4594 921 4645 ει
974 4585 1171 4656 evangelista:
1199 4587 1268 4639 Erat
1300 4585 1349 4639 luc
1374 4599 1439 4639 vera
1464 4600 1524 4655 qua
1545 4587 1687 4640 illuminat
1714 4600 1820 4642 omnem
1850 4623 1855 4631 ι

68 4680 213 4738 visionem
226 4683 382 4752 potentiam
397 4681 566 4753 quamdam,
585 4680 691 4736 sicute
718 4676 922 4736 contracaeci·
974 4673 1108 4739 bominem
1135 4677 1284 4729 venientem
1308 4675 1339 4730 ia
1367 4675 1437 4730 bunc
1457 4675 1591 4730 mundum
1613 4679 1703 4745 (ioca.
1734 4691 1758 4743 ι,
1780 4674 1821 4748 9).
1852 4756 1857 4762 Δ

69 4776 159 4828 tatem
184 4769 383 4841 impotentiam
410 4768 606 4825 nominamus.
636 4767 714 4823 ldem
739 4779 857 4838 quoque
886 4764 922 4820 de
975 4761 1011 4818 Et
1026 4762 1062 4818 ab
1084 4763 1146 4833 ipso
1162 4763 1272 4819 dictum
1291 4770 1334 4820 εει
1362 4764 1452 4821 Filio:
1483 4765 1544 4834 Epo
1571 4780 1631 4822 sum
1658 4764 1708 4820 itta
1725 4763 1824 4821 maadi

68 4858 193 4916 scientia
208 4859 337 4931 qnalibet
359 4872 425 4930 quan
439 4857 514 4914 visio
530 4857 666 4928 quadam
694 4854 800 4913 mentis
822 4861 876 4922 est,
891 4861 920 4912 ει
976 4851 1066 4922 (loon.
1083 4866 1144 4920 vm,
1166 4853 1220 4923 ld).
1252 4854 1287 4909 Et
1308 4853 1590 4927 Apostolusinquit:
1612 4853 1823 4925 splendorqto‘

70 4947 106 5004 do
120 4947 286 5020 ignorantia
309 4949 366 5005 dici
395 4947 540 5005 convenit.
563 4946 636 5004 Cum
666 4945 755 5017 igitur
781 4942 922 5014 sapientia
975 4943 1018 4996 rio
1032 4941 1090 5010 eius
1111 4941 1205 5012 (liebr.
1220 4958 1239 5011 1,
1255 4942 1293 5012 3).
1311 4943 1656 5015 ὃριιιιιιειειοειιιιιιιε,
1677 4945 1730 5018 qui
1740 4958 1823 5003 amor

70 5037 217 5109 quaedam,
247 5046 280 5096 ut
302 5037 411 5094 dictum
440 5045 493 5104 εει,
517 5035 722 5106 sitpotentia,
746 5032 921 5091 sicutenim
975 5030 1027 5087 Dei
1050 5030 1168 5099 dicitur,
1202 5037 1279 5088 recto
1307 5046 1358 5102 per
1385 5032 1510 5089 calorem
1544 5033 1668 5106 intelligi
1694 5034 1824 5105 videtur,

68 5127 317 5200 mronmsigillum
343 5135 386 5184 est
418 5126 566 5199 quoddam
593 5139 642 5193 aes,
674 5122 766 5196 liquet
792 5122 920 5193 prolecto
974 5132 1040 5176 oum
1056 5117 1086 5174 in
1102 5117 1238 5175 omnibus
1253 5119 1323 5190 ipsis
1341 5132 1423 5177 amor
1450 5135 1510 5193 quo
1532 5121 1625 5178 calere
1645 5128 1761 5192 pectora
1775 5121 1818 5179 di·

70 5215 202 5274 dirinam
229 5215 401 5286 sapientiam
422 5229 460 5274 ειι
484 5213 584 5271 divina
608 5212 737 5284 potentia
758 5225 921 5270 εεεεειιιιιι
973 5215 1093 5276 cuntur,
1112 5207 1279 5279 lrequenter
1306 5209 1385 5266 calor
1405 5208 1467 5267 sive
1487 5210 1563 5283 ignis
1591 5211 1819 5283 appellatur.1io

70 5302 189 5376 babere,
204 5305 317 5364 adeam
330 5304 439 5363 scilicet
465 5302 684 5362 similitudinem
710 5315 770 5375 qna
791 5300 921 5375 sigillum
974 5310 1034 5370 qno
1046 5305 1074 5354 ει
1087 5297 1147 5368 ipse
1160 5296 1252 5355 Filius
1267 5296 1307 5355 ait
1321 5312 1328 5355 :
1344 5299 1511 5368 lpaemoeni
1529 5301 1637 5359 mittere
1651 5303 1682 5361 ιιι
1703 5306 1820 5378 terram

106 5482 165 5558 (ιι)
178 5481 210 5542 Β.
233 5482 372 5544 demand.
397 5482 482 5554 epist.
511 5481 561 5539 lid
587 5479 668 5540 bunc
690 5475 920 5539 mlutatloount.
