3736 5962
52 218 79 275 t·
666 205 777 268 11111111
795 204 840 266 ET
858 202 1077 272 SEOUENl'lAE.
1677 196 1760 258 isit?

857 329 884 387 Δ
967 330 1115 396 Quantum
1134 324 1243 398 quippe
1258 336 1346 381 sexus
1359 322 1408 379 hio
1429 327 1473 380 est
1487 320 1610 395 trigtbs,
1673 354 1675 359 ·

65 343 150 400 Eune
168 340 269 411 maiori
283 338 322 411 (1)
336 335 507 395 sublimavit
521 333 632 409 gratia3

101 413 182 479 Quod
202 412 239 468 ab
254 410 317 482 eius
331 416 422 466 matre
432 408 547 479 virgine

99 485 153 542 Per
167 482 297 555 singulos
311 481 420 553 gradus
432 478 550 549 inspice.

13 598 45 661 ι
62 589 134 660 Quis
143 597 310 647 sanctarum
324 599 388 643 eam
403 583 607 642 emulantium

13 682 39 735 .‚·
63 663 222 719 Numerare
237 658 325 730 possit
336 658 439 714 choros
451 652 628 727 virginum?

63 734 132 790 Post
147 733 199 789 bas
212 745 272 787 esse
282 729 348 801 quis
363 727 453 785 nescit
469 728 638 783 innumeras

64 803 185 862 Sacrum
199 810 299 859 votum
316 799 518 870 amplectentes
534 793 662 855 viduas?

99 875 158 932 Nec
173 874 267 930 deesse
286 871 468 928 matrimonio

99 945 171 1012 cuae
186 943 310 1016 dagreiit
324 943 378 999 hoc
394 938 544 998 desiderio.

63 1051 129 1107 Post
143 1049 196 1106 has
209 1062 319 1114 omnes,
333 1047 356 1104 si
371 1053 466 1104 scorta
485 1044 647 1116 respiciam,

62 1120 240 1202 hlagdalenie
258 1133 372 1201 ungens
386 1116 601 1244 AEngtiacem,

64 1191 119 1249 Ubi
135 1191 220 1262 culpa
233 1205 315 1262 prius
331 1189 431 1246 habun
454 1194 564 1256 averat,

63 1261 155 1320 Cerno
166 1262 236 1334 quia
253 1260 348 1318 virtus
363 1267 461 1330 postea
476 1259 578 1316 liberat
593 1256 643 1332 (t).

99 1332 213 1416 Christo
227 1330 382 1461 {sidocus
395 1331 449 1412 ipsi
464 1329 569 1403 gloria,

98 1404 153 1473 Qui
174 1411 213 1461 tot
238 1411 294 1461 acit
310 1401 467 1459 mirabilia.

12 1479 35 1567 χΙ
340 1488 496 1546 cxxxvii.

12 1571 29 1617 ¹¹
178 1594 206 1636 m
218 1594 238 1635 ιι
250 1593 395 1636 uocruuno
405 1593 440 1635 ιιι
454 1589 652 1635 nnmsrirnis.

12 1643 32 1711 Ψ
61 1671 126 1726 Post
140 1668 278 1725 honorem
294 1666 473 1740 singularem
489 1665 625 1748 virginis,

11 1714 30 1835 ι
62 1741 132 1806 oure
156 1741 196 1796 sic
210 1739 307 1811 pollet,
319 1746 351 1794 ut
365 1740 401 1795 sit
413 1738 465 1794 Dei
480 1738 619 1810 genitrix,

63 1810 128 1876 Qua
139 1810 248 1868 virtute
262 1810 307 1867 vel
323 1809 431 1865 honore
445 1807 555 1878 praediti

11 1856 29 1909 ι
62 1882 124 1939 Sint
135 1881 219 1938 istius
238 1880 346 1963 gradus
361 1877 578 1952 sexussinguli,

11 1995 26 2055 ι.
96 1952 250 2022 Multiplici
268 1950 471 2022 rerumspecie

98 2023 193 2080 Sacrae
201 2024 303 2080 docent
317 2036 369 2079 nos
389 2020 523 2078 historici.

11 2177 13 2185 .
60 2125 188 2184 Paradisi
202 2127 317 2199 primus
330 2128 422 2184 hdam
437 2125 532 2184 incola

11 2188 17 2237 ¹
62 2201 150 2255 Extra
164 2198 258 2254 iactus
272 2198 336 2266 init,
355 2198 435 2255 intns
449 2196 567 2265 lemine,

11 2251 20 2309 ¹
63 2268 100 2325 Ut
114 2275 142 2324 et
157 2268 195 2339 (1)
211 2268 291 2325 locus
306 2270 366 2394 ipse
379 2269 417 2324 sit
432 2268 545 2335 inditio,
575 2334 581 2348 .

63 2338 157 2404 onam
170 2339 312 2395 excellens
343 2351 428 2396 arum
444 2338 480 2394 sit
494 2343 612 2406 creatio,

11 2406 19 2454 t
98 2408 509 2473 Ouaedccostaririconditae

11 2482 18 2527 1
99 2479 194 2537 Fortes
209 2479 506 2537 essentvclutosseae.

11 2586 13 2598 '
64 2585 129 2642 ilaec
144 2585 174 2642 in
191 2586 291 2643 multis
303 2585 442 2642 tortitudo
457 2585 553 2653 irruit,

59 2655 132 2714 Cum
142 2658 272 2715 virorum
287 2658 382 2713 rirtus
393 2657 540 2713 exaruerit
553 2654 604 2728 (5).

60 2727 94 2783 1ιι
112 2728 245 2797 exemplo
265 2735 372 2810 perstat
388 2727 524 2854 fftiudex
535 2727 657 2788 chora,

62 2799 93 2854 Et
109 2813 175 2869 quae
185 2806 286 2855 stravit
297 2799 385 2868 llolop
407 2812 505 2854 ernem
521 2797 611 2853 vidua
622 2796 673 2867 (1),

95 2868 345 2940 Sollempnemque
361 2870 478 2925 missam
495 2869 607 2936 merita,

95 2939 208 3011 Septem
221 2941 345 2997 iratrum
355 2946 447 2996 meter
460 2939 568 2997 inclita:

57 3046 137 3117 lepte
152 3054 220 3102 nata
235 3045 387 3102 victorisin
402 3045 552 3117 proprium

57 3117 150 3173 Patris
163 3118 297 3173 dextram
312 3117 454 3174 animarit
466 3114 618 3189 jugulum,

58 3186 144 3244 hloris
155 3187 274 3259 eligens,
290 3200 377 3258 quam
393 3187 517 3259 gratiam

60 3259 128 3314 Veto
143 3266 224 3329 pater
238 3257 352 3315 fraudet
362 3258 416 3314 sibi
429 3258 598 3329 prestitam.

96 3363 199 3422 Christi
215 3362 312 3420 decus.

314 3449 481 3507 LXXlell.

148 3554 176 3596 hrt
192 3554 222 3597 lli
236 3551 380 3597 nocrbnrto
395 3552 483 3596 11111)
498 3549 650 3596 VESPERXS.

58 3627 86 3684 Si
98 3642 165 3685 curn
179 3629 250 3685 uiris
264 3628 385 3685 reminas
398 3627 571 3685 contendere

58 3699 100 3755 De
114 3699 219 3756 virtute
234 3699 318 3756 liceat
332 3698 517 3770 constantiae3

56 3769 128 3836 Quis
141 3771 274 3827 virorum
291 3771 395 3826 mentis
409 3769 578 3827 tortitudine

56 3840 210 3912 hdaequari
222 3841 310 3911 possit
323 3841 403 3910 lepte
417 3840 495 3901 hiim.

92 3911 208 3977 Quaene
227 3913 284 3968 voti
302 3919 382 3982 pater
391 3925 458 3968 reus
467 3913 515 3977 sit,

92 3982 285 4040 Serietimam
301 3982 378 4054 patri
393 3979 539 4053 praehuitr

54 4088 129 4154 Quid
145 4088 254 4146 iecisset
270 4088 298 4146 in
314 4102 407 4160 agone
422 4087 587 4158 martirum,

56 4158 84 4215 Si
98 4174 203 4232 negare
217 4168 368 4231 cogeretur
383 4160 538 4217 Dominum
551 4159 567 4214 1

56 4230 136 4286 Unde
150 4236 232 4287 tanta
246 4232 370 4303 virginis
380 4231 542 4287 constantia

54 4301 187 4365 Quadam
199 4301 285 4371 pollet
300 4301 422 4371 spiritali
434 4303 539 4373 gratia,

54 4370 90 4427 Ut
108 4371 258 4429 sollemnes
274 4373 375 4442 hymni
385 4373 534 4444 virginum

54 4440 226 4514 virgineum
243 4443 339 4499 colant
357 4443 480 4500 exitum.

55 4549 137 4606 hlulti
151 4549 207 4606 viri
223 4549 264 4622 (8)
275 4549 358 4606 lactis
378 4548 587 4607 excellentibus

54 4620 226 4677 liberarunt
241 4621 336 4676 ildeies
350 4620 386 4676 ab
406 4620 547 4687 hostibus,

53 4691 153 4748 ilester
167 4691 228 4748 sola
242 4690 391 4748 liberando
408 4690 547 4761 populum

53 4762 125 4818 ilinc
139 4763 275 4818 festivum
289 4762 326 4832 (1)
343 4763 448 4819 meruit
460 4760 644 4833 preconium,

88 4834 124 4891 Ut
139 4833 256 4900 scilicet,
272 4840 416 4904 quantum
426 4832 550 4889 emineat

89 4904 276 4962 Feminarum
287 4904 390 4972 virtus,
402 4910 509 4975 pateat.

16 5063 59 5132 (l)
71 5062 137 5120 Cod.
155 5065 275 5132 majora.

16 5135 54 5275 (23
69 5133 139 5191 Cod.
153 5135 380 5220 postneonlibcrot.

28 5208 42 5260 3
78 5205 146 5261 Cod.
164 5205 276 5262 Christi.

15 5206 55 5418 {¹3
73 5276 142 5335 coo.
158 5292 202 5332 eir.

68 5348 109 5406 Cl.
122 5363 150 5404 r.
173 5347 276 5405 Cousiri
296 5347 446 5406 substituit
464 5352 575 5407 exarcit
599 5358 701 5421 preter
731 5357 826 5408 aucte

7 5427 94 5477 tatem
109 5418 176 5478 Cod.
192 5428 220 5476 et
235 5420 341 5502 rythmi
359 5419 446 5493 leges.

14 5488 56 5562 (d)
70 5490 111 5549 Cl.
127 5506 156 5550 v.
173 5490 279 5549 Cousin
289 5497 416 5562 prestat.

851 2874 873 2930 C

966 403 1005 457 Eo
1018 400 1112 457 virtus
1127 397 1216 468 ipsius
1232 394 1373 452 mirabilis

965 472 1059 542 hlajus
1074 469 1169 527 landis
1183 468 1267 539 erigit
1282 464 1471 538 preconium,

966 545 999 600 ln
1013 542 1181 615 praecelsum
1195 539 1333 610 erigenda
1342 536 1470 594 titulum.

1000 650 1107 708 Christi
1117 648 1212 707 decus.

1244 733 1393 793 LXXXIX.

1099 840 1136 882 ab
1157 836 1265 883 chunus
1287 833 1533 881 manumitte.

965 916 1002 973 Ut
1017 914 1053 971 ad
1066 921 1164 971 nostra
1177 912 1329 971 veniamus
1343 918 1485 982 tempora,

969 987 1038 1051 Quis
1052 986 1153 1042 divina
1168 983 1329 1054 supertndit
1344 983 1449 1053 gratia,

966 1058 1038 1122 Quis
1053 1057 1146 1113 inista
1160 1055 1293 1121 reminas,
1308 1052 1471 1125 precellere

965 1129 1030 1187 Non
1041 1127 1193 1184 valchitex
1210 1125 1310 1182 inultis
1324 1122 1472 1194 colligere,

1001 1199 1066 1256 Post
1086 1199 1206 1254 llariain
1221 1201 1334 1252 Annam
1346 1196 1471 1264 intuens,

999 1269 1147 1327 Elisabeth
1162 1281 1281 1339 quoque
1292 1263 1458 1323 contuens?

967 1376 1073 1435 Christi
1088 1369 1173 1447 pedes
1188 1374 1264 1446 capit
1278 1369 1546 1453 unguens‘mulier,

965 1449 1110 1507 Christum
1123 1461 1190 1502 eum
1205 1445 1270 1517 iecit
1284 1442 1481 1514 corporaliter.

967 1518 1126 1577 Sacerdotis
1138 1524 1165 1573 et
1182 1516 1258 1587 regis
1268 1514 1396 1571 misteria
1412 1513 1466 1595 (11))

966 1589 1130 1660 suscepisse
1144 1595 1256 1644 constat
1269 1586 1349 1643 hunc
1370 1584 1519 1654 alemina,

1001 1666 1033 1720 Et
1052 1661 1103 1731 qui
1115 1673 1182 1716 eum
1195 1672 1282 1715 sexus
1296 1657 1406 1728 peperit

1000 1732 1186 1789 Sacramenta
1199 1742 1318 1802 quoque
1328 1725 1456 1791 tradidit,

963 1839 999 1896 Et
1018 1835 1129 1907 sepulto
1144 1834 1239 1893 ferens
1254 1832 1301 1890 hic
1312 1832 1369 1903 (11)
1389 1836 1520 1889 aromata

964 1906 1152 1980 Resurgentis
1162 1905 1240 1977 prior
1255 1903 1329 1960 vidit
1364 1902 1463 1971 audh,

963 1981 999 2038 Et
1010 1992 1049 2036 ex
1063 1979 1149 2049 culpa
1163 1976 1220 2033 vile
1234 1974 1328 2056 magis
1338 1919 1445 2057 femina

963 2052 996 2108 ln
1012 2050 1066 2108 hac
1079 2062 1178 2105 omnes
1192 2052 1343 2104 antecessit
1369 2050 1475 2116 gratia,

999 2123 1035 2179 Ut
1048 2126 1143 2191 pateat
1153 2124 1263 2190 quanto
1276 2115 1383 2198 gaudio

980 2191 1164 2250 Peccantium
1176 2189 1212 2247 sit
1226 2201 1387 2249 conversio.

1116 2293 1288 2355 conditius
1317 2288 1505 2351 vincutum.

1254 2396 1313 2455 XC.

1081 2502 1128 2548 iiii
1142 2498 1379 2546 iocruniionrin
1402 2495 1553 2543 resonans.

962 2596 1071 2667 Sponsa
1084 2595 1201 2663 Christi,
1217 2602 1277 2651 tam
1289 2593 1374 2664 virgo
1384 2605 1474 2662 quam
1490 2597 1592 2658 mater,

961 2668 1053 2724 Cu'us
1068 2667 1166 2738 palma
1184 2665 1305 2724 celebris
1321 2663 1382 2719 hec
1393 2662 1454 2719 dies
1467 2667 1521 2728 est,

962 2741 1001 2794 Pa
1015 2751 1061 2793 ma
1075 2737 1183 2807 duplex
1195 2737 1300 2793 testum
1340 2747 1446 2791 raesens
1463 2731 1602 2805 geminat,

960 2809 1051 2891 Virgo
1065 2821 1193 2873 carnem,
1205 2805 1308 2862 martir
1320 2749 1433 2862 ¹hostem
1448 2809 1578 2875 superat.

996 2882 1068 2936 ilinc
1086 2879 1177 2961 igitur
1191 2876 1296 3007 psalmi
1311 2881 1456 2945 resonent,

997 2951 1144 3009 Lectiones
1158 2964 1189 3006 in
1210 2953 1417 3019 econcrepent.

961 3058 1026 3114 itaec
1036 3058 1066 3113 in
1078 3056 1150 3114 viris
1165 3055 1273 3126 duplex
1286 3055 1383 3126 palma
1395 3051 1503 3119 rariori

962 3129 1071 3186 Eminet
1087 3128 1116 3184 in
1128 3126 1243 3184 leminis
1253 3126 1369 3183 uberior
1385 3141 1394 3193 ;

960 3200 996 3256 Ut
1015 3213 1104 3256 sexus
1119 3199 1224 3255 harum
1237 3205 1280 3254 est
1297 3195 1450 3265 infirmior,

960 3269 1007 3326 Sic
1021 3271 1149 3340 ipsarum
1163 3269 1258 3326 virtus
1272 3267 1443 3336 mirabilior,

996 3341 1029 3397 Et
1044 3341 1172 3410 ipsarum
1183 3346 1264 3396 tanto
1275 3339 1386 3411 gratior

996 3411 1038 3468 Sit
1051 3412 1154 3478 hostia,
1170 3418 1281 3483 quanto
1291 3410 1403 3481 purior.

960 3518 1075 3588 integra
1090 3524 1149 3573 tam
1164 3517 1269 3587 spiritu
1283 3529 1374 3641 (huam
1391 3527 1520 3585 corpore,

960 3588 1164 3645 holocaustum
1175 3601 1278 3644 rerum
1314 3586 1506 3668 texrirgine.

960 3658 1002 3713 hil
1019 3659 1169 3716 incensum
1179 3658 1269 3728 hujus
1282 3657 1356 3713 reier
1373 3656 1473 3712 hostia

959 3727 1421 3800 Rnlaetipumettenellevitnlae.

995 3800 1057 3856 lllic
1067 3800 1180 3868 umbra,
1196 3799 1245 3856 sed
1259 3799 1307 3855 hic
1321 3799 1439 3866 veritas,

994 3870 1023 3927 Si
1038 3885 1083 3929 res
1098 3870 1189 3943 signis
1203 3870 1276 3927 hene
1288 3869 1429 3927 conteras.

958 3978 1028 4044 One
1041 3992 1091 4035 cor
1104 3979 1160 4035 beo
1175 3991 1225 4048 per
1239 3992 1269 4035 se
1284 3982 1512 4044 consecraverat,

956 4052 1010 4107 Per
1025 4051 1154 4107 lictorem
1170 4063 1249 4107 nunc
1269 4056 1296 4107 et
1312 4046 1581 4125 corpusimmolot3

957 4120 1146 4179 Consecratus
1158 4120 1217 4177 Deo
1232 4121 1359 4191 primum
1375 4133 1492 4176 animus

958 4193 1035 4248 llosti
1053 4206 1158 4262 corpus
1167 4191 1283 4261 exponit
1300 4189 1471 4261 intrepidus.

991 4262 1098 4321 Christi
1110 4262 1207 4320 decus.

1277 4367 1342 4426 XCI.

1063 4475 1091 4517 rii
1104 4474 1125 4517 ιι
1138 4473 1284 4516 nocruiiuo
1300 4473 1335 4516 nr
1350 4472 1387 4514 iio
1405 4469 1554 4516 reserans.

955 4549 1029 4608 Cum
1042 4549 1073 4606 in
1088 4549 1194 4607 sanctis
1206 4549 1241 4606 sit
1252 4549 1329 4605 Deus
1344 4547 1400 4618 (th)
1416 4546 1567 4615 mirabilis,

956 4621 1108 4677 Priciiiinet
1126 4621 1154 4676 in
1171 4620 1309 4676 meritum
1320 4619 1459 4675 victoriis.

954 4693 1009 4750 Sed
1020 4705 1087 4749 curn
1102 4692 1152 4748 dat
1166 4690 1279 4747 leminis
1290 4689 1452 4758 victoriam,

955 4764 1028 4829 Quis
1042 4776 1100 4820 non
1112 4762 1225 4820 cunctis
1244 4761 1376 4832 praeierat
1389 4759 1538 4834 gratiam?

990 4835 1026 4891 Ut
1040 4847 1127 4891 sexus
1140 4841 1182 4891 est
1197 4832 1337 4903 fragilior,

990 4909 1048 4963 lloc
1063 4905 1101 4963 sit
1114 4904 1209 4962 virtus
1228 4903 1397 4962 mirabilior.

918 5069 946 5138 (7
973 5064 1014 5123 Cl.
1026 5079 1055 5123 v.
1074 5064 1182 5123 Cousin
1198 5062 1323 5121 :ludiim

930 5141 945 5193 8
967 5138 1010 5195 Cl.
1027 5151 1055 5194 v.
1070 5135 1175 5194 Consin
1190 5135 1250 5192 loco
1263 5137 1320 5191 virt
1338 5133 1429 5191 edidit
1445 5140 1486 5191 iit.

930 5212 946 5264 9
967 5209 1049 5267 Chr.
1070 5206 1175 5266 Consin
1185 5206 1262 5263 dedit
1281 5208 1424 5274 festinum.

933 5280 976 5351 10)
986 5278 1053 5337 cod.
1074 5279 1235 5344 illiterici'u,
1250 5277 1340 5334 literis
1366 5281 1392 5333 cl
1407 5276 1513 5334 notatis
1531 5275 1622 5335 obelo.

931 5352 974 5493 113
986 5350 1026 5407 Cl.
1045 5364 1073 5406 r.
1089 5349 1194 5408 Cousin
1208 5350 1278 5405 binc.
1293 5350 1345 5404 liic
1363 5348 1487 5406 retertur
1502 5348 1642 5407 adserito.

930 5422 962 5477 ln
989 5421 1035 5479 Sic
1050 5419 1118 5480 Cod.
1130 5419 1171 5479 Cl.
1188 5435 1217 5478 v.
1231 5421 1339 5478 Cousin
1352 5423 1422 5475 Deos
1435 5422 1481 5478 ait.
