3804 5962
119 181 185 239 till
385 179 489 236 surm
506 177 693 236 insufflat
712 177 788 236 OPP.
808 179 900 235 PARS
917 178 965 234 111.
980 204 1015 218 -
1029 173 1250 235 uuhohoolca
1268 174 1312 232 ΕΤ
1328 173 1595 234 Phuosoeulctt.
1806 188 1858 243 tin

116 309 183 366 Cum
205 321 267 362 uero
284 305 444 361 credidisset
460 304 585 374 Philippo
613 304 831 372 euanpelizanti;
860 302 962 361 dicunt
977 299 1002 355 Α
1016 300 1180 371 requiescit.
1215 300 1451 368 Martyrolooium,
1475 298 1610 355 Kalendis
1635 303 1734 374 Dialis,
1759 308 1860 367 Natum

117 395 237 467 quidam
258 394 346 450 istum
370 393 538 463 Philippum
553 406 614 449 esse
638 392 799 463 apostolum
823 399 851 448 et
869 406 962 449 unum
1019 393 1204 463 apostolorum
1224 391 1347 459 Philippi
1362 393 1387 443 et
1400 387 1510 443 iacobi:
1530 387 1573 444 Ex
1592 389 1703 460 quihus
1719 393 1862 469 Philippus

118 486 153 542 de
168 483 329 550 duodecim,
361 482 411 538 sed
439 495 498 537 non
520 481 637 537 videtur
672 495 774 537 verum
803 480 963 536 secundum
1019 488 1171 552 postquam
1187 495 1258 551 pene
1282 477 1429 549 Scythiam
1455 476 1493 532 ad
1507 476 1592 534 iidem
1616 477 1724 536 Christi
1750 497 1862 542 conver

118 572 221 629 seriem
249 571 339 641 hujus
362 569 437 626 lihri.
467 571 554 624 ltem:
577 570 698 640 Spiritus
732 571 843 623 Domini
868 570 965 638 rapuit
1019 569 1108 638 iisset,
1139 569 1218 639 apud
1249 565 1423 637 hierapolin,
1456 565 1530 621 Asin
1559 566 1715 637 civitatem,
1748 570 1863 641 glorioso

118 662 289 733 Philippum,
301 658 347 714 vei
370 657 494 728 Spiritus
516 658 631 714 Domini
656 658 741 716 irruit
764 658 795 713 in
818 672 884 714 eum
909 656 964 714 ior·
1021 657 1077 714 line
1104 657 1225 728 quievit.
1255 658 1327 712 Item
1357 654 1438 722 vili,
1466 653 1514 708 Id.
1539 657 1616 722 lun,
1651 658 1765 715 Natalis
1800 662 1863 716 beati

120 751 195 816 titer,
227 748 302 805 sicut
329 754 357 804 et
385 748 415 803 iu
455 747 599 817 apostolos
635 747 724 803 venit.
754 746 868 814 Quanto
897 745 966 802 oues
1020 746 1155 818 Philippi,
1172 748 1221 817 qui
1233 747 1370 814 {uitunus
1385 744 1690 812 decepterndiaconis:
1712 748 1864 823 iiicsignis

119 835 230 903 iortior,
262 841 341 890 tanto
369 834 529 906 spiritualis
561 835 683 905 impetus
713 834 815 906 maior,
849 848 886 891 ιι
913 834 967 890 hoc
1022 843 1049 893 et
1063 835 1199 906 prodigiis
1215 834 1332 890 inolitus
1347 832 1424 904 apud
1439 833 1597 889 Caesaream
1613 834 1771 904 requievit,
1786 838 1864 908 juxta

120 924 199 996 quod
214 922 337 993 Spiritus
352 923 437 979 irruit
450 923 480 979 in
492 924 670 990 eunuchum,
685 923 791 981 dicitur
799 924 966 995 Philippum
1021 938 1108 995 quem
1131 932 1188 979 tres
1203 921 1333 992 virgines
1357 920 1423 976 liliae
1447 920 1538 990 ipsius
1559 921 1752 991 prophetissa
1771 933 1860 982 tumu-

120 1010 282 1083 apostolum
308 1010 405 1080 luisse,
422 1025 510 1084 aquo
526 1021 622 1069 tamen
646 1027 700 1069 nec
723 1026 827 1069 manus
852 1012 966 1084 imposi·
1023 1012 1087 1068 latre
1099 1012 1206 1083 jacent.
1230 1010 1303 1065 Nam
1329 1016 1434 1079 quarta
1456 1007 1519 1064 iilia
1542 1008 1630 1075 illius,
1653 1010 1742 1081 plena
1765 1011 1864 1084 Spiritu

122 1101 233 1157 tionem
260 1114 313 1157 nec
338 1099 463 1170 Spiritus
490 1101 582 1157 sancti
610 1100 820 1157 invocationem
846 1100 968 1172 legimus
1024 1105 1133 1165 sancto,
1149 1097 1179 1153 in
1195 1096 1306 1166 Epheso
1320 1095 1466 1152 occubuit.

122 1189 238 1247 iactam.
267 1188 349 1246 Unde
379 1196 496 1259 apparet
527 1190 557 1245 in
586 1189 721 1260 primitiis
749 1189 879 1261 gentium
910 1204 968 1245 uon
1410 1202 1479 1260 (3111,

121 1291 227 1335 manus
251 1276 441 1344 impositione,
479 1291 533 1334 nec
569 1276 758 1343 invocatione,
794 1277 843 1333 sed
870 1284 969 1348 sponte
1025 1293 1101 1358 0,,οα
1122 1308 1212 1349 omne,
1232 1293 1347 1363 ap0320u
1370 1306 1469 1346 uxores
1484 1292 1629 1348 posumus
1652 1300 1769 1365 mppr„
1790 1298 1864 1353 pm.

13 1392 21 1401 v
123 1365 262 1437 Spiritum
288 1364 477 1432 descendisse,
508 1373 540 1422 ut
567 1364 687 1436 apostoli
728 1371 830 1423 contra
858 1366 970 1422 ludaeos
1305 1379 1338 1418 nc
1356 1362 1584 1435 (Dlpetccntra.

124 1460 294 1510 accusantes
309 1468 357 1510 eos
370 1454 585 1510 excusationem
612 1453 762 1521 haherent,
788 1453 971 1525 quingentos
1059 1453 1192 1508 Eusebius
1225 1453 1402 1510 cesariensis
1442 1453 1586 1524 episcopus
1624 1456 1655 1508 in
1692 1455 1867 1512 ecclesiastico

126 1539 320 1611 baptizabant.
338 1538 409 1604 Quis
432 1540 510 1596 enim
538 1547 628 1609 potest
654 1540 803 1611 prohihere
832 1542 970 1612 Spiritum
1025 1541 1147 1595 Historia
1162 1541 1209 1595 lib.
1232 1541 1284 1606 ιιι,
1300 1555 1361 1611 cap.
1376 1538 1474 1595 XXX:
1489 1539 1677 1597 Clemenshic
1692 1555 1777 1613 sane,
1792 1545 1866 1617 cujus

125 1629 248 1697 Domini,
265 1629 397 1700 autquis
416 1636 525 1686 arceret
549 1628 585 1685 ah
601 1643 688 1699 aqua,
716 1630 821 1701 inqua
848 1629 1111 1701 Spiritusssvoees
1146 1629 1363 1696 annotavimus,
1390 1627 1518 1684 scribens
1553 1629 1710 1686 adversum
1739 1646 1788 1689 eos
1824 1635 1866 1705 qui

127 1720 323 1776 descenderat.
347 1720 415 1773 item
436 1719 470 1772 de
495 1718 640 1789 Philippo:
667 1717 741 1774 Huic
766 1726 863 1776 autem
889 1728 972 1777 erant
1026 1719 1144 1788 nuptias
1154 1718 1315 1788 ’spernunt
1345 1718 1419 1773 inter
1452 1724 1555 1774 catera
1577 1718 1665 1774 etiam
1693 1719 1758 1776 haec
1783 1721 1864 1779 dicit:

127 1807 194 1871 tilio
213 1822 340 1879 quatuor
355 1807 566 1877 prophetantes.
591 1806 668 1863 alibi
684 1805 749 1864 filiae
762 1806 888 1879 Philippi
903 1822 972 1878 apo·
1026 1806 1072 1862 An
1086 1814 1113 1862 et
1143 1805 1286 1876 apostolos
1311 1803 1503 1876 improbant?
1531 1805 1632 1862 Petrus
1664 1809 1745 1866 enim
1770 1817 1797 1866 et
1810 1810 1865 1867 Phi-

127 1897 191 1955 stoii
207 1895 394 1968 prophetissa
409 1896 548 1953 dicuntur
563 1896 661 1962 luisse,
684 1896 733 1952 sed
752 1896 868 1952 veritati
883 1895 973 1968 hujus
1027 1895 1124 1965 lippus
1138 1909 1244 1952 uxores
1258 1894 1435 1960 hahuerunt,
1446 1900 1474 1950 ct
1485 1893 1654 1951 liliasetiam
1664 1897 1738 1954 viris
1752 1906 1865 1970 nuptum

128 1985 182 2043 loci
199 2000 257 2043 nou
272 1992 315 2042 est
340 1985 612 2054 contradicendum,
641 1984 697 2041 nisi
718 1984 837 2042 tortasse
858 1986 973 2056 utrique
1027 1985 1178 2041 dederuut.
1209 1983 1262 2040 Sed
1277 1984 1364 2040 etiam
1388 1983 1512 2040 Paulum
1538 1998 1597 2040 nou
1624 1985 1709 2043 taedet
1738 1987 1866 2058 apostolo·

128 2074 265 2132 hahuisse
276 2073 341 2130 liliis
356 2074 549 2145 prophetissas
560 2073 747 2145 iutelligatur.
760 2074 900 2155 Eusebius
917 2074 974 2131 Ge·
1028 2086 1094 2130 rum
1110 2072 1140 2128 in
1160 2072 1288 2142 quadam
1312 2071 1439 2142 Epistola
1459 2085 1513 2128 sua
1537 2072 1710 2131 mentionem
1735 2076 1781 2132 vel
1802 2077 1865 2133 salu

128 2166 259 2220 suriensis
281 2167 472 2233 episcopusin
492 2164 824 2232 ecchdasticaliistoria,
850 2163 896 2217 lib.
921 2162 974 2230 lli,
1028 2162 1165 2218 tationem
1181 2159 1274 2217 lacere
1288 2159 1432 2231 comparis
1454 2174 1523 2229 suae,
1551 2175 1640 2230 quam
1655 2163 1765 2221 strideo
1789 2172 1863 2237 nepai

128 2270 189 2323 cap.
205 2252 344 2308 XXVlllz
362 2253 455 2324 igitur
469 2252 540 2322 quia
554 2252 589 2308 de
610 2253 671 2308 vita
684 2259 713 2308 et
737 2252 818 2308 cuitu
836 2252 912 2308 Petri
926 2227 973 2309 m‘sl
1027 2250 1252 2313 circumducere,
1279 2256 1311 2305 ιιι
1333 2249 1370 2305 ad
1393 2249 1627 2319 praedicationem
1648 2252 1799 2325 Evangelii
1822 2268 1864 2309 ιι-

131 2341 213 2397 Pauli
227 2340 259 2395 in
276 2340 474 2408 superioribus
495 2339 731 2409 explanavimus,
748 2340 795 2396 sed
811 2349 838 2398 et
861 2349 974 2411 tempus
1028 2339 1149 2410 peditior
1177 2338 1236 2395 ilat.
1266 2338 1428 2393 Ambrosius
1461 2341 1491 2392 in
1508 2339 1529 2392 ll
1552 2339 1680 2409 Epistola
1708 2342 1748 2399 ad
1783 2342 1864 2397 Garm-

129 2428 259 2495 loannis,
277 2441 335 2498 quo
350 2427 411 2483 vita
429 2427 561 2495 excessit,
586 2441 623 2482 ex
644 2434 724 2498 parte
749 2429 809 2499 jam
833 2428 973 2498 diximus,
1030 2427 1116 2483 tbios:
1143 2426 1248 2483 Omnes
1279 2426 1399 2496 apostoli
1427 2427 1555 2496 exceptis
1583 2427 1692 2485 loannc
1716 2439 1745 2485 ιι
1777 2430 1864 2496 Paulo,

129 2516 306 2574 nuncetiam
318 2515 422 2572 deloco
433 2516 792 2587 quietusejussecundum
804 2516 977 2588 lidemPoly·
1028 2530 1135 2572 uxores
1157 2516 1333 2572 hahuerunt.
1358 2517 1538 2585 liiercnpmus
1557 2517 1594 2571 od
1616 2518 1800 2574 Eustochium
1818 2521 1864 2572 oir-

130 2605 227 2671 cratis,
248 2603 365 2675 Ephesii
385 2604 518 2674 episcopi,
543 2602 685 2676 [edocere]
713 2605 975 2675 conveniensputo.
1030 2609 1137 2674 pinon:
1162 2607 1200 2659 De
1223 2605 1386 2673 viminibus,
1408 2605 1504 2674 inquit
1525 2606 1687 2675 Apostolus,
1709 2613 1864 2679 manupae

131 2695 183 2766 iljc
198 2692 276 2749 enim
299 2692 461 2762 Polycrates
486 2691 603 2758 Victori,
625 2693 757 2763 episcopo
773 2693 853 2750 urhis
870 2693 975 2763 Roma,
1031 2693 1143 2749 Domini
1158 2709 1211 2749 non
1227 2693 1309 2748 habeo
1326 2694 1350 2762 (i
1366 2694 1426 2750 Gor.
1454 2708 1504 2761 vu,
1520 2694 1576 2765 25),
1593 2694 1683 2764 quod,
1712 2700 1743 2752 et
1770 2697 1826 2768 ipss
1837 2704 1863 2752 ut

130 2782 259 2839 scribens
272 2790 301 2838 ιι
327 2779 417 2852 ipsius
433 2779 557 2850 Philippi
573 2778 693 2850 apostoli
715 2793 749 2835 ae
769 2779 897 2837 tiliarum
913 2783 977 2853 ejus
1031 2782 1208 2854 essetvirgo,
1223 2796 1281 2840 nou
1310 2781 1368 2838 luit
1386 2782 1512 2852 imperii,
1528 2783 1577 2838 sed
1598 2783 1722 2853 propria
1746 2786 1863 2842 volunta·

132 2871 239 2941 pariter
263 2867 404 2935 meminit,
430 2867 546 2924 dicens:
564 2866 643 2922 Sicut
657 2867 717 2937 jam
746 2868 880 2936 superius
902 2868 974 2924 inse-
1034 2872 1079 2927 tis.
1102 2871 1203 2943 Neque
1230 2870 1306 2926 euim
1328 2870 1469 2926 audiendi
1490 2878 1568 2938 sunt,
1591 2872 1642 2941 qui
1664 2885 1733 2929 eum
1758 2886 1864 2930 uxoren

132 2959 256 3024 ruimus,
271 2956 349 3028 quod
373 2968 480 3025 magua
495 2954 607 3010 lumina
621 2953 651 3008 in
664 2951 737 3009 Asiae
762 2954 894 3023 partibus
909 2955 976 3012 dor·
992 2931 1015 2989 ⁰
1031 2959 1166 3016 hahuisse
1178 2957 1360 3029 confingunt,
1377 2971 1444 3015 cum
1459 2958 1584 3015 suadens
1600 2967 1772 3030 perpetuam
1791 2960 1865 3017 casti·

131 3048 268 3112 mierunt,
283 3059 348 3115 quae
372 3041 523 3099 suscitabit
542 3042 682 3096 Dominus
695 3041 726 3095 in
749 3041 906 3098 novissimo
932 3043 977 3099 die
1032 3055 1118 3104 tatem
1155 3045 1302 3102 intulerit:
1339 3045 1405 3101 Volo
1438 3049 1528 3101 autem
1559 3061 1650 3101 omnes
1680 3049 1800 3105 homines
1821 3063 1866 3104 csse

132 3136 274 3191 adventas
289 3132 345 3200 sui,
361 3145 428 3187 cum
440 3131 534 3186 veniet
550 3128 579 3184 in
594 3127 686 3200 gloria
700 3137 727 3184 et
741 3130 979 3199 requiretomnes
1031 3139 1103 3191 sicut
1120 3150 1161 3189 me
1175 3136 1264 3204 ipsum
1286 3133 1307 3204 (ι
1325 3134 1385 3190 Cor.
1402 3148 1453 3200 vu,
1474 3132 1513 3205 ι).
1536 3138 1571 3190 Dr
1585 3135 1616 3190 iu
1631 3135 1689 3192 aiio
1704 3137 1766 3195 ioco
1781 3139 1803 3208 tl
1816 3139 1864 3196 cor.

38 3272 40 3277 .
127 3231 245 3281 sanctos
263 3236 340 3278 suos.
366 3220 433 3275 Dico
458 3227 556 3275 autem
581 3217 775 3289 doPhiiippo‚
802 3218 906 3289 inquit,
927 3219 978 3290 qui
1031 3238 1073 3291 ιι,
1101 3221 1145 3292 5):
1175 3223 1309 3292 Numquid
1337 3237 1390 3277 non
1412 3222 1540 3277 babemus
1563 3228 1729 3292 potestatem
1754 3227 1865 3281 mahom

132 3313 186 3369 tuit
200 3325 279 3366 unus
289 3324 326 3365 ex
338 3307 483 3378 apostolis,
495 3306 547 3377 qui
555 3305 693 3363 dormivit
707 3306 786 3377 apud
801 3307 976 3379 hierapolin.
1031 3310 1261 3378 circumducendi,
1285 3313 1357 3365 sicut
1380 3316 1405 3364 et
1431 3315 1520 3365 caten
1538 3313 1655 3382 apostoli
1664 3310 1678 3367 l
1700 3314 1781 3370 Idem
1794 3317 1828 3371 De
1839 3315 1865 3368 il

134 3399 227 3456 Sedet
252 3395 394 3466 duaeejus
414 3394 479 3450 filiae
502 3393 575 3449 inihi
600 3394 728 3465 virgines
748 3408 936 3464 consenuere,
950 3404 978 3454 et
1032 3400 1162 3455 lustribus
1184 3400 1267 3453 virise
1298 3399 1432 3465 lacobus,
1456 3399 1571 3455 Domini
1597 3400 1699 3471 irater,
1728 3404 1828 3459 riuum
1845 3410 1866 3458 ct

133 3487 191 3544 alia
204 3485 268 3556 ejus
282 3483 340 3540 iilia
355 3482 462 3552 Spiritu
478 3488 576 3538 sancto
600 3483 707 3553 repieta
728 3483 886 3552 permansit
900 3485 978 3555 apud
1032 3489 1152 3545 siceram
1167 3501 1226 3543 non
1250 3486 1324 3543 hihit
1349 3495 1377 3542 et
1402 3487 1433 3543 in
1449 3493 1531 3543 utero
1554 3489 1656 3545 matris
1670 3499 1791 3547 sanctus
1811 3491 1865 3553 luit,

132 3577 286 3647 Ephesum.
303 3573 339 3628 Et
352 3573 476 3628 loannes
490 3570 547 3638 ille,
570 3570 622 3641 qui
636 3584 727 3641 supra
750 3578 849 3640 peetus
863 3572 979 3628 Domini
1032 3590 1149 3633 carnem
1173 3575 1284 3633 nuliam
1306 3576 1440 3642 comedit,
1466 3591 1619 3648 nunquam
1638 3585 1741 3636 tonsus
1761 3588 1811 3650 est,
1825 3594 1865 3636 nec

133 3663 329 3730 recumbebat,
352 3659 550 3732 quisacerdos
577 3660 626 3715 Dei
653 3659 717 3728 luit,
747 3659 911 3729 pontificale
933 3675 980 3732 pe-
1032 3674 1140 3722 unctus
1166 3678 1219 3721 nec
1252 3678 1324 3720 usus
1359 3664 1471 3731 halneo,
1496 3679 1591 3736 genua
1625 3666 1691 3736 ejus
1722 3671 1866 3726 credamur

134 3754 225 3812 talum
240 3760 362 3824 gestam,
378 3756 405 3807 et
424 3759 543 3819 martyr,
567 3755 596 3805 et
618 3747 716 3804 doctor
738 3749 873 3819 optimus,
900 3751 979 3821 apud
1033 3755 1154 3810 traxisse
1171 3753 1347 3810 camelorum
1370 3753 1522 3809 duritiam.
1537 3754 1617 3809 idem
1641 3764 1739 3812 contra
1756 3760 1865 3814 loomm-

134 3842 281 3914 Ephesum
296 3838 441 3896 dormivit.
464 3839 532 3893 Haec
554 3836 640 3892 etiam
662 3835 696 3893 de
715 3836 795 3905 locis,
813 3838 843 3893 iu
871 3838 979 3908 quihus
1032 3857 1114 3898 num:
1138 3841 1261 3898 lacobus
1284 3841 1375 3899 irater
1396 3842 1520 3908 Domini,
1547 3842 1602 3900 luit
1623 3854 1772 3916 perpetuae
1789 3846 1867 3918 virgi

133 3930 322 4002 requiescunt
336 3929 366 3982 in
379 3940 479 3983 somno
495 3925 583 3997 pacis,
613 3924 751 3997 adjecisse
766 3925 900 3982 subiiciat.
926 3925 978 3984 Sed
1033 3931 1141 3998 nitatis,
1159 3939 1190 3986 ut
1209 3930 1479 4002 losephusquoque
1500 3930 1595 3988 reiert.
1625 3933 1690 4002 ipse
1719 3936 1822 3991 scribit
1845 3935 1867 3988 iu

132 4027 160 4075 et
174 4017 273 4085 Gaius,
294 4017 379 4087 cuius
401 4023 467 4071 ante
492 4015 597 4070 mentio
622 4014 683 4070 haee
705 4013 780 4069 iacta
795 4022 836 4070 est
857 4016 886 4070 in
909 4015 977 4070 Dia·
1032 4017 1158 4088 Epistola
1182 4031 1235 4073 sua
1248 4021 1279 4086 (1,
1306 4018 1373 4089 lb):
1401 4019 1492 4075 Nolite
1516 4035 1617 4088 errare,
1646 4023 1764 4088 tratres.
1785 4023 1870 4080 Omnes

134 4110 198 4182 logo
213 4123 276 4171 suo,
293 4121 380 4178 quem
401 4119 467 4162 cum
492 4103 611 4161 Proculo
638 4104 791 4174 disputans
816 4104 928 4170 scribit,
944 4105 979 4161 de
1034 4107 1130 4162 datum
1148 4109 1290 4178 optimum,
1304 4114 1358 4163 etc.
1378 4106 1464 4178 Virgo
1484 4107 1684 4179 virginitatem
1705 4111 1871 4183 docetque

135 4198 249 4255 hiiahus
280 4196 406 4266 Philippi
433 4192 519 4250 simul
549 4203 576 4249 et
605 4192 687 4249 ohitu
714 4192 805 4263 ipsius
846 4193 978 4250 consonis
992 4195 1017 4252 D
1032 4211 1117 4254 omne
1131 4195 1289 4267 perlectum
1305 4196 1459 4253 desursum
1473 4205 1527 4262 est,
1543 4196 1690 4256 descendit
1704 4200 1757 4256 uhi
1773 4200 1870 4272 nuptis

132 4284 253 4341 vocihus
277 4289 427 4346 memorat,
446 4282 557 4337 dicens:
576 4281 641 4335 Post
661 4281 720 4336 hac
738 4287 835 4336 autem
850 4289 979 4350 quatuor
1033 4299 1092 4340 non
1105 4291 1183 4340 sunt.
1208 4285 1313 4354 liapmo
1334 4285 1364 4338 in
1384 4282 1541 4354 lEpistola
1560 4284 1597 4339 ad
1612 4285 1791 4343 Corinthios:
1816 4289 1869 4344 Volo

133 4373 254 4432 luerunt
269 4371 392 4441 Philippi
410 4370 484 4435 illia,
501 4369 587 4441 cujus
597 4368 782 4438 sepulchrum
793 4375 887 4424 exstat
899 4369 979 4439 apud
1033 4378 1123 4428 autem
1145 4386 1236 4426 omues
1257 4371 1377 4426 homines
1401 4387 1457 4426 esse
1475 4374 1546 4427 sicut
1569 4375 1716 4443 meipsum,
1739 4375 1769 4432 id
1792 4375 1868 4444 estsi

134 4461 309 4532 Hierapolin,
338 4459 411 4515 Asiae
438 4456 551 4524 urbem,
581 4470 641 4513 una
667 4471 734 4512 cum
763 4455 879 4513 filiabus
906 4455 977 4512 suis.
1032 4461 1095 4517 fleri
1123 4465 1225 4531 posset,
1252 4459 1358 4516 veliem
1379 4475 1478 4517 omnes
1499 4461 1630 4518 homines
1655 4476 1718 4521 esse
1743 4466 1866 4538 virgines

133 4552 173 4608 De
188 4552 233 4607 his
247 4557 344 4606 autem
359 4557 386 4605 et
402 4550 492 4604 Lucas
509 4547 538 4602 in
554 4546 675 4603 Actibus
700 4546 896 4616 apostolorum
920 4560 977 4603 me·
1032 4551 1106 4606 sicut
1133 4563 1186 4619 ego
1214 4562 1288 4614 sum,
1312 4556 1340 4605 et
1369 4561 1468 4606 amare
1494 4549 1704 4621 virginitatem,
1729 4554 1806 4612 sicut
1826 4567 1867 4625 epo

133 4639 228 4707 minit,
244 4652 311 4694 cum
333 4638 429 4693 adhuc
444 4636 522 4707 apud
547 4637 704 4692 Caesaream
722 4635 883 4706 degerent;
909 4634 978 4691 dicit
1032 4652 1106 4695 amo.

132 4743 200 4800 ergo
216 4729 272 4784 ita:
293 4728 432 4794 Venimus,
459 4725 566 4796 inquit,
590 4725 739 4780 cesaream
760 4728 786 4777 et
808 4725 926 4792 inpressi
949 4725 979 4778 ln
1420 4725 1491 4785 CIV,

133 4817 242 4872 domurn
269 4816 393 4885 Philippi
430 4815 611 4883 eooupelistae,
641 4815 688 4879 oui
716 4818 775 4867 mat
805 4828 839 4866 ea
864 4816 976 4882 septem,
1033 4834 1154 4900 quodi„
1169 4835 1267 4902 Mum-3
1282 4837 1400 4903 quatuo,
1422 4835 1584 4888 animalium
1607 4836 1756 4893 mm
1768 4854 1820 4909 ,m
1829 4837 1866 4891 Μ.

132 4911 283 4962 mansimus
298 4905 374 4976 apud
387 4920 457 4959 eum.
484 4904 556 4958 Huic
570 4906 662 4956 autem
675 4906 755 4956 mant
780 4907 897 4972 quatuor
914 4901 978 4972 illia
1065 4909 1175 4968 minem,
1197 4906 1304 4959 Marcus
1332 4920 1385 4974 per
1405 4905 1506 4958 leonem
1526 4909 1726 4975 praetlpmatus
1749 4911 1807 4980 (ιιι)
1829 4912 1864 4964 sib

128 4998 324 5068 prophetantes
346 4998 421 5066 (Act.
446 5009 504 5062 ιιι,
532 4994 568 5064 8).
594 4993 721 5047 Isidorus
746 4994 774 5046 in
790 4992 838 5047 tib.
865 4992 898 5046 de
915 4996 978 5046 orla
1068 4980 1209 5030 “mmm-

130 5091 157 5142 et
175 5087 389 5151 obituPatrum,
407 5084 440 5138 de
456 5084 581 5153 Philippo
604 5081 725 5150 apostolo
739 5098 746 5137 ι
762 5082 795 5136 ln
823 5079 976 5151 Hierapoli,
1067 5083 1111 5138 En
1123 5080 1244 5148 omenti
1259 5082 1427 5150 praefatione
1438 5083 1599 5152 Hieronymi
1612 5087 1644 5138 in
1657 5092 1778 5154 quatuor
1790 5088 1864 5141 liom·
1900 5096 1902 5104 ¹

129 5175 264 5247 Phrygias
291 5172 448 5244 provincia
478 5172 558 5238 urhe,
589 5170 749 5226 crucifixus
775 5168 978 5240 lapidatusque
1031 5173 1123 5239 pelio:
1154 5168 1220 5224 Hac
1245 5182 1316 5239 ergo
1340 5177 1467 5239 quatuor
1502 5170 1661 5240 Evangelia
1690 5175 1782 5231 multo
1812 5180 1865 5229 ente

129 5263 220 5336 ohiitp
236 5262 447 5334 cadaverpjus
468 5261 555 5317 simul
580 5273 647 5315 cum
666 5257 858 5330 filiabus-suis
873 5255 976 5313 ibidem
1031 5257 1166 5329 predicta
1189 5263 1217 5313 et
1241 5256 1396 5315 Ezechielis
1412 5270 1530 5327 quoque
1549 5256 1688 5316 volumen
1713 5261 1863 5332 probatio

166 5437 222 5507 (8ι)
238 5440 321 5495 Cous.
341 5454 347 5492 :
364 5443 444 5492 entra
458 5440 598 5491 loannem.
1070 5432 1125 5502 (ιιι)
1141 5432 1245 5488 Cous:
1265 5433 1459 5501 prasipnatus.
