3736 5962
154 58 160 84 Ι

100 91 138 147 tt

101 289 169 340 strae
217 275 337 346 eleissae,
375 277 703 347 quaeeoncupiseentiis.
729 275 843 347 opibus,
872 268 945 334 deli-

99 354 162 420 ciis,
184 349 284 417 lastui,
311 347 560 430 luxui,·gemmis,
576 361 726 476 purpura,
748 347 946 417 voluptatibus

99 424 132 482 in
146 423 203 479 hac
216 421 277 479 vita
297 419 490 487 renunciavit,
512 419 573 475 nihi
600 433 700 475 amans
723 418 751 474 in
775 419 830 476 hoc
850 419 945 476 seculo

98 502 216 553 mortua
230 492 351 562 mundo,
374 491 426 548 soli
449 491 551 548 vivens
563 490 686 556 christo,
702 489 788 559 cujus
812 497 845 546 ut
859 490 944 546 strin-

101 573 219 638 geretur
256 563 450 634 amplexibus,
471 560 652 618 columbinos
681 560 783 618 edebat
820 562 946 633 gemitus

101 636 249 708 precibus,
273 633 449 707 psalmodiis,
471 646 551 690 saera
576 633 705 700 lectione,
721 631 843 701 silentio,
869 632 943 703 jeju·

100 708 170 773 niis,
193 707 249 779 piis
263 705 503 778 occupationibus
517 717 623 775 corpus
635 703 665 759 iii
685 703 853 760 servitutem
869 705 946 760 redi-

101 793 183 850 gens,
203 777 283 850 quod
306 778 335 834 iii
350 776 513 835 continente
538 789 597 831 non
622 774 722 831 minus
736 781 778 831 est
799 773 946 830 laudabile

100 848 236 933 quamiu
250 849 375 923 virgine,
393 860 459 903 euin
477 845 571 916 major
584 845 620 903 sit
635 846 730 904 virtus
746 845 859 916 placitis
880 845 946 901 abs·

100 921 223 978 tinuisse
250 920 345 978 bonis.
376 917 453 975 hicet
477 924 578 974 eontra
614 917 720 974 sentiat
753 917 948 987 Hieronymus

99 992 291 1050 difficiliorem
316 989 407 1046 videri
428 988 547 1060 pudoris
570 987 728 1045 custodiam
758 988 787 1044 in
821 989 964 1060 virgine,-

101 1078 169 1136 quae
182 1063 262 1135 qnod
277 1075 336 1118 non
350 1067 393 1117 est
419 1068 548 1130 experta,
573 1061 670 1131 maius
699 1066 727 1116 et
749 1059 871 1116 suavius
886 1072 947 1115 esse

100 1134 276 1205 suspicatur.
306 1132 367 1202 lpse
392 1130 498 1188 Petrus
525 1129 647 1200 epistola
671 1143 759 1201 quam
788 1131 839 1187 teti
867 1129 946 1200 operi

16 1203 19 1209 “
100 1204 319 1277 proposuimus,
340 1216 433 1276 pauca
456 1211 483 1258 ct
499 1201 625 1259 modeste
642 1200 677 1257 de
704 1201 838 1258 adamata
854 1214 946 1258 uxore

99 1284 127 1334 et
140 1289 238 1333 serore
253 1275 379 1343 loeutus,
402 1273 552 1330 historiam
572 1272 694 1345 propriae
712 1273 789 1337 vitai,
815 1272 947 1329 miserias

99 1354 211 1405 suaset
235 1359 391 1413 aerumnas,
408 1345 467 1401 imo
490 1344 577 1400 etiam
599 1351 704 1400 mortes
725 1350 836 1412 narrat,
862 1351 894 1399 ut
910 1344 946 1399 ab

43 1426 45 1431 ’
100 1416 246 1477 avunculo
266 1425 295 1474 et
317 1415 542 1542 consanguineis
568 1415 670 1472 uxoris
692 1422 774 1472 nocte
803 1414 947 1471 dormiens

763 80 898 138 rsrhbs
916 80 1145 141 AbibtattbtJS.

100 207 217 334 ιοᾱὶςιέο
253 205 421 278 dematque.
450 205 490 261 Ea
514 205 592 263 cerie
624 203 717 288 aptari
746 212 865 276 possunt
893 219 945 264 no·
960 209 986 265 A
1001 206 1069 264 anni
1093 176 1241 264 curriculo
1258 205 1393 277 legendas
1416 206 1490 278 stylo
1506 206 1686 264 Abnlardico
1698 219 1845 276 exaratas,

1815 88 1850 144 76

1000 293 1065 335 cum
1082 278 1206 335 collectis
1231 285 1259 335 et
1274 278 1399 348 hymnis,
1424 276 1586 349 inquibus
1612 291 1718 350 magna
1747 283 1846 337 cathe-

999 349 1062 406 lieae
1076 349 1189 420 pietatis
1215 347 1267 405 lux
1283 363 1334 406 seu
1358 348 1476 420 legenti,
1506 364 1557 407 seu
1584 351 1697 406 canenti
1725 351 1847 434 aliniget

999 420 1144 491 Opuseula
1161 419 1242 476 varia
1257 434 1293 476 eii
1308 421 1477 476 Navarrana
1499 420 1680 487 bibliotheca,
1710 422 1846 480 homilias

999 505 1035 548 eii
1051 492 1205 548 Serbonico
1228 492 1378 562 gymnasie
1407 491 1601 560 celeberrimo,
1630 492 1661 548 in
1687 492 1845 562 Epistolam

1000 563 1036 619 ad
1069 563 1213 619 Romanos
1253 562 1325 632 quin
1350 576 1385 617 ue
1420 562 1508 619 libros
1544 564 1767 620 commentarios
1808 580 1845 622 cx

1000 633 1129 714 cenobio
1160 632 1186 690 S.
1226 577 1375 713 Michaelis
1398 631 1432 689 de
1457 634 1561 702 Monte,
1587 648 1636 690 seu
1666 635 1695 689 in
1718 635 1844 704 periculo

1000 718 1189 775 mariannes
1214 703 1292 760 dedit
1318 703 1440 760 utendos
1466 709 1499 759 Α.
1530 704 1711 769 Quereetano
1740 705 1844 764 doctis·

999 775 1092 832 simus
1106 778 1136 831 P.
1160 774 1285 831 lacobus
1304 773 1473 832 Sirmondus
1492 775 1584 832 theolo
1607 790 1641 832 us
1663 790 1679 832 e
1707 775 1844 834 societate

998 846 1084 913 lesu3
1100 844 1324 903 introductionis
1340 846 1376 901 ad
1397 846 1490 903 theolo
1513 846 1568 903 iam
1587 791 1684 904 ffibros
1699 848 1779 914 treis,
1797 862 1846 904 re-

1000 915 1165 973 conditioris
1178 916 1316 973 doctrinae
1330 929 1367 973 ex
1383 931 1434 973 ms.
1458 862 1519 974 cod.
1550 917 1731 974 bibliotheca
1759 932 1843 975 eano-

1001 989 1133 1045 nicornm
1157 987 1337 1059 regularium
1359 989 1453 1044 Sancti
1481 988 1604 1047 Victoris
1619 1002 1707 1060 prope
1733 998 1845 1047 nostros

1000 1073 1102 1116 muros
1117 1075 1124 1115 :
1140 1059 1198 1115 alia
1211 1060 1299 1115 etiam
1325 1058 1452 1130 aliunde,
1469 1067 1503 1115 ut
1530 1059 1591 1117 suis
1615 1059 1684 1116 locis
1708 1059 1843 1116 indicavi.

999 1130 1069 1197 Quat
1091 1144 1180 1202 opera
1205 1131 1261 1186 nisi
1285 1130 1382 1187 Patres
1410 1129 1450 1186 illi
1466 1132 1666 1202 cognovissent
1690 1145 1750 1187 esse
1779 1132 1845 1189 lidei

1000 1200 1157 1268 catholicae,
1173 1200 1334 1271 apostoticae
1347 1208 1375 1257 et
1404 1201 1540 1257 Romania
1565 1201 1774 1271 professoribus
1789 1205 1845 1258 uti·

1000 1273 1049 1341 lia,
1066 1286 1101 1330 ea
1115 1279 1191 1330 certe
1206 1272 1361 1329 ultricibus
1387 1273 1500 1329 urenda
1523 1273 1650 1329 llamnris
1678 1272 1844 1330 dedissent:

1001 1357 1067 1415 quat
1081 1351 1159 1400 tanto
1187 1344 1282 1400 studio
1297 1342 1439 1400 divinitus
1466 1351 1635 1400 conservata
1658 1344 1741 1400 nobis
1765 1353 1843 1402 tian-

1001 1414 1153 1472 scribenda
1178 1422 1205 1471 ct
1229 1415 1259 1470 iu
1275 1415 1403 1471 medium
1429 1414 1600 1485 proterenda
1621 1414 1772 1472 dederunt.
1797 1416 1846 1473 llis

100 1488 313 1547 immanissima
331 1496 358 1545 et
382 1502 422 1558 pu
443 1485 593 1543 entissime
609 1486 719 1543 ultione
731 1499 840 1556 verpus
853 1485 984 1547 iaetusii
1001 1486 1179 1552 volutandis,
1195 1491 1223 1542 et
1247 1498 1283 1542 ex
1308 1485 1458 1542 collatione
1482 1485 1671 1543 emendandis
1697 1500 1756 1542 non
1779 1487 1846 1543 exi-

100 1560 197 1629 luerit,
209 1567 242 1617 ut
251 1559 387 1617 monachi
402 1558 503 1616 habitu
521 1558 551 1613 iu
561 1557 690 1614 cmnobio
700 1558 732 1613 b.
745 1557 873 1627 Dionysii
885 1571 946 1613 sus·

100 1631 273 1703 septennale
293 1631 411 1689 habitus
423 1630 460 1688 sit
475 1629 655 1696 alratribus,
670 1628 749 1699 qnod
760 1641 797 1684 eii
812 1629 895 1685 Beda
904 1642 945 1685 se·

101 1704 197 1761 cundo
207 1703 312 1773 scripto
322 1703 352 1759 in
363 1702 433 1759 heta
443 1708 533 1772 apost.
549 1700 776 1758 controversiam
792 1699 869 1756 illam
887 1713 945 1756 mo·

100 1775 189 1832 visset
204 1775 239 1830 de
249 1773 364 1830 duobus
378 1771 532 1843 Dionysiis,
548 1771 639 1829 altero
654 1771 836 1842 areopagita,
858 1770 947 1827 altero

101 1844 266 1903 Corinthio:
283 1859 345 1916 qua
359 1845 394 1901 de
408 1858 439 1900 re
450 1858 503 1900 nos
525 1842 703 1900 cardinalem
726 1843 883 1899 Baronium
899 1855 945 1912 po-

101 1919 161 1974 tius
175 1917 275 1982 secuti,
297 1929 386 1988 qnam
400 1915 570 1987 Gregorium
596 1915 802 1979 Turonensein‚
829 1921 948 1970 senten-

102 1988 172 2045 tiam
192 1994 319 2044 nostram
334 1986 523 2059 exposuimus
544 1986 575 2042 in
597 1984 646 2042 illa
665 1985 840 2056 praelatione,
858 1996 948 2055 quam

102 2058 139 2114 ad
155 2058 289 2115 historias
303 2059 370 2115 dieti
393 2058 526 2130 Gregorii
547 2056 738 2128 praeliximus,
763 2057 885 2128 ejusque
900 2055 946 2112 de·

101 2129 261 2188 sensionem
289 2137 389 2187 contra
405 2130 507 2186 Flaccii
534 2127 705 2184 calumnias.
730 2129 841 2185 Recital
862 2127 946 2183 etiam

102 2208 136 2257 ut
151 2209 307 2258 tractatum
328 2202 368 2258 De
380 2202 490 2259 unitate
507 2207 534 2257 et
551 2199 680 2256 trinitate
695 2198 807 2267 diviua,
824 2199 853 2254 iii
869 2198 946 2254 lavo-

102 2286 164 2331 rem
178 2272 354 2329 scholarium
369 2285 489 2330 suorum
506 2271 707 2341 compositum,
735 2270 785 2341 qui
805 2270 949 2326 humanas

102 2350 130 2401 et
152 2343 303 2401 silosodeas
326 2345 453 2401 rationes
468 2343 667 2414 requirebant,
684 2339 834 2398 suessiona
849 2353 947 2396 coram

102 2414 197 2488 legato
223 2415 400 2481 exhibuerit,
415 2421 443 2472 et
458 2413 624 2485 compulsus
648 2412 736 2468 luerit
761 2411 824 2467 sine
838 2411 947 2467 disens-

102 2487 193 2543 sionis
216 2486 350 2543 examine
375 2485 492 2556 propria
513 2498 602 2541 manu
627 2484 656 2539 in
686 2484 780 2555 ignem
811 2482 946 2553 injicere:

103 2559 289 2630 quodquam
313 2570 401 2629 grave
418 2556 515 2622 luerit,
532 2554 572 2611 illi
593 2554 762 2626 dijudicent,
778 2555 828 2625 qni
840 2558 949 2609 norunt

103 2637 235 2687 auctores
249 2644 308 2686 non
333 2629 431 2684 minus
450 2628 592 2685 librorum
621 2640 742 2683 suorum
765 2639 827 2682 esse
849 2637 947 2680 aman·

103 2707 155 2768 tes,
173 2714 262 2771 quam
278 2708 374 2772 patres
389 2698 554 2758 liberorum.
568 2701 674 2756 caetera
690 2711 756 2769 quae
772 2696 803 2752 iu
816 2697 870 2753 hae
883 2696 948 2766 epi·

1002 1571 1090 1630 gnam
1105 1571 1220 1627 operam
1239 1557 1342 1625 locavi,
1361 1563 1393 1612 ut
1409 1571 1454 1613 ine
1478 1561 1544 1613 voto
1572 1557 1761 1623 exsolverem,
1788 1572 1846 1628 ouo

1001 1629 1111 1711 pridem
1125 1628 1281 1685 obstrietus
1302 1641 1392 1696 eram,
1408 1642 1475 1685 cnm
1505 1627 1634 1685 libellum
1663 1628 1697 1684 de
1725 1629 1846 1684 concilio

1001 1715 1031 1756 iii
1047 1699 1198 1771 publicum
1222 1699 1337 1771 vulgari
1353 1713 1455 1770 passus
1470 1713 1533 1755 sum
1545 1714 1553 1768 ;
1567 1708 1593 1757 et
1611 1699 1633 1755 si
1649 1699 1721 1769 quid
1744 1699 1847 1756 durius

1003 1770 1111 1839 inveni,
1128 1785 1194 1827 cum
1221 1784 1359 1842 germano
1376 1785 1437 1826 moe
1466 1771 1500 1827 it.
1528 1771 1560 1827 b.
1584 1769 1716 1827 Adriane
1731 1771 1845 1828 Ainboe·

1001 1843 1043 1898 sio
1069 1843 1199 1912 episcopo
1223 1841 1387 1898 Trecerensi
1406 1843 1481 1897 inter
1503 1841 1659 1912 theologos,
1682 1841 1847 1898 eminentis·

1001 1912 1074 1970 simo
1098 1912 1323 1979 communicavi,
1348 1920 1375 1968 et
1389 1926 1457 1968 cuin
1474 1912 1537 1968 aliis
1551 1913 1638 1969 etiam
1664 1912 1776 1980 amicis,
1795 1927 1847 1969 nec

1002 1993 1053 2041 ant
1064 1985 1103 2040 ab
1115 1984 1173 2040 illis
1187 1991 1262 2041 auta
1276 1998 1321 2040 me
1333 1982 1362 2038 in
1374 1984 1419 2039 his
1428 1983 1565 2055 operibus
1577 1984 1689 2053 aliquid
1699 1992 1742 2040 est
1754 1998 1846 2054 reper-

1002 2062 1076 2123 tum,
1092 2057 1170 2126 quod
1194 2069 1255 2112 csse
1272 2057 1366 2125 posset
1390 2054 1519 2112 lectionis
1541 2055 1738 2113 infructuosae.
1760 2055 1845 2111 Prius

1002 2136 1109 2189 tamen,
1137 2140 1173 2182 ne
1188 2127 1278 2182 tacito
1293 2125 1338 2182 vel
1356 2135 1452 2195 aperto
1467 2126 1577 2196 tingue
1593 2133 1643 2182 aut
1667 2126 1848 2198 cogitationis

1002 2197 1129 2256 convitio
1161 2197 1309 2254 verberari
1345 2211 1468 2268 possein,
1509 2197 1706 2254 accusationes
1745 2205 1847 2254 eontra

1001 2268 1196 2338 abaelardum,
1224 2282 1258 2324 ac
1282 2281 1332 2338 pro
1354 2282 1387 2323 eo
1404 2268 1623 2339 proscriptiones
1646 2282 1680 2324 ac
1704 2268 1845 2340 depulsio·

1002 2354 1054 2396 nes
1070 2340 1099 2397 in
1115 2339 1263 2411 publicum
1279 2338 1407 2409 prolerre
1421 2339 1545 2407 decrevi,
1561 2343 1590 2397 et
1609 2341 1754 2397 rationum
1771 2354 1846 2411 pon-

1003 2411 1122 2467 deribus
1136 2424 1171 2466 ac
1180 2409 1334 2467 momentis
1349 2411 1528 2467 adamussim
1538 2411 1717 2479 examinare,
1729 2425 1765 2468 ne
1777 2411 1848 2482 quid

1002 2488 1119 2550 temere,
1137 2489 1188 2539 ant
1207 2495 1357 2553 perperam
1378 2481 1478 2539 iecisse
1494 2497 1539 2539 nie
1563 2483 1720 2553 quisquam
1737 2481 1845 2553 obgan-

1002 2553 1074 2610 nial.
1093 2555 1125 2610 lii
1143 2567 1260 2609 arenam
1278 2553 1481 2623 producuntur
1505 2553 1627 2620 athleta,
1646 2553 1733 2611 inimo
1756 2553 1846 2609 bella·

1003 2632 1078 2682 tores
1093 2625 1249 2693 tortissimi,
1265 2624 1373 2694 quibus
1383 2625 1491 2696 ingenii
1502 2626 1579 2683 vires
1589 2638 1623 2682 ac
1634 2623 1730 2693 lama,
1741 2633 1769 2681 et
1782 2623 1848 2696 plus

1002 2710 1093 2768 quain
1106 2696 1183 2766 vitis,
1201 2703 1269 2752 sunt
1285 2695 1487 2766 periclitandae,

102 2769 174 2829 stola
199 2785 258 2829 non
280 2772 344 2829 sine
362 2771 502 2829 acerrimo
521 2784 606 2827 sensu
632 2769 739 2826 doloris
761 2774 789 2824 et
799 2767 948 2894 patientia·
1154 2820 1159 2832 ,
1242 2820 1248 2832 ,
1410 2821 1415 2831 ο

102 2843 275 2901 documento
289 2844 324 2900 de
348 2843 407 2901 suis
428 2841 642 2901 calamitatibus
661 2839 773 2907 recitat,
819 2851 902 2894 esno
917 2851 946 2893 in
964 2824 985 2882 G
1089 2834 1137 2903 uec
1149 2835 1179 2873 Μ
1195 2819 1274 2885 levia,
1292 2823 1341 2903 out
1355 2819 1463 2903 ludicra
1476 2825 1620 2906 peluntur,

101 2913 258 2973 solitudine
284 2928 406 2980 secessu,
437 2914 472 2969 de
495 2912 579 2983 iactis
607 2910 708 2981 primis
739 2908 947 2965 paracletensis
1036 2893 1164 2959 Plaemllb
1179 2893 1226 2946 sed
1240 2891 1327 2945 Turni
1341 2890 1375 2946 de
1388 2896 1446 2946 vlla
1456 2897 1482 2948 ⁶2
1497 2908 1634 2963 ianime
1648 2897 1763 2952 tellam·

101 2986 189 3042 eremi
205 2984 412 3051 laudamentis,
426 2983 462 3040 de
476 2983 574 3054 pravis
597 2981 720 3038 tratrem
742 2980 852 3061 quibus
875 2992 944 3050 prae·
1000 2981 1036 3038 Et
1051 2986 1083 3037 ut
1099 2980 1146 3036 ille
1160 2979 1195 3036 de
1210 2981 1330 3037 Hectore
1345 2980 1473 3050 illiados,
1493 3000 1516 3054 χ

101 3056 161 3138 ipit
175 3055 352 3136 spirensium
367 3055 507 3137 morinus,
527 3053 704 3123 tyrannique
723 3051 812 3107 viceni
829 3064 945 3134 oneres:
1036 3071 1139 3144 ripaei
1153 3072 1199 3143 pe
1214 3067 1305 3131 teeti,
1320 3071 1409 3157 papi
1424 3067 1513 3124 taenia
1529 3067 1560 3124 ei
1572 3091 1617 3145 pii
1633 3071 1688 3147 pig
1702 3073 1811 3147 aptita„

101 3140 192 3193 sione,
207 3139 241 3182 aa
257 3125 361 3182 melius
376 3126 486 3196 abipso
501 3131 628 3206 auctore,
646 3137 740 3206 quain·
764 3137 781 3178 a
795 3137 841 3204 me
855 3130 946 3205 repeti
1037 3139 1224 3217 Καρπαλίμως,
1241 3137 1295 3194 iiiii
1311 3141 1363 3213 οὐχ
1380 3146 1474 3216 κρήιον
1491 3140 1553 3196 οὐδέ
1569 3143 1659 3217 βοείην

102 3202 235 3268 possunt,
257 3210 326 3253 cum
350 3211 447 3253 meum
470 3203 567 3277 potius
585 3202 621 3250 sit
642 3192 947 3276 consiliumlvindioiis
1036 3213 1180 3288 ’epiceopi
1196 3213 1221 3279 il,
1238 3232 1265 3265 τι
1279 3217 1374 3265 ποσσὶν
1389 3212 1480 3266 ἀέθλια
1496 3212 1594 3268 divim
1610 3212 1722 3291 ἀνδρῶν,

102 3282 200 3324 insum
229 3266 425 3334 abaelardum,
456 3283 479 3322 si
502 3281 559 3323 non
579 3265 616 3323 ab
632 3279 738 3330 erroro,
756 3280 807 3336 qui
828 3279 857 3320 iii
887 3265 944 3320 ido·
1034 3283 1108 3339 mg,
1122 3302 1181 3359 ποοο
1195 3283 1288 3356 ψυχῆς
1307 3286 1361 3338 pp„
1375 3292 1495 3360 Ἔοοοοοο
1513 3284 1686 3362 incedimus,

102 3352 201 3422 neuin,
228 3340 331 3421 cidere
355 3345 458 3410 potest,
486 3337 586 3394 saltem
609 3351 626 3393 a
646 3338 785 3394 servitute
808 3336 947 3393 hereseos
1035 3358 1085 3411 pi,
1099 3359 1186 3426 aptior
1197 3372 1288 3426 curso,
1307 3357 1349 3412 tite
1358 3360 1480 3426 sapiens,
1497 3359 1544 3414 itte
1556 3365 1658 3416 acriter
1671 3375 1783 3430 urgeas,

102 3409 175 3467 laiso
191 3410 366 3493 tnStmtllalae
380 3422 516 3493 disereti·
593 3479 598 3491 ο
1035 3428 1135 3496 Deluti,
1151 3428 1234 3484 bonus
1250 3433 1276 3483 et
1289 3429 1370 3496 sertis
1384 3429 1455 3500 pede
1471 3434 1592 3487 concitus
1613 3435 1709 3500 anteit,

140 3484 189 3538 ¹¹ae
209 3496 254 3538 ¹¹¹0
275 3490 443 3552 JUSUSSlffiae
472 3493 568 3536 caus&
591 3479 781 3548 impulerunt,
807 3485 840 3534 ¹1⁸
862 3484 947 3549 (1¹¹01·
1035 3498 1192 3565 Insequitur
1210 3501 1327 3555 melior:
1346 3516 1392 3555 uec
1413 3503 1483 3555 enirn
1492 3518 1544 3572 pre
1566 3508 1671 3572 tergere
1690 3505 1775 3558 tuitii.

101 3561 174 3625 quot
187 3552 368 3636 eaemtplaria
383 3551 510 3634 nancisci
525 3551 604 3622 potui
624 3551 654 3632 in
674 3549 766 3607 variis
787 3549 948 3632 provinciis
1035 3571 1088 3625 p,0
1104 3571 1177 3639 bove,
1188 3587 1236 3627 ,οοο
1253 3576 1387 3628 certamen
1400 3578 1469 3640 net,
1486 3589 1545 3639 οοοο
1556 3578 1669 3645 οοοοοοο
1685 3589 1780 3630 οοοοοοο

101 3638 318 3696 conquisierim
343 3624 516 3695 collegerim,
542 3623 671 3694 legerim,
699 3620 945 3693 relegenduopti-

101 3708 156 3750 mae
175 3702 251 3752 certe
271 3703 346 3751 notae
366 3694 518 3766 [rugisque
547 3707 604 3749 nou
617 3693 760 3763 expertia,
780 3692 946 3748 consilium·

102 3780 160 3837 que
187 3765 310 3838 ceperim
337 3779 371 3823 ea
386 3767 414 3821 in
438 3766 545 3836 vulgus
559 3762 716 3828 emittendi,
730 3770 793 3820 tum
816 3771 849 3818 iit
865 3762 897 3818 lt.
915 3763 945 3818 P.

100 3850 191 3894 saerae
206 3837 340 3894 literariae
354 3836 528 3906 prodessem,
545 3842 606 3890 tum
622 3842 656 3890 ut
669 3833 792 3890 Galliam
816 3842 945 3890 nostram
1000 3836 1151 3894 sistendos
1165 3844 1207 3894 est
1220 3837 1322 3910 lgitnr,
1338 3838 1505 3911 nomoiylar
1523 3840 1716 3899 illustrissime
1729 3849 1757 3899 et
1782 3857 1845 3914 per.

101 3910 138 3966 ab
152 3909 269 3965 illorum
285 3907 650 3979 imposturisvindteamm,
663 3905 716 3976 oui
730 3906 945 3985 derantpsipe·
1001 3908 1163 3977 rectissime,
1183 3910 1219 3965 ad
1244 3917 1301 3966 iuae
1316 3911 1466 3982 digniiairs
1482 3920 1540 3969 ioia
1557 3915 1674 3986 Europa
1697 3915 1846 3986 augustis-

101 3987 151 4037 tue
165 3994 268 4037 verum
284 3994 353 4048 esse,
370 3979 447 4050 quod
459 3992 495 4035 ex
509 3977 601 4034 Plinio
616 3978 741 4032 adstruit
756 3978 788 4032 b.
806 3978 947 4046 llieroiiy-
1000 3979 1081 4034 simae
1105 3980 1247 4048 tribunal,
1275 3981 1310 4036 ad
1330 3982 1490 4040 Galliarum
1516 3985 1641 4054 praelecti
1665 3987 1845 4055 praemi-ium,

101 4065 178 4118 mus,
189 4067 251 4109 eam
263 4051 353 4108 solam
364 4049 613 4107 careremonstris.
626 4048 705 4113 Quod
713 4048 791 4103 enirn
802 4048 898 4117 potius
908 4047 946 4103 ia·
1001 4063 1091 4120 aquo
1106 4050 1250 4122 appellare
1274 4052 1363 4120 netas,
1385 4054 1433 4110 oni
1453 4055 1558 4126 reliqui
1574 4070 1775 4139 supremorum
1801 4072 1845 4114 se·

99 4136 203 4191 cerem,
222 4136 312 4193 otiam
327 4120 460 4178 monachi
475 4119 574 4200 saltem
603 4118 783 4201 inucxtremis
811 4119 945 4200 innoeen-
961 4158 984 4214 D
999 4127 1123 4202 natuunr
1143 4131 1171 4178 et
1194 4123 1344 4180 curiarum
1364 4124 1586 4194 provincialium
1608 4128 1729 4198 iudices,
1757 4128 1847 4185 lassos

99 4193 205 4250 tissimi
227 4193 284 4250 viii
309 4206 413 4249 nemen
428 4205 444 4247 c
459 4190 585 4246 liammis
606 4202 725 4258 cripere,
743 4188 943 4246 eruditissimi·
999 4192 1181 4262 submittent,
1197 4194 1233 4249 ad
1258 4202 1315 4250 tute
1330 4195 1435 4252 divinae
1462 4197 1608 4254 Themidis
1632 4198 1780 4269 trutinam,
1798 4201 1846 4257 hic

99 4277 157 4334 pue
175 4263 323 4334 scriptoris
341 4276 428 4333 opera
452 4261 568 4332 maguis
589 4260 746 4342 sudoribus
776 4259 945 4332 vigiliisque
1000 4264 1099 4320 doctor
1123 4265 1225 4321 inieliir
1241 4266 1316 4322 inter
1336 4276 1441 4324 reoset
1469 4269 1643 4340 proscriptos
1670 4270 1844 4328 adnumera·

98 4335 270 4392 elucubrata
285 4341 391 4391 nostre
409 4332 486 4389 aetati
513 4347 546 4388 ac
561 4339 718 4402 posteritati
747 4345 915 4388 consecrare
930 4332 944 4388 ‘l
999 4341 1057 4403 tus,
1073 4336 1124 4406 qui
1140 4350 1258 4393 causam
1273 4337 1351 4393 dicat
1375 4338 1460 4409 qnasi
1484 4353 1519 4396 eii
1539 4340 1676 4410 vinculis,
1692 4350 1720 4398 et
1736 4343 1771 4398 ad
1786 4344 1845 4398 eri-

99 4406 202 4477 ltaque
216 4420 311 4462 unum
332 4405 479 4475 exemplar
503 4402 689 4475 epistolarum
707 4410 810 4459 nactus
833 4417 897 4459 sum
913 4402 944 4460 iii
999 4406 1112 4462 minum
1128 4408 1651 4480 gravissimoruincapitarespondeat
1667 4414 1782 4485 magnis
1796 4414 1842 4469 de-

97 4478 259 4547 ilrmerica,
277 4478 306 4534 in
322 4489 382 4547 qua
394 4474 629 4557 juvenisprima
647 4474 778 4543 auspicia
794 4476 864 4545 empi
881 4474 941 4554 lati·
999 4477 1150 4548 latoribus,
1167 4480 1212 4536 vel
1240 4479 1336 4551 petius
1350 4482 1567 4540 accusatoribus
1583 4497 1641 4539 non
1668 4490 1727 4540 tam
1750 4484 1842 4541 deter-

95 4548 184 4606 clavii
199 4556 227 4606 et
243 4563 313 4606 meae
330 4547 483 4604 senatoria
497 4546 646 4618 dignitatis
656 4559 664 4615 ;
690 4545 812 4602 alterum
838 4559 874 4600 ex
899 4546 943 4601 Fi·
997 4548 1082 4615 ritus,
1100 4564 1189 4620 quani
1205 4563 1299 4606 causae
1315 4551 1443 4609 bonitate
1455 4553 1558 4624 fretus,
1581 4559 1610 4611 et
1632 4554 1701 4611 vitae
1715 4569 1842 4612 merum-

96 4619 176 4692 lippe
199 4621 307 4677 l‘orteo
337 4617 441 4675 abbate
462 4617 597 4689 Tyroiiio,
638 4622 721 4685 poeta
763 4616 940 4673 excellentis·
997 4633 1055 4692 que
1071 4621 1247 4686 innocentia,
1268 4634 1319 4692 per
1338 4637 1431 4693 qnam
1455 4625 1580 4696 alegate
1595 4624 1622 4681 S.
1640 4624 1667 4681 S.
1685 4626 1843 4696 provinciae

96 4694 168 4748 simo
183 4700 211 4748 et
226 4691 298 4747 mihi
314 4689 497 4757 amicissime,
515 4689 565 4759 qui
581 4685 745 4743 alliimahat
756 4701 785 4743 se
800 4689 942 4758 accepisse
997 4704 1064 4763 quie
1087 4692 1255 4750 lihamensis
1283 4694 1463 4751 antistitibus
1478 4710 1600 4766 persona
1622 4704 1738 4754 nonest
1761 4698 1843 4754 dam-

97 4757 807 4841 ahhaeredibusstelaniGermelenlCuiiosolitm3
825 4759 941 4816 tertium
996 4771 1075 4831 nata,
1093 4764 1141 4820 sed
1168 4764 1198 4818 iu
1227 4763 1332 4834 scripto
1362 4767 1559 4824 comburendo
1590 4767 1654 4839 ejus
1686 4769 1842 4826 eecaobe·

95 4847 133 4890 ei
148 4836 321 4891 monasterio
337 4830 539 4894 Paracletansi,
559 4829 594 4885 ad
612 4829 688 4900 qnod
705 4830 849 4899 proiectus
863 4845 896 4886 su
903 4844 940 4897 m,
995 4833 1103 4890 dientia
1118 4834 1314 4904 comprobata,
1329 4841 1357 4891 et
1371 4837 1408 4894 ab
1423 4837 1459 4894 iis
1479 4839 1531 4909 qui
1546 4839 1663 4896 senonis
1687 4840 1843 4897 coadunati

96 4912 130 4961 ut
144 4918 210 4975 quie
235 4906 274 4961 ibi
299 4917 337 4960 cx
360 4903 424 4975 eins
446 4900 582 4972 operibus
604 4901 729 4982 reperire
744 4908 880 4971 poteram,
910 4902 941 4958 iii
995 4912 1088 4973 eraut,
1108 4905 1181 4962 nihil
1197 4905 1276 4962 aliud
1304 4920 1394 4977 quani
1414 4909 1631 4966 damnationem
1645 4911 1843 4983 capitulorum

93 4990 183 5032 nsum
206 4976 355 5046 pubiicum
376 4985 575 5038 convasarem,
602 4970 702 5042 ibique
729 4973 848 5029 comitor
874 4987 940 5029 sum
995 4989 1063 5047 qnae
1077 4990 1134 5033 non
1154 4976 1326 5048 agnoscebat
1341 4993 1394 5035 sua
1417 4981 1526 5046 retulit,
1554 4981 1614 5050 ipse
1628 4996 1688 5038 nen
1711 4983 1840 5052 auditus,

93 5053 244 5175 exceptus,
260 5055 287 5102 et
302 5045 337 5101 ad
353 5045 513 5116 contiiigiia
536 5041 704 5129 ,lundatoris
717 5049 744 5098 et
771 5043 941 5100 lundatriois
996 5047 1033 5105 ad
1047 5056 1259 5105 sacrosanctam
1292 5048 1392 5107 Sedein
1422 5051 1587 5177 appellavit.
1615 5054 1659 5109 Ab
1675 5054 1842 5110 Innocentio

94 5113 826 5194 sepuchramanuductusbenignitatereverendae
837 5115 940 5172 lilla·
993 5130 1064 5175 vero
1086 5119 1219 5189 pontifice
1233 5127 1429 5191 opt.maii.a
1465 5136 1553 5193 quem
1578 5130 1669 5180 totuin
1691 5126 1840 5197 negotium

92 5192 144 5248 riis
168 5186 364 5274 liupilocaldae
387 5185 557 5267 diaconissa
571 5183 791 5267 sapientissimae
812 5195 941 5264 cognatm
994 5190 1145 5246 veniissum
1161 5191 1264 5258 luerat,
1294 5192 1384 5262 plenoe
1408 5193 1599 5251 absolutionis
1625 5203 1771 5265 tesseram,
1789 5198 1839 5253 ho·

92 5260 346 5320 meaeaeuseniin
379 5264 480 5313 aterna
496 5270 561 5313 avia
575 5255 939 5326 huteniahiuboesia,eute
994 5260 1210 5332 novilieumqiie
1225 5263 1355 5320 cluniaci
1370 5271 1403 5320 ut
1417 5264 1536 5334 petierat
1547 5272 1720 5337 prytaneum
1732 5267 1841 5325 meruit

91 5333 186 5406 equiti
200 5277 346 5402 ieiunam
358 5270 500 5410 Ylarbesie·
510 5328 621 5399 nupsit,
638 5326 704 5410 Vidi
719 5327 938 5408 Anihoesiillilia
993 5343 1011 5387 a
1032 5331 1090 5388 tuis
1116 5333 1203 5389 ctiam
1226 5335 1351 5392 oraculis
1379 5337 1553 5408 aequissimis
1575 5344 1603 5394 et
1618 5338 1838 5409 diplomatibus,

90 5406 189 5474 unica,
206 5402 302 5462 Karoli
329 5400 517 5480 calvimontis
528 5400 559 5481 b..
572 5399 875 5483 Fianeiaeiiiarescalli
892 5415 939 5457 ne·
992 5403 1022 5459 in
1053 5403 1199 5475 integrunt
1223 5405 1435 5465 restitutionem
1465 5409 1641 5479 impetrabit,
1678 5423 1745 5468 cum
1771 5411 1840 5483 jure

89 5478 149 5549 ptis
157 5481 185 5535 et
200 5477 292 5535 haeres
306 5481 395 5531 totam
409 5478 634 5552 vetustissimam
650 5470 787 5528 lamiliani
798 5479 900 5539 crevit,
911 5479 938 5529 et
993 5472 1090 5531 liberae
1105 5474 1265 5546 legationis,
1283 5485 1316 5535 ut
1331 5492 1398 5535 eom
1426 5479 1469 5537 tui
1484 5480 1592 5539 laveris
1606 5494 1679 5540 aura
1707 5495 1758 5553 per
1774 5497 1842 5540 om·

86 5547 285 5623 primogenita
306 5552 406 5604 nostra
422 5542 459 5601 ad
483 5540 689 5675 Rupili-scaldos
711 5541 869 5625 transtullt.
897 5542 938 5601 Ea
991 5544 1076 5602 nium
1089 5558 1150 5616 ora,
1166 5560 1220 5620 per
1239 5548 1401 5609 academias
1413 5550 1492 5611 erbis
1519 5552 1608 5613 totius
1634 5552 1768 5626 celebres,
1786 5568 1840 5627 pei

82 5620 177 5679 eiiam
188 5618 262 5678 mlhi
277 5614 510 5677 communicavit
545 5613 617 5674 ivml
631 5611 865 5673 othchhoinillas
879 5621 937 5674 tote
988 5614 1141 5679 dormtum
1155 5618 1353 5693 bibliothecas,
1421 5694 1424 5699 Α

1035 3642 1102 3768 ἐξιεῖ
1118 3643 1203 3727 selem
1220 3657 1227 3698 :
1243 3642 1292 3699 sed
1304 3659 1356 3715 pre
1371 3645 1467 3713 magni
1478 3647 1591 3714 citoque
1603 3649 1751 3719 animoque

1062 3728 1090 3768 ec
1103 3728 1169 3769 ems.
