3804 5962
18 193 94 248 tttt
568 180 1254 254 medicemcrimmum-uomina.
1700 200 1769 255 tire

16 316 94 374 dine
113 315 217 371 mentis
231 326 292 370 sue
312 313 485 371 humiliatus
508 314 699 381 descenderet,
710 336 725 365 »
750 322 782 372 ιιι
796 316 901 372 latetur
928 314 987 385 ipse
1010 316 1075 386 eius
1101 315 1233 373 defensor
1250 316 1323 373 Otho
1349 315 1555 389 Frisengensis‚
1584 331 1650 374 cum
1675 317 1712 374 ab
1731 332 1764 374 eo

17 388 187 446 recessisset
208 386 255 441 vir
275 385 338 450 Dei,
360 386 485 441 consiliis
509 386 675 442 stimulatus
698 386 819 456 iniquis,
843 385 944 442 resiliit
968 401 985 442 a
1012 388 1157 456 proposito
1181 388 1301 443 saniori.
1329 389 1387 443 lmo
1410 396 1547 459 expetens
1574 387 1764 445 Senonensem

17 457 290 527 metropolitanum,
312 457 390 526 qnod
412 458 440 512 in
455 457 519 528 ejus
540 458 665 514 Ecclesia
681 458 885 514 celebrandum
906 458 978 513 toret
1000 458 1030 511 in
1053 459 1189 529 protritus
1209 459 1318 529 grande
1340 459 1506 525 concilium,
1526 457 1766 516 clarevallensem

16 537 164 588 causatur
188 529 321 584 abbatem
346 529 407 582 suis
432 528 592 584 inocculto
618 530 765 585 detrahere
789 529 881 593 libris,
905 528 1043 598 additque
1064 539 1194 598 paratum
1219 544 1248 585 se
1269 544 1330 585 esse
1354 531 1382 583 in
1406 530 1520 599 publico
1540 544 1594 585 sua
1616 530 1767 588 delendere

18 603 145 670 scripta,
163 613 269 669 rogans
288 608 320 654 ut
347 599 500 668 predictus
515 599 605 655 abbas
627 600 757 656 dicturus
778 600 888 669 siquid
912 599 1039 666 haberet,
1063 602 1099 656 ad
1120 601 1275 656 concilium
1294 610 1455 657 vocaretur.
1478 601 1542 656 llec
1564 615 1601 656 ex
1624 601 1767 657 Ganlrcdo

18 670 353 731 VitesanctiBernardi
368 670 506 737 scriptore
528 679 662 726 accurato
678 671 793 739 perinde
808 685 842 726 ac
866 671 921 739 pio.
950 671 1074 726 Econtra
1094 671 1167 727 Otho
1192 671 1388 740 Friseugcnsis
1411 672 1510 727 scribit
1531 672 1715 727 ethelardum
1729 671 1765 728 ab

16 743 166 814 episcopis
180 741 341 810 abbateque
356 743 498 797 bernardo
513 744 548 797 ad
565 742 742 796 audientiam
764 743 839 810 apud
857 742 982 796 Senonas
1006 751 1140 798 vocatum
1161 742 1256 798 inisse.
1277 743 1381 797 Verum
1401 751 1592 813 preterquam
1611 742 1689 812 quod
1708 754 1766 797 au·

19 817 145 871 ctoritas
158 811 293 868 Ganlredi
309 814 434 866 auctoris
454 812 602 868 domestici
622 821 650 867 et
673 812 709 867 ab
729 813 807 867 omni
827 812 889 867 ialsi
909 812 1074 881 suspicione
1094 813 1174 869 liberi
1194 812 1350 883 prevalere
1365 815 1446 870 dehet
1459 813 1564 870 Othoni
1588 811 1700 869 auctori
1714 826 1765 870 ett-

19 893 138 951 traueo,
160 885 258 938 Patres
273 882 386 938 concilii
412 883 581 939 senonensis
601 898 657 938 non
683 891 812 939 asancto
831 883 975 938 Bernardo
1003 894 1189 953 provocatum
1219 884 1308 939 luisse
1332 884 1367 939 ad
1397 884 1552 941 concilium
1571 883 1765 950 ethelardum,

20 957 74 1012 sed
102 955 279 1010 bernardum
300 954 336 1008 ab
354 953 512 1017 Abelardo,
537 955 650 1009 disertis
672 955 768 1010 verbis
795 953 949 1008 affirmant.
971 953 1015 1010 Sic
1034 955 1111 1010 enim
1142 955 1182 1009 illi
1197 956 1224 1008 in
1240 954 1359 1023 epistola
1374 956 1409 1011 ad
1425 955 1624 1011 innocentium
1649 966 1767 1024 papam,

22 1040 95 1097 que
125 1027 199 1080 inter
224 1024 417 1080 bernardinas
447 1026 475 1078 in
496 1039 570 1079 nova
595 1024 720 1080 editione
735 1033 776 1080 est
795 1027 855 1084 337.
874 1033 1028 1095 postquam
1041 1025 1178 1081 dixerunt
1203 1025 1385 1081 Abelardum
1402 1026 1501 1081 miuus
1516 1026 1657 1095 patienter
1672 1039 1704 1080 ac
1724 1023 1769 1079 ni·

23 1098 121 1152 mium
136 1109 210 1161 egre
225 1095 325 1150 tulisse.
341 1096 418 1165 quod
438 1095 617 1150 aBernardo
641 1097 768 1165 primum
786 1096 930 1164 privatim,
959 1096 1061 1150 deinde
1089 1095 1204 1166 publice
1231 1109 1325 1151 coram
1354 1097 1473 1153 testibus
1493 1111 1605 1152 errores
1627 1098 1769 1171 corrigere

23 1167 220 1226 commonitus
244 1166 353 1232 luisset,
381 1186 393 1214 «
403 1166 535 1234 Magister
549 1168 682 1229 Petrus»
707 1166 855 1236 inquiunt,
883 1165 1075 1222 «crabrones
1100 1168 1215 1237 pulsare
1225 1167 1319 1235 cepit,
1344 1181 1397 1222 nec
1419 1175 1485 1222 ante
1506 1167 1597 1222 voluit
1622 1168 1767 1233 desistere,

25 1239 127 1310 quoad
152 1238 187 1292 ad
213 1236 363 1291 dominum
390 1235 628 1292 clarevallensem
649 1237 781 1293 abbatem
805 1250 892 1306 super
917 1235 971 1291 hoc
987 1238 1323 1308 scribentes-assignato
1344 1239 1399 1304 die,
1422 1239 1530 1293 scilicet
1545 1247 1645 1294 octavo
1669 1240 1769 1297 Pente·

26 1317 128 1373 costes,
146 1308 264 1364 Senoms
280 1315 346 1361 aute
364 1315 490 1361 nostram
507 1308 730 1363 submonuimus
746 1307 842 1363 venire
865 1309 1054 1375 presentiam,
1076 1324 1134 1378 quo
1156 1323 1184 1363 se
1203 1309 1325 1364 vocabat
1350 1317 1377 1364 et
1399 1309 1534 1365 olierebat
1559 1317 1691 1378 paratum
1708 1324 1770 1367 ma-

27 1381 120 1452 gister
134 1380 235 1435 Petrus
252 1378 288 1432 ad
305 1377 468 1446 probandas
480 1387 507 1433 et
527 1377 728 1444 defendendas,
746 1378 903 1448 dequibus
925 1377 1008 1434 illum
1025 1380 1159 1434 dominus
1171 1380 1262 1435 abbas
1277 1379 1507 1446 clarevallensis,
1527 1394 1587 1451 quo
1601 1381 1685 1436 modo
1699 1395 1769 1452 pre·

27 1457 162 1508 taxatum
177 1457 229 1513 est,
250 1448 481 1518 reprehenderat,
503 1449 666 1504 sententias.
686 1449 826 1504 Caeterum
848 1448 985 1504 dominns
1009 1450 1099 1506 abbas
1123 1464 1174 1507 nec
1196 1451 1232 1506 ad
1256 1452 1433 1521 assignatum
1454 1451 1528 1506 diem
1547 1465 1577 1507 se
1601 1459 1769 1522 venturum,

28 1536 82 1578 nec
98 1528 197 1576 contra
212 1522 327 1575 Petrum
343 1533 402 1574 sese
417 1520 642 1588 disceptaturum
659 1520 741 1575 nobis
756 1520 945 1575 remandavit.
960 1541 970 1568 »

63 1592 109 1646 Ex
130 1590 269 1646 Bernardi
291 1590 431 1644 modestia
453 1591 547 1645 iactus
569 1590 751 1660 arrogantior
766 1590 945 1654 abelardus,
960 1605 1029 1647 suos
1052 1591 1138 1659 cepit
1166 1591 1362 1662 undequaque
1388 1605 1547 1648 convocare
1568 1592 1726 1664 discipulos
1744 1599 1772 1649 et

28 1663 192 1729 obsecrare,
209 1668 241 1717 ut
256 1661 292 1715 ad
309 1661 435 1716 luturam
459 1662 532 1715 iuter
547 1675 575 1717 se
594 1662 786 1731 abbatemque
800 1660 1041 1718 Clarevallensem
1055 1662 1290 1732 disputationem,
1310 1676 1369 1718 una
1388 1677 1454 1718 cum
1482 1662 1528 1718 illo
1552 1677 1635 1719 suam
1659 1671 1771 1720 senten·

29 1734 102 1792 tiam
116 1731 240 1788 simulet
254 1731 404 1787 scientiam
418 1732 563 1787 defensuri
581 1732 723 1787 venirent.
749 1732 819 1787 ilinc
846 1732 1009 1788 Bernardus
1023 1747 1196 1798 magnorum
1212 1734 1341 1789 virorum
1366 1733 1482 1789 monitis
1497 1733 1601 1801 llexus,
1618 1749 1653 1790 ne
1672 1733 1772 1790 videli-

30 1812 75 1860 cet
90 1817 127 1858 ett
140 1803 203 1874 ejus
215 1802 344 1858 absentia
366 1803 535 1857 scandalum
552 1804 657 1872 populo
676 1811 703 1858 et
718 1816 827 1859 cornua
852 1811 1011 1859 crescerent
1034 1804 1209 1870 adversario,
1239 1805 1274 1859 ad
1290 1804 1444 1859 concilium
1459 1805 1558 1861 venire
1572 1804 1701 1862 'tandem
1725 1818 1772 1861 ac-

30 1874 156 1945 quievit,
171 1873 328 1942 etquidem
343 1874 442 1938 tristis,
468 1888 521 1929 nec
539 1873 600 1928 sine
626 1875 819 1943 lacrymarum
848 1873 996 1930 eliusione.
1024 1875 1184 1930 ltdluerunt
1210 1875 1328 1930 concilio
1361 1875 1538 1931 Francorum
1566 1890 1618 1931 rex
1646 1875 1772 1931 Ludovi·

32 1960 85 2002 cus
110 1944 173 2011 vu,
195 1944 474 2001 Willelmuscomes
499 1943 684 1999 Nivcrnensis
709 1943 870 2015 religiosus.
889 1945 1034 2001 hemensis
1053 1946 1283 2015 archiepiscopus
1299 1960 1365 2000 cum
1389 1946 1562 2015 quibusdam
1584 1946 1645 2002 suis
1670 1944 1772 2012 suifra-

32 2016 142 2087 ganeis,
159 2015 310 2084 episcopsss,
331 2014 487 2068 abbatibus
503 2015 612 2079 multis,
631 2015 771 2084 valdeque
797 2013 930 2070 litteratis
956 2015 1077 2071 clericis
1106 2016 1224 2071 Librum
1250 2015 1411 2085 Theologie
1434 2016 1574 2071 abaelardi
1591 2017 1620 2072 in
1647 2017 1773 2074 medium

34 2085 155 2158 protulit
173 2090 290 2141 sanctus
314 2086 486 2149 bernardus,
512 2099 576 2153 que
597 2085 626 2140 in
641 2100 674 2140 eo
699 2087 886 2140 adnotaverat
899 2086 1037 2151 absurda,
1060 2086 1116 2142 imo
1133 2086 1266 2142 heretica
1291 2086 1383 2155 plane,
1409 2087 1536 2155 capitula
1557 2087 1714 2156 proposuit,
1743 2093 1775 2142 ut

33 2171 68 2214 ea
96 2157 142 2212 vel
158 2169 175 2211 a
189 2171 219 2212 se
233 2157 340 2229 scripta
360 2164 488 2225 negaret,
504 2156 549 2209 vel
570 2156 594 2210 si
611 2170 665 2210 sua
693 2155 841 2221 fateretur,
866 2160 916 2211 aut
940 2157 1071 2226 probaret
1095 2165 1147 2213 aut
1170 2160 1335 2227 corrigeret.
1358 2156 1501 2213 Neutrum
1524 2164 1659 2227 prestare
1683 2156 1775 2213 voluit

34 2227 216 2289 rihelardus,
234 2228 282 2282 sed
302 2235 335 2281 ut
357 2233 466 2293 tempus
483 2227 633 2282 redimeret
648 2226 685 2281 ab
700 2226 873 2296 equissimis
894 2226 1140 2297 judicibus,quos
1160 2229 1219 2296 ipse
1240 2228 1393 2298 delegerat,
1414 2236 1514 2284 contra
1533 2243 1657 2285 canones
1676 2228 1712 2284 ad
1734 2241 1776 2283 se·

34 2300 101 2355 dem
124 2296 308 2367 apostolicam
337 2298 499 2365 appellavit.
530 2296 555 2352 St
586 2297 730 2352 credimus
753 2296 856 2352 Othoni
886 2297 1078 2369 Frisengensi‚
1106 2299 1275 2354 abelardus
1302 2297 1494 2354 «seditionem
1524 2298 1622 2367 populi
1650 2299 1794 2354 timensr

35 2369 209 2438 respondere
228 2378 380 2424 recusavit.
400 2368 518 2423 .Verum
545 2369 735 2436 presentibus
759 2381 825 2434 rege
849 2368 993 2424 liudovico
1019 2370 1121 2424 comite
1137 2369 1278 2434 villelmo,
1305 2368 1427 2438 aliisque
1443 2369 1588 2425 nobilibus
1608 2370 1686 2435 viris,
1704 2367 1777 2438 quid

35 2439 172 2509 apopulo
195 2439 380 2494 metuendum
408 2453 468 2493 esse
485 2438 617 2508 poterat?
645 2439 718 2493 llinc
733 2445 851 2507 apparet
873 2439 1014 2494 Othonem
1040 2453 1074 2495 ca
1097 2454 1164 2510 que
1181 2440 1215 2495 de
1238 2439 1385 2494 Abelardo
1413 2441 1591 2508 concilioque
1621 2435 1775 2495 senonensi

36 2510 150 2576 scribit,
167 2524 224 2564 non
241 2519 297 2565 tam
314 2522 330 2563 a
345 2508 479 2565 veridicis
495 2510 623 2576 testibus,
646 2523 735 2580 quam
750 2509 787 2563 ab
802 2509 919 2565 incertis
940 2511 1106 2567 rumoribus
1131 2510 1321 2580 popularibus
1348 2509 1491 2565 didicisse.
1516 2511 1642 2579 AEquius
1667 2517 1719 2575 est,
1744 2514 1777 2565 ut

36 2580 181 2638 Gaulrcdo
197 2581 269 2636 Vite
285 2580 310 2635 S.
335 2580 473 2635 bernardi
495 2579 637 2648 scriptori,
655 2579 795 2634 Abelardi
820 2594 886 2634 cum
907 2581 965 2636 hee
979 2580 1141 2651 agebantur
1159 2582 1311 2650 discipulo,
1328 2580 1414 2635 tidem
1428 2582 1616 2636 adhibeamus
1633 2581 1693 2635 hec
1706 2580 1777 2636 scri·

37 2651 127 2708 benti.
160 2649 233 2706 «Sed
250 2651 286 2706 ab
305 2651 421 2720 egregio
438 2650 485 2704 illo
512 2651 665 2705 catholice
691 2650 756 2705 lidei
775 2650 924 2716 advocato,
936 2672 950 2701 o
976 2665 1077 2721 nempe
1100 2651 1255 2716 Bernardo,
1288 2651 1450 2720 «monitus,
1474 2660 1506 2706 ut
1529 2650 1573 2706 vel
1598 2652 1658 2721 jam
1685 2649 1780 2705 sciens

37 2723 67 2779 in
83 2735 234 2792 personam
256 2735 339 2777 suam
362 2721 433 2776 nihil
454 2722 611 2790 agendum,
627 2721 820 2791 responderet,
836 2729 894 2776 tant
910 2722 1008 2788 libere,
1029 2736 1117 2792 quam
1143 2735 1243 2777 secure
1267 2720 1429 2776 audiendus
1451 2728 1575 2788 tantum,
1597 2729 1625 2776 et
1644 2719 1778 2776 terendus

38 2792 161 2848 inomni
177 2793 322 2860 patientia,
340 2807 396 2846 non
418 2792 559 2847 sententia
571 2792 669 2862 aliqua
687 2792 841 2859 leriendus,
862 2792 915 2848 boc
930 2806 1047 2862 quoque
1067 2793 1238 2848 omnimodis
1265 2789 1408 2847 recusavit
1431 2791 1503 2847 Nam
1527 2800 1554 2847 et
1576 2791 1724 2846 confessus
1736 2797 1779 2847 est

37 2870 135 2934 postca
154 2863 377 2929 scismatum,
395 2863 473 2932 quod
490 2876 522 2917 ea
544 2863 614 2919 bora
629 2864 753 2944 magime
768 2862 894 2932 quadam
921 2877 957 2918 ex
973 2871 1053 2932 parte
1079 2863 1215 2919 memoria
1234 2862 1299 2932 eius
1315 2861 1430 2917 turbata
1452 2862 1549 2929 inerit,
1577 2862 1650 2916 ratio
1673 2859 1778 2932 caliga·

37 2933 121 2999 verit,
137 2942 165 2989 et
181 2933 301 2990 interior
323 2933 428 3003 ingerit
447 2948 557 2989 sensus.
574 2956 583 2982 ι
601 2934 663 2989 Νοιι
682 2941 778 3003 ttaque
804 2932 923 2988 libertas
950 2933 1041 2989 deluit
1063 2934 1213 2990 abaelardo
1241 2933 1425 3001 semetipsum
1453 2931 1634 2997 detendendi‚
1663 2945 1716 2987 nec
1744 2931 1777 2988 ti·

38 3018 119 3061 more
136 3005 285 3073 popularis
299 3005 445 3061 seditionis
462 3004 488 3058 id
510 3005 663 3072 recusavit,
679 3005 727 3059 sed
748 3004 886 3073 iniustam
900 3018 1018 3060 causam
1038 3004 1113 3060 tueri
1130 3005 1246 3059 minime
1258 3003 1358 3073 potuit.
1377 3003 1430 3058 Pro
1443 3003 1605 3058 reverentia
1620 3011 1716 3057 tamen
1730 3014 1779 3057 se-

38 3076 82 3133 dis
94 3075 264 3143 apostolice,
285 3077 320 3131 ad
336 3090 423 3144 quam
439 3075 642 3144 appellaverat,
660 3076 803 3131 damnatis
812 3076 956 3144 perversis
969 3075 1234 3145 eiusdogmatibus,
1245 3087 1372 3143 persone
1384 3071 1779 3143 ipsiuspepercitconcilium.

76 3146 219 3217 Egressus
233 3160 250 3200 a
264 3146 385 3201 concilio
402 3147 571 3202 abelardus
593 3159 725 3202 errorum
750 3158 871 3201 suorum
892 3146 1007 3214 scripsit
1024 3148 1203 3216 apologiam,
1224 3147 1253 3200 in
1278 3158 1337 3214 qua
1358 3144 1462 3199 acriori
1481 3144 1599 3214 quidem
1611 3143 1684 3213 stylo
1701 3142 1779 3205 inve·

40 3216 121 3272 bitur
138 3217 165 3270 in
183 3223 315 3271 sanctum
333 3219 520 3273 hemardum.
539 3218 568 3271 ld
585 3227 660 3274 certe
679 3216 819 3273 discimus
837 3230 874 3271 ex
900 3217 1096 3286 disputatione
1123 3216 1236 3272 abbatis
1251 3215 1386 3285 anonymi
1410 3223 1510 3270 contra
1533 3213 1728 3280 abelardum,
1752 3213 1782 3268 in

39 3288 128 3357 cujus
143 3287 215 3342 libro
236 3289 362 3342 secundo
382 3287 445 3343 hec
468 3289 621 3358 leguntur:
647 3309 661 3337 ι
683 3289 712 3342 ln
729 3287 913 3359 apologetico
935 3301 998 3355 suo,
1028 3287 1212 3357 responsione
1239 3300 1292 3342 sna
1312 3298 1398 3353 super
1420 3286 1473 3341 hoc
1496 3283 1667 3355 capitulum,
1697 3281 1783 3339 iuriis

39 3358 207 3428 exagitatus
220 3358 320 3414 Petrus
336 3360 459 3424 insanit3
477 3364 505 3414 et
521 3358 561 3414 sic
576 3358 664 3413 nimis
688 3359 911 3426 intemperanter
925 3357 1075 3413 invenitur
1095 3358 1123 3412 in
1153 3358 1299 3414 bominem
1315 3356 1425 3422 heaut
1458 3370 1514 3411 uon
1535 3369 1603 3410 eum
1623 3352 1784 3424 loquiqne

41 3427 185 3498 loquitur,
200 3429 246 3483 sed
264 3443 313 3499 per
327 3444 396 3485 eum
412 3429 556 3489 Satanam.
579 3429 631 3498 qui
647 3428 831 3484 transformat
849 3442 878 3483 se
894 3428 923 3484 in
943 3427 1078 3499 angelum
1100 3427 1182 3494 lucis,
1209 3435 1355 3484 assereret.
1376 3447 1386 3473 ι
1412 3429 1447 3483 Ει
1462 3427 1491 3482 in
1512 3426 1584 3482 libro
1602 3425 1698 3481 tertio:
1724 3446 1738 3475 «
1750 3424 1783 3505 ln

40 3498 179 3568 apologia
195 3507 290 3554 antem
306 3514 360 3555 sua
379 3501 469 3555 multo
488 3499 687 3555 vehementius
711 3500 813 3567 spiritu
835 3499 987 3568 vertiginis
1009 3499 1165 3554 abducitur
1178 3506 1205 3554 et
1228 3498 1369 3553 infelicius
1392 3504 1529 3567 egrotat3
1548 3495 1730 3566 diligentiore
1748 3508 1786 3550 st-

42 3568 161 3633 ituidem
177 3576 302 3625 tractatu
321 3578 348 3626 et
373 3571 458 3641 quasi
482 3571 594 3625 viribus
618 3571 646 3624 in
675 3583 768 3625 unum
795 3569 920 3625 collectis
951 3570 1003 3625 hoc
1029 3569 1209 3638 capitulum»
1238 3568 1345 3623 scilicet
1361 3569 1399 3622 lie
1428 3574 1564 3637 potestate
1590 3568 1639 3623 liei
1655 3565 1784 3623 «ceteris

43 3638 180 3695 diliusitts
201 3642 405 3710 exsequitur.»
431 3644 529 3696 Postea
549 3642 678 3703 llontam,
707 3648 738 3694 ut
765 3652 883 3695 causam
911 3653 1006 3695 ceram
1037 3640 1170 3708 pontifice
1195 3637 1368 3704 defenderet,
1388 3638 1478 3692 iretus
1505 3640 1666 3693 amicorum
1695 3635 1785 3692 disci-

44 3710 249 3779 pulorumque,
272 3712 400 3780 quesibi
423 3727 480 3767 non
497 3726 601 3780 paucos
626 3711 759 3776 habebat,
789 3710 910 3777 auxilio,
931 3709 1073 3779 proticisci
1096 3709 1207 3765 statuit.
1238 3708 1290 3764 Sed
1315 3723 1381 3763 cum
1399 3708 1571 3763 cluniacum
1598 3707 1783 3777 pervenisset,

42 3781 155 3836 audivit
170 3795 303 3836 errorum
320 3797 440 3838 suorum
464 3783 591 3851 capitula
606 3783 702 3836 debita
721 3781 906 3836 damnatione
919 3781 955 3836 ab
979 3781 1144 3835 Innocentio
1169 3779 1190 3833 ll
1206 3793 1267 3834 esse
1282 3777 1393 3834 aliecta.
1419 3780 1469 3833 llic
1493 3779 1591 3847 itaque
1607 3777 1730 3849 gradum
1745 3777 1786 3832 si-

42 3859 117 3906 stere
133 3860 250 3907 coactus
277 3853 342 3918 luit,
367 3854 551 3922 monitusque
574 3867 590 3908 a
605 3853 686 3909 Petro
715 3851 877 3907 Venerabili
892 3851 1006 3917 abbate,
1023 3857 1055 3905 ut
1070 3850 1248 3905 bernardum
1264 3849 1321 3905 sibi
1335 3848 1542 3913 reconciliaret,
1564 3854 1591 3902 ct
1615 3849 1637 3902 si
1664 3859 1723 3917 qua
1738 3858 1784 3900 ca·

42 3921 164 3977 thelicae
179 3935 264 3978 aures
276 3922 449 3978 offendentia
464 3932 516 3978 aut
530 3924 688 3991 scripsisset
704 3922 893 3988 autdixisset,
909 3936 943 3982 ea
962 3936 979 3976 a
1001 3920 1096 3977 verbis
1115 3920 1175 3976 suis
1194 3926 1350 3985 amoveret,
1367 3926 1393 3974 et
1407 3933 1424 3974 a
1439 3917 1520 3974 libris
1537 3918 1706 3985 abraderet3
1723 3914 1785 3994 tila·

43 3993 214 4049 reinvallem
238 4007 304 4048 cum
331 3995 433 4050 abbate
458 3994 640 4050 cisterciensi
668 3993 821 4063 proiectus,
856 4005 947 4061 prava
975 3993 1109 4062 dogmata
1135 3990 1233 4047 omnia
1255 3989 1430 4052 retractavit,
1461 3996 1489 4044 et
1518 3988 1619 4058 sopitis
1644 3985 1788 4055 prioribus

42 4063 183 4134 querelis,
208 4065 375 4135 ingratiam
396 4079 461 4120 eum
489 4065 669 4120 sanctissimo
682 4064 785 4119 abbate
806 4063 900 4119 rediit.
917 4064 999 4118 Hanc
1022 4063 1252 4118 retractationem
1267 4061 1350 4116 editis
1378 4059 1522 4116 abelardi
1552 4057 1689 4128 operibus
1716 4070 1787 4127 pre·

44 4134 164 4190 missam
180 4134 329 4200 habemus,
347 4149 434 4205 quam
460 4135 600 4206 Apologie
619 4134 734 4190 nominc
751 4134 858 4190 donare
874 4134 982 4204 placuit
996 4132 1116 4198 editori,
1139 4146 1206 4187 cnm
1235 4140 1330 4187 tamen
1359 4132 1395 4187 ab
1419 4130 1482 4202 ejus
1506 4129 1643 4200 apologia
1668 4127 1712 4209 sit
1727 4139 1788 4183 otn-

43 4205 115 4260 nino
130 4205 347 4275 distinguenda,
361 4206 467 4261 rectius
489 4207 660 4262 Retractatio
676 4205 857 4274 appellanda.
884 4207 1024 4261 Reversus
1047 4204 1218 4261 cluniacum
1242 4201 1357 4259 biennio
1383 4201 1513 4272 religiose
1529 4201 1634 4256 ibidem
1652 4204 1737 4265 vixit,
1754 4211 1790 4252 ac

46 4275 161 4331 tandem
173 4275 202 4330 in
218 4276 399 4332 cabilonensi
413 4277 440 4332 S.
456 4277 578 4333 Marcelli
597 4277 736 4346 prioratu,
755 4276 784 4332 in
796 4276 862 4332 sinu
877 4275 1010 4331 Ecclesie
1032 4275 1187 4344 requievit.
1612 4286 1616 4293 ·

81 4346 228 4402 Adversus
259 4346 444 4402 hbetardum
471 4349 610 4416 scripsere
628 4347 799 4404 Guillelmus
823 4347 913 4402 abbas
937 4346 964 4403 S.
994 4345 1171 4410 Theudorici,
1202 4342 1230 4399 S.
1251 4343 1425 4408 bernardus,
1450 4349 1477 4397 et
1501 4341 1590 4398 abbas
1614 4353 1789 4410 anonymus,

46 4430 134 4486 quem
149 4418 282 4472 eumdem
297 4432 358 4473 esse
374 4426 553 4487 putantcum
576 4418 728 4479 Ganlredo,
755 4418 804 4488 qui
820 4431 857 4472 ex
872 4416 1016 4473 Abelardi
1044 4416 1185 4485 discipulo
1207 4429 1284 4469 anno
1308 4415 1374 4467 tito
1388 4414 1480 4469 laetus
1506 4412 1666 4468 monachus
1692 4411 1791 4490 Clare·

47 4486 191 4554 vallensis,
222 4488 360 4544 bernardi
389 4491 528 4550 notarius,
555 4504 588 4544 ac
617 4498 678 4557 post
708 4489 863 4544 liebertum
891 4494 918 4543 et
947 4488 1114 4543 l'astredum
1136 4499 1284 4543 successor
1315 4485 1414 4539 evasit.
1445 4484 1551 4539 Prioris
1572 4491 1600 4539 et
1628 4488 1791 4552 posterioris

47 4557 263 4613 lucubrationes
286 4559 427 4614 babemus
453 4561 481 4614 in
504 4559 677 4615 bibliotheca
701 4558 891 4628 Cisterciensi,
919 4559 947 4613 in
963 4559 1071 4628 quibus
1087 4557 1229 4627 ipsissima
1247 4555 1389 4611 athelardi
1415 4555 1503 4611 verba
1531 4567 1597 4625 que
1619 4553 1792 4622 impugnant

48 4626 186 4683 relerunt.
202 4629 361 4685 Nonnullos
375 4638 469 4685 tamen
490 4630 536 4685 ille
556 4637 690 4699 patronos
707 4629 824 4699 babuit;
846 4629 987 4698 imprimis
1005 4629 1145 4684 Othonem
1164 4629 1381 4697 Frisengensem
1407 4625 1435 4681 in
1455 4633 1586 4680 sanctum
1612 4621 1818 4704 bernardum.

49 4712 155 4768 parum
170 4713 296 4768 equum,
315 4702 457 4756 homiuem
488 4707 632 4766 exterum,
653 4708 690 4765 et,
719 4700 760 4754 oti
782 4701 990 4763 existimamus,
1011 4713 1114 4768 parum
1144 4698 1318 4754 instructum
1335 4699 1418 4766 cujus
1446 4703 1521 4751 certe
1549 4700 1718 4757 auctoritas,
1738 4704 1792 4746 nec

47 4768 200 4824 Guillelmo
218 4771 325 4836 abbati,
343 4786 395 4826 nec
414 4772 440 4826 S.
458 4772 616 4835 Bernardo,
638 4785 689 4825 nec
708 4770 859 4836 Gauredo,
888 4771 939 4840 qui
970 4771 1113 4826 bominem
1142 4777 1292 4834 noverant,
1319 4769 1383 4837 eius
1411 4767 1517 4835 scripta
1532 4772 1638 4820 attente
1653 4764 1792 4833 legerant,

47 4840 84 4895 ab
100 4840 181 4895 omni
193 4854 283 4909 prava
302 4842 466 4910 suspicione
481 4843 635 4908 immunes,
653 4841 808 4911 prevalere
824 4841 916 4896 debet.
935 4841 1022 4897 hlulto
1035 4843 1132 4896 minus
1147 4840 1220 4895 Petri
1245 4837 1410 4907 Berengarit
1435 4838 1621 4893 Pictaviensis
1648 4832 1792 4890 abelardi

47 4909 193 4980 discipuli,
215 4912 266 4980 qui
291 4927 326 4967 ex
342 4913 467 4981 professo
481 4915 545 4980 ejus
571 4913 764 4967 defensionem
781 4913 916 4981 suscepit,
948 4912 1121 4981 scripsitque
1140 4910 1368 4981 apologeticum,
1397 4922 1480 4964 suam
1500 4921 1596 4963 secum
1616 4906 1795 4961 condemna-

48 4981 159 5037 tionem
180 4982 384 5049 prelerentem,
406 4998 492 5053 quem
514 4983 618 5037 rectius
637 4983 765 5039 libellum
786 4983 815 5036 in
831 4990 964 5038 sanctum
992 4982 1171 5038 bernardum
1199 4981 1438 5036 contumeliosum
1456 4978 1600 5048 appellare
1629 4974 1704 5037 lieet,
1720 4987 1795 5056 §thus

49 5051 80 5107 in
105 5052 233 5107 tenebris
258 5063 359 5110 natum
388 5063 417 5110 et
435 5064 543 5109 eterna
569 5054 711 5108 oblivione
740 5054 872 5124 dignum.
890 5054 925 5108 ttt
952 5060 1027 5109 certe
1051 5068 1086 5108 ue
1116 5053 1234 5121 quidem
1258 5048 1400 5107 nnumin
1425 5050 1595 5104 eoverbum
1620 5045 1740 5116 protulit
1758 5043 1796 5099 etl

50 5121 245 5178 defensionem
260 5124 305 5179 sui
331 5125 470 5195 magistri,
494 5132 544 5179 aut
562 5125 645 5179 iidem
661 5125 723 5193 ejus
738 5123 913 5179 Catholicant
938 5123 1201 5189 demonstrandam,
1230 5122 1351 5192 ejusque
1369 5120 1550 5175 adversarios
1570 5115 1793 5188 impugnandos,

50 5191 116 5249 licet
136 5195 164 5249 id
181 5207 211 5249 se
227 5197 423 5263 prestiturum
444 5196 583 5251 audacter
613 5196 797 5264 promisisset.
824 5195 883 5249 lmo
904 5195 963 5264 ipse
986 5195 1082 5250 sanior
1110 5193 1202 5248 iactus
1216 5191 1424 5247 contumeliosa
1451 5191 1557 5259 scripta
1579 5187 1744 5246 retractavit
1763 5187 1793 5242 in

49 5264 171 5334 epistola
196 5267 238 5320 'ad
272 5267 438 5335 episcopum
472 5267 678 5330 llimatenscm,
712 5281 746 5321 ac
773 5278 823 5333 pro
849 5280 905 5321 non
934 5266 1049 5334 scriptis
1074 5264 1173 5320 haberi
1202 5262 1312 5318 voluit:
1337 5262 1472 5326 «litua»
1497 5262 1602 5331 lnquit,
1634 5271 1793 5341 «processu

50 5337 188 5404 temporis
208 5350 303 5391 meum
314 5351 414 5406 sapere
430 5338 529 5399 crevit,
546 5343 573 5391 ct
587 5336 616 5390 in
632 5337 804 5392 sententiam
820 5335 933 5392 abbatis
950 5336 1080 5405 pedibus,
1102 5344 1140 5390 ιιι-
1155 5334 1270 5400 dicitur,
1301 5333 1349 5389 ivi.
1364 5332 1449 5389 Nolui
1472 5347 1532 5389 esse
1562 5338 1704 5402 patronus
1719 5343 1794 5401 capt·

51 5406 181 5464 tulorttm
201 5408 380 5477 objectorum
394 5407 554 5473 hbetardo,
571 5407 653 5476 quia,
673 5409 724 5463 etsi
753 5421 857 5463 sanum
876 5421 908 5462 sa
945 5413 1019 5474 rent,
1033 5420 1091 5462 non
1104 5419 1175 5461 sane
1193 5406 1370 5462 sonabant.»

87 5477 155 5534 ilec
168 5478 240 5534 torte
253 5479 386 5536 sulficere
404 5480 540 5537 deberent
554 5478 600 5535 bis
618 5478 669 5549 qui
689 5486 786 5535 nostro
808 5481 910 5535 evod
931 5477 1029 5536 elardi
1055 5484 1149 5548 partes
1164 5476 1286 5533 tuendas
1313 5481 1511 5546 susceperunt,
1536 5487 1569 5529 ac
1583 5479 1717 5531 sanctum
1730 5473 1796 5553 ller7

52 5548 181 5605 nardum
198 5550 352 5620 precipitis
365 5551 395 5606 in
414 5564 481 5608 eum
497 5549 599 5622 iudicii
629 5563 763 5607 accusare
779 5563 836 5606 non
856 5558 1010 5606 verentur:
1027 5549 1134 5620 quibus
1150 5562 1218 5604 sane
1234 5547 1293 5604 heri
1320 5546 1390 5602 satis
1403 5547 1481 5603 baud
1498 5545 1620 5603 dubium
1642 5549 1747 5615 posset,
1773 5557 1796 5598 st
1859 5622 1865 5634 .
