3804 5962
72 226 125 284 aba
534 231 634 288 hunul
652 232 839 291 cummuni
858 235 935 294 uhu.
954 235 1045 295 rhus
1063 236 1086 292 1.
1105 266 1140 277 -
1158 233 1345 293 EPISTOLAE.
1763 227 1818 288 sil

74 351 133 453 sari
153 352 370 422 monstraveris,
387 366 512 425 quorum
524 368 554 411 se
573 354 737 427 frequenter
758 360 918 418 auctorita·
933 363 958 417 h
972 361 1044 421 lium
1058 360 1233 419 sacerdotale
1257 358 1432 417 conscendit.
1459 357 1541 427 Quod
1565 357 1682 430 quidem
1706 358 1742 414 de
1762 356 1819 414 alio

72 441 152 542 tibus
166 442 375 540 protegitiNil
388 443 523 513 equidem
543 444 658 513 rectius,
674 460 763 519 quam
779 450 917 529 sapientis
971 451 1084 515 lacobo.
1114 457 1142 508 ct
1164 450 1214 522 qui
1245 450 1334 507 irater
1361 448 1476 506 Domini
1499 457 1688 518 nuncupatus
1709 455 1761 514 est,
1791 451 1819 503 et

75 528 159 586 illum
171 529 349 586 versiculum
366 545 373 586 ³
972 540 1083 611 primus
1109 539 1139 595 in
1159 539 1403 611 ierosolymorum
1425 537 1582 594 Ecclesiam
1596 544 1639 595 est
1656 537 1818 606 ordinatus,

143 620 288 719 Conveniet
301 620 382 686 nolli,
395 623 444 690 put
457 636 545 677 secum
553 622 668 680 dissidet
682 629 751 697 ipse.
909 665 914 697 ·,
957 635 1083 703 constat
1092 627 1215 698 intelligi
1230 627 1333 685 dehere
1358 620 1415 683 :ut
1430 626 1563 696 videlicet
1579 625 1627 683 ille
1637 626 1749 697 primus
1764 624 1821 682 hoc

69 707 112 767 lle
126 721 192 779 quis
211 716 308 766 autem
332 710 458 779 graviter
479 710 561 776 leret,
591 726 625 769 ac
648 714 834 774 vehementer
860 718 914 777 ab·
956 717 1056 788 ,modo
1072 715 1247 774 sacerdotale
1267 714 1373 773 solium
1406 714 1586 787 intelligatur
1606 715 1816 771 conscendisse.

72 796 188 896 horreat
200 797 307 853 Bedam
321 810 534 870 nonnunquam
561 799 663 872 decipi,
684 809 711 860 et
734 818 788 862 suo
813 807 918 877 spiritu
972 803 1000 863 Si
1016 819 1086 878 ergo
1106 812 1205 861 tantus
1221 805 1320 862 doctor
1341 817 1393 875 per
1415 803 1670 875 aequivocationem
1693 803 1819 859 nominis

73 899 132 986 non
146 885 245 943 divino
262 927 269 954 ,
285 885 421 956 quaedam
447 887 610 959 protulisse,
633 905 666 946 eo
694 892 825 951 videlicet
840 896 918 966 quod
971 894 1079 963 iacobi,
1103 909 1121 951 a
1144 893 1264 952 veritate
1289 894 1438 961 historica,
1469 893 1499 949 in
1523 892 1701 964 expositione
1730 907 1819 948 evan·

72 988 138 1047 eyus
171 974 362 1045 expositiones
400 975 569 1034 Latinorum
604 980 731 1037 maxime
757 981 919 1055 lrcqueutet
973 983 1067 1055 gelica
1082 983 1239 1054 permissus
1249 981 1286 1039 sit
1305 982 1439 1040 deviare:
1456 981 1527 1053 quid
1540 983 1658 1048 mirum,
1673 980 1697 1036 si
1713 979 1819 1037 Bedaru

74 1062 198 1121 Ecclesia
214 1063 268 1120 :ad
285 1065 456 1121 memoriam
471 1064 587 1122 Nathan
603 1067 773 1139 prophetam
800 1071 919 1132 reducat
973 1071 1164 1143 equivocatio
1178 1084 1296 1142 quoque
1311 1070 1436 1127 nominis
1447 1069 1587 1141 Dionysii,
1606 1069 1652 1127 vel
1666 1068 1820 1140 plerosque

75 1151 289 1210 deaedillcando
304 1152 407 1223 templo
431 1152 593 1224 deceptum,
619 1163 707 1227 atque
734 1157 826 1229 ipsius
848 1175 920 1232 quo·
973 1159 1046 1216 alios
1060 1159 1200 1228 lelellerit,
1217 1159 1376 1230 prasertim
1394 1157 1433 1217 iu
1451 1158 1499 1215 illa
1524 1157 1650 1216 actuum
1674 1157 1820 1228 apostolo-

75 1255 133 1313 que
160 1240 302 1311 Principis
329 1240 523 1312 apostolorum
547 1243 738 1314 perniciosam
759 1248 919 1308 simulatio·
973 1261 1040 1305 rurn
1065 1246 1251 1318 expositione,
1275 1259 1364 1317 quam
1395 1245 1431 1302 ab
1461 1247 1522 1317 ipso
1543 1244 1620 1302 Beda
1641 1252 1751 1303 certum
1776 1249 1839 1311 est¹

74 1343 142 1388 nem
169 1343 187 1387 a
212 1330 375 1400 coapostolo
405 1330 493 1388 Paulo
521 1341 691 1402 correctam,
722 1355 735 1387 ‹
765 1336 850 1408 Quia,
875 1339 919 1396 in·
974 1344 1072 1406 postea
1087 1343 1271 1392 retractatam
1293 1335 1427 1393 esseiln
1446 1333 1669 1405 uniusquidem
1686 1340 1821 1389 retracta·

76 1418 150 1491 (luit,
181 1418 415 1488 reprehensibilis
439 1429 501 1478 ml
533 1422 603 1494 (Gal
622 1438 652 1490 11,
683 1423 750 1497 ll):
779 1440 920 1485 »necnon
973 1423 1061 1481 tionis
1073 1423 1305 1494 praefatiuncula,
1319 1430 1351 1480 ut
1367 1423 1492 1480 breviter
1508 1423 1597 1481 verba
1611 1422 1674 1493 ejus
1692 1434 1820 1490 compre·

76 1516 105 1566 et
119 1508 312 1565 venerabilem
334 1509 479 1567 doctorem
497 1512 706 1584 Augustinum,
734 1515 785 1586 qui
808 1530 920 1575 errores
973 1513 1146 1581 hendamus,
1160 1511 1202 1569 ita
1213 1525 1334 1569 exorsus
1343 1512 1383 1567 ait
1395 1526 1401 1566 :
1415 1528 1429 1562 u
1445 1509 1557 1571 Scimus
1571 1509 1712 1566 eximium
1725 1511 1820 1566 docto·

75 1595 208 1668 proprios
226 1603 327 1667 sponte
354 1598 539 1670 corrigendo,
549 1601 646 1657 omnia
659 1602 717 1659 lere
740 1605 847 1676 scripta
866 1619 920 1663 sua
974 1616 1035 1661 rem
1047 1602 1246 1672 augustinum
1260 1600 1349 1667 libros
1370 1599 1615 1656 detractationum
1643 1597 1672 1654 in
1685 1600 1820 1669 quadam

76 1693 249 1742 rectractare
259 1700 318 1742 non
333 1687 461 1744 erubuit.
476 1689 620 1761 Recogitet
638 1698 666 1748 et
681 1690 753 1749 illud
768 1692 837 1750 Eliae
852 1708 920 1766 qro-
936 1664 957 1719 B
976 1691 1118 1762 opuscula
1131 1704 1186 1747 sua
1200 1689 1313 1747 iecisse:
1324 1673 1410 1761 cujus
1420 1687 1593 1745 industriam
1604 1686 1687 1743 nobis
1702 1702 1821 1758 quoque

76 1773 211 1831 verbium
227 1789 233 1830 :
250 1795 261 1824 ι
279 1774 343 1831 Non
358 1776 434 1832 enim
449 1776 579 1835 meliores
592 1794 706 1851 sumus,
720 1795 809 1851 quam
825 1791 922 1854 patres
975 1779 1086 1851 placuit
1110 1779 1228 1844 imitari,
1244 1785 1277 1834 ut
1302 1785 1364 1848 post
1385 1775 1592 1847 expositionem
1607 1777 1732 1831 hctuurn
1748 1789 1822 1844 apo-

77 1863 176 1923 uostri.
195 1885 205 1914 ι
222 1863 258 1920 Et
281 1871 360 1932 tuno,
376 1866 514 1936 prolecto,
537 1882 603 1925 cum
630 1877 777 1928 tantorum
790 1873 921 1930 virorum
975 1867 1124 1936 stolorum,
1139 1879 1228 1938 quam
1251 1872 1318 1922 ante
1345 1878 1437 1921 annos
1456 1863 1558 1935 plures
1584 1863 1820 1932 conscripsimus,

78 1966 190 2012 errores
213 1954 491 2022 commemoraverit,
515 1956 577 2027 jam
593 1956 629 2015 de
643 1971 742 2017 errore
758 1960 841 2017 Bedae
868 1963 921 2018 mi.
975 1956 1095 2012 nuncin
1113 1955 1188 2012 idem
1217 1953 1354 2011 volumen
1371 1952 1487 2010 brevem
1501 1951 1721 2010 detractationis
1736 1950 1821 2007 hbet-

78 2041 138 2101 rari
161 2040 286 2098 desistet.
313 2042 349 2098 Ut
364 2043 442 2100 enlm
458 2043 559 2101 beatus
587 2047 688 2103 asserit
711 2047 865 2121 Gregorius
893 2049 923 2105 iu
975 2044 1036 2102 lum
1061 2043 1231 2109 condamus,
1261 2041 1355 2099 studio
1385 2042 1512 2098 maxime
1534 2041 1580 2098 vel
1604 2040 1727 2097 addendi
1754 2055 1822 2110 quae

80 2131 174 2204 prima
187 2145 276 2201 super
289 2131 462 2188 Ezechielem
476 2133 604 2201 homilia,
631 2149 844 2216 nonnunquam
860 2137 923 2208 Spi-
976 2133 1077 2190 minus
1090 2132 1177 2196 dicta,
1188 2131 1233 2188 vel
1248 2130 1422 2187 emendandi
1442 2145 1507 2202 quae
1522 2144 1614 2192 meus,
1638 2143 1727 2201 quam
1757 2128 1822 2198 pla-

80 2220 155 2280 ritus
182 2227 299 2276 sanctus
327 2220 364 2276 ad
386 2220 558 2279 humilitatis
591 2225 749 2282 custodiam
779 2228 923 2284 mentibus
976 2223 1047 2285 cuit,
1063 2220 1139 2278 diota
1155 2219 1341 2277 videbantur.
1357 2240 1371 2269 ι
1398 2219 1453 2287 Qui
1469 2219 1554 2275 etiam
1576 2219 1606 2274 1ss
1622 2218 1758 2288 lllr'ssdlssla
1770 2231 1823 2272 0¹·

81 2308 210 2366 fidelium
239 2323 299 2366 sese
320 2308 473 2374 subtrahit,
491 2319 519 2368 et
532 2325 580 2368 eos
597 2311 627 2368 in
648 2326 775 2370 errorem
790 2313 849 2372 labi
864 2329 925 2385 per·
976 2309 1116 2381 positione
1139 2323 1193 2365 sua
1220 2322 1322 2365 versus
1349 2308 1427 2366 Arati
1456 2307 1621 2378 frequenter
1648 2306 1822 2374 introduxit,

81 2396 178 2462 mittit,
196 2403 227 2454 ut
241 2397 374 2454 videlicet
390 2407 606 2469 recognoscant,
621 2413 710 2470 quam
735 2401 850 2460 inutiles
863 2403 925 2472 spi·
976 2400 1062 2470 cujus
1076 2396 1231 2455 nonnullos
1255 2397 1390 2454 novimus
1403 2410 1524 2462 errores,
1542 2409 1609 2452 cum
1634 2400 1731 2464 aperto
1756 2407 1823 2451 euru

81 2485 251 2543 ritusancto
279 2485 448 2572 abscedente
467 2493 650 2543 remaneant:
681 2487 833 2559 quietiam
857 2503 924 2546 cum
979 2488 1171 2557 Hieronymus
1188 2487 1217 2542 in
1252 2485 1387 2556 praedicto
1418 2484 1575 2541 illustrium
1595 2485 1728 2539 virorum
1752 2482 1824 2538 libro

81 2574 227 2632 mentibus
244 2573 374 2646 praesidet
389 2583 566 2641 sanctorum,
582 2575 622 2631 sic
636 2575 742 2634 revelet
766 2577 875 2650 aliqua,
893 2585 926 2636 nt
979 2590 1091 2634 errasse
1106 2576 1238 2643 ostendit,
1254 2574 1289 2630 de
1304 2574 1402 2630 eodem
1417 2573 1463 2629 die
1486 2586 1544 2644 quo
1558 2575 1657 2629 Petrus
1667 2579 1694 2627 et
1717 2569 1825 2626 Paulus

82 2663 204 2720 occultet
218 2662 368 2720 nonnulla.
386 2663 449 2720 Nou
462 2676 637 2735 magnopere
652 2667 816 2724 curandum
830 2676 883 2736 est,
901 2668 927 2725 si
979 2665 1057 2737 passi
1069 2672 1147 2721 sunt.
1166 2664 1256 2728 Quem
1279 2663 1395 2734 quidem
1424 2663 1499 2719 diem
1519 2677 1577 2719 non
1593 2662 1677 2718 aliter
1692 2660 1826 2716 eumdem

83 2751 113 2807 in
129 2751 265 2818 historiis,
288 2759 339 2808 aut
364 2751 393 2809 in
408 2750 462 2821 his,
479 2767 545 2822 quae
558 2753 595 2808 ad
610 2754 762 2811 Catholicae
785 2755 850 2812 fidei
875 2770 926 2826 pe·
981 2764 1040 2811 tarn
1054 2757 1162 2810 Aratus
1175 2767 1264 2823 quarn
1281 2752 1356 2807 Beda
1372 2752 1400 2806 in
1418 2751 1632 2821 martyrologio,
1652 2749 1716 2819 ejus
1731 2756 1828 2805 aucto-

84 2840 210 2897 riculum
224 2855 282 2897 non
297 2840 428 2908 attinent,
456 2854 567 2897 errasse
585 2850 698 2899 sanctos
715 2858 927 2915 nonnunquam
943 2866 964 2923 ρ
980 2843 1064 2901 ritate
1085 2842 1174 2899 iratus
1188 2842 1318 2911 accipiat,
1348 2840 1402 2896 nisi
1427 2840 1496 2895 anni
1529 2838 1659 2895 revoluto
1684 2843 1826 2906 tempore,

85 2942 261 2997 annuamus,
279 2943 345 2985 cum
366 2936 464 3005 aperte
477 2930 661 3000 Augustinus
687 2931 722 2987 de
742 2932 860 2989 historia
884 2947 927 2990 se-

86 3018 168 3091 ptimi
193 3016 306 3089 psalmi,
338 3016 367 3073 in
385 3018 470 3089 cujus
495 3018 626 3077 videlicet
644 3020 746 3092 psalmi
761 3020 843 3079 titulo
858 3023 928 3095 legi-

85 3111 157 3165 tur:
175 3105 256 3163 «Pro
270 3105 366 3162 verbis
380 3104 468 3163 chusi
485 3105 535 3163 tilii
548 3109 662 3180 jemini,
690 3131 704 3159 »ι
720 3124 769 3180 per
793 3112 929 3183 Hierony-

87 3210 168 3252 mum
181 3207 293 3251 errasse
320 3196 451 3251 convinci
480 3200 579 3267 possit,
610 3204 750 3270 tanquam
780 3200 927 3258 Hebraicae

87 3283 202 3355 penitus
216 3296 321 3354 expers
333 3284 472 3340 veritatis.
489 3285 592 3357 Siquis
608 3296 704 3344 autem
720 3288 928 3361 Bedaequoque

87 3371 258 3429 auctoritate
273 3372 394 3437 nitatur,
420 3381 452 3430 ut
479 3375 615 3432 omuibus
642 3376 808 3446 satislaciat‚
838 3378 932 3435 dicere

88 3460 206 3517 tortasse
220 3457 316 3518 licebit
336 3461 389 3518 hoc
413 3461 473 3518 loco
493 3464 597 3520 Bedam
623 3465 748 3522 aliorum
767 3466 931 3538 opinionem

983 2947 1049 2988 curn
1076 2932 1269 3000 Hieronymus
1296 2928 1395 2984 eodem
1416 2940 1535 2998 prorsus
1559 2926 1614 2993 die,
1630 2940 1706 2981 anno
1721 2932 1829 2997 quarto

983 3020 1093 3078 decimo
1107 3019 1231 3077 Neronis
1259 3025 1317 3075 tam
1333 3020 1448 3074 Petrum
1472 3030 1562 3088 quam
1578 3015 1700 3073 Paulum
1732 3028 1831 3084 passos

983 3124 1043 3167 esse
1058 3109 1233 3180 pronuntiet.
1267 3108 1407 3179 Denique,
1433 3114 1465 3162 ut
1485 3105 1561 3162 hano
1576 3104 1654 3161 litem
1680 3104 1831 3160 variarum

985 3199 1192 3257 sententiarum
1208 3197 1390 3269 pacatissimo
1406 3195 1462 3251 llne
1476 3194 1573 3266 sopire
1595 3193 1711 3262 penitus
1734 3189 1832 3246 valea·

986 3303 1073 3358 mus;
1096 3287 1180 3344 lacile
1204 3284 1341 3353 lortassiS,
1358 3284 1383 3341 si
1398 3285 1471 3340 duos
1489 3282 1640 3352 Dionysios
1666 3278 1833 3338 Corinthio-

986 3391 1053 3437 rum
1078 3378 1225 3447 episcopos
1243 3375 1385 3431 exstitisse
1408 3385 1558 3442 ponamus,
1582 3378 1610 3427 et
1631 3370 1738 3426 Bedam
1752 3381 1835 3424 vcra·

986 3480 1048 3523 oem
1065 3465 1222 3536 poterimus
1235 3472 1340 3526 tenere,
1362 3470 1389 3517 et
1405 3461 1477 3517 nihil
1501 3473 1554 3532 per
1582 3458 1745 3529 opinionem
1761 3455 1833 3513 acci·

89 3548 183 3619 potius
196 3557 327 3607 secutum
341 3564 412 3620 esse,
433 3565 523 3623 qnam
548 3567 631 3610 suam
657 3555 838 3614 constituisse
867 3571 931 3614 sen-
986 3569 1052 3626 pere
1069 3568 1077 3608 :
1096 3553 1135 3609 ita
1149 3551 1278 3624 quidem,
1297 3557 1421 3608 utullus
1439 3564 1476 3606 01
1495 3548 1651 3618 Βίθῦιὸῑίὃ,
1672 3545 1835 3603 ὒῡΐῑῦῑῧῑθ·

60 3686 67 3693 ,
90 3637 219 3695 tentiam.
246 3636 325 3711 Saepe
353 3640 469 3710 etenim,
497 3650 529 3698 ut
556 3651 723 3701 sanctorum
749 3646 934 3703 auctoritates
987 3657 1053 3700 rum
1067 3642 1218 3713 episcopis,
1239 3648 1267 3696 ct
1279 3639 1435 3709 Dionysius
1461 3637 1638 3708 areopagita
1654 3633 1831 3702 idemsit‚de

90 3726 194 3785 illaesas
209 3728 415 3797 custodiamus,
428 3743 462 3786 ea
477 3744 542 3801 quae
559 3732 690 3790 scribunt
718 3733 754 3789 ad
769 3733 934 3804 opinionem
988 3746 1047 3803 quo
1062 3731 1138 3787 Beda
1163 3728 1272 3796 scribit,
1292 3735 1320 3783 et
1344 3727 1374 3782 in
1401 3725 1523 3782 diversis
1551 3724 1729 3797 temporibus
1758 3723 1833 3778 idem

91 3814 214 3872 aliorum
226 3816 322 3887 polius
340 3831 429 3889 quam
445 3819 482 3875 ad
496 3821 666 3877 sententiam
683 3821 812 3893 ipsarum
833 3821 935 3879 reteri·
988 3818 1108 3877 Athenis
1127 3825 1154 3874 et
1181 3816 1316 3873 Corintho
1332 3822 1465 3885 praesset
1478 3813 1640 3883 episcopus,
1659 3818 1687 3868 et
1712 3819 1834 3881 postmo-

91 3917 168 3960 mus.
195 3901 282 3961 Sicci
308 3904 337 3961 in
360 3904 490 3963 hocloco
518 3907 650 3965 dicamus
677 3909 782 3965 Bedam
810 3909 935 3966 aliorum
989 3909 1061 3966 dum
1097 3921 1114 3964 a
1142 3912 1241 3964 saneto
1263 3904 1407 3961 Clemente
1442 3902 1602 3960 Galliarum
1623 3902 1660 3957 sit
1685 3900 1837 3955 ordinatus

23 3998 24 4002 ’
91 3990 286 4050 introduxisse
310 3994 492 4058 senteutiam,
513 3996 565 4067 qui
581 4010 617 4052 ex
632 3997 860 4067 aequivocatione
883 4011 937 4053 no·
991 3996 1144 4068 Apostolus
1166 4011 1175 4067 3
1198 3995 1274 4051 alius
1295 4006 1363 4050 vero
1386 4006 1423 4049 cx
1449 3990 1593 4061 Dionysiis
1619 3987 1838 4047 Corinthiorum-

92 4080 179 4138 minis
198 4081 316 4153 decepti,
347 4082 480 4139 eumdem
500 4098 561 4140 esse
584 4085 802 4143 estimaverunt
830 4087 935 4157 Diony·
992 4086 1141 4157 episcopis,
1158 4083 1204 4141 ille
1218 4082 1306 4140 luerit
1318 4081 1481 4152 Dionysius,
1502 4080 1536 4136 de
1563 4092 1622 4149 quo
1636 4076 1837 4133 Ecclesiastica

92 4169 169 4226 sium
195 4170 407 4242 areopagitam,
438 4179 465 4227 ct
495 4172 668 4244 Dionysium
698 4174 913 4231 Corinthiorum
929 4191 936 4230 :
955 4156 977 4211 Ῑ)
994 4173 1113 4231 historia
1127 4181 1155 4230 et
1171 4172 1365 4242 llierouymus
1391 4170 1607 4226 meminerunt:
1632 4173 1720 4237 atquc
1735 4165 1775 4221 ita
1790 4178 1836 4222 ar·

93 4259 278 4329 quippecum
304 4266 332 4315 et
359 4259 475 4316 beatum
492 4262 673 4319 ambrosium
694 4262 765 4319 adeo
793 4263 939 4320 abhisto-
993 4263 1085 4320 bitror
1111 4274 1227 4319 omnem
1252 4259 1479 4316 controversiam
1506 4256 1617 4313 absolvi
1647 4268 1736 4325 posse.
1771 4252 1838 4308 Om-

94 4344 153 4401 rica
167 4345 286 4403 veritate
301 4347 426 4418 quodam
455 4349 516 4406 loco
545 4364 594 4421 per
618 4351 875 4422 aequivocatloneui
890 4366 940 4409 no
994 4352 1073 4409 nium
1086 4351 1185 4423 igitur,
1200 4363 1265 4421 quae
1293 4348 1328 4405 ad
1342 4347 1514 4404 solutionem
1540 4345 1754 4417 proposuimus,
1779 4344 1842 4400 huo

94 4433 181 4491 minis
205 4434 356 4494 videamus
383 4437 567 4507 exorbitasse,
596 4446 629 4495 ut
651 4439 790 4497 iacobum
820 4440 939 4497 lratrem
994 4447 1172 4507 summaest‚
1192 4445 1223 4495 ut
1237 4437 1282 4496 vel
1299 4436 1405 4494 Bedam
1420 4436 1570 4506 deceptum
1597 4434 1685 4490 luisse
1700 4433 1840 4489 conceda·

92 4522 221 4592 ioannis,
236 4538 324 4596 quem
336 4525 516 4596 paritercum
527 4526 733 4598 loannelratre
746 4544 800 4587 suo
812 4535 840 4586 et
855 4529 938 4586 Petro
994 4543 1061 4586 mus
1076 4543 1083 4585 :
1100 4527 1143 4584 vel
1160 4541 1227 4584 eum
1246 4525 1371 4581 aliorum
1394 4525 1478 4581 nobis
1492 4523 1655 4595 opinionem
1670 4528 1840 4592 presentes-

95 4611 133 4668 ad
147 4613 429 4687 transfigurationem
453 4615 498 4671 sui
512 4629 642 4673 seorsum
666 4618 808 4675 Dominus
830 4630 940 4675 assum-
993 4631 1055 4675 se:
1084 4616 1131 4675 vel
1157 4615 1231 4672 duos
1253 4613 1470 4672 Corinthiorum
1507 4613 1656 4686 episcopos
1685 4609 1841 4668 exstitisse.

96 4702 160 4773 psit,
186 4717 253 4762 eum
280 4703 418 4763 iambum
447 4703 534 4763 luisse
559 4715 678 4777 asserat,
704 4707 756 4780 qui
771 4706 883 4779 primus
901 4720 942 4765 so-
994 4704 1103 4775 Valete,
1117 4705 1149 4762 in
1162 4704 1284 4763 Domino
1297 4702 1483 4763 dilectissimi.

828 4977 1027 5048 uuisioni
1049 4977 1119 5046 xil.

164 5144 244 5225 Quae
254 5148 306 5213 esi
322 5144 412 5214 Petri
423 5145 602 5215 Ahaalardi.
615 5182 660 5198 -
674 5145 794 5214 Contra
809 5147 992 5231 quemdam
1011 5147 1215 5213 canonicum
1237 5143 1443 5227 regularem,
1466 5145 1526 5228 qui
1540 5144 1774 5210 monasticum

524 5239 680 5304 ordinem
710 5237 934 5321 deprimebat,
955 5240 990 5303 et
1006 5254 1108 5301 suum
1131 5237 1179 5300 illi
1203 5236 1422 5301 anteferebat.

136 5410 294 5470 llultorum
321 5408 457 5467 relatione
476 5411 513 5469 ad
532 5420 645 5489 nostras
672 5411 799 5495 delatum
821 5419 864 5470 est
891 5423 949 5468 au·.
1000 5416 1043 5490 te
1067 5409 1174 5489 saepius
1211 5408 1243 5467 in
1278 5405 1436 5479 ,praesentia
1470 5406 1629 5466 multorum
1657 5419 1715 5465 non
1739 5404 1852 5462 medio·

101 5513 158 5572 res,
195 5499 285 5560 nostri
322 5498 443 5570 ordinis,
473 5500 569 5561 idest
595 5495 761 5573 monastici,
788 5503 898 5585 statum
928 5511 946 5559 a
1000 5500 1086 5560 criter
1100 5499 1230 5561 lesum:
1255 5490 1334 5572 qdod
1357 5510 1418 5554 non
1444 5496 1503 5554 alia
1529 5495 1566 5557 da
1593 5508 1683 5554 eausa
1706 5491 1851 5565 praesum·
