3804 5962
68 190 137 249 1Πο

532 191 636 249 PETRI
653 191 840 253 innisum
859 196 934 256 OPP.
957 198 1047 260 utus
1063 201 1110 260 lv.
1125 231 1160 247 ·-
1175 201 1344 262 cludine.

176 310 672 458 ἷὲἷέἳιῖἓῗῖεῗηῗιῆῗῗῗτῗῖῗιὲῗωῑε.

215 487 257 547 Sit
269 501 370 562 perpes
384 489 440 549 lieo
452 492 544 564 gloria

473 599 517 657 lx.

426 700 564 749 sensuro.

379 775 428 832 Ab
439 778 617 838 bisintinum.

216 859 352 920 Perleotis
363 864 440 922 licus
457 867 593 926 omnibns

216 932 253 990 lit
268 934 308 1006 (t)
326 935 458 1006 inspectis
472 940 618 1009 operibus,

182 1001 300 1061 Summe
314 1004 409 1063 bonus
423 1017 529 1065 cuncta
541 1025 606 1081 qnae
619 1010 724 1071 lecerat

183 1072 274 1134 Valde
283 1075 360 1134 bona
371 1077 448 1136 videt
462 1086 490 1135 et
504 1082 654 1152 approbat.

217 1180 292 1239 Sunt
311 1183 436 1253 perlecta
448 1186 561 1243 senario

220 1251 332 1309 Cuncta
344 1254 457 1312 dierum
472 1270 605 1326 numero,

184 1321 221 1381 Ut
236 1324 360 1396 perlecto
374 1325 488 1384 dierum
504 1328 581 1398 operi

183 1395 343 1454 Attestetur
355 1401 384 1455 et
397 1396 492 1458 virtus
505 1398 630 1459 numeri.

938 320 963 375 A

1119 324 1234 390 ouievit
1247 326 1294 384 die
1307 325 1426 412 septimo

1115 396 1180 454 Non
1195 396 1319 456 lassatus
1332 413 1363 456 m
1373 398 1490 470 aliqu03
1562 442 1565 451 ,

1080 463 1167 531 Quies
1181 468 1244 538 ipss
1258 468 1335 527 neus
1343 478 1493 554 perpetua,

1080 537 1114 595 ln
1124 552 1183 611 quo
1199 546 1305 598 cuncta
1318 542 1424 612 quiens
1439 539 1566 613 gaudia.

1116 686 1198 743 Diem
1212 699 1281 758 ergo
1291 685 1463 754 sanctificat,

1114 755 1177 824 Quo
1192 757 1330 814 cessando
1345 758 1506 829 quieverat,

1080 825 1115 882 lu
1131 828 1243 885 sabbati
1256 827 1319 885 veri
1333 827 1462 885 misterio

974 921 986 932 ³
1080 897 1226 956 Benedicti
1238 898 1297 957 diei
1308 897 1347 971 (³)
1363 898 1499 969 septimo;

1116 1037 1209 1103 illins,
1230 1039 1364 1121 iuquam,
1375 1037 1498 1102 sabbati,

1116 1107 1197 1174 Quod
1213 1117 1256 1167 est
1268 1122 1404 1183 ignarum
1416 1109 1548 1178 termini,

1082 1176 1143 1244 Quo
1160 1192 1218 1251 pas
1233 1194 1313 1249 vera,
1325 1193 1440 1238 summa
1451 1179 1669 1253 tranquillitas

1081 1251 1170 1323 luges
1181 1249 1242 1323 agit
1257 1250 1396 1310 lestorum
1406 1251 1504 1311 lorias.

1119 1395 1162 1455 Sit
1174 1409 1276 1469 perpes
1290 1396 1345 1456 lieo
1364 1396 1464 1469 gloria.

710 1560 1198 1709 HYRINQURNI.

423 1735 571 1867 alisi.

409 1894 458 1951 tc
470 1897 605 1955 duodeci

184 1980 311 2040 Advenit
324 1982 442 2053 veritas,
453 1986 559 2043 umbra
571 1986 720 2069 praeteriit,

185 2054 251 2111 Post
265 2060 377 2110 noctem
391 2054 508 2112 claritas
521 2057 577 2113 diet
593 2058 692 2126 subiit,

185 2124 228 2180 Ad
243 2132 338 2180 ortum
354 2124 477 2183 rutilant
492 2129 614 2198 superui
630 2129 749 2187 luminis

187 2193 271 2265 Legis
285 2194 416 2253 misteria
429 2196 515 2267 plena
533 2198 675 2271 caliginis.

186 2295 368 2375 Nocturnum
384 2296 422 2370 (1)
438 2298 526 2370 Moysi
542 2301 623 2357 cedat
637 2300 824 2383 preconium,

187 2365 334 2423 Dturnum
348 2370 483 2440 congruit
498 2369 555 2425 diei
570 2378 727 2439 canticum,

188 2433 260 2493 Cum
275 2434 388 2494 Christo
403 2439 547 2508 prodeunt
561 2449 666 2498 cuncta
679 2441 714 2498 de
728 2441 854 2511 latebris,

187 2506 247 2564 Nec
262 2505 356 2564 locum
373 2507 478 2567 deserit
488 2507 540 2567 lux
552 2517 631 2568 tanta
648 2513 782 2570 tenebris.

188 2610 327 2671 Velamen
342 2622 454 2671 exuunt
468 2614 571 2687 ligure
589 2616 724 2688 misticae3

189 2681 241 2739 Est
255 2696 333 2740 mere
348 2685 463 2752 veritas,
476 2685 536 2756 jam
552 2701 610 2743 non
625 2686 655 2744 ln
665 2695 801 2755 scemate;

188 2751 335 2811 Promissa
349 2754 460 2836 liupuldo
474 2757 621 2838 complens
633 2760 799 2829 prophetica

190 2824 260 2882 'l'ota
270 2825 317 2882 vel
326 2838 438 2896 apicem
449 2839 509 2883 uon
524 2827 594 2884 smit
608 2827 700 2886 irrita.

190 2929 345 2987 Transacto
358 2930 445 2987 llebili
462 2931 497 2988 de
510 2939 602 2989 morte
616 2947 743 3016 vespere,

190 2999 263 3057 Cum
276 3001 336 3057 vita
349 3001 480 3060 redditur
493 3015 579 3060 mane
592 3003 714 3074 laetieiae,

190 3070 283 3128 Resnr
306 3072 326 3129 it
340 3072 490 3140 Dominus,
506 3082 646 3144 apparent
659 3073 766 3155 angeli,

190 3085 328 3198 custodes
342 3141 460 3213 lugiunt
474 3143 624 3213 splendore
638 3145 739 3203 territi.

191 3244 362 3303 Sanctorum
373 3245 552 3372 plurimiqui
563 3246 625 3318 jam
640 3247 827 3318 dormierant,

190 3315 341 3397 Surgentis
355 3315 478 3388 goriam
491 3317 634 3388 surgendo
644 3318 812 3389 praedicant.

190 3387 223 3441 ln
239 3387 434 3443 testimonium
444 3388 589 3470 surgentis
600 3388 725 3457 Domini,

116 3508 119 3513 ⁴
190 3454 393 3514 conscendunt
404 3464 522 3527 mortni,
535 3458 712 3517 descendunt
726 3459 832 3531 angeli.

130 5299 141 5353 l

124 5369 142 5419 2

113 5297 142 5511 l,

190 3562 334 3620 Perhenni
345 3562 467 3621 Domino
481 3571 581 3635 perpes
595 3564 632 3622 sit
647 3565 749 3637 gloria,

191 3635 394 3704 Eanosunt,
439 3635 924 3707 rqnemsunt,inquosuntomnia,

189 3704 235 3761 lix
246 3718 306 3775 quo
319 3710 388 3762 sunt
423 3711 484 3763 ater
496 3712 549 3773 est,
563 3719 614 3775 per
629 3720 719 3777 quem
737 3715 806 3765 sunt
824 3709 924 3774 Filius,

189 3775 222 3832 lu
231 3789 290 3848 qno
303 3783 372 3834 sunt
386 3774 480 3833 Patris
493 3783 521 3833 et
536 3775 599 3835 lilii
613 3775 748 3849 Spiritus.

485 3915 535 3973 XL
720 3849 825 3906 Auru.

431 3999 580 4054 ouortntn.

409 4074 458 4131 tc
474 4077 606 4132 Primum.

190 4162 337 4221 Auroram
355 4161 458 4221 luciler
471 4163 563 4233 preit,
578 4162 619 4220 sol
634 4163 779 4237 sequitur.

189 4237 302 4292 Aurora
318 4233 384 4291 lidei
398 4234 451 4290 lux
466 4234 648 4306 intelligitur,

191 4304 285 4369 Quam
303 4318 390 4361 verus
402 4303 506 4361 luciler
519 4305 665 4376 surgendo
679 4304 812 4376 contulit,

189 4375 262 4433 Caro
276 4374 426 4432 bominica
440 4389 508 4432 cum
522 4375 695 4434 refloruerit.

189 4480 241 4538 llic
254 4480 330 4537 idem
341 4478 452 4550 lucifer,
463 4487 496 4538 ut
510 4479 564 4549 sol,
576 4480 731 4550 relulserit,

188 4554 263 4609 cum
278 4550 313 4607 ad
325 4550 465 4622 juditium
476 4564 629 4609 commune
644 4552 765 4622 venerit,

188 4620 279 4694 Cujus
294 4621 343 4678 lux
360 4621 447 4679 luerit
461 4627 542 4679 tauta
555 4621 723 4691 prasentia,

190 4693 226 4751 Ut
239 4692 422 4751 conscientiae
435 4691 594 4763 loquantur
608 4691 742 4763 singulm.

189 4799 273 4856 Nunc
288 4797 326 4871 (5)
341 4796 519 4856 invisibilem
533 4810 621 4869 quom
634 4796 825 4870 intelligimus

187 4868 281 4927 Solem
291 4869 446 4926 annuntiat
461 4867 513 4924 iste
525 4881 612 4939 quem
627 4869 783 4940 cernimus,

187 4941 222 4998 Et
238 4939 414 4999 invisibilem
424 4946 571 4996 auctorem
581 4940 712 4996 omnium

187 5010 300 5071 Laudat
314 5009 437 5069 visibilis
450 5009 568 5068 ellectus
580 5023 710 5082 operum.

186 5117 304 5177 cunctis
321 5115 519 5184 laudantibus,
535 5116 631 5186 bomo,
646 5130 684 5175 ne
697 5123 802 5190 taceas,

186 5189 260 5248 cnm
274 5188 376 5248 laudes
390 5188 514 5246 1)οωίιιο
528 5201 581 5258 pro
592 5189 705 5247 cunctis
719 5189 832 5249 debeas.

170 5296 239 5354 God.
255 5299 383 5368 tempore.

166 5365 374 5494 &xplevimus
386 5363 436 5434 111,
451 5365 531 5439 quod
545 5364 623 5425 deest
638 5365 669 5424 in
683 5363 751 5427 Cod.

227 5474 235 5492 .
248 5435 304 5494 dle.

1080 1738 1197 1810 Urgeris
1206 1737 1330 1809 singulis
1340 1751 1377 1795 ex
1392 1736 1549 1805 benefitiis,

1084 1810 1120 1867 Ut
1133 1817 1229 1881 grates
1243 1808 1381 1867 laudibus
1395 1808 1490 1866 solvas
1501 1809 1674 1866 continuis.

1083 1915 1229 1974 Peruenui
1243 1913 1364 1973 bomine
1377 1928 1478 1986 perpes
1491 1914 1529 1973 sit
1543 1914 1656 1987 gloria.

1374 2013 1431 2069 1111.

1296 2100 1343 2157 Ad
1369 2101 1498 2157 Tertium.

1085 2191 1117 2245 ln
1132 2188 1222 2245 altum
1240 2189 1333 2245 orbita
1348 2189 1415 2245 solis
1424 2190 1484 2260 jam
1499 2186 1638 2255 ducitur,

1084 2260 1226 2331 Calorque
1240 2259 1350 2331 prolicit
1365 2274 1423 2330 ono
1438 2259 1568 2314 tnuudns
1581 2257 1688 2325 alitur,

1085 2332 1150 2387 Lux
1162 2331 1300 2401 primum,
1317 2330 1418 2386 deiude
1425 2329 1505 2386 calor
1520 2329 1704 2396 inlunditnr,

1085 2400 1157 2458 Cum
1172 2401 1255 2457 iidem
1271 2401 1375 2457 caritas
1386 2401 1415 2456 ln
1429 2399 1514 2456 nobis
1527 2399 1680 2470 sequitur.

1085 2506 1167 2562 lianc
1178 2506 1271 2563 lucem
1284 2506 1349 2563 tidei
1364 2505 1404 2562 sol
1417 2519 1504 2563 verus
1516 2503 1630 2568 attulit,

1086 2578 1120 2633 ln
1139 2591 1225 2633 carne
1239 2576 1366 2633 Verbum
1384 2590 1436 2632 nos
1450 2589 1517 2632 cum
1527 2574 1706 2639 visitaverit,

1086 2647 1193 2705 (Icelum
1209 2647 1395 2704 lortisslmum
1411 2647 1519 2703 amoris
1529 2646 1631 2703 attulit

1086 2717 1147 2774 Hac
1159 2718 1230 2775 hora
1244 2717 1369 2789 Spiritus
1382 2730 1468 2789 quem
1483 2716 1611 2773 Verbum
1627 2716 1751 2772 miserit.

1087 2824 1160 2880 llinc
1173 2831 1248 2881 recte
1267 2823 1390 2894 Spiritus
1405 2823 1436 2880 in
1453 2823 1517 2895 igue
1530 2823 1615 2879 visus
1632 2830 1677 2879 est

1054 2918 1058 2927 ·
1087 2894 1178 2964 Super
1190 2896 1348 2964 Apostolos,
1364 2908 1430 2951 cum
1447 2893 1501 2950 hoc
1511 2893 1654 2964 largitum
1668 2898 1727 2958 est;

1086 2964 1159 3021 Nam
1174 2965 1251 3036 ignis
1264 2979 1347 3021 emor
1360 2973 1402 3021 est
1418 2965 1469 3045 qui
1482 2973 1593 3019 mentes
1603 2964 1727 3028 animat,

1088 3035 1123 3092 Ut
1136 3042 1237 3092 testam
1252 3035 1360 3093 luteam
1372 3036 1449 3107 ignis
1462 3034 1646 3092 corroborat.

1088 3139 1232 3198 Perlrenni
1247 3141 1368 3198 Domino
1382 3154 1483 3212 perpes
1493 3139 1532 3198 sit
1548 3140 1654 3212 gloria.

1365 3247 1441 3304 Xlll.

1308 3335 1355 3392 Ad
1370 3336 1493 3392 Sectam.

1086 3423 1175 3482 Plena
1188 3423 1308 3482 meridie
1324 3425 1376 3482 lux
1390 3423 1457 3482 solis
1470 3422 1577 3491 radiat,

1086 3494 1250 3567 Plenusque
1263 3495 1341 3552 calor
1356 3503 1396 3552 est
1411 3509 1470 3566 quo
1482 3496 1617 3553 mundus
1632 3502 1744 3554 aestuat.

1086 3566 1276 3623 beatitudinis
1291 3566 1402 3623 htecest
1413 3564 1559 3636 perlectio,

1086 3635 1159 3694 Cum
1174 3636 1235 3707 ipsa
1247 3636 1297 3694 liei
1312 3650 1364 3692 nos
1379 3635 1511 3694 incendet
1527 3636 1615 3693 visio.

1085 3742 1246 3813 cujusquo
1260 3741 1346 3798 luerit
1361 3741 1455 3813 major
1468 3740 1616 3812 cognicio,

1086 3812 1177 3883 Maior
1188 3813 1218 3869 in
1232 3812 1356 3884 singulis
1364 3813 1418 3870 erit
1432 3812 1560 3881 dilectio,

1086 3882 1178 3947 Quem
1192 3883 1282 3939 nichil
1298 3882 1377 3940 aliud
1388 3883 1520 3939 eritcons
1544 3882 1635 3954 icere,

1085 3952 1177 4021 Quam
1192 3967 1261 4010 vera
1276 3953 1384 4024 perlrui
1404 3953 1512 4009 beatitu
1536 3955 1594 4011 ine.

1086 4058 1191 4115 Felices
1198 4058 1292 4126 oculi,
1313 4059 1396 4116 beata
1410 4059 1523 4117 lumina

1086 4128 1198 4193 Quibus
1212 4144 1379 4186 concessum
1394 4138 1438 4187 est
1456 4129 1512 4187 hac
1523 4101 1583 4188 lrui
1598 4130 1707 4203 gloria.

1086 4199 1182 4270 liujns
1195 4208 1220 4256 te
1232 4201 1378 4271 supplices
1389 4213 1538 4272 mgamus,
1555 4202 1690 4273 Domine,

1086 4271 1159 4328 loca
1178 4270 1222 4326 vel
1235 4271 1337 4328 ultima
1355 4270 1393 4326 da
1406 4270 1489 4327 nobis
1505 4273 1607 4329 curiae.

1084 4374 1230 4435 Perhenni
1243 4376 1365 4434 Domino
1380 4391 1481 4448 perpes
1494 4377 1532 4435 sit
1544 4379 1655 4451 gloria.

1069 4582 1076 4595 ·
1151 4573 1276 4643 Hymnus
1292 4483 1449 4630 drotifftlrxot
1466 4577 1529 4643 post
1545 4574 1659 4644 epulus.

1085 4661 1162 4718 Dens
1176 4661 1229 4742 qni
1244 4674 1365 4733 corpora
1376 4674 1456 4719 creas
1465 4668 1493 4718 et
1507 4661 1640 4730 animas,

1085 4731 1118 4788 Et
1137 4731 1208 4789 cibis
1223 4733 1347 4803 propriis
1357 4741 1482 4803 utraque
1497 4746 1626 4798 recrees,

1083 4801 1146 4859 'libi
1161 4809 1219 4858 tam
1234 4816 1354 4873 corpora
1382 4803 1588 4874 sallautquam
1602 4805 1726 4872 animm,

1085 4871 1155 4929 Esse
1165 4873 1218 4944 qul
1234 4871 1338 4930 tribuis
1349 4817 1405 4930 illlis
1418 4881 1446 4931 et
1459 4873 1569 4932 vivere.

1084 4978 1211 5049 ignosce.
1228 4978 1359 5045 Domine,
1375 4978 1481 5037 uostris
1494 4980 1684 5051 excessibus,

1085 5049 1114 5104 Si
1128 5047 1193 5120 plus
1207 5063 1297 5120 quam
1309 5049 1406 5107 decuit
1420 5048 1497 5120 gulce
1511 5049 1707 5112 indulsimus.

1082 5118 1184 5186 immo,
1200 5119 1339 5190 piissime,
1354 5120 1427 5192 quia
1439 5120 1483 5177 sio
1495 5119 1633 5189 lecimus,

1081 5189 1151 5247 Tem
1166 5190 1219 5247 ltoc
1237 5203 1329 5263 quam
1339 5199 1433 5249 cetera
1447 5191 1593 5261 condona,
1610 5208 1785 5266 quanmns

1062 5295 1104 5356 ct.
1120 5310 1150 5355 v.
1162 5296 1270 5355 cousin
1285 5296 1355 5369 legit
1366 5297 1491 5356 stedidit
1505 5298 1668 5358 doctorum.

1063 5367 1105 5428 cl.
1116 5380 1146 5426 v.
1162 5368 1270 5427 cousin
1283 5368 1374 5428 edidit
1392 5371 1480 5426 Hunc.
