3804 5962
46 267 89 322 tlt
828 261 937 322 EPlS'l.
956 264 1018 325 vlt.
1744 256 1801 318 242

46 394 144 446 sanctae
162 385 346 460 professionis
360 385 465 443 viduas
479 399 568 458 quam
582 385 728 444 studiosus
748 385 891 444 exstiterit
906 388 930 442 Α
945 390 994 444 sti.
1016 387 1043 444 si
1067 387 1103 445 ad
1129 385 1311 460 imperatoris
1332 397 1456 442 uxorem
1482 382 1660 441 concurrerit
1680 380 1800 441 ambitio

47 480 142 550 liquet,
170 486 203 535 ut
223 491 337 534 omnem
366 483 496 547 amputet
521 475 687 534 tentationis
705 475 896 533 occasionem.
952 477 1152 545 salutantium,
1170 491 1223 534 cur
1239 484 1271 532 tu
1290 474 1360 531 facis
1376 473 1516 546 iniuriam
1532 472 1594 529 viro
1610 473 1679 529 tuo?
1693 471 1730 528 ad
1751 471 1802 530 bo-

48 569 109 625 dam
126 567 208 624 enim
225 565 430 637 promisisset:
451 587 461 615 ι
479 565 590 623 Viduas
603 565 722 634 bonore,
740 579 806 636 quae
821 580 897 623 veras
953 568 1039 624 minis
1052 567 1204 638 coniugem
1219 578 1324 635 sponsa
1339 563 1388 620 oei
1403 563 1474 634 quid
1488 560 1650 634 properas?
1671 560 1752 618 oisee
1770 561 1801 619 in

47 658 135 714 udum
151 662 223 712 sunl
238 653 261 726 (l
285 657 354 710 Tim.
378 669 407 721 v,
424 654 493 722 3)‚›
517 653 613 710 statim
633 653 747 724 adjecit,
768 672 783 703 «
798 652 822 707 si
839 664 899 723 (itta
952 659 1008 714 bac
1030 664 1110 728 parte
1138 655 1303 726 superbiam
1334 659 1473 710 sanctam.
1503 651 1577 708 Scito
1605 658 1632 707 te
1660 663 1722 707 esse
1746 648 1803 708 lllls

48 754 136 804 anmm
151 744 246 801 vidua
266 743 339 800 filios
354 750 405 799 aut
419 749 535 813 nepotes
555 742 651 810 babet,
667 742 758 798 discat
773 740 899 811 primum
953 747 1109 804 meliorent.
1136 766 1151 795 s
1175 743 1228 811 Qui
1253 743 1340 800 otiam
1367 742 1403 798 ad
1428 740 1572 813 virginem
1596 741 1653 796 Deo
1676 739 1802 798 dicatam

48 837 162 893 domum
177 848 262 890 suam
278 846 387 904 regere,
403 839 431 888 ci
445 839 579 889 mutuam
593 831 686 888 vicem
712 831 830 887 reddere
846 843 899 901 ita-
952 836 1080 893 scribens
1094 835 1129 891 de
1147 833 1319 890 consecratis
1343 833 1401 888 Deo
1424 828 1598 902 virginibus,
1614 837 1755 901 quantam
1770 827 1803 886 in

50 924 177 982 ontibus
189 922 284 994 (ibis,
299 923 341 993 4).
360 942 370 970 ι
397 922 430 977 Ει
444 929 507 993 post
523 921 646 991 aliqua:
667 942 677 970 ι
695 919 812 991 Siquis,
830 940 841 967 ν
860 917 900 973 in·
953 925 1024 982 coelo
1050 923 1266 986 beatitudiuem,
1286 930 1314 979 et
1338 922 1368 977 in
1390 927 1467 977 terra
1490 918 1655 990 possideant
1679 916 1804 991 dignita·

49 1014 111 1086 quit,
130 1035 143 1062 ι
161 1024 295 1078 sucrum,
309 1018 336 1067 ει
351 1009 477 1066 manime
490 1008 710 1066 domesticorum
723 1021 824 1065 curam
837 1021 896 1062 non
954 1023 1020 1082 totu,
1036 1014 1074 1069 ita
1089 1026 1226 1078 exorsus,
1238 1011 1278 1066 ait
1297 1009 1389 1081 (epist.
1413 1008 1457 1078 fi)
1473 1023 1480 1064 :
1496 1029 1510 1059 κ
1525 1007 1670 1074 Quantam
1690 1007 1721 1064 in
1742 1021 1800 1065 cos·

51 1101 139 1169 hoel,
166 1100 252 1156 fidem
277 1097 403 1170 negarit,
421 1104 448 1154 01
470 1104 512 1153 est
534 1096 640 1152 infideli
656 1095 897 1168 {deterserimus
953 1104 1073 1161 festibus
1102 1100 1308 1159 beatitudinem
1334 1098 1488 1170 virginitas
1515 1103 1616 1154 sancta
1646 1095 1800 1167 possideat,

53 1192 83 1260 ti.
99 1210 114 1240 >t
131 1191 166 1244 ¹¹1
187 1188 297 1259 quibus
315 1186 433 1257 quidem
448 1185 544 1242 verbis
561 1185 647 1241 Simul
672 1193 699 1241 θῑ
714 1184 818 1241 dehilae
835 1198 899 1254 oro·
953 1200 1056 1264 praeter
1070 1191 1284 1262 scripturarum
1300 1186 1463 1246 testimonia
1479 1186 1613 1243 Ecclesiae
1631 1184 1717 1242 etiam
1732 1197 1802 1243 con·

53 1279 119 1334 ridet
144 1275 323 1333 humanitati
345 1284 374 1332 el
397 1275 550 1345 proposilio
571 1274 713 1346 religioni.
736 1275 775 1329 No
795 1273 899 1329 Videii·
953 1281 1105 1339 suetudine
1141 1279 1308 1344 edocemur,
1348 1290 1406 1348 qua
1440 1276 1618 1332 addiscimus
1655 1272 1801 1346 peculiare

53 1375 88 1425 αἱ
101 1367 156 1423 ⁵¹1¹)
169 1365 292 1422 0b10¹1²l¹
310 1363 458 1435 leiisiffllis
472 1363 586 1433 llfflllli
601 1362 772 1420 desolantur
788 1361 897 1432 inopes,
952 1372 1009 1429 illis
1050 1369 1205 1426 subsistere
1240 1368 1386 1434 meritum,
1428 1377 1555 1436 quarum
1590 1361 1728 1433 spiritalis
1760 1370 1805 1421 est

54 1466 77 1514 et
95 1455 223 1513 carnalis
241 1453 400 1524 compassio
431 1466 501 1524 erga
526 1452 684 1524 indigentes
705 1458 838 1507 sobolum
859 1451 900 1506 Vi·
953 1460 1138 1518 eeuseepatio,
1181 1458 1254 1516 Nam
1298 1471 1365 1513 eum
1405 1467 1592 1525 unaquaeque
1617 1452 1705 1509 turha
1736 1465 1802 1510 epe.

55 1547 110 1602 (ΜΞ
127 1545 276 1616 perturbet
296 1542 484 1613 oi⁰o⁰sill¹m2
500 1548 528 1599 θῑ
548 1549 623 1599 reim
643 1541 784 1613 respicere
804 1544 897 1612 wool,
953 1551 1083 1608 dentium
1115 1547 1197 1619 paria
1221 1546 1320 1618 gratiae
1342 1544 1418 1600 dona
1446 1540 1615 1614 percipiant,
1641 1549 1669 1598 et
1689 1540 1802 1599 hisdem

54 1643 75 1691 ⁰¹
94 1645 307 1704 ssssssssssssflflaffl
332 1632 419 1687 eliam
440 1644 534 1701 us(luo
557 1630 594 1686 ad
618 1631 768 1702 sacrilegia
792 1631 896 1698 [rohob
953 1653 1053 1695 omnes
1075 1642 1320 1693 sacramentorum
1356 1631 1605 1690 benedictionibus
1630 1629 1802 1702 glorientur,

54 1730 76 1778 et
87 1722 197 1793 aliquid
213 1721 276 1777 suis
301 1719 438 1792 porrigat,
455 1720 533 1790 quod
558 1720 592 1776 de
616 1719 762 1776 communi
780 1718 898 1775 defrau-
955 1729 1014 1786 iste
1038 1726 1188 1798 proprium
1222 1722 1332 1796 aliquid
1361 1736 1420 1794 prae
1449 1721 1559 1778 oaemris
1585 1719 1703 1788 habent,
1730 1718 1801 1776 (lum

55 1812 102 1868 det.
137 1809 222 1868 Ussde
252 1809 446 1865 necessarium
474 1814 551 1879 patet
576 1808 738 1874 milium,
770 1815 803 1864 ul
832 1821 898 1878 quae
954 1818 988 1875 de
1008 1817 1057 1874 illo
1079 1823 1178 1873 sancto
1200 1821 1228 1872 ει
1243 1813 1427 1870 immaculato
1451 1809 1585 1868 Ecclesia
1607 1822 1693 1880 grege
1716 1806 1801 1879 quasi

55 1899 268 1956 ome-‘iimmot
298 1911 370 1954 ⁰⁰1⁸&
401 1904 470 1954 ⁵¹¹¹st
491 1897 652 1968 implicito,
682 1905 838 1969 autequam
862 1895 897 1952 ad
954 1907 1109 1965 sanctiores
1137 1904 1327 1975 purioresque
1354 1902 1453 1959 bostis
1481 1914 1532 1971 pro
1559 1897 1716 1955 voluntatis
1740 1910 1802 1954 sum

55 2003 142 2045 reram
179 1987 350 2044 viduitatem
376 1995 558 2044 transeuntes
592 1987 699 2043 divinis
724 2000 753 2044 sc
785 1985 899 2056 penitus
953 1995 1062 2053 meritis
1086 2008 1103 2049 a
1125 1992 1233 2063 Spiritu
1256 1998 1354 2048 sancto
1369 1997 1396 2047 et
1420 1989 1578 2060 eliguntur,
1603 1995 1631 2044 et
1653 1999 1705 2058 per
1720 2000 1801 2043 tum.

56 2077 194 2149 obsequiis
218 2077 393 2147 mancipent,
420 2077 495 2133 bano
523 2077 615 2133 vicem
648 2077 708 2134 suis
730 2075 899 2147 parentibus
953 2097 1034 2139 muru
1063 2079 1238 2136 sacerdotem
1272 2077 1322 2134 llei
1350 2076 1515 2133 ofiernntur
1543 2073 1654 2131 altario.
1685 2093 1699 2123 o
1729 2073 1801 2131 item

55 2167 179 2233 reddant,
195 2172 228 2222 ut
243 2165 318 2221 sicut
333 2179 432 2222 eorum
449 2178 520 2221 cura
535 2164 653 2222 fuerunt
674 2165 812 2232 educata,
830 2164 898 2235 ipsa
953 2173 1045 2245 (ibid.)
1073 2187 1080 2227 ;
1118 2189 1133 2222 c
1161 2167 1285 2225 Possidet
1312 2181 1380 2238 ergo
1409 2164 1561 2237 virginitas
1583 2173 1611 2221 et
1637 2162 1715 2235 quod
1752 2160 1801 2218 alii

54 2270 163 2326 quoqne
191 2253 394 2325 9⁰⁵10ii³⁸¹1¹⁸
416 2254 516 2310 0²³0OE
545 2253 607 2326 ¹080
638 2253 819 2324 provideant.
843 2250 898 2319 Qui
953 2278 1010 2321 non
1027 2260 1145 2325 babent,
1161 2258 1231 2315 dum
1256 2265 1283 2314 et
1298 2254 1471 2327 peculiarem
1487 2254 1596 2311 obtinet
1619 2251 1753 2325 gratiam,
1772 2257 1802 2308 et

53 2345 133 2400 elim
155 2342 314 2399 viduarum
338 2342 507 2415 selisifflleffl
529 2357 701 2410 exaltemus,
724 2356 772 2399 0³8
788 2343 895 2398 instare
952 2352 1069 2425 proprio
1083 2358 1116 2407 ut
1130 2349 1170 2405 ita
1185 2347 1309 2404 dixerim
1323 2343 1546 2402 consecrationis
1561 2341 1710 2413 privilegio
1724 2352 1801 2413 gan-

56 2432 182 2505 precipit
193 2430 441 2488 obsecrationibus
456 2437 483 2486 et
497 2430 677 2487 orationibus
697 2437 778 2486 nocte
791 2437 818 2485 et
839 2428 894 2485 die.
952 2443 1007 2499 (iot.
1029 2439 1183 2511 Virgiuum
1206 2436 1315 2509 quippe
1335 2433 1577 2491 consecrationem
1594 2430 1649 2488 nisi
1673 2427 1801 2501 periculo

53 2521 86 2577 oe
100 2534 228 2591 quarum
243 2520 330 2576 etiam
343 2519 604 2575 necessitudinibus
619 2518 775 2574 admodum
794 2515 897 2573 sollici·
952 2531 1053 2588 morus
1066 2534 1189 2600 uigente
1203 2524 1341 2582 celebrari
1352 2523 1408 2580 aiio
1419 2530 1547 2593 temporo
1560 2536 1618 2578 non
1633 2521 1697 2577 iioot
1711 2531 1801 2591 qoam

52 2615 111 2664 ¹⁰⁵²
127 2630 137 2658 ι
154 2606 185 2664 Si
199 2607 267 2679 quis
275 2607 377 2674 fidelis·
393 2626 406 2660 ι
420 2608 524 2678 inquit,
538 2630 551 2658 tt
566 2607 652 2664 babet
662 2608 776 2673 Viduas,
789 2605 896 2662 submi·
953 2621 982 2676 iu
1005 2616 1169 2689 Epiphania
1192 2622 1220 2672 et
1242 2613 1319 2669 Albis
1347 2612 1542 2683 paschalibus,
1567 2618 1595 2667 et
1614 2610 1644 2666 in
1666 2609 1794 2682 apostolo

51 2697 144 2754 nistret
164 2696 231 2763 illis,
256 2703 285 2752 01
300 2710 358 2753 ¹1⁰⁰
380 2706 521 2768 gravetur
540 2697 676 2766 Ecclesia,
700 2704 733 2753 nt
763 2697 807 2751 his
831 2709 897 2766 qum
952 2721 1017 2764 rum
1042 2703 1189 2761 natalitiis.
1206 2702 1264 2760 Nec
1287 2702 1343 2758 nisi
1366 2715 1515 2758 asummo
1535 2698 1691 2769 sacerdote,
1715 2698 1800 2757 idest

49 2799 119 2843 '0¹¹ae
133 2784 231 2842 Vidssae
250 2792 319 2841 ⁵¹¹¹st
342 2784 466 2841 sufficiat
487 2786 577 2854 (tosa,
596 2787 681 2857 16)-.·
699 2787 740 2842 Αθ
761 2784 783 2841 Si
800 2791 897 2854 ooerlss
951 2796 1094 2867 episcopo,
1115 2801 1174 2850 tam
1196 2792 1271 2863 ipsas
1293 2805 1381 2863 quam
1395 2790 1524 2860 ipsarum
1539 2788 1629 2846 sacris
1656 2786 1800 2860 capitibus

50 2875 142 2930 ‘¹5⁰⁸st
167 2873 197 2930 Si
212 2887 273 2944 ‘1¹1³
292 2879 334 2930 0⁸⁸
348 2874 448 2942 Vidua,
472 2889 539 2946 quae
557 2874 625 2931 tales
641 2875 745 2930 hibssal
760 2874 894 2929 domesti-
949 2884 1124 2957 imponenda
1139 2882 1284 2941 velamina
1298 2880 1481 2938 sanctificari.
1499 2901 1510 2928 ι
1528 2876 1676 2936 llonacbis
1688 2883 1799 2945 autem,

49 2978 100 3030 ωδ,
126 2964 179 3034 qui
203 2964 230 3019 01
250 2962 412 3019 ssfloessffla
432 2963 466 3019 ‘¹0
489 2962 677 3020 facultalibus
696 2963 757 3019 ⁸⁰1⁸
781 2963 898 3019 Valeant
914 2957 935 3015 G
952 2973 1087 3047 quamvis
1108 2972 1238 3043 ejusdem
1258 2969 1315 3028 sint
1337 2969 1530 3043 professionis,
1554 2967 1600 3025 vei
1627 2966 1747 3036 ordinis,
1772 2973 1801 3024 et

50 3059 220 3125 ministare,
238 3057 291 3127 iosi
315 3071 402 3145 super
425 3058 479 3115 l1⁰⁰
492 3056 517 3115 ei
535 3059 714 3129 provideant,
731 3066 763 3115 ut
787 3059 897 3114 raeteris
952 3063 1093 3136 dignioris
1115 3076 1213 3130 sexus,
1233 3060 1344 3119 etiamsi
1367 3061 1425 3117 sint
1443 3058 1582 3130 virgines,
1596 3055 1733 3129 'qualibet
1753 3056 1799 3114 die

49 3147 242 3204 sustentandis
255 3141 365 3217 publici
389 3154 523 3217 sumptus
537 3147 671 3204 Ecclesiae
691 3147 799 3218 possint
818 3146 897 3203 suffl-
951 3150 1176 3210 benedictionem
1204 3156 1232 3208 et
1261 3149 1298 3206 ab
1330 3148 1433 3206 abbate
1462 3147 1607 3217 suscipere
1642 3152 1702 3204 tam
1730 3143 1800 3219 ipsis

49 3251 116 3294 tere·
140 3237 214 3302 ouae
244 3236 363 3308 quidem
396 3236 536 3293 sententia
561 3244 691 3307 patenter
715 3237 849 3303 ostendit,
874 3235 897 3292 si
952 3255 1040 3314 quam
1074 3238 1199 3310 propriis
1221 3252 1321 3295 eorum
1339 3235 1527 3304 indumentis,
1550 3234 1580 3292 id
1598 3241 1641 3292 est
1666 3233 1800 3302 cucullis,

48 3325 96 3396 qui
105 3339 180 3399 erga
198 3325 368 3396 hujusmodi
388 3325 492 3383 viduas
515 3340 583 3382 snas
601 3325 737 3382 obstinati
756 3332 834 3392 suut,
850 3338 898 3380 eos

49 3415 79 3471 ad
98 3416 154 3472 boc
182 3414 314 3471 debitum
338 3428 375 3470 ex
391 3415 544 3485 apostolica
559 3415 729 3472 auctoritate
751 3415 898 3471 constrin-

48 3504 151 3574 gendos
175 3517 249 3559 esse.
271 3502 326 3569 Qui
350 3517 408 3560 nou
435 3504 527 3561 solutu
555 3518 655 3562 earum
680 3502 896 3571 necessitudini,

48 3595 252 3650 verumetiam
269 3591 425 3662 providens
439 3593 541 3649 honori
563 3610 569 3648 :
586 3613 601 3645 ι
616 3594 738 3662 Viduas,
756 3614 766 3642 ι
790 3592 896 3663 iuquit,

50 3702 59 3730 ·
76 3683 201 3749 bonora,
217 3696 284 3752 quas
298 3695 375 3738 verm
390 3681 485 3739 vidua
498 3691 576 3740 suut.
597 3704 608 3733 ι
631 3683 713 3739 Tales
733 3681 796 3740 illus
811 3682 898 3738 fuisse

48 3772 202 3838 credimus,
225 3784 353 3843 quarum
388 3771 506 3828 alteram
535 3773 595 3844 ipse
622 3781 754 3839 matrem,
778 3772 897 3829 alteram

48 3859 173 3917 ioannes
194 3860 373 3932 evangelista
396 3861 551 3930 dominam,
568 3876 604 3918 ex
619 3869 726 3918 sauctae
751 3860 899 3932 professio·

47 3951 89 4006 nis
105 3951 271 4007 reverentia
282 3957 366 4006 vocat
382 3965 388 4005 :
404 3968 418 4002 r
441 3949 580 4019 Salutate,
598 3972 608 4000 ι
630 3951 725 4022 inquit
740 3949 848 4006 Paulus
862 3949 897 4007 ad

48 4039 192 4096 liomanos
206 4039 345 4109 scribens,
363 4038 499 4097 «Rufum
522 4040 645 4098 electum
671 4041 699 4096 iu
723 4040 856 4106 Domino,
871 4047 898 4096 ct

48 4137 169 4185 matrem
192 4129 268 4200 eius,
290 4136 317 4185 ει
342 4142 438 4186 meam
464 4131 551 4202 (item.
578 4145 637 4199 xvi,
667 4131 722 4200 lo).
741 4150 752 4181 ι
774 4131 898 4186 loannes

48 4231 114 4274 rero
128 4218 160 4274 in
182 4217 309 4275 secunda
328 4231 418 4289 quam
443 4219 542 4277 scribit
556 4220 682 4291 Epistola
698 4234 705 4274 :
722 4240 733 4270 ι
756 4219 866 4287 Senior,
881 4239 896 4270 ε

953 3329 1125 3402 permissum
1144 3335 1196 3385 εει.
1214 3327 1395 3398 presbyteros
1418 3332 1575 3398 quoquest
1589 3332 1707 3382 caeteros
1727 3323 1799 3382 infe·
1892 3352 1895 3357 ·

952 3419 1037 3478 rioris
1059 3418 1168 3490 gradus
1190 3416 1308 3473 clericos
1340 3429 1450 3487 semper
1473 3415 1504 3471 in
1525 3414 1644 3487 iejuniis
1670 3414 1800 3482 ouatucr

952 3511 1136 3579 reciperunt,
1158 3513 1186 3563 et
1201 3506 1347 3577 episcopos
1362 3504 1442 3561 omui
1457 3504 1503 3561 die
1524 3504 1674 3561 Dominico
1688 3509 1800 3561 constat

952 3596 1080 3655 ordinari
1095 3611 1186 3667 posse.
1210 3595 1364 3668 virginum
1380 3602 1477 3652 autem
1498 3595 1674 3651 consecratio
1689 3600 1800 3667 quanto

953 3686 1114 3758 pretiosior,
1128 3693 1207 3742 tauto
1226 3686 1328 3753 rarior,
1350 3684 1563 3756 praecipuarum
1579 3683 1799 3742 exsultationem

953 3775 1167 3833 solemnitatum
1198 3774 1251 3831 sibi
1273 3773 1441 3831 vindicavit.
1466 3774 1506 3829 oe
1533 3787 1659 3845 quarum
1693 3772 1800 3830 virtute

953 3864 1077 3922 mirabili
1094 3863 1230 3920 universa
1244 3863 1370 3934 amplius
1390 3862 1552 3934 congaudet
1571 3862 1708 3929 Ecclesia,
1724 3863 1800 3919 sicut
1819 3853 1823 3860 ’

952 3963 979 4012 ει
1002 3953 1151 4011 Psalmista
1175 3952 1359 4024 praedixerat,
1375 3951 1420 4007 liis
1435 3949 1553 4007 verbis:
1572 3971 1587 4000 «
1607 3949 1799 4010 deducentur

953 4047 1014 4116 regi
1038 4044 1165 4116 virgines
1187 4048 1250 4113 post
1273 4055 1337 4098 eam
1356 4041 1440 4112 (Psoi.
1464 4054 1540 4107 uuir,
1566 4040 1650 4107 lot·
1675 4039 1712 4096 Et
1734 4053 1799 4097 rnr-

952 4150 1038 4192 sum:
1057 4155 1071 4186 κ
1087 4132 1252 4191 offerentur
1266 4130 1297 4187 iu
1320 4131 1418 4188 laetitia
1436 4136 1463 4186 et
1484 4127 1686 4198 exsultatione,
1704 4127 1798 4186 addu-

951 4231 1056 4281 centur
1084 4222 1112 4278 iu
1139 4221 1277 4292 templum
1299 4221 1375 4293 regis
1394 4219 1488 4291 (isia,
1516 4218 1572 4291 fo).
1597 4240 1612 4271 s
1634 4218 1726 4287 Quam
1747 4217 1798 4291 [ol.

50 4306 155 4379 inquit,
188 4328 202 4355 a
226 4305 322 4364 electae
345 4307 479 4373 domiuae,
502 4316 529 4366 et
554 4310 630 4366 uatis
657 4309 721 4380 eius
745 4310 785 4379 ill
810 4310 1192 4385 Jocu.1louarum]etiam
1217 4309 1457 4368 consecrationem
1480 4310 1633 4369 llattbaeus
1654 4309 1800 4381 apostolus

51 4409 68 4461 ι,
86 4399 110 4463 f,
127 4403 213 4452 »etc
229 4395 255 4452 Α
274 4409 333 4467 qua
351 4397 437 4453 etiarn
462 4412 492 4455 se
506 4398 585 4470 diligi
610 4397 757 4470 postulans
776 4398 897 4454 inferius

51 4484 206 4554 adiunxit:
223 4503 238 4535 ι
257 4485 291 4540 Ει
310 4498 390 4542 nunc
412 4500 481 4558 rogo
501 4494 528 4544 te
547 4487 673 4555 domina,
689 4492 723 4544 ut
743 4486 898 4559 diligamus

52 4572 223 4630 alterutrum
243 4572 336 4644 (itm,
355 4573 393 4645 5).
418 4577 540 4648 »cuius
558 4590 675 4648 quoque
691 4576 782 4633 fretus
801 4582 898 4632 aucto

53 4663 131 4719 ritate
148 4661 350 4734 Hieronymus,
375 4662 534 4731 adivestrae
550 4665 734 4736 professionis
752 4665 897 4738 virginem

52 4749 239 4808 Bustcebium
263 4751 403 4820 scribens,
418 4767 480 4810 cam
505 4754 650 4825 appellare
665 4755 812 4811 dominam
839 4768 897 4811 non

52 4838 183 4896 erubuit:
202 4837 261 4896 imo
282 4853 335 4895 cnr
359 4840 445 4898 etiam
470 4840 613 4910 debuerit,
630 4843 727 4899 statim
752 4844 895 4915 apposuit,

52 4925 145 4984 dicens
160 4926 254 4999 (epist.
275 4927 322 5000 ιι)
339 4943 377 4984 :e
404 4931 464 4987 Hoc
487 4931 594 4989 idcirco
615 4932 731 4989 domina
756 4946 820 4989 mea
838 4934 898 4989 En-

51 5017 201 5085 stcebinm,
224 5017 369 5075 dominam
396 5020 502 5091 quippe
523 5021 610 5078 debeo
633 5035 737 5078 vocare
762 5037 897 5093 sponsam

52 5104 161 5162 oomini
186 5106 319 5173 nostri»
341 5115 395 5165 etc.
421 5107 474 5175 Qui
494 5110 579 5167 etiam
605 5110 786 5180 postmodum
810 5111 838 5167 in
854 5126 899 5168 ea·

52 5193 110 5251 dem
135 5193 257 5266 epistola
291 5196 382 5268 buius
404 5197 494 5254 sancti
519 5198 656 5269 propositi
678 5201 898 5271 prerogativam

52 5284 125 5340 omni
152 5291 276 5340 orreum
299 5282 442 5342 felicitatis
466 5285 564 5358 glorian
591 5301 798 5358 superponens,
828 5290 897 5346 ait:

53 5372 148 5429 «ifolo
169 5371 278 5429 babeas
299 5376 444 5432 consortia
470 5376 529 5450 iat,
547 5377 735 5449 consortium]
756 5385 901 5435 matrona

53 5473 124 5532 rmn,
157 5462 226 5519 nolo
247 5461 283 5519 ad
307 5462 449 5521 nobilium
470 5466 590 5522 accedas
617 5465 726 5535 domos,
757 5467 823 5525 nolo
849 5469 902 5527 fre-

54 5559 170 5622 quenter
191 5549 303 5620 videm,
320 5552 400 5624 quod
418 5562 614 5626 contemnens,
628 5555 713 5629 virgo
728 5569 790 5616 esse
805 5558 900 5617 volui·

952 4401 1081 4459 simulet
1104 4400 1282 4473 evangelista
1305 4397 1498 4470 composuisse
1511 4398 1558 4456 vel
1573 4398 1694 4456 dictasse
1715 4399 1800 4456 refer·

952 4500 1010 4559 tur,
1033 4491 1108 4547 sicut
1129 4490 1159 4547 in
1183 4489 1247 4561 eins
1267 4490 1400 4561 passione
1423 4488 1538 4561 legitur,
1555 4488 1606 4545 nbi
1626 4495 1655 4544 et
1677 4489 1735 4559 ipse
1748 4501 1800 4559 pro

951 4593 1053 4638 earum
1072 4579 1284 4636 consecratione
1306 4580 1352 4636 vel
1375 4578 1527 4652 virginalis
1549 4576 1686 4651 propositi
1706 4574 1801 4633 defen·

952 4670 1030 4727 sione
1060 4675 1170 4740 martyr
1188 4668 1358 4725 occubuisse
1382 4674 1567 4725 memoratur.
1592 4665 1708 4723 Nullam
1731 4677 1798 4721 vero

952 4758 1178 4816 benedictionem
1195 4757 1238 4813 vel
1254 4757 1422 4814 clericorum
1438 4758 1482 4815 vei
1504 4756 1711 4814 monachornm
1727 4766 1801 4826 apo-

952 4847 1015 4905 stoli
1039 4847 1123 4903 uobis
1146 4846 1280 4917 scriptam
1312 4845 1504 4917 reliquerunt.
1526 4845 1655 4913 Quarum
1682 4856 1801 4915 quoque

952 4936 1053 5008 religio
1072 4936 1131 4992 sola
1148 4951 1184 4993 ex
1208 4936 1323 4992 nomine
1338 4935 1497 4993 sanctitatis
1511 4942 1554 4992 est
1568 4933 1716 5007 insignita,
1732 4945 1799 4989 cum

953 5026 1022 5098 ipsae
1037 5040 1054 5082 a
1068 5025 1268 5094 sanctimonia,
1286 5026 1313 5081 id
1332 5033 1374 5081 εει
1392 5024 1553 5090 sanctitate,
1570 5020 1802 5080 sanctimoniales

953 5123 1021 5172 sunt
1051 5114 1144 5172 dicta.
1169 5115 1278 5186 Quippe
1302 5129 1360 5187 quo
1388 5113 1531 5170 infirmior
1558 5119 1601 5170 εει
1626 5110 1801 5170 feminarum

954 5219 1051 5271 mxus,
1076 5205 1184 5275 gratior
1206 5211 1249 5261 est
1271 5206 1329 5261 Deo
1345 5212 1433 5276 atque
1455 5201 1606 5274 perfectior
1625 5215 1726 5260 earum
1740 5198 1801 5257 rir-

954 5300 1011 5362 tus,
1024 5292 1109 5363 juxta
1131 5293 1221 5363 ipsius
1242 5308 1359 5364 quoque
1382 5291 1493 5350 Domini
1519 5291 1803 5366 testimoniumque

955 5382 1150 5438 infirmitatem
1171 5382 1297 5451 Apostoli
1317 5382 1352 5437 ad
1369 5381 1533 5439 certaminis
1547 5394 1682 5438 coronam
1696 5381 1803 5442 cubor-

956 5472 1107 5539 tensuit:
1126 5493 1140 5522 α
1155 5469 1267 5527 Sufficit
1288 5469 1338 5527 tibi
1363 5469 1457 5542 gratia
1474 5484 1548 5528 mea.
1573 5468 1647 5526 Nam
1661 5469 1761 5537 virtut
1773 5471 1806 5533 iu

953 5560 1121 5619 infirmitate
1144 5558 1292 5633 perficitur
1319 5556 1359 5630 (ff
1383 5558 1442 5615 cor.
1464 5573 1514 5630 xu,
1538 5559 1575 5630 o).
1603 5578 1617 5606 o
1639 5555 1696 5625 oni
1717 5573 1810 5639 ouem
