3736 5962
96 119 143 172 let
555 100 654 161 PETRI
674 102 860 159 ate-atatim
880 103 955 157 oet).
977 99 1066 155 Patre
1087 98 1108 151 l.
1128 129 1162 137 ·-
1182 97 1367 155 Ettlstotffi.
1796 96 1845 148 ld8

95 238 205 311 pliuata
236 240 319 302 esset,
354 231 426 288 nulli
457 235 539 287 erant
567 224 717 285 bominum
745 224 782 281 ad
810 226 1106 296 quorumarem,et
1134 221 1244 292 priores
1270 220 1415 277 molestias
1438 219 1522 291 quasi
1550 219 1610 290 jam
1637 215 1734 275 nullas
1760 228 1845 288 repu-

92 326 250 398 oonlugere
275 336 386 393 possem
404 318 592 391 adjutorium,
612 330 680 373 cum
699 329 717 371 a
736 314 864 371 moribus
882 328 941 370 om·
995 319 1070 381 tans,
1086 311 1188 367 crebro
1213 311 1290 381 apud
1307 324 1350 366 me
1368 308 1560 380 ingemiscens
1583 307 1739 364 dicebam:
1759 329 1774 357 «
1792 308 1846 363 lle·

93 416 176 473 nium
200 413 307 485 pariter
329 409 505 467 dissiderem.
528 406 608 463 Foris
629 419 675 461 me
689 411 832 475 tyrannus
848 402 895 460 ille
913 409 940 459 et
996 400 1051 457 rito
1076 401 1136 457 baec
1163 399 1266 470 patior,
1287 398 1339 470 qui
1364 397 1555 464 Paracletum,
1573 395 1600 452 id
1627 403 1669 453 est
1688 394 1846 452 consolato

92 504 229 562 satellites
248 501 292 559 sui
317 499 432 556 assidue
453 493 667 568 opprimebant,
688 494 766 550 intus
793 492 861 548 mibi
886 492 941 548 ira·
995 503 1069 559 rom,
1093 488 1228 546 deserens
1247 488 1277 544 in
1302 486 1506 544 desolationem
1529 493 1636 543 certam
1663 498 1707 541 mc
1728 483 1843 551 intrusi,

94 601 152 651 tres
169 593 344 649 incessanter
367 587 590 651 insidiabantur,
612 592 646 640 ut
672 583 743 638 illud
765 581 890 652 Apostoli
910 581 940 638 in
995 586 1022 636 et
1047 578 1140 635 minas
1164 579 1273 635 evitare
1297 577 1417 647 cupiens
1441 576 1478 633 ad
1497 582 1575 632 certa
1600 573 1717 646 coniugi
1734 573 1846 643 pericu·

93 697 139 742 me
160 679 323 753 specialiter
336 677 445 734 dictum
465 688 510 732 res
532 673 592 744 ipsa
605 670 874 741 indicaret,·loris
887 683 940 740 pu·
995 668 1032 725 la.
1059 688 1074 716 o
1100 666 1175 724 lllud
1200 673 1296 724 autem
1320 667 1482 738 plurimum
1508 679 1554 722 me
1585 663 1734 720 cruciabat
1755 661 1844 732 quod,

92 783 167 841 gnae,
197 768 276 823 intus
305 765 420 820 timores
439 763 474 829 (ll
501 761 561 817 cor.
583 773 634 826 vu,
663 760 699 827 5).
732 779 743 806 ι
774 756 941 814 Considera·
995 756 1120 813 oratorio
1145 764 1243 812 nostro
1267 755 1394 820 dimisso,
1415 752 1449 810 de
1479 752 1569 810 divini
1596 751 1786 808 celebratione
1804 749 1846 806 ol·

92 858 168 925 bam,
183 864 212 913 et
227 854 400 926 plangebam
423 864 512 922 quam
537 848 669 905 inutilem
692 855 721 904 et
745 847 882 903 miseram
899 844 941 900 vi·
997 842 1054 900 Dcii
1069 844 1109 900 ita
1133 852 1166 900 ut
1189 850 1331 914 oporteret
1355 843 1507 914 providere
1529 856 1588 898 non
1611 847 1845 912 poteram3quo-

94 955 152 1004 tarn
170 946 316 1011 ducerem,
331 950 360 999 et
382 954 470 1012 quam
495 938 672 995 infructuose
692 944 750 993 tam
765 935 941 1005 mihiquem
994 933 1074 989 niam
1090 934 1144 989 loci
1159 933 1250 989 nimia
1270 941 1426 1004 paupertas
1440 931 1491 987 vix
1511 930 1600 989 unius
1612 928 1736 987 bominis
1750 943 1845 986 neces·

93 1036 159 1093 aliis
178 1035 318 1096 viverem.
344 1038 374 1087 et
397 1036 542 1101 quantum
564 1034 648 1083 antea
670 1024 782 1083 clericis
810 1023 943 1094 prolecis
996 1021 1115 1079 situdini
1137 1022 1290 1078 sufficeret.
1317 1021 1370 1078 Sed
1392 1021 1451 1094 ipsc
1476 1034 1593 1091 quoquo
1616 1033 1704 1077 verus
1719 1018 1847 1075 Paracle

93 1139 165 1192 sem,
180 1131 208 1181 et
225 1121 303 1194 quod
323 1134 404 1177 nnnc
428 1118 471 1175 eis
496 1123 610 1187 propter
635 1115 791 1172 monachos
805 1113 940 1180 dimissis,
997 1119 1044 1167 tus
1062 1110 1133 1167 mibi
1157 1110 1285 1167 maxime
1300 1124 1387 1181 super
1408 1110 1461 1166 boc
1484 1109 1610 1167 desolato
1635 1122 1734 1165 veram
1750 1107 1848 1165 attulit

94 1229 146 1271 neo
162 1213 192 1269 in
215 1210 295 1282 ipsis,
310 1223 364 1266 nec
388 1208 418 1264 in
439 1205 588 1263 monacbis
602 1204 729 1276 aliquem
745 1203 872 1260 lructum
892 1203 942 1259 ba·
996 1198 1229 1264 consolationem,
1260 1208 1288 1256 et
1315 1199 1430 1270 proprio
1461 1207 1546 1270 prout
1575 1199 1705 1256 debebat·
1722 1196 1847 1268 providit

93 1304 201 1371 berem,
223 1308 253 1357 et
275 1312 364 1371 quam
388 1296 521 1354 inefficax
541 1297 570 1351 iu
589 1294 725 1351 omnibus
744 1292 874 1363 tncoeptis
895 1299 941 1347 at·
996 1289 1118 1367 oratorio
1143 1289 1211 1360 (60).
1229 1289 1338 1345 accidit
1362 1302 1490 1360 namque
1512 1296 1543 1345 ut
1557 1289 1646 1344 abbas
1662 1294 1759 1343 noster
1773 1286 1847 1343 San-

94 1406 152 1464 quo
171 1389 323 1447 conatibus
345 1387 416 1444 meis
437 1384 580 1445 redderer.
604 1390 636 1440 ut
655 1383 714 1455 jam
739 1381 810 1437 milri
830 1380 940 1437 deom·
995 1378 1034 1434 cti
1051 1377 1176 1450 dionysii
1198 1376 1365 1448 praedictam
1386 1375 1465 1433 illam
1485 1376 1648 1448 argenteoli
1664 1375 1714 1445 [ol.
1738 1376 1848 1447 argen-

93 1481 182 1538 nibus
204 1478 275 1535 illud
303 1474 493 1546 improperari
515 1472 669 1530 rectissime
691 1471 830 1527 deberet:
854 1492 865 1519 ι
888 1470 941 1525 llic
996 1466 1070 1535 lolii]
1095 1466 1251 1527 abbatiam,
1277 1467 1306 1522 iu
1330 1481 1390 1537 qua
1418 1465 1565 1538 religionis
1594 1464 1726 1522 barbitum
1750 1472 1848 1520 nostra

94 1569 180 1625 bomo
199 1565 284 1636 copti
306 1563 459 1632 aedificare,
484 1570 512 1618 et
533 1576 592 1617 non
619 1560 712 1632 potuit
740 1572 942 1616 consummare
996 1555 1116 1626 illajam
1137 1555 1165 1611 in
1182 1555 1291 1613 cbristo
1315 1569 1399 1613 soror
1419 1554 1621 1627 potiusquam
1646 1567 1722 1611 uxor
1744 1551 1847 1610 llelois-

94 1659 170 1725 (ιιι.
192 1670 252 1723 xrv,
279 1652 335 1724 30).
352 1673 367 1700 >r
395 1650 586 1722 Desperabam
610 1649 734 1721 penitus,
759 1662 826 1704 curn
849 1661 942 1704 recor·
996 1658 1028 1699 sa
1043 1652 1216 1714 susceperat,
1241 1651 1380 1715 tanquam
1408 1645 1445 1700 ad
1462 1645 1511 1716 jus
1527 1643 1691 1701 monasterii
1712 1642 1759 1699 sui
1776 1642 1848 1699 anti-

94 1746 181 1804 darer
204 1758 271 1815 quae
291 1742 431 1813 lugerem,
449 1747 482 1797 ot
500 1738 710 1796 considerarem
734 1751 801 1808 quae
817 1736 944 1793 incurre
999 1732 1100 1804 quitus
1125 1732 1325 1804 pertinentem,
1356 1747 1541 1805 quocumque
1562 1733 1646 1791 modo
1672 1732 1845 1803 acquireret,

713 1895 871 1952 ANDREAE
890 1893 1114 1962 Qduucdrtat
1132 1894 1247 1953 NOTAE.

131 2026 188 2096 (60)
202 2022 343 2079 accidit...
365 2025 395 2076 ot
413 2018 532 2075 obbas...
558 2019 653 2075 Sancti
670 2020 804 2086 Dionysii,
829 2025 883 2074 etc.
909 2048 943 2056 —-
999 2025 1074 2086 rant,
1095 2024 1123 2074 et
1143 2017 1231 2088 idpcr
1246 2017 1404 2074 testamenti
1420 2017 1556 2091 paginam
1571 2018 1607 2075 ad
1624 2018 1699 2075 beati
1720 2016 1848 2091 Dionysii

94 2096 160 2153 Fuit
179 2094 344 2167 argenteoli
369 2090 576 2147 monasterium
596 2091 632 2147 ab
653 2089 720 2161 ipsis
741 2089 943 2146 fundatoribus
998 2089 1135 2158 martyris
1162 2088 1267 2146 cbristi
1300 2090 1507 2145 monasterium
1537 2088 1657 2145 solemni
1693 2092 1848 2148 donatione

94 2168 220 2224 abbatiae
247 2164 342 2222 Sancti
369 2163 495 2232 Dionysii
521 2161 693 2231 subjectum.
722 2161 822 2217 Postea
846 2169 941 2216 tamen
998 2160 1190 2226 contulerant,
1217 2173 1268 2215 nec
1294 2173 1352 2216 non
1376 2167 1403 2215 et
1422 2169 1598 2230 preceptum
1620 2161 1847 2219 conlirmationis

95 2238 214 2295 Carolus
233 2248 359 2308 magnus
382 2233 453 2290 illud
472 2233 647 2289 Tbeodradae
669 2232 734 2287 tiliae
747 2247 808 2289 suaa
827 2230 943 2287 cotrtmi·
998 2230 1124 2287 lotharii
1137 2231 1284 2301 quondam
1304 2230 1388 2302 regis,
1405 2232 1483 2302 quod
1502 2245 1590 2301 super
1610 2233 1739 2289 eamdem
1754 2233 1842 2289 dona·

95 2310 142 2364 sit.
157 2308 226 2375 Quae
245 2304 426 2377 congregatis
452 2303 489 2361 ibi
515 2302 783 2359 sanctimonialibus
806 2316 838 2358 co
859 2310 941 2372 pacto
998 2302 1102 2358 tionem
1127 2302 1305 2358 conscribere
1330 2304 1465 2372 jusserat,
1488 2303 1571 2359 nobis
1591 2303 1719 2372 petitioni
1736 2318 1841 2361 memo·

94 2383 320 2447 taurinatense
338 2374 536 2444 mortemejus
564 2374 593 2428 in
614 2386 700 2428 usum
723 2372 848 2429 eoeleste
872 2371 942 2428 San·
997 2380 1066 2429 ratae
1088 2372 1197 2428 dilectae
1221 2371 1327 2428 sororis
1348 2381 1453 2429 nostrae
1474 2372 1650 2431 Tbeodradae
1665 2384 1841 2442 annuere,et

95 2450 134 2506 cti
157 2449 282 2517 Dionysii
297 2452 498 2503 reverteretur.
523 2444 604 2511 Quod
620 2444 768 2499 manileste
786 2444 868 2499 docet
890 2444 942 2498 boc
997 2444 1071 2500 sicut
1084 2443 1206 2513 petebat,
1223 2456 1273 2513 per
1294 2451 1419 2499 nostram
1440 2447 1639 2501 auctoritatem
1658 2446 1841 2515 saepedictum

97 2520 233 2576 budovict
259 2526 287 2574 et
320 2517 447 2573 botbarii
484 2516 690 2585 imperatorum
724 2522 898 2585 preceptum
926 2530 942 2569 e
997 2514 1205 2571 monasterium
1236 2514 1455 2585 argentogilum
1490 2516 1525 2571 ad
1555 2524 1720 2585 potestatem
1747 2516 1840 2572 Sancti

95 2590 273 2647 cbartulario
288 2588 384 2644 Sancti
398 2587 524 2657 Dionysii
540 2587 743 2656 depromptum
764 2602 771 2640 :
998 2585 1136 2654 Dionysii,
1163 2584 1358 2655 pretiosissimi
1387 2585 1492 2641 tiltristi
1527 2588 1672 2657 martyris,
1695 2601 1839 2643 revocare.

96 2660 270 2732 Confirmatio
294 2660 427 2714 Lodooici
445 2664 471 2712 et
492 2659 616 2712 Lotaorii
638 2659 941 2726 imperatoremmper
997 2656 1177 2726 Quapropter
1207 2655 1282 2711 banc
1312 2665 1416 2712 nostrae
1449 2659 1625 2714 auctoritatis
1652 2658 1843 2715 confirmatio·

130 2734 241 2789 ecclesie
268 2732 433 2797 argentolii,
471 2743 555 2797 qoem
582 2726 659 2782 dedit
695 2730 884 2783 Hermearicas
917 2731 942 2781 ct
997 2740 1064 2783 nem
1086 2726 1147 2782 lieri
1169 2726 1363 2797 praecipimus,
1382 2741 1432 2798 per
1451 2742 1540 2799 quam
1562 2728 1843 2786 omnimodisdecer-

130 2820 202 2860 ozor
231 2818 283 2859 eoo
313 2804 432 2858 damma
462 2800 529 2871 [leg.
555 2799 722 2869 Nammores]
751 2801 852 2854 saneto
879 2800 941 2852 Die
998 2798 1196 2867 nimusatquc
1214 2798 1362 2866 jubemus,
1380 2798 1484 2872 utiam
1504 2799 1613 2855 dictum
1637 2800 1843 2857 monasterium

129 2879 219 2944 aprio.
998 2868 1216 2940 argentogilum
1242 2875 1304 2939 post
1325 2869 1416 2939 ipsius
1439 2871 1548 2926 dilectae
1565 2871 1672 2927 sororis
1686 2879 1791 2928 nostrae
1807 2872 1843 2927 ab

132 2966 147 2996 ι
161 2948 195 3002 Ιιι
211 2943 327 3001 nomine
340 2940 456 2998 Domini
479 2940 537 3002 Dei.
552 2947 581 2996 et
596 2938 752 2995 salvatoris
771 2938 942 2995 uostrilcsu
997 2940 1052 2997 bac
1075 2939 1133 2995 vita
1155 2939 1311 2995 discessum
1336 2940 1371 2995 ad
1393 2943 1600 2997 monasterium
1623 2950 1652 2998 et
1677 2949 1844 3011 potestatem

94 3016 211 3084 Gbristi,
243 3014 408 3070 Ludovieus
431 3019 458 3067 ct
487 3010 639 3067 Lotbarius
664 3010 765 3066 divina
791 3009 942 3066 ordinante
997 3008 1140 3080 saepedicti
1160 3009 1313 3067 beatissimi
1341 3010 1447 3068 christi
1479 3011 1613 3082 martyris
1640 3010 1776 3084 Dionysii,
1806 3013 1843 3069 ad

96 3086 276 3158 providentia
292 3084 478 3153 imperatores
490 3082 536 3137 au
560 3082 626 3136 usti.
638 3079 721 3146 Sica,
737 3094 833 3151 quaea
852 3082 941 3137 Deum
997 3095 1086 3153 quam
1109 3080 1243 3152 primitus
1258 3082 1293 3137 ob
1320 3082 1367 3137 Dei
1392 3096 1529 3146 amorem,
1546 3093 1573 3139 et
1588 3083 1714 3153 ipsorum
1734 3092 1846 3141 sancto·

96 3156 264 3214 timentibus
289 3152 454 3210 bominibus
483 3153 517 3207 ad
539 3097 606 3207 ῗοιιι
637 3151 737 3207 divino
759 3151 849 3208 cultui
865 3152 942 3206 dedi·
959 3126 980 3181 C
998 3167 1064 3210 rum
1092 3152 1283 3208 reverentiam
1304 3154 1439 3223 piamque
1459 3153 1691 3212 intercessionem
1708 3169 1726 3210 a
1743 3168 1844 3226 supra-

95 3236 169 3294 cata,
184 3225 304 3283 solemni
331 3224 484 3279 donatione
504 3222 608 3294 largita
629 3222 845 3278 velcondonata
862 3229 940 3291 sunt,
997 3223 1143 3280 dictisDei
1163 3222 1295 3280 fidelibus
1315 3224 1453 3281 traditum
1473 3226 1519 3282 vel
1539 3226 1734 3281 condonatum
1756 3225 1843 3282 luisse

94 3305 123 3354 et
160 3305 257 3368 postea
286 3295 417 3367 qualibet
444 3295 593 3350 occasione
621 3293 687 3349 iude
713 3293 857 3349 abstracta
881 3307 943 3349 esse
997 3295 1136 3361 noscitur,
1155 3293 1368 3365 absquoullius
1390 3310 1517 3367 personae
1538 3297 1770 3364 contradictione,
1791 3304 1843 3354 aut

96 3376 267 3434 noscuntur,
284 3374 382 3422 nostra
397 3366 565 3420 auctoritate
579 3364 615 3420 ad
629 3371 736 3420 statum
754 3378 841 3420 suurn
861 3378 942 3420 revo-
997 3373 1095 3422 nostra
1122 3366 1166 3421 vel
1196 3378 1392 3423 successorum
1424 3374 1589 3424 nostrorum
1619 3367 1842 3439 interrogatione

96 3453 208 3506 murus,
233 3446 262 3495 et
289 3437 393 3493 iterum
415 3439 521 3492 nostra
542 3434 678 3505 jussionis
702 3434 820 3491 oraculo
841 3435 944 3490 contlr-
996 3437 1162 3506 recipiatur,
1187 3445 1214 3493 et
1237 3437 1266 3492 iu
1284 3436 1350 3507 jure
1371 3451 1406 3493 ac
1420 3437 1614 3495 dominatione
1633 3438 1724 3508 ipsius
1744 3452 1842 3495 motta·

97 3524 235 3568 mamus:
254 3508 307 3564 boc
323 3508 405 3564 nobis
432 3505 529 3576 procul
546 3506 638 3585 dubio⁸
655 3505 691 3561 ad
706 3512 842 3562 aeternam
858 3506 944 3561 beati·
996 3510 1074 3563 sterii
1087 3523 1154 3563 curu
1167 3506 1245 3563 omni
1259 3507 1422 3579 integritate
1435 3510 1478 3565 vel
1492 3508 1669 3579 appendiciis
1682 3511 1743 3566 suis
1757 3510 1841 3592 qnid·

97 3582 229 3639 tudinem
245 3576 471 3649 adipiscendam,
492 3591 543 3633 seu
567 3574 750 3635 stabilitatem
766 3576 878 3646 imperii
892 3590 942 3631 no·
996 3578 1067 3649 quid
1106 3579 1211 3634 ibidem
1232 3578 1365 3648 praesenti
1388 3586 1514 3649 tempore
1543 3579 1671 3638 cernitur
1699 3590 1841 3651 pertinere

95 3653 147 3709 stri
175 3650 368 3707 roborandam
394 3649 537 3718 pertinere
559 3647 943 3703 conlidimus.1deonotum
997 3652 1155 3705 revocetur.
1189 3650 1223 3705 Et
1251 3650 1274 3704 si
1302 3650 1372 3706 forte
1401 3650 1563 3723 contigerit,
1592 3659 1624 3708 ut
1646 3651 1744 3708 eadem
1759 3665 1841 3709 soror

96 3723 133 3779 sit
160 3723 290 3779 omnium
315 3719 443 3776 lldelium
465 3726 631 3775 nostmrum
658 3726 715 3773 tam
744 3719 941 3787 praesentium,
997 3727 1094 3776 nostra
1111 3722 1205 3790 ipsum
1223 3720 1429 3777 monasterium
1444 3731 1495 3779 aut
1510 3722 1839 3792 spontaneavoluutate,

95 3806 185 3865 quam
199 3793 409 3849 etlutnrorum
425 3788 584 3856 industriae,
601 3786 671 3859 quia
691 3787 811 3845 illustris
826 3788 943 3857 lemine,
997 3798 1030 3846 ut
1052 3790 1191 3855 diximus,
1214 3798 1266 3847 aut
1290 3806 1341 3862 pro
1369 3795 1592 3849 commutatione
1603 3792 1722 3851 alterius
1744 3808 1841 3850 mona-

95 3878 177 3922 soror
202 3863 332 3920 videlicet
357 3868 455 3918 nostra
477 3860 647 3917 abeodrada
672 3860 727 3914 Deo
751 3865 873 3927 sacrata,
891 3873 942 3915 no·
996 3861 1075 3917 sterii
1089 3869 1156 3918 anto
1177 3861 1263 3917 linem
1285 3866 1351 3918 vitae
1375 3877 1435 3919 suae
1457 3863 1600 3920 dimittere
1613 3864 1680 3921 velit
1695 3879 1702 3920 :
1718 3872 1786 3921 tunc
1799 3865 1842 3921 ni-

95 3944 162 3993 stra
184 3934 327 4008 suggessit
359 3931 586 4000 mansuetudini,
613 3929 738 4001 qualiter
765 3938 942 4000 compertum
995 3931 1154 3989 hilominus
1183 3933 1292 4014 absque
1316 3933 1376 3990 ulla
1405 3935 1637 4003 contradictione,
1664 3942 1715 3993 aut
1739 3950 1841 4006 exspe-

96 4007 254 4073 babuieset,
284 4004 362 4076 quod
392 4004 599 4059 monasterium
630 4001 771 4057 vocabulo
805 4004 944 4072 argento-
996 4010 1072 4059 cteta
1091 4004 1316 4073 consignatione,
1336 4005 1371 4060 ad
1400 4006 1510 4074 praelati
1534 4006 1690 4063 beatissimi
1707 4008 1842 4078 martyris

96 4078 167 4135 lium
193 4078 280 4133 situm
311 4076 340 4130 in
368 4087 445 4144 pago
468 4074 610 4129 Parisiaco
639 4085 726 4152 super
753 4072 875 4128 lluvium
901 4073 944 4127 Se·
996 4073 1101 4131 Christi
1118 4073 1245 4144 Dionysii
1265 4077 1483 4144 monasterium,
1501 4077 1576 4135 sicut
1591 4090 1680 4148 supra
1702 4077 1842 4136 insertum

95 4161 236 4220 quanam,
256 4144 335 4217 quod
357 4144 418 4214 ipsa
434 4144 527 4214 primo
542 4157 592 4213 per
609 4142 778 4222 beneticrum
803 4143 901 4198 domm
915 4148 943 4198 et
996 4152 1049 4211 est,
1074 4145 1280 4215 perpetualiter
1304 4146 1340 4203 ad
1375 4147 1540 4204 babendum
1569 4148 1736 4220 recipiatur,
1760 4156 1787 4205 et
1813 4149 1844 4206 in

96 4219 234 4290 genitoris
258 4215 349 4271 nostri
383 4214 475 4270 Camli
502 4213 675 4270 serenissimi
702 4214 892 4282 imperatoris,
915 4220 943 4269 et
997 4216 1179 4287 postmodum
1206 4216 1286 4273 nullo
1313 4232 1445 4289 unquam
1476 4227 1603 4290 tempore
1628 4219 1688 4276 ulla
1713 4219 1844 4290 qualibet

97 4295 194 4358 postea
215 4299 266 4357 per
290 4291 418 4341 nostram
443 4284 625 4367 largitionem
648 4282 772 4349 tenebat,
787 4283 833 4365 ad¹
847 4298 944 4363 mona·
997 4286 1136 4359 dignitate
1158 4296 1208 4343 aut
1224 4295 1360 4358 potestate
1384 4288 1519 4360 praedicta
1542 4305 1664 4362 persona
1679 4290 1843 4348 rectoribus

95 4360 215 4416 sterium
237 4356 310 4413 beati
334 4362 362 4412 et
386 4355 499 4427 gloriosi
522 4354 627 4411 Cbristr
647 4356 783 4423 martyris
805 4355 939 4425 Dionysii,
997 4358 1163 4414 monasterii
1193 4359 1312 4429 praelati,
1335 4373 1369 4415 ao
1391 4360 1547 4417 beatissimi
1570 4362 1674 4419 Clrrisli
1706 4369 1782 4418 mart
1803 4363 1842 4418 ris

95 4430 146 4488 ubi
166 4427 300 4509 praesenti
320 4434 446 4508 tempore
465 4426 512 4481 vir
527 4425 705 4508 'venerabilis
720 4424 876 4482 Hilduinus
893 4405 979 4482 ab·D
998 4430 1126 4500 Dionysii
1154 4428 1282 4500 aliquam
1316 4430 1530 4502 requisitionem
1555 4431 1655 4497 iacere,
1677 4439 1728 4490 aut
1751 4377 1840 4489 uliam

95 4503 157 4571 bas,
179 4507 207 4557 et
223 4512 296 4557 saort
318 4496 418 4569 palatu
445 4507 535 4553 nostri
554 4495 822 4566 arebrcapellamus,
849 4504 942 4553 rector
996 4499 1172 4556 calumniam
1195 4502 1323 4572 ingerere
1339 4510 1522 4571 praesumat:
1545 4504 1594 4559 scd
1613 4503 1696 4560 liccat
1712 4503 1766 4561 illis
1779 4503 1841 4561 sine

95 4570 357 4646 maessavidetur,
380 4567 521 4639 pertinere
542 4568 667 4624 deberet.
689 4567 942 4638 Petiitqueutpro
996 4569 1149 4642 cujustibet
1187 4572 1294 4643 injusta
1325 4572 1548 4645 interrogatione
1571 4575 1721 4644 praelatum
1744 4588 1841 4633 mona-

96 4642 233 4701 mercodis
255 4648 359 4698 nostrae
377 4647 531 4710 augmento
552 4639 587 4693 ad
611 4646 717 4694 statum
738 4639 890 4708 pristinum
912 4638 943 4695 il·
996 4643 1114 4698 sterium
1146 4641 1376 4715 argentogilum,
1405 4646 1479 4701 sicut
1506 4652 1623 4703 caeteras
1642 4659 1687 4703 res
1709 4645 1746 4702 ad
1765 4645 1840 4702 beati

96 4716 146 4772 lud
171 4713 299 4772 revocari
324 4711 488 4767 fecissemus
513 4708 722 4780 [laceremusll
751 4723 784 4765 co
810 4709 942 4766 videlicet
996 4711 1302 4783 Dionysiipotestatcm
1326 4713 1412 4771 simili
1429 4716 1511 4773 modo
1530 4717 1706 4783 condonatas
1724 4730 1759 4773 ao
1780 4730 1842 4787 per-

95 4786 179 4843 modo
202 4794 236 4841 ut
260 4788 457 4863 memoratum,
471 4780 677 4863 monasterium
711 4787 773 4850 post
801 4780 942 4862 suamab
997 4784 1743 4858 tinenles,quietoordinetenereacdisponere.Et
1779 4788 1841 4844 uid-

97 4856 151 4913 bac
167 4856 230 4913 luce
243 4856 412 4918 discessum,
434 4866 458 4908 st
474 4860 570 4908 tamen
594 4851 673 4907 alind
686 4850 900 4922 lmouastcrrum
916 4866 943 4908 er
996 4853 1068 4927 quid
1092 4868 1140 4925 pro
1163 4854 1377 4925 opportunitate
1398 4866 1486 4928 atque
1506 4858 1628 4915 utilitate
1645 4858 1734 4929 ipsius
1751 4801 1843 4915 Eccle-

83 4933 181 4983 'antea
194 4926 226 4982 in
245 4924 461 4995 comparatione
483 4936 535 4993 pro
551 4922 612 4992 ipso
626 4933 644 4977 a
659 4921 744 5003 nobis
762 4922 862 4978 datum
883 4937 942 4979 nou
996 4927 1044 4983 aiae
1059 4926 1220 4982 secuudum
1243 4926 1413 4985 Christiana
1436 4928 1582 5001 religionis
1604 4929 1734 5002 regulam
1750 4930 1843 4987 lacere

97 4998 193 5063 luerit,
214 5005 265 5052 ant
285 4996 400 5066 propria
415 4994 564 5051 voluntate
578 5007 656 5074 eum·
666 4993 808 5051 dmuttere
822 5007 880 5049 non
894 5008 944 5050 vo·
998 4996 1132 5064 voluerit,
1145 4996 1267 5054 liberam
1287 4998 1316 5054 in
1330 4998 1465 5056 omnibus
1480 5000 1585 5056 babere
1604 5008 1782 5071 potestatem.
1795 5002 1841 5057 -ttt

97 5068 194 5134 luerit,
225 5067 261 5122 ad
298 5073 465 5135 potestatem
493 5064 658 5120 monasterii
686 5064 783 5121 Sancti
815 5064 941 5136 Dionysii
996 5076 1028 5123 ut
1056 5066 1118 5125 baec
1149 5071 1304 5125 auctoritas
1335 5070 1561 5128 conlirmationis
1584 5086 1636 5129 seu
1662 5072 1840 5139 redditionis,

96 5140 207 5210 absque
221 5136 282 5193 ulla
303 5137 504 5192 contrarietate
526 5135 570 5192 vel
590 5135 765 5217 cujusquam
786 5134 943 5219 interrege·
996 5146 1102 5195 nostrae
1126 5153 1175 5209 per
1199 5139 1297 5196 lutura
1319 5149 1449 5211 tempora
1472 5141 1666 5199 inviolabilem
1692 5152 1780 5214 atque
1800 5143 1843 5201 in-

96 5210 172 5267 tiono
190 5208 374 5287 reciperetur.
400 5207 457 5263 Nos
476 5218 544 5287 vero
567 5207 667 5262 audita
686 5206 764 5286 illius
783 5205 943 5263 salubrrac
996 5209 1163 5267 convulsam
1195 5210 1322 5268 obtineat
1353 5211 1526 5281 tirmitatem,
1559 5214 1695 5272 manibus
1719 5215 1843 5285 propriis

97 5280 148 5338 reli
172 5280 231 5336 losa
259 5283 403 5348 petitione,
430 5276 600 5346 praedtclllm
623 5275 816 5332 venerabilem
844 5277 942 5335 virum
997 5281 1101 5336 nostris
1127 5282 1226 5338 subter
1254 5297 1318 5339 eam
1350 5282 1541 5352 armavimus,
1567 5294 1595 5342 et
1617 5285 1720 5343 annuli
1749 5285 1842 5342 nostri

98 5297 280 5415 bilduinum,
300 5348 370 5418 quia
390 5360 515 5427 praesens
529 5349 638 5414 aderat,
655 5347 678 5403 si
698 5347 769 5430 quid
791 5348 826 5430 de
843 5348 897 5404 bac
911 5363 943 5405 re
997 5350 1181 5432 impressione
1203 5352 1311 5425 signari
1331 5353 1483 5424 jussimus.
1505 5385 1540 5395 -
1561 5356 1682 5430 Signum
1703 5355 1841 5414 Ludovici

97 5429 275 5492 compertum
293 5418 411 5475 baberet
430 5426 654 5499 interrogamus.
674 5416 838 5485 Qurstatrm
856 5419 944 5476 dona·
996 5423 1168 5479 serenissimi
1204 5424 1394 5496 imperatoris,
1431 5426 1548 5499 signum
1577 5428 1704 5485 botharii
1739 5428 1843 5497 glorio·

96 5493 203 5551 tionem
222 5489 376 5563 calcedam
399 5488 488 5545 Deum
510 5489 638 5546 tementis
651 5502 685 5546 ac
706 5488 831 5557 religiosi
851 5489 943 5547 bomi-
995 5490 1100 5550 sissimi
1115 5494 1249 5567 augusti.
1265 5495 1421 5554 Durandus
1435 5497 1620 5556 diaconusad
1634 5498 1725 5558 ricem
1740 5498 1842 5557 Fridu·

97 5563 142 5622 nis
156 5563 272 5621 nomine
287 5559 456 5628 Ermenrici,
473 5571 507 5617 eo
527 5560 661 5633 conjugis
679 5572 739 5616 suae
759 5561 941 5632 Nummenae,
997 5564 1049 5637 gisi
1066 5566 1272 5638 recognovit.»

96 5633 147 5708 qui
164 5634 316 5707 prelatum
326 5631 533 5690 monasterium
546 5632 638 5690 insuo
651 5630 944 5704 propriooonstrnxe·
1032 5634 1086 5695 Sed
1112 5648 1180 5696 oum
1197 5636 1358 5699 normanni
1384 5640 1549 5704 cenobium
1575 5643 1648 5703 illud
1670 5640 1838 5712 diruissent,
