3804 5962
559 128 661 187 PETRI
679 125 866 185 tammam
884 121 961 201 ῼΡΡ.
981 118 1070 177 stas
1090 120 1111 175 l.
1132 149 1167 161 -
1186 116 1376 177 uuistuom.

842 337 1042 407 uolsrooh
1060 338 1099 406 V.

511 483 590 561 Quae
610 485 663 547 est
687 482 890 565 rescriptum
912 481 1002 546 Petri
1019 501 1141 547 rursus
1166 482 1208 547 ad
1230 479 1434 557 Heloissam.

101 745 312 803 messuerunt.
336 770 372 782 -
395 740 518 805 Quatuor
540 737 675 806 capitibus
697 739 781 790 totam
805 739 981 791 nouissimam
1004 736 1134 793 lieloissae
1159 738 1303 807 epistolam
1332 739 1455 792 constare
1477 735 1554 803 dicit,
1580 738 1678 805 argute
1701 735 1848 805 respondet

136 815 325 872 rihelardus:
348 812 571 879 singularumque
589 811 708 864 rationes
731 812 914 877 prosequitur,
931 823 984 863 nan
1007 811 1064 865 iam
1078 814 1109 864 ut
1123 811 1242 879 scipsum
1261 813 1380 874 uocaset,
1397 822 1480 878 quam
1499 811 1531 861 ut
1552 808 1642 877 ipsam
1662 806 1766 874 deccat,
1787 809 1850 861 lcar-
1892 869 1894 885 Ι

138 892 210 943 tetur
233 891 258 941 ct
280 886 428 940 consoletur
451 882 610 936 licloissam.
636 881 723 936 Primo
749 880 858 945 quidem
880 883 1014 935 rationem
1037 883 1125 950 ponit
1150 897 1206 951 qua
1228 885 1259 934 in
1285 881 1433 949 postremis
1460 880 1559 934 litteris
1584 881 1642 933 sats
1667 894 1763 932 nomen
1790 879 1851 948 ejus
1891 900 1894 907 ·

136 974 185 1014 sua
204 957 391 1028 preposuerit.
414 952 544 1020 Secundo,
565 951 638 1021 quod
659 966 769 1005 suorum
787 951 971 1020 periculorum
999 954 1025 1005 et
1048 955 1143 1006 mortis
1167 953 1328 1006 mentionem
1351 953 1445 1019 egerit,
1471 965 1499 1006 se
1519 951 1554 1005 ab
1574 965 1606 1006 aa
1625 949 1787 1020 adjuratum
1809 951 1852 1015 fe·
1892 988 1894 995 .

137 1033 206 1086 cisse
218 1028 337 1098 euportit.
360 1027 479 1080 Tertium
503 1023 535 1076 de
554 1022 670 1076 landum
690 1037 803 1076 suarum
818 1022 961 1090 rejectione
981 1023 1134 1092 approbat:
1157 1023 1234 1077 moda
1257 1023 1288 1077 id
1308 1024 1409 1077 sincere
1435 1027 1460 1076 et
1479 1024 1538 1076 sina
1556 1021 1649 1076 laudis
1673 1025 1723 1092 fiat
1745 1021 1851 1090 cupidi-

139 1107 202 1156 tate.
219 1102 320 1166 Quarlo
342 1096 374 1151 de
398 1111 448 1150 sua
469 1099 612 1162 utriusque
632 1095 812 1148 conversionis
836 1097 973 1147 occasione
996 1093 1034 1147 ad
1056 1096 1142 1148 eitam
1158 1096 1336 1149 monasticam
1360 1095 1451 1159 fusius
1474 1096 1658 1163 prosequitur.
1686 1095 1800 1160 Plogom
1822 1095 1853 1146 in

137 1174 257 1241 corporis
285 1170 329 1224 sui
347 1167 421 1235 sado
440 1171 528 1236 porte,
552 1180 634 1235 quam
658 1165 708 1218 illa
726 1163 883 1233 plangebat,
906 1167 945 1218 sic
964 1168 1114 1231 eatenuct3
1140 1170 1171 1220 ut
1194 1181 1252 1220 eam
1275 1167 1384 1230 utrique
1408 1165 1625 1231 saluberrimam,
1652 1168 1678 1217 et
1703 1165 1850 1218 multorum

138 1243 266 1297 bonorum
291 1254 401 1295 causam
422 1252 478 1292 esse
498 1241 672 1306 profiteatur,
689 1238 891 1305 comparatione
913 1237 1035 1303 turpium
1054 1236 1173 1306 ejusdem
1194 1236 1330 1306 pudenda
1348 1240 1438 1306 partis
1459 1240 1580 1290 actorum
1600 1252 1606 1290 :
1628 1239 1709 1305 atque
1731 1251 1789 1288 cam
1818 1235 1850 1289 cb

136 1329 193 1369 rem
215 1312 338 1366 diuinam
363 1310 469 1363 retollit
483 1311 647 1377 sapientiam
672 1311 697 1360 et
720 1307 897 1361 clenentiam.
921 1305 1009 1361 Multo
1030 1306 1146 1378 deniqne
1164 1311 1268 1377 passim
1290 1313 1430 1377 ponuntur
1448 1308 1485 1361 cd
1510 1307 1662 1362 doctrinam
1676 1313 1701 1362 et
1717 1307 1849 1361 cohorta-

137 1389 237 1439 tionem
264 1388 346 1450 atquc
373 1381 581 1435 consolationem
604 1378 741 1433 delaissa.
769 1379 884 1433 Ponitur
902 1380 927 1431 ct
955 1377 1042 1433 breuis
1070 1381 1160 1434 oratio
1184 1395 1239 1450 qua
1262 1380 1398 1436 monacha
1418 1379 1619 1436 Paracletenses
1643 1378 1790 1435 abalardo
1822 1383 1848 1432 et

136 1457 266 1512 Heioimae
274 1457 359 1511 Deum
371 1453 565 1522 propitiarent.

137 1688 252 1760 sponsae
265 1682 369 1742 Christi
381 1695 481 1739 sertus
491 1679 632 1753 eiusdem.

139 1779 174 1834 1¹¹
188 1782 323 1848 oooioob
348 1770 476 1839 mominis
498 1769 575 1826 oiioo
589 1782 656 1840 (loto
678 1765 804 1839 epistola
820 1773 878 1824 tum
891 1779 947 1823 no-
1002 1783 1048 1827 me
1060 1769 1165 1827 vestris
1184 1768 1332 1842 praecipuo
1356 1768 1552 1825 commendem
1578 1769 1768 1836 orationibus,
1785 1782 1852 1826 cum

104 1866 230 1927 sissima
253 1876 367 1920 summa
398 1859 536 1926 consistit,
560 1856 674 1915 chonsae
701 1864 758 1913 tua
780 1855 949 1913 commotio·
1000 1861 1067 1932 jure
1099 1861 1216 1932 publico
1247 1869 1357 1920 constet
1385 1862 1464 1934 apud
1492 1862 1623 1919 dominos
1653 1864 1718 1934 plns
1752 1878 1854 1921 eorum

103 1972 170 2015 nem
190 1952 364 2025 expressisti.
388 1950 482 2006 Primo
507 1948 625 2019 quidem
646 1961 734 2016 super
748 1945 803 2002 hoc
826 1958 950 2015 conqua-
1003 1964 1122 2019 sponsas
1145 1951 1348 2007 intercedendo
1378 1966 1470 2022 posse,
1504 1966 1592 2022 quam
1620 1953 1748 2022 ipsorum
1777 1952 1860 2008 lami-

103 2045 185 2112 reris‚
205 2041 282 2116 quod
303 2047 405 2112 preater
428 2035 666 2094 consuetudinem
686 2034 882 2106 epistolarum,
895 2036 950 2089 imo
1005 2033 1067 2106 lias,
1092 2039 1224 2097 dominas
1253 2041 1377 2111 amplius
1401 2054 1490 2111 quam
1525 2057 1635 2098 servos·
1668 2045 1698 2097 ln
1728 2056 1857 2112 quarum

104 2135 192 2192 etiam
232 2138 331 2188 contra
358 2129 451 2199 ipsum
480 2124 643 2182 naturalem
674 2124 803 2181 ordinem
840 2137 950 2190 rerum,
1006 2127 1123 2197 quidem
1142 2128 1426 2200 typcreglnaillact
1448 2131 1554 2187 summi
1574 2131 1649 2202 regis
1672 2144 1776 2201 sponsa
1797 2129 1859 2185 dili-

104 2221 224 2297 epistola
242 2227 340 2276 nostra
363 2217 414 2274 tibi
443 2215 550 2271 directa
579 2222 605 2270 te
626 2213 698 2270 mihi
723 2212 753 2269 in
781 2210 953 2268 salutatione
1007 2223 1106 2286 genter
1121 2216 1305 2286 describitur,
1328 2233 1395 2275 cum
1410 2219 1440 2274 in
1458 2220 1568 2290 psalmo
1583 2221 1707 2276 dicitur:
1727 2240 1740 2269 o
1762 2219 1860 2275 Αςιῑιῑι

107 2309 270 2385 oiaeoosuii·
295 2307 435 2373 Secundo,
459 2303 537 2374 quo'd
558 2317 625 2359 oum
645 2300 728 2358 vobis
751 2299 954 2357 consolationis
1007 2305 1110 2376 regina
1127 2319 1144 2361 a
1159 2306 1266 2362 dextris
1287 2305 1540 2378 tuis(Psal.un1v‚
1559 2311 1614 2380 lo).
1637 2332 1651 2359 »
1667 2308 1708 2364 Ac
1721 2308 1745 2363 si
1761 2314 1858 2378 aperte

106 2402 203 2473 potius
225 2395 385 2455 semodium
416 2392 519 2450 oiiosio
549 2390 724 2456 debuissem,
750 2388 955 2445 desolationem
1009 2392 1133 2462 dicatur,
1164 2396 1218 2451 ista
1245 2397 1347 2466 juncto
1377 2397 1465 2454 latere
1500 2412 1604 2468 sponso
1637 2396 1860 2454 lamiliarlssimo

107 2488 190 2557 auxi,
208 2494 236 2544 et
250 2499 324 2557 quos
345 2483 478 2555 mitigare
493 2479 649 2538 tenueram
664 2478 806 2549 lacrumas
819 2477 954 2534 excitavi·
1011 2484 1147 2554 anneto,
1163 2493 1191 2541 et
1211 2487 1319 2556 pariter
1340 2486 1459 2557 cnecon,
1481 2488 1591 2544 cotem
1612 2487 1746 2543 cenninus
1774 2484 1859 2557 quast

107 2577 183 2636 illud
205 2575 338 2632 Vilissiiissi
369 2572 474 2628 ibidem
506 2568 670 2641 adiungens
694 2583 702 2623 ²
726 2586 740 2619 a
763 2567 844 2635 ouon
866 2566 890 2623 Si
912 2579 957 2623 mo
1012 2573 1128 2646 alonge
1149 2574 1354 2632 absistentibus
1378 2575 1426 2647 [al.
1451 2575 1664 2644 adsistentibus]
1691 2575 1736 2630 vel
1758 2574 1859 2630 subse-

107 2665 247 2724 ii⁰¹1¹i¹¹¹¹⁸
271 2663 300 2720 in
322 2677 426 2719 monos
456 2659 638 2717 issiffiiooioffi
669 2656 829 2722 tradiderit,
859 2663 892 2713 ut
913 2669 959 2711 mo
1013 2664 1179 2733 ouantibus.
1195 2665 1235 2719 De
1256 2663 1346 2733 hujus
1359 2665 1529 2721 excellentia
1545 2663 1742 2734 praerogative
1759 2675 1863 2733 sponsa

106 2755 214 2814 scilicet
239 2751 426 2824 prevalentes
449 2747 633 2814 interficiant,
658 2753 711 2803 etc.
739 2767 750 2796 ι
773 2744 866 2802 Tertio
891 2758 959 2800 vero
1014 2752 1044 2808 in
1060 2751 1184 2808 canticis
1199 2751 1359 2821 exsultans,
1376 2753 1471 2809 ittam
1491 2753 1532 2809 pa
1546 2753 1650 2820 picam,
1667 2766 1755 2823 qnam
1780 2752 1864 2822 p10y.

107 2853 232 2903 vcterem
253 2841 332 2898 illam
355 2848 382 2897 et
397 2838 544 2903 assiduam
559 2835 707 2908 querelam
724 2842 803 2890 tuam
822 2833 853 2889 iu
867 2834 957 2888 licum
1014 2854 1059 2896 ses
1074 2840 1159 2896 duxit
1175 2840 1266 2911 (Nam.
1290 2855 1341 2907 xri,
1368 2840 1402 2912 l),
1428 2840 1602 2910 AEthicpissa
1624 2840 1716 2896 dicit:
1741 2862 1752 2889 ι
1773 2839 1863 2911 h'igra

109 2933 249 3006 adiecisti,
285 2931 319 2988 oo
343 2929 427 2986 modo
456 2925 587 2984 videlicet
620 2931 724 2989 nostra
761 2920 958 2979 accersionis
1015 2929 1863 3001 subterranea,ntraeurerusotem.1ueoteterrimo

959 1679 1067 1746 alata.
1083 1678 1124 1737 Ne
1143 1678 1257 1737 mireris
1279 1678 1369 1751 igitur
1382 1678 1406 1736 si
1420 1686 1480 1737 tem
1501 1679 1589 1737 viras
1604 1692 1693 1750 quam
1713 1687 1850 1737 mortuns

110 3024 157 3096 [oi-
183 3016 416 3091 ooflvoi⁵²ii⁰¹1isi
444 3017 479 3073 od
503 3016 606 3081 Deunr,
632 3020 660 3069 et
674 3011 842 3069 crudelitate
859 3007 955 3080 orodi·
971 2990 993 3044 B
1012 3033 1073 3086 rex,
1096 3028 1124 3075 et
1148 3017 1310 3074 introduxit
1331 3033 1376 3075 me
1398 3018 1428 3074 lu
1443 3018 1612 3075 cubiculum
1631 3033 1719 3075 sunm
1739 3020 1825 3088 (Caret.
1842 3032 1863 3086 1,

108 3113 195 3170 tionis
213 3110 291 3166 illius
316 3109 345 3164 in
373 3122 419 3164 me
449 3104 616 3163 commissae.
642 3100 773 3172 lienique
796 3099 957 3155 accusatio·
1012 3114 1051 3180 4),
1066 3133 1080 3163 ,‚
1101 3112 1138 3168 Ep
1159 3126 1299 3168 rursum:
1325 3131 1340 3161 o
1359 3111 1451 3168 Νοιῃθ
1475 3112 1657 3169 considerare
1682 3113 1759 3184 (μω
1783 3111 1865 3168 fusca

109 3215 175 3259 nem
200 3199 243 3258 tui
266 3205 367 3256 contra
393 3203 522 3253 nostram
547 3193 576 3248 in
603 3200 630 3249 te
654 3191 769 3247 laudem
790 3186 958 3260 opposuisti,
1012 3202 1076 3270 sim,
1097 3200 1168 3272 quta
1191 3199 1365 3257 decoloravit
1388 3200 1493 3257 „10301
1521 3201 1614 3272 (ibid,
1637 3203 1676 3273 5),
1702 3221 1716 3251 ,‚
1737 3202 1769 3256 pn
1794 3201 1865 3271 qui.

111 3304 170 3347 non
204 3302 270 3345 ooffl
304 3284 516 3358 supplicatione
545 3279 667 3347 modica,
696 3292 731 3334 oo
760 3276 790 3334 id
826 3276 959 3346 doissoooo
1015 3291 1068 3348 bos
1089 3289 1206 3361 quidem
1232 3288 1327 3346 verbis
1351 3303 1418 3346 cum
1447 3289 1619 3360 generaliter
1637 3289 1734 3346 anima
1758 3287 1863 3344 descri-

111 3391 325 3451 prasumerem.
355 3374 466 3442 Quibus
498 3370 616 3442 quidem
645 3366 769 3438 singulis
802 3365 960 3422 rescribere

112 3465 235 3536 decrevi,
258 3479 316 3523 nou
332 3471 401 3536 ⁸tam
417 3476 469 3533 pro
487 3457 672 3517 excusatione
694 3469 767 3525 mea,
794 3468 883 3527 quam
909 3467 960 3524 pro

113 3545 244 3614 electrina
267 3552 315 3612 rel
333 3549 532 3609 exhortatione
556 3555 618 3614 tua,
645 3552 678 3602 ut
691 3559 724 3601 eo
738 3543 846 3602 seilicet
865 3542 960 3599 liben-

112 3646 169 3704 tius
188 3642 374 3716 petitionibus
396 3638 534 3696 assentias
555 3634 670 3702 nostris,
691 3648 749 3704 quo
769 3646 817 3690 eas
831 3632 962 3690 rationa-

112 3735 200 3793 bilius
213 3734 303 3791 iactas
321 3727 506 3794 intellexeris,
529 3733 557 3782 et
578 3731 657 3781 tanto
676 3737 722 3780 me
737 3723 863 3793 amplius
875 3735 963 3779 exau·

113 3821 230 3879 diesin
256 3819 323 3890 tuis,
344 3824 453 3890 quanto
478 3811 729 3886 reprehensibilem
758 3811 857 3868 miuus
878 3809 962 3866 inve·

112 3912 174 3969 nies
203 3912 233 3966 in
254 3909 335 3978 meis,
364 3912 502 3975 antonno
531 3903 657 3973 amplius
683 3900 811 3959 verearis
834 3906 963 3956 conmm-

111 4014 191 4069 nerc,
228 4004 339 4070 quanto
372 3994 470 4052 minus
503 3992 611 4050 videris
644 3990 767 4062 dignum
811 3987 965 4060 reprehen-

1015 3374 1101 3430 batur
1122 3372 1353 3442 contemplativa,
1379 3385 1445 3442 quae
1464 3371 1626 3443 specialiter
1640 3386 1744 3443 sponsa
1758 3370 1863 3427 Christi

1016 3462 1132 3529 dicitur,
1149 3461 1313 3530 expressius
1331 3468 1428 3518 tamen
1444 3460 1480 3516 ad
1505 3474 1555 3517 vos
1570 3460 1624 3516 hoc
1639 3461 1782 3532 pertinere
1804 3459 1864 3530 ipse

1015 3552 1102 3608 etiam
1121 3558 1215 3606 vester
1227 3551 1353 3607 exterior
1374 3550 1492 3607 habitus
1512 3549 1651 3621 loquitur.
1676 3551 1741 3619 lpse
1756 3549 1865 3620 quippe

1016 3640 1112 3696 cultus
1127 3639 1253 3695 exterior
1268 3640 1419 3711 nigrorum
1433 3646 1483 3696 aut
1497 3638 1599 3696 vilium
1615 3638 1865 3705 indumentorum,

1016 3727 1108 3784 instar
1130 3726 1265 3798 lugubris
1290 3727 1409 3785 habitus
1431 3728 1574 3784 bonarum
1603 3727 1762 3784 viduarum
1792 3739 1866 3805 mor·

1017 3823 1082 3873 tuos
1097 3830 1171 3888 quos
1192 3816 1353 3873 dilexerant
1374 3817 1452 3874 viros
1473 3816 1684 3889 plangentium,
1698 3830 1749 3872 vos
1769 3816 1798 3872 in
1813 3815 1868 3871 hoc

1017 3905 1137 3974 mundo,
1159 3904 1247 3976 Juxta
1268 3905 1446 3976 Apostolum,
1469 3919 1536 3962 vere
1556 3904 1660 3962 viduas
1675 3913 1704 3963 et
1726 3903 1868 3962 desolatas

1019 3994 1152 4062 ostendit,
1180 3994 1330 4064 stipendiis
1343 3994 1486 4054 ,Ecclesia
1507 3993 1732 4051 substentandas
1754 3994 1774 4064 (i
1798 3996 1866 4049 Tim.

112 4091 205 4147 sione.
1019 4099 1047 4152 v,
1068 4081 1120 4154 to).
1155 4083 1196 4139 De
1210 4095 1338 4153 quarum
1352 4082 1439 4139 etiarn
1453 4081 1610 4140 viduarum
1625 4083 1707 4140 luctu
1721 4096 1809 4152 super
1822 4097 1868 4138 oc-

148 4178 188 4235 De
211 4174 273 4247 ipso
297 4178 395 4230 antem
419 4179 525 4231 nostrae
546 4168 739 4238 salutationis,
755 4174 788 4225 ut
808 4167 889 4235 dicis,
913 4179 965 4223 or·
1019 4170 1113 4228 cisum
1135 4184 1236 4228 aarum
1259 4185 1397 4242 sponsum
1420 4170 1569 4242 Scriptura
1589 4179 1804 4240 commemorat,
1826 4171 1870 4227 di·

114 4264 182 4322 dine
202 4260 492 4334 proponeremus
515 4267 597 4317 tuam
618 4272 746 4330 quoque,
767 4256 790 4313 si
812 4256 965 4328 diligenter
982 4280 1005 4340 0
1021 4275 1106 4319 cens:
1127 4283 1138 4312 ‹
1162 4260 1295 4318 Mulieres
1318 4260 1448 4318 sedentes
1468 4261 1505 4318 ad
1526 4258 1748 4319 mouumentum
1764 4261 1872 4317 lemen.

117 4350 258 4420 attendas,
274 4358 372 4408 actum
395 4357 438 4406 est
458 4349 640 4406 senentiam.
661 4348 693 4405 ld
715 4345 793 4404 enim
808 4345 887 4418 quod
903 4359 966 4402 om·
1022 4351 1161 4408 utantur
1178 4349 1280 4407 flentes
1298 4349 1453 4407 bominum
1474 4348 1583 4421 (nacto,
1598 4364 1688 4419 nvnc,
1713 4350 1769 4422 st).
1788 4371 1802 4399 »
1819 4350 1874 4406 Ha-

118 4440 204 4498 nibus
218 4447 304 4513 patet,
329 4447 362 4497 ut
385 4438 449 4510 ipsa
473 4437 615 4507 indicasti,
640 4442 674 4493 ut
692 4449 759 4493 cum
782 4435 913 4492 videlieet
929 4433 967 4492 ad
1020 4441 1068 4497 het
1081 4446 1179 4497 autem
1195 4439 1368 4510 AEthiopissa
1391 4439 1563 4496 exteriorem
1578 4439 1609 4495 in
1633 4452 1720 4496 carne
1744 4438 1872 4511 nigredi-

115 4531 280 4603 snperiores
304 4528 454 4596 scribitur,
480 4540 581 4584 eorum
607 4524 726 4582 nomina
748 4529 964 4595 preponantur.
1020 4543 1095 4595 nem.
1109 4535 1138 4585 et
1158 4535 1302 4600 quantum
1322 4527 1358 4583 ad
1378 4527 1523 4585 exteriora
1537 4529 1671 4598 pertinet,
1696 4527 1805 4584 ceteris
1825 4541 1875 4598 ap-

116 4622 155 4678 To
174 4634 243 4678 vero
266 4627 376 4676 extunc
405 4631 451 4675 mo
485 4614 661 4687 superiorem
683 4613 789 4670 ioolom
810 4610 965 4682 intelligas,
1021 4623 1104 4690 paret
1118 4616 1233 4673 leminis
1255 4615 1410 4672 delcrmior
1417 4629 1426 4688 3
1447 4630 1514 4673 cum
1535 4631 1594 4674 uon
1616 4617 1653 4674 sit
1675 4623 1771 4674 tamen
1788 4618 1818 4673 in
1832 4617 1877 4673 in-

119 4722 178 4783 quo
203 4707 322 4767 domina
340 4721 404 4764 mea
426 4703 629 4773 essoooeplsti,
653 4702 767 4760 Domini
783 4701 839 4758 moi
861 4711 969 4772 sponso
1022 4705 1177 4765 tertoribus
1200 4705 1307 4776 dispar,
1324 4705 1373 4762 sed
1395 4705 1425 4761 in
1449 4705 1595 4778 plerisque
1614 4706 1700 4764 ctiam
1723 4705 1876 4763 lormosior

117 4797 227 4866 abacta,
241 4798 329 4870 juxta
347 4795 419 4854 illud
435 4793 510 4852 beati
533 4792 700 4864 Hieronymi
720 4790 757 4848 ad
778 4789 968 4852 Eustochium
1022 4801 1110 4867 atque
1139 4793 1298 4862 candidior,
1337 4794 1413 4852 sicut
1442 4794 1472 4851 in
1504 4795 1618 4852 ossibus
1647 4809 1699 4853 seu
1727 4794 1873 4853 dentibus.

118 4887 159 4944 ita
182 4886 335 4945 scribentis
360 4885 455 4964 (epist.
480 4881 525 4956 22)
552 4898 559 4937 τ
587 4900 601 4930 o
626 4881 694 4938 Hac
719 4879 834 4948 ideirco,
851 4878 969 4945 domina
1021 4883 1153 4952 Quorum
1176 4883 1309 4940 videlicet
1335 4883 1467 4941 dentium
1499 4885 1607 4942 candor
1635 4883 1665 4940 in
1691 4884 1754 4956 ipso
1786 4884 1875 4955 ctiam

119 4989 193 5044 mea,
217 4973 418 5042 Eustochium,
443 4971 546 5029 scribo.
573 4970 725 5027 Dominam
751 4968 858 5039 quippe
880 4967 968 5024 debeo
1022 4971 1376 5044 commendaturppoosc,
1391 4987 1461 5030 cum
1476 4972 1605 5030 dicitur:
1622 4996 1637 5024 α
1653 4973 1796 5030 litdcntcs
1809 4972 1875 5045 eius

117 5077 221 5123 vocare
243 5076 378 5133 sponsam
401 5061 516 5117 bomini
540 5058 606 5116 mei.
630 5080 641 5108 ι
669 5058 748 5114 Felix
768 5057 871 5114 talium
894 5071 970 5113 com·
1022 5060 1484 5133 lactecondidioreslllcn.xcrx‚
1505 5064 1591 5134 12).»
1615 5063 1707 5135 Nigra
1729 5061 1828 5133 itaque
1843 5062 1876 5119 in

120 5150 259 5208 mercium
286 5150 475 5220 nuptiarum3
504 5156 536 5206 ut
566 5146 735 5204 homunculi
763 5146 859 5202 miseri
887 5145 969 5217 prius
1023 5149 1225 5217 exterioribus,
1248 5150 1297 5206 sed
1322 5151 1447 5207 lormosa
1462 5153 1491 5206 ln
1509 5152 1696 5208 interioribus
1718 5159 1760 5208 cst
1783 5152 1873 5221 (Cant.

119 5255 204 5309 uxor,
233 5237 367 5295 nuncin
401 5237 507 5293 summi
532 5238 609 5308 regis
629 5234 762 5292 thalamis
793 5234 967 5292 sublimeris.
1023 5255 1044 5308 1,
1068 5237 1196 5309 t);qnia
1210 5238 1241 5293 in
1257 5238 1311 5294 hac
1326 5238 1385 5296 vita
1399 5239 1509 5296 crebris
1523 5240 1733 5298 adversitatum
1748 5240 1878 5298 tribula-

117 5330 175 5386 Nec
187 5342 224 5384 cx
239 5327 329 5398 huius
351 5326 469 5381 honoris
484 5325 632 5397 privilegio
659 5325 749 5396 priori
770 5325 984 5382 tantummodo
1023 5327 1152 5385 tionibus
1171 5327 1356 5400 corporaliter
1375 5327 1493 5397 athleta,
1518 5329 1603 5399 quasi
1624 5331 1653 5386 in
1669 5345 1756 5388 carne
1772 5331 1875 5402 nigre-

119 5418 193 5487 viro,
218 5417 267 5474 sad
289 5414 515 5487 quibuscunque
537 5415 628 5472 sorvis
648 5413 777 5486 ejusdcm
799 5413 875 5486 regis
898 5426 971 5485 prec-
1024 5416 1077 5475 scit
1102 5418 1241 5487 exterius,
1261 5416 1349 5490 juxta
1375 5416 1448 5475 illud
1475 5417 1629 5490 Apostoli:
1656 5441 1668 5470 ι
1695 5419 1801 5476 Omnes
1823 5427 1883 5491 qut
