3804 5962
69 229 123 286 tet

340 227 440 282 PETRI
460 226 645 282 ABAELARDI
664 227 741 283 OPP.
762 225 851 284 PARS
868 227 903 286 ll.
920 257 956 271 -
970 228 1153 287 SERHONES
1171 230 1215 285 ET
1233 183 1353 288 nense.
1373 229 1550 288 ASCETICA.

1768 234 1821 289 696

72 363 164 412 matra
180 352 323 409 nascendo
338 351 475 421 suscepit,
506 366 564 407 non
579 350 713 408 credatur
724 352 753 407 in
772 365 806 408 eu
834 351 915 409 lorti·
932 356 957 410 a
973 367 1023 426 per
1044 367 1172 411 errorem
1188 354 1345 411 detraxerit
1359 353 1460 411 honori
1475 354 1592 422 Christi,
1621 363 1738 426 propter
1765 357 1821 413 hoc

72 443 143 501 tudo
157 443 220 498 bei.
240 440 320 508 Quod
337 441 455 512 quidem
469 448 617 511 peccatum
633 455 669 496 ex
686 441 922 512 ignorantiatan·

74 546 164 607 quam
179 530 354 595 invincibili,
371 530 530 599 plurimum
540 530 707 586 excusabile
717 530 842 596 videtur,
855 546 921 587 cum

8 641 10 645 ¹
75 621 130 679 hnc
146 634 332 691 nequaquam
363 619 492 674 humana
513 620 633 686 ratione,
650 619 699 675 sed
727 621 784 676 lico
808 627 922 675 tantum

77 709 238 778 inspirante
270 706 378 777 percipi
400 714 502 775 posset,
523 716 553 762 ut
577 707 711 763 videlicet
739 709 815 764 Deus
837 708 922 764 homo

75 798 165 856 tieret.
190 796 270 853 Unde
284 803 312 851 et
334 796 454 864 ipsemet
485 794 618 850 dhristus
643 795 815 864 profitetur:
839 798 921 852 Nemo

75 886 208 943 veniloni
238 885 345 938 meuisc'
371 885 452 937 Poter
479 897 552 935 mens
582 884 698 936 trocerit
726 882 804 936 illum
831 885 921 951 licon.

75 992 113 1045 rr,
129 976 195 1046 ιιι);
210 974 281 1044 quia
300 979 415 1028 nonest
431 971 566 1027 humanae
582 970 705 1026 rationis
721 970 774 1026 boc
788 970 817 1026 in
841 970 923 1025 Chri-

76 1073 120 1123 sto
135 1064 291 1135 percipere,
312 1061 389 1132 quod
405 1059 585 1116 solummodo
607 1059 638 1114 tit
667 1059 725 1115 Dee
752 1058 924 1128 inspirante.

976 442 1176 510 damnabitur,
1203 458 1269 500 cum
1294 445 1355 501 baec
1374 443 1538 521 ignorantia
1554 444 1727 501 invincibilis
1743 446 1822 501 simi·

977 530 1032 589 lem
1054 548 1121 589 eum
1141 532 1226 589 iaciat
1248 533 1303 588 illis
1328 547 1379 603 pro
1398 533 1506 603 quibus
1530 533 1671 588 Dominus
1699 534 1728 589 in
1754 548 1823 603 pas-

979 623 1058 679 sione
1078 635 1132 678 sua
1156 622 1400 692 siveStephanus
1422 622 1558 679 oraverit.
1590 622 1689 678 Pietati
1715 624 1824 692 quippe

978 719 1066 781 atque
1089 710 1193 767 rationi
1217 711 1359 779 convenit,
1385 714 1415 766 ut
1437 711 1606 780 quicunque
1620 708 1682 781 lege
1697 710 1823 766 naturali

979 809 1136 856 creatorem
1156 802 1285 857 omnium
1310 814 1343 855 ac
1372 808 1616 856 remuneratorem
1634 800 1725 856 Deum
1742 813 1824 856 recu-

979 898 1156 961 gnoscentes,
1174 896 1253 946 tauto
1269 889 1308 944 illi
1324 889 1383 944 zelo
1401 889 1560 956 adbaereut,
1578 895 1609 945 ut
1636 902 1686 958 per
1700 903 1823 944 censen-

979 992 1056 1045 sum,
1083 978 1133 1048 qui
1157 978 1438 1048 propricjpeccatum
1462 978 1578 1040 dicitur.
1603 992 1670 1033 eum
1693 978 1825 1033 nitantur

980 1081 1170 1138 nequaquam
1207 1066 1362 1130 offendere,
1396 1067 1467 1124 tales
1495 1066 1825 1141 arbitremurminime

77 1154 283 1224 blasphemare
306 1165 375 1207 vero
404 1150 433 1204 in
453 1148 594 1218 Spiritum
616 1155 759 1215 sanctum,
775 1155 817 1203 est
832 1147 926 1203 mani-

78 1242 147 1301 ieste
163 1241 284 1298 bonitati
312 1240 373 1304 Ilei,
390 1239 443 1309 qui
473 1237 599 1307 Spiritus
614 1244 731 1293 sanctus
751 1235 926 1308 intelligitur

981 1156 1163 1213 damnandos
1192 1170 1273 1212 esse:
1301 1163 1407 1226 etque
1431 1155 1511 1212 illum
1533 1156 1569 1212 ad
1594 1154 1716 1212 salutem
1733 1169 1827 1211 neces

981 1258 1045 1301 sum
1060 1252 1102 1300 est
1114 1243 1270 1310 addiscere,
1286 1250 1352 1299 ante
1376 1242 1442 1298 vitae
1457 1244 1614 1299 terminum
1630 1256 1648 1298 a
1671 1244 1726 1298 Deo
1745 1256 1826 1298 reve-

78 1331 119 1390 ita
134 1332 259 1388 scienter
276 1343 310 1385 ex
329 1327 439 1384 invidia
462 1326 623 1392 detrahere,
639 1333 671 1382 ut
687 1326 834 1393 beneficia,
860 1341 925 1397 quae
982 1332 1036 1389 lari
1060 1333 1121 1389 sive
1141 1347 1193 1403 per
1215 1332 1441 1402 inspirationem,
1460 1331 1520 1387 sive
1543 1345 1594 1402 per
1610 1331 1736 1402 aliquem
1752 1331 1827 1387 dire·

80 1435 132 1493 lter
144 1419 284 1489 Suillium
300 1425 444 1483 sasseium,
460 1416 515 1471 110⁰
532 1423 574 1470 ³⁵1
586 1414 693 1472 dlvissae
707 1415 845 1471 b⁰¹titalis
864 1427 927 1487 gra·
982 1431 1060 1479 ctum
1076 1434 1134 1491 qun
1149 1422 1184 1477 de
1199 1421 1243 1476 his
1259 1421 1430 1488 instruatur,
1444 1420 1519 1475 sicut
1530 1420 1558 1476 in
1575 1420 1704 1476 Cornelio
1719 1419 1828 1475 lactum

80 1510 152 1566 tiam
167 1522 224 1563 nou
240 1507 374 1563 dulaitant
389 1505 461 1573 sieri,
480 1518 529 1574 per
551 1503 690 1560 invidiam
715 1504 846 1560 tribuant
862 1518 928 1560 ma-
983 1525 1043 1567 esse
1058 1511 1181 1583 legimns
1200 1511 1235 1565 de
1253 1510 1306 1565 lule
1321 1509 1427 1565 Christi
1448 1523 1480 1565 ac
1496 1509 1676 1578 perceptione
1694 1507 1830 1579 baptismi

79 1598 161 1669 liguo
177 1595 309 1667 Spiritui,
336 1596 411 1652 sicut
436 1593 575 1651 Pharisaei
596 1592 749 1661 iaciebant,
765 1593 836 1648 dum
862 1599 928 1649 tur·
985 1598 1058 1671 (Aut.
1074 1599 1114 1670 ιι).
1135 1598 1215 1666 Quod
1234 1606 1262 1653 et
1276 1605 1405 1668 patenter
1418 1598 1466 1653 illa
1485 1597 1599 1653 videtur
1615 1604 1744 1654 astruere
1764 1610 1829 1652 sen·

81 1688 149 1743 baffi
178 1686 340 1743 &edentem
369 1684 415 1740 his
447 1696 513 1753 llllae
543 1682 689 1748 Videbam,
729 1681 888 1748 miraculis,
913 1695 930 1737 ὃ
986 1690 1074 1745 tentia
1091 1688 1143 1743 :st
1157 1704 1203 1742 cer
1223 1692 1347 1741 uestrum
1370 1702 1424 1741 non
1447 1687 1651 1756 reprehenderit
1677 1702 1736 1752 nus,
1761 1685 1831 1754 fidu·

82 1775 197 1832 Christo
225 1773 579 1846 perinvidiamavertere
606 1771 778 1828 niterentur.
801 1776 930 1836 Quorum
986 1777 1198 1833 ciumlrubemos
1225 1777 1262 1830 od
1292 1779 1372 1830 licem
1399 1776 1420 1845 (l
1451 1777 1530 1829 icore.
1560 1791 1599 1843 m,
1628 1777 1691 1845 at);
1711 1782 1738 1830 et
1764 1787 1831 1828 cum

83 1872 233 1937 peccatum
253 1862 464 1933 sidiligentius
483 1859 847 1932 consideremus,gcarius
869 1873 930 1916 esse
987 1866 1125 1922 Dominus
1146 1865 1232 1933 dicar,
1263 1867 1393 1933 majorem
1418 1864 1468 1918 boe
1495 1865 1663 1919 ditectionem
1689 1878 1765 1917 nemo
1785 1862 1832 1915 ha-

82 1955 201 2011 videtur
224 1967 282 2023 quo
304 1951 438 2008 diabulus
462 1951 583 2007 corruit.
600 1952 659 2006 Etsi
687 1951 765 2006 e'n'rm
791 1947 930 2005 Pharisaei
987 1956 1039 2022 bel,
1066 1959 1097 2009 ut
1121 1957 1240 2009 unimam
1270 1970 1348 2008 suram
1367 1957 1453 2024 ponet
1481 1957 1542 2022 quis
1566 1969 1616 2022 pro
1645 1941 1740 2007 amicis
1772 1953 1831 2004 seis

84 2044 232 2102 Christum
247 2057 303 2098 non
320 2040 476 2111 credebant
491 2044 591 2108 beuru,
608 2039 754 2095 bominem
772 2048 865 2095 tarueu
886 2040 932 2109 ju·
987 2045 1076 2117 (suun.
1092 2058 1160 2108 xxv,
1184 2046 1234 2112 tat,
1257 2055 1444 2112 nequaquam
1460 2042 1494 2097 de
1514 2042 1559 2097 bis
1580 2040 1769 2097 diffidendum
1787 2039 1833 2094 vi-

85 2139 163 2189 stum
178 2145 214 2186 ex
231 2130 291 2185 vita
306 2137 333 2186 el
345 2129 484 2198 operibus
510 2131 574 2201 ejus
602 2129 738 2201 ignorare
765 2142 822 2184 nou
853 2134 931 2197 pote·
987 2133 1071 2189 detur
1093 2131 1145 2204 qui
1163 2131 1222 2188 nelo
1251 2131 1329 2202 legis,
1347 2131 1482 2201 quamvis
1498 2129 1645 2186 Christum
1661 2143 1718 2184 non
1742 2142 1833 2183 nove·

85 2227 231 2285 rant,nee
251 2218 398 2288 istaque
425 2217 557 2283 iaciebat,
575 2217 779 2288 perspiritum
800 2224 932 2272 sanctum
988 2224 1057 2289 rina,
1082 2223 1224 2291 moripru
1251 2221 1306 2276 bau
1329 2220 1483 2282 sustinent,
1513 2234 1578 2275 eum
1609 2218 1646 2273 sit
1668 2217 1750 2273 lacile
1776 2216 1835 2272 lieo

87 2308 162 2365 lacta
181 2321 251 2363 esse·
989 2310 1097 2366 talibus
1110 2311 1206 2366 statim
1223 2309 1366 2379 inspirare
1382 2307 1454 2378 quid
1476 2307 1511 2363 de
1526 2307 1638 2363 Christo
1653 2305 1690 2361 sit
1716 2305 1833 2360 creden·

124 2395 194 2451 Cum
209 2409 277 2465 ergo
291 2402 390 2451 contra
406 2393 609 2452 conscientiam
629 2407 714 2450 suam
733 2393 793 2449 baec
808 2391 935 2448 dicerent
989 2400 1058 2456 uum
1087 2407 1245 2469 antequam
1267 2398 1301 2453 de
1322 2409 1440 2466 corpore
1464 2396 1576 2452 recedat
1591 2395 1698 2462 anima,
1714 2408 1751 2450 ne
1766 2392 1836 2448 iud-

87 2498 138 2556 per
153 2483 314 2552 rualignum
345 2483 493 2553 spiritum,
510 2498 576 2554 quae
604 2481 664 2538 lieri
689 2497 746 2537 non
761 2481 935 2537 dubitabant
990 2487 1061 2544 deles
1076 2495 1202 2543 transeut
1216 2501 1252 2542 ox
1267 2485 1321 2541 hac
1335 2486 1404 2541 vita,

88 2587 140 2645 per
153 2571 294 2643 Spiritum
308 2580 440 2628 sanctum
458 2587 466 2639 ;
498 2570 623 2642 prolecto
652 2572 776 2627 scienter
790 2569 936 2624 mentien-
1223 2588 1370 2631 puouuxuu
1386 2586 1524 2628 uxxorssn
1544 2586 1605 2628 xrv.

89 2669 131 2719 tes
147 2661 243 2731 ipsum
262 2661 404 2731 Spiritum
428 2669 560 2718 sanctum
587 2661 751 2717 asserebant
766 2673 827 2714 esse
852 2657 936 2728 spiri·
1027 2664 1162 2730 quidest
1182 2663 1259 2734 quod
1287 2662 1413 2718 fidolium
1440 2669 1548 2717 mentes
1567 2659 1706 2717 Dominus
1721 2672 1837 2729 compo·

44 2762 47 2767 ·
88 2748 340 2819 turrimalignum.
370 2749 576 2820 luqnolouge
600 2750 693 2820 iringis
717 2746 938 2820 presumpsisse
992 2768 1073 2821 nens,
1093 2761 1121 2809 et
1142 2767 1175 2808 ea
1190 2759 1361 2822 computans
1388 2751 1475 2818 bona,
1503 2750 1609 2821 quibus
1630 2747 1836 2805 beatitudinem

89 2840 229 2897 videntur
256 2839 428 2906 mentiendo,
458 2853 549 2911 quam
576 2839 708 2895 diabolus
735 2838 936 2908 superbiendo.

993 2842 1150 2913 promereri
1177 2847 1306 2910 possunt,
1334 2840 1418 2895 modo
1435 2839 1463 2895 in
1484 2837 1607 2910 singulis
1626 2837 1693 2893 dicit
1708 2849 1756 2891 eos
1775 2834 1839 2890 bea·

90 2929 229 2985 Diabolus
254 2929 374 2999 quippe,
405 2929 540 2999 quamvis
568 2928 721 2998 appetierit
748 2928 805 2983 Deo
832 2926 938 2983 siruilis
954 2940 975 2996 q
993 2941 1045 2999 ως,
1062 2933 1092 2987 iu
1112 2931 1221 3002 quibus
1235 2936 1462 2999 suut‚tanquam
1483 2942 1578 2984 unum
1594 2926 1731 2997 quodque
1744 2922 1838 2979 lacere

92 3032 154 3074 esse
168 3024 196 3073 et
212 3031 262 3086 per
290 3030 318 3071 se
339 3030 462 3086 regnum
488 3015 629 3081 obtinere,
646 3030 703 3071 nou
732 3022 827 3071 tamen
845 3016 939 3070 intau-

91 3111 155 3160 tum
190 3105 231 3161 ibi
255 3104 412 3159 excessisse
440 3104 601 3159 credendus
627 3111 681 3168 est,
711 3111 743 3158 ut
771 3105 800 3159 in
831 3112 940 3159 tautam

91 3207 281 3264 prorumpere
296 3193 508 3262 blasphemiam
534 3193 664 3258 auderet,
695 3194 835 3248 uilicum
855 3206 939 3247 men-

94 3283 143 3338 tiri
168 3296 228 3337 esse
255 3283 364 3336 malum
384 3282 549 3337 sustineret.
568 3280 648 3337 Unde
677 3280 857 3351 blasphemia
874 3282 941 3336 istu-

93 3384 161 3426 rum
176 3384 233 3425 nou
254 3369 350 3425 minor
363 3370 501 3439 superbia
531 3369 657 3437 illorum,
678 3371 727 3426 sed
745 3372 831 3426 etiam
849 3369 942 3440 magis

94 3460 281 3517 exsecrabilis
303 3460 429 3529 videtur,
447 3468 478 3516 ut
493 3461 612 3516 omuino
627 3476 645 3517 a
673 3460 758 3516 venia
773 3459 890 3516 excludi
905 3460 943 3515 sit

94 3550 194 3621 digua.
212 3549 404 3620 Nequaquam
418 3558 513 3605 tamen
535 3550 660 3606 dicimus
679 3549 757 3620 quod
774 3548 941 3619 penitentia

95 3639 209 3707 talium,
225 3638 249 3693 si
266 3645 350 3704 esset,
376 3639 588 3710 indulgentiam
614 3653 673 3694 non
688 3640 851 3708 impetraret
869 3654 877 3708 ;
894 3637 942 3695 sed

94 3743 131 3785 cx
146 3727 288 3785 sententia
316 3727 431 3784 Doruiui
451 3742 550 3784 omnes
578 3728 648 3785 tales
664 3728 811 3784 credimus
824 3727 864 3783 ita
879 3726 941 3797 Spi-

95 3819 187 3874 ritum
211 3818 260 3874 Dei
285 3818 532 3884 exacerbassent
555 3818 584 3872 ιιι
600 3830 653 3873 sua
668 3817 804 3873 obstinati
821 3816 942 3884 malitia,

96 3909 213 3980 penitus
227 3907 338 3965 exclusi
354 3909 461 3965 luerint
475 3907 607 3978 agralia.

131 3999 210 4054 lianc
226 4004 323 4054 autem
351 3996 532 4052 manifestam
549 3994 674 4066 gratiam
698 3994 759 4060 Dei,
777 4007 842 4066 quae
867 4006 897 4049 se
914 3993 944 4048 in

995 3020 1120 3077 sulliciat
1138 3020 1257 3076 beatum
1281 3016 1356 3073 sicut
1374 3031 1436 3073 esse
1460 3015 1625 3072 declaratur
1640 3029 1677 3070 ex
1701 3026 1839 3069 remune-

995 3109 1211 3166 rationeeorum
1220 3105 1650 3177 subjectatsicqutppedtcttur
1663 3102 1755 3157 :Beati
1766 3117 1839 3171 pou-

994 3213 1071 3268 peres
1094 3199 1206 3266 spiritu,
1234 3197 1362 3265 quoniam
1388 3197 1511 3266 ipsorum
1536 3199 1575 3248 est
1590 3208 1701 3261 regnum
1717 3191 1841 3244 coelcmm

997 3287 1106 3359 (Metti.
1123 3302 1151 3353 v,
1171 3287 1212 3355 ι).
1228 3286 1261 3340 Et
1276 3284 1406 3339 similiter
1422 3283 1576 3339 incaeteris
1598 3279 1721 3352 singulis
1742 3292 1841 3335 remu·

996 3376 1107 3431 necatio
1128 3374 1313 3444 supponitur,
1330 3387 1367 3429 ex
1383 3384 1442 3442 qua
1466 3384 1652 3441 unaquaeque
1667 3367 1760 3440 gratia
1784 3366 1842 3422 sul·

997 3465 1082 3520 licere
1097 3464 1212 3520 videtur
1224 3462 1259 3517 ad
1275 3461 1407 3517 salutem.
1425 3463 1501 3525 Quas
1522 3459 1606 3515 etiam
1627 3456 1767 3527 distingui
1793 3469 1841 3526 pe·

998 3554 1086 3609 timus
1112 3552 1353 3624 diligentemque
1377 3550 1481 3607 mellus
1502 3555 1640 3619 appareat
1661 3554 1760 3601 utrum
1784 3543 1842 3599 sin·

999 3643 1074 3715 gulae
1090 3641 1247 3709 sufficiant,
1272 3640 1296 3696 ιι
1312 3654 1370 3696 ιιοιι
1386 3639 1416 3695 in
1436 3638 1534 3695 codem
1558 3636 1673 3693 bomine
1687 3633 1774 3690 simul
1793 3646 1842 3689 ec·

999 3737 1128 3789 currant.

1272 3831 1390 3873 sucurre
1405 3827 1562 3871 ananiam.

1034 3908 1144 3980 Septem
1161 3914 1229 3964 suut
1250 3907 1326 3963 bona
1350 3912 1491 3975 tanquam
1518 3910 1625 3973 septem
1653 3896 1841 3957 beatitudini-

1000 4000 1055 4056 bus
1067 3997 1213 4062 distincta,
1229 3995 1337 4067 quibus
1352 3995 1388 4050 ad
1405 4007 1538 4064 supernae
1554 3990 1661 4063 gaudia
1675 3989 1742 4044 vitre
1758 3999 1845 4044 mere·

97 4085 209 4145 Christo
224 4100 275 4156 per
302 4084 436 4145 ellectum
466 4085 675 4140 miraculorum
704 4083 821 4151 revelat,
850 4083 944 4139 Lucas
1001 4101 1067 4144 mur
1086 4085 1256 4157 pertingere.
1272 4085 1344 4142 Nam
1371 4083 1419 4140 illa
1434 4096 1499 4153 quae
1519 4081 1604 4152 quasi
1619 4086 1722 4135 octava
1736 4090 1846 4147 suppo-

58 4213 61 4217 *
98 4171 232 4245 superius
259 4189 309 4244 per
337 4174 462 4246 digitum
490 4174 539 4229 liei
568 4173 710 4243 designat,
741 4173 801 4242 ipse
835 4171 946 4227 dicente
1000 4177 1093 4245 nitur,
1105 4170 1621 4246 probatiomagisestpraecedentium
1634 4167 1846 4224 beatitudinum

98 4263 244 4322 Domino:
276 4266 358 4319 Pot'ttt
386 4264 411 4318 si
446 4265 474 4317 itt
508 4261 594 4330 dicito
634 4263 681 4316 Dei
709 4262 786 4329 ejicio
814 4261 947 4316 daemoma
1002 4280 1090 4337 quam
1120 4263 1176 4320 illis
1204 4271 1344 4333 tanquam
1373 4261 1496 4325 diversa,
1523 4256 1776 4324 connumeranda3
1798 4253 1846 4310 ubi

98 4353 174 4425 (Lare.
192 4366 234 4418 xi,
255 4352 310 4422 ιθ).
331 4352 432 4408 Manus
447 4350 554 4421 quippe
569 4349 630 4406 sive
659 4348 788 4416 dextera,
814 4348 860 4404 vel
879 4348 944 4405 bra·
1000 4353 1132 4411 videlicet
1156 4350 1263 4407 dicitur
1280 4364 1285 4404 :
1303 4351 1379 4405 licata·
1397 4350 1445 4417 qui
1466 4349 1680 4418 persecutionem
1696 4345 1848 4415 patiantur

99 4449 198 4507 chium
213 4447 365 4505 DeiFilius
380 4448 444 4518 eius
458 4447 585 4503 dicitur:
606 4445 636 4501 in
652 4445 706 4501 hac
723 4459 813 4501 mauu
836 4445 947 4517 digitus
999 4442 1275 4514 propterjestitiom,
1298 4440 1428 4509 quonium
1443 4441 1614 4508 ipsaemest
1635 4448 1748 4501 requam
1768 4432 1848 4487 ceto·

99 4547 141 4598 est
157 4537 308 4596 manilesta
323 4537 458 4607 quaelibet
477 4537 569 4592 sancti
595 4534 720 4605 Spiritus
748 4533 886 4604 operatio.
903 4534 949 4591 Di·

100 4631 161 4703 gito
176 4628 285 4699 quippe
301 4626 427 4682 maxilua
440 4624 551 4681 utimur
577 4625 605 4680 in
621 4624 863 4681 demonstratione
880 4637 945 4680 cor·

99 4719 242 4792 paralium
261 4731 370 4781 rorum,
393 4715 469 4770 unde
494 4713 621 4785 digitum
645 4714 695 4771 [ιιι
720 4714 860 4785 Spiritum
883 4713 948 4785 ejus

99 4811 180 4875 dicit,
197 4821 264 4864 cum
280 4805 405 4877 gratiam
429 4818 513 4859 suam
537 4818 586 4874 per
601 4804 729 4875 aliquem
745 4802 879 4859 ellectum
900 4801 948 4859 be·

100 4898 195 4956 neircii
209 4902 341 4968 patenter
355 4893 485 4963 exhibet,
505 4900 538 4949 ut
563 4908 621 4950 nun
644 4891 699 4946 nisi
713 4891 761 4946 [ιιι
776 4905 850 4962 opus
874 4891 946 4947 illud

99 4987 245 5055 credatur,
271 4985 324 5042 etsi
348 4983 482 5041 nonnulli
499 4997 550 5054 per
565 4980 706 5037 invidiam
734 4994 812 5037 more
843 4980 946 5036 Phari·

99 5088 224 5134 saeurmn
251 5072 321 5132 illud
339 5073 565 5131 calumnientur.
583 5072 619 5128 Et
649 5071 705 5128 boc
719 5076 761 5128 est
778 5069 832 5127 boc
847 5083 947 5141 pecca·

99 5173 161 5222 tum
182 5163 367 5232 blasphemiae
393 5163 422 5219 in
453 5161 592 5234 Spiritum
613 5168 757 5228 sanctum,
789 5172 838 5230 per
861 5172 949 5230 quern

101 5250 230 5311 remissio
269 5252 299 5308 [it
327 5259 510 5322 peccatorum
542 5249 739 5307 irremissibile
768 5260 946 5320 permanere.

102 5340 183 5410 Quod
196 5346 293 5396 autem
317 5339 426 5397 dictum
446 5340 685 5407 mutationeque
711 5337 814 5392 dicent
838 5337 949 5392 verbum

101 5431 199 5486 caetra
208 5429 308 5483 Filium
324 5428 449 5497 heminis,
459 5431 612 5484 remittetur
625 5429 660 5487 ei,
676 5427 719 5483 siu
745 5426 852 5497 accipe,
869 5423 947 5496 quod

102 5516 211 5588 nullus,
229 5518 291 5590 qui,
306 5523 338 5572 ut
359 5517 535 5582 dictumest,
563 5531 620 5572 nou
638 5529 690 5587 per
715 5514 869 5580 malitiam,
898 5513 948 5573 sed

1002 4548 1064 4587 rum
1080 4530 1188 4602 (dietih.
1206 4546 1233 4597 v,
1257 4532 1311 4598 ld).
1335 4528 1408 4585 Nam
1424 4527 1495 4599 quia
1516 4525 1648 4582 fidelibus
1668 4522 1761 4579 beatis
1784 4534 1849 4589 per·

1002 4620 1162 4679 secutiones
1185 4619 1309 4675 maxime
1333 4624 1445 4674 constat
1474 4615 1634 4679 imminere,
1672 4610 1779 4682 nequis
1801 4622 1849 4665 eos

1003 4716 1118 4780 propter
1136 4708 1189 4764 boc
1212 4706 1337 4763 crederet
1362 4708 1458 4762 miuus
1472 4719 1532 4761 esse
1552 4703 1659 4767 beatos,
1688 4700 1751 4755 ideo
1777 4711 1850 4769 prae·

1001 4799 1085 4856 dictis
1101 4796 1335 4854 beatitudinibus
1350 4795 1424 4851 istud
1439 4791 1592 4863 supposuit
1608 4800 1750 4859 tanquam
1765 4789 1788 4844 si
1804 4787 1850 4843 di·

1003 4895 1100 4945 earet:
1127 4889 1181 4942 llec
1205 4886 1306 4941 minus
1331 4883 1379 4940 isti
1402 4882 1473 4940 tales
1495 4880 1572 4938 beati
1593 4886 1671 4948 sunt,
1696 4891 1763 4934 cum
1787 4866 1850 4947 p‘er·

1003 4977 1165 5035 secutiones
1191 4973 1360 5043 sustinent3
1382 4973 1430 5029 sed
1460 4971 1553 5042 magis
1577 4969 1645 5026 binc
1676 4966 1850 5038 probantur,

1004 5080 1070 5124 eum
1086 5066 1116 5122 in
1130 5066 1172 5121 eis
1187 5079 1244 5120 uon
1260 5063 1409 5121 deliciunt.
1427 5061 1495 5118 Tres
1509 5067 1605 5116 autem
1631 5057 1759 5114 fidelium
1775 5054 1853 5111 ordi·

1003 5169 1053 5212 nes
1088 5161 1200 5211 constat
1233 5168 1303 5223 esse,
1331 5166 1423 5209 uuum
1463 5147 1595 5205 videlicet
1629 5144 1851 5210 continentium,

1002 5243 1127 5299 alterum
1156 5250 1311 5307 rectorum,
1337 5239 1452 5297 tertium
1478 5236 1712 5309 conjugatorum.
1739 5234 1771 5289 ln
1798 5232 1853 5289 tri-

1003 5333 1059 5389 bus
1073 5339 1170 5388 autem
1187 5329 1413 5402 precedentibus
1428 5324 1657 5385 beatitudinibus
1672 5322 1854 5379 continentes

1003 5421 1154 5493 diligenter
1182 5418 1303 5478 describi
1328 5418 1477 5475 arbitror:
1503 5423 1565 5488 post
1585 5414 1638 5471 bas
1657 5420 1755 5469 autem
1781 5417 1850 5479 tres,

1003 5509 1238 5590 duasproximae
1260 5507 1298 5567 ad
1321 5515 1445 5567 rectores
1467 5505 1594 5565 maxime
1616 5501 1782 5563 referendas
1806 5513 1853 5559 ar·
