3804 5962
1600 20 1788 31 ἡ..
1805 24 1810 31 ι

581 224 711 285 BTHICA
730 223 795 283 SEU
812 223 910 284 scitu
926 225 970 282 tn
989 223 1102 282 trsurt.
1665 234 1717 289 mo

77 355 104 407 et
117 362 136 405 a
151 347 329 406 confessione
343 347 474 407 retrahit.
492 349 811 423 Admeeatumqnippe
826 350 850 405 ιι
865 350 921 422 dt).
951 349 979 407 Si
1007 364 1076 424 ergo
1111 362 1145 407 eo
1173 349 1290 422 propria
1315 349 1494 408 confessione
1522 352 1654 412 convicto
1682 355 1719 412 ad

77 437 161 494 citans
176 437 279 494 timore
294 436 404 509 pariter
416 452 451 496 ac
463 439 639 496 verecundia
657 453 710 496 nos
723 441 817 507 exuit,
873 454 958 497 aures
981 439 1115 498 Ecclesiae
1140 439 1313 511 praeveniret
1327 440 1375 497 bic
1392 441 1457 513 ejus
1477 449 1535 498 tam
1556 441 1716 501 abhorren-

80 526 99 582 ιι
121 525 183 598 jam
215 534 312 594 restet,
344 526 421 598 quod
447 541 531 584 nosa
554 536 669 598 peceato
693 537 815 596 revocet.
871 530 927 586 dns
939 530 1049 600 lapsus,
1067 530 1134 601 quis
1150 544 1208 588 non
1229 528 1330 587 leviter
1351 529 1478 587 diceret:
1495 532 1622 586 nolumus
1648 532 1720 587 bunc

77 628 203 686 namque
228 616 330 671 timore
346 629 436 687 poenae
449 617 626 673 committere
646 630 705 674 non
729 616 818 674 ande·
871 631 987 686 regnare
1010 617 1241 688 supernotatis
1265 631 1328 685 xlx,
1350 618 1455 690 li);et
1470 630 1529 673 non
1552 617 1635 675 lacile
1661 620 1719 676 lto·

77 704 171 761 mnlta
198 717 248 774 pro
272 703 444 761 detrimento
461 713 566 763 nostrae
595 705 679 763 lamae
700 706 819 779 aggredi
873 706 1013 764 minicnm
1046 707 1221 777 improbaret
1249 705 1414 775 consilium,
1446 705 1524 776 quod
1550 707 1586 762 ad
1614 708 1721 765 conllr·

77 792 179 861 cimus,
205 792 258 849 etsi
274 792 328 849 boe
355 794 474 863 impune
495 808 654 865 possemus.
680 796 730 852 iiis
750 809 820 868 ergo
874 792 995 851 mandes
1009 793 1113 851 iratres
1131 807 1199 851 eum
1215 792 1309 867 elegit,
1323 793 1375 864 qni
1391 792 1503 865 primus
1517 792 1642 851 defecit?
1659 795 1721 853 liae

77 880 197 953 squasi
223 881 375 938 retinaculi
404 883 477 939 male
515 884 638 954 quilibet
669 885 821 955 expeditus
876 896 992 954 quoqne
1008 881 1188 952 procidentia
1206 882 1290 939 multi
1309 881 1517 939 contessionem
1533 881 1657 950 differre,
1674 883 1721 940 rel

77 985 103 1027 es
117 970 155 1027 ad
169 970 293 1042 quodvis
312 970 536 1041 perpetrandum
553 981 702 1043 peccatum
713 972 819 1030 ellicie-
875 972 994 1029 omnino
1018 971 1161 1028 dimittere
1186 977 1300 1042 possent
1323 970 1722 1041 sinepecca103sividelieet

77 1059 242 1130 nequidem
258 1066 339 1130 pacto
356 1060 467 1125 eadem,
490 1076 556 1132 quae
572 1062 652 1132 prius
675 1062 700 1118 ei
721 1062 821 1119 abstu-
877 1060 943 1133 plus
966 1060 1044 1117 illam
1075 1074 1177 1118 nocere
1201 1074 1290 1132 quam
1315 1059 1448 1131 prodesse
1470 1060 1628 1130 crederent,
1651 1060 1723 1132 quia

77 1156 223 1219 peccatum
251 1147 409 1218 perliceret,
434 1150 615 1220 postmodum
642 1150 736 1207 reddit
757 1159 822 1208 uta
876 1149 988 1207 nullam
1004 1150 1053 1208 liei
1078 1149 1269 1207 ollensamex
1295 1148 1381 1220 culpa
1403 1148 1592 1217 incurrimus,
1618 1149 1648 1206 in
1664 1162 1723 1220 quo

78 1237 156 1294 sione
184 1236 397 1294 revocet'l'une
424 1237 553 1295 confiteri
579 1240 660 1296 timet
685 1240 729 1297 rel
755 1253 823 1297 eru·
876 1253 943 1296 eum
958 1252 1145 1311 nequaquam
1169 1237 1387 1295 contemnimus.
1404 1236 1519 1294 Distulit
1534 1239 1635 1295 Petrus
1655 1250 1722 1294 con·

102 1325 193 1397 qnod,
218 1339 286 1381 cum
308 1328 468 1395 oportuerit
483 1326 621 1397 primum,
646 1342 702 1385 non
727 1328 824 1386 timuit
878 1327 952 1384 titeri
972 1336 1132 1398 peccatum,
1148 1341 1216 1384 cum
1229 1326 1325 1383 adbnc
1340 1334 1438 1383 tenera
1452 1324 1483 1381 in
1499 1324 1565 1392 lide,
1581 1332 1669 1397 atque
1685 1325 1724 1380 in·

79 1411 174 1468 nbuit.
190 1411 277 1468 simet
293 1426 329 1468 ne
343 1410 416 1469 lorte
440 1426 491 1482 per
503 1413 708 1470 contessionem
724 1414 823 1486 cogni·
880 1416 964 1473 drma
991 1424 1064 1474 esset
1087 1415 1221 1485 Ecclesia,
1247 1414 1338 1472 donec
1365 1415 1460 1472 virtus
1489 1414 1563 1471 Petri
1587 1414 1724 1485 praedica·

78 1499 179 1556 niatur
190 1500 227 1557 ab
250 1500 426 1568 nominibus,
443 1501 494 1572 qui
517 1503 615 1572 puniri
637 1517 695 1561 non
715 1504 823 1572 timuit,
879 1506 956 1564 tione
976 1505 1067 1577 ipsius
1078 1505 1124 1562 vel
1139 1504 1289 1562 miraculis
1302 1513 1375 1562 esset
1389 1503 1521 1578 probata.
1538 1505 1639 1560 Postea
1653 1516 1723 1561 vero

78 1588 239 1646 :erubescit
262 1589 481 1647 abdominibus
499 1591 576 1658 sciri,
592 1593 671 1663 quod
686 1606 743 1651 non
758 1607 861 1687 ern·B
878 1608 945 1652 cum
963 1593 997 1652 de
1010 1594 1063 1650 boc
1075 1594 1136 1665 jam
1155 1601 1307 1660 constaret,
1324 1594 1442 1664 ipsemet
1466 1593 1568 1649 Petrus
1586 1592 1649 1648 sine
1662 1589 1722 1648 ullo

78 1691 164 1735 uram
191 1677 340 1735 committi.
364 1678 417 1736 Sed
443 1679 494 1751 qni
524 1680 616 1752 plagae
645 1685 750 1753 querit
764 1697 823 1740 me·
880 1683 1012 1741 Ecclesiae
1038 1683 1175 1741 scandalo
1199 1691 1299 1740 contra
1322 1682 1549 1752 desperationem
1576 1680 1723 1752 lapsorum

78 1771 184 1833 tntum,
208 1775 472 1839 quantumcunque
500 1769 560 1839 ipsa
584 1770 708 1841 sordeat,
726 1785 841 1844 quanr·
879 1773 1008 1831 conliteri
1022 1773 1076 1830 boc
1101 1772 1202 1844 potuit,
1219 1781 1251 1830 nt
1272 1773 1411 1843 scriptum
1436 1771 1524 1828 etium
1544 1769 1723 1841 relinquere·

80 1868 160 1925 nque
184 1854 269 1923 oleat,
288 1856 398 1912 medico
419 1856 574 1914 revelanda
593 1866 635 1915 est
655 1867 685 1916 ut
706 1874 823 1931 compe·
879 1870 928 1920 tur
940 1863 979 1920 ab
993 1862 1188 1935 evangelistis.

78 1943 232 2001 dbibeatur
253 1945 375 2002 curatio.
400 1945 501 2002 illedici
523 1959 590 2003 vero
618 1947 712 2004 locum
733 1962 826 2006 sacer·
914 1950 988 2008 Sunt
1003 1951 1140 2020 leplessis,
1166 1950 1275 2023 quibus
1297 1948 1432 2008 rideatur
1449 1948 1579 2017 Petrum,
1600 1947 1651 2020 qui
1666 1961 1724 2005 cte·

78 2039 129 2100 tet,
146 2047 164 2089 a
179 2047 248 2104 qno,
266 2040 297 2091 ut
318 2033 457 2103 diximus,
478 2035 656 2093 instituenda
678 2044 719 2094 est
742 2038 825 2095 satis·
879 2038 948 2096 teris
957 2039 1092 2096 omnibus
1104 2047 1236 2110 preerat,
1258 2053 1312 2095 nec
1326 2038 1503 2109 superiorem
1523 2037 1657 2106 babebat,
1676 2035 1724 2094 cui

880 2128 977 2185 anima
1000 2128 1064 2199 ejus
1095 2136 1167 2186 emet
1196 2128 1360 2196 commissa,
1391 2140 1579 2199 nequaquam
1609 2126 1726 2184 baberet

78 2272 82 2285 ,
109 2228 201 2287 xxv,
231 2227 309 2295 Quod
342 2245 540 2302 nonnunquam
573 2234 707 2300 wasme,
722 2234 828 2290 gemm,-
879 2216 1075 2276 necessarium
1106 2215 1214 2273 bomini
1238 2216 1370 2273 contiteri
1397 2224 1556 2288 peecatum,
1583 2222 1724 2286 tanquam
1768 2250 1771 2255 -

351 2307 451 2372 potest.
880 2307 917 2365 ab
944 2307 993 2364 iilo
1020 2306 1198 2364 instituenda
1212 2313 1284 2362 esset
1309 2305 1336 2361 ei
1357 2304 1523 2371 satislactio,
1538 2317 1573 2361 ac
1600 2303 1624 2360 si
1654 2316 1723 2373 prte-

78 2396 169 2447 ndnm
193 2396 291 2447 tamen
311 2403 525 2462 nonnunquam
544 2391 657 2449 salubri
677 2392 827 2465 dispensa·
880 2404 961 2468 cepto
988 2396 1052 2468 eius
1081 2395 1166 2467 quasi
1194 2393 1351 2465 superioris
1378 2392 1515 2450 obediret.
1540 2391 1594 2450 Sed
1619 2391 1642 2449 si
1666 2405 1726 2449 non

79 2477 278 2536 contessionem
297 2479 385 2536 vitari
410 2494 500 2551 posse,
522 2480 596 2539 sicut
618 2482 652 2539 de
667 2483 748 2540 Petro
763 2498 827 2541 cre·
881 2499 933 2556 pro
947 2484 1140 2543 satislactione
1159 2482 1340 2557 injungenda
1358 2482 1489 2539 confiteri
1511 2481 1600 2538 alicui
1619 2480 1725 2537 debue-

78 2568 198 2639 ‚cujus
221 2566 367 2640 lacrymas
390 2568 580 2641 denegatione
605 2584 659 2626 sua
681 2571 825 2641 norimus,
880 2575 929 2641 rit,
959 2583 1074 2645 propter
1104 2573 1243 2630 orationis
1275 2571 1450 2642 suffragium
1479 2585 1537 2627 non
1566 2571 1727 2641 incongrue

79 2655 203 2713 ctionem
231 2670 299 2712 vero
323 2656 423 2724 aliam,
459 2658 504 2714 vel
535 2659 740 2716 contessionem
769 2673 827 2716 non
882 2663 944 2720 deri
960 2662 1071 2734 potuit:
1087 2661 1122 2717 de
1146 2675 1205 2732 quo
1228 2660 1346 2732 quidem
1365 2673 1433 2715 cum
1449 2658 1611 2715 diceretur:
1637 2652 1725 2727 conp-

79 2758 116 2802 ns.
136 2744 215 2802 Unde
238 2753 265 2802 et
279 2745 452 2803 Ambrosius
470 2760 557 2818 snper
581 2748 688 2804 Lucam
718 2748 828 2806 dehac
883 2753 978 2809 lucini
1001 2752 1166 2806 cimicum
1191 2754 1304 2820 peccate
1324 2752 1427 2812 uestro,
1452 2746 1643 2817 subjunctum
1666 2749 1725 2800 est:

79 2834 147 2891 ietri
177 2833 329 2907 negatione
357 2849 391 2891 ac
416 2835 486 2892 lietu
516 2836 597 2908 eius:
628 2839 686 2896 Non
707 2842 825 2907 inuenio,
883 2847 908 2898 et
932 2844 1008 2897 orote
1024 2854 1075 2910 pro
1098 2840 1213 2895 inuicem
1231 2842 1262 2893 ut
1286 2837 1430 2893 salvemini
1445 2834 1517 2904 (iac.
1534 2848 1560 2898 v,
1582 2831 1728 2901 rspiiibii

79 2922 173 2993 ,quid
200 2922 313 2990 ducit,
340 2925 448 2981 inuenio
463 2925 537 2993 quod
550 2929 663 2996 imerii,
690 2928 827 2998 lacrymas
845 2910 867 2970 (ἶ
883 2932 969 2989 etiam
985 2928 1103 3001 impedit
1119 2941 1155 2984 ne
1178 2927 1288 2996 praelati
1311 2924 1420 2998 eligant
1443 2923 1587 2995 subiectos
1608 2921 1645 2978 ad
1659 2934 1726 2978 con·

79 3024 128 3080 go,
157 3012 374 3079 sctbtcetionem
402 3028 455 3068 ιιοιι
482 3014 551 3082 lego.
576 3015 678 3070 denunt
701 3016 830 3086 loopmae
882 3018 1032 3076 lessionem
1059 3015 1233 3083 faciendam,
1256 3012 1300 3071 rel
1328 3013 1364 3070 ad
1386 3011 1611 3069 satisfactionem
1636 3008 1725 3066 susci·

79 3114 111 3155 ιιιι
138 3100 211 3167 quod
228 3115 291 3156 voce
316 3101 407 3170 pudor
433 3107 473 3157 est
487 3107 619 3173 conpleri,
636 3109 662 3160 et
688 3109 774 3161 venie
788 3107 830 3174 pc
883 3108 1028 3180 piendam,
1045 3113 1078 3162 ut
1092 3104 1169 3176 quod
1195 3103 1303 3176 agitur,
1327 3108 1406 3158 tanto
1423 3101 1481 3158 Deo
1499 3099 1550 3157 liat
1571 3097 1729 3169 acceptius,

79 3189 208 3256 naulum,
224 3194 250 3243 et
272 3191 460 3258 ueremuiiae3
485 3193 612 3261 lucrpmae
639 3195 696 3248 sine
720 3193 830 3249 horrore
884 3203 995 3269 quanto
1017 3195 1054 3251 ab
1077 3193 1125 3250 illo
1149 3192 1262 3266 geritur
1286 3190 1439 3248 bumiiius.
1462 3188 1532 3257 Quis
1551 3188 1639 3244 etiam
1655 3191 1730 3244 vetet

79 3277 272 3349 eloquuntur,
303 3281 362 3335 cine
387 3280 534 3349 offensione
562 3282 729 3338 omoercudiae
749 3284 829 3352 conpi-
884 3283 1041 3356 quemlibet
1068 3283 1099 3339 in
1120 3281 1228 3339 talibus
1255 3292 1407 3351 personam
1435 3275 1652 3347 religiosiorem,
1683 3273 1731 3332 vel

85 3383 94 3424 t
115 3368 242 3437 memma
256 3371 365 3424 senium
377 3385 433 3426 non
445 3372 600 3439 postulunt,
616 3370 663 3426 sed
682 3376 828 3426 meremur.
885 3372 976 3446 magis
995 3372 1146 3429 discretam
1162 3369 1277 3441 eligere,
1301 3371 1387 3441 cujus
1409 3366 1528 3424 arbitrio
1556 3362 1731 3422 satislactio-

79 3456 104 3513 ιο
129 3471 183 3514 cnr
213 3460 336 3514 tacuerit
362 3460 474 3526 Petrus,
498 3473 535 3515 ne
557 3459 664 3517 scilicet
691 3469 749 3517 tam
775 3460 831 3518 cito
884 3476 948 3519 nem
964 3475 1047 3518 suam
1058 3459 1228 3520 committat,
1248 3464 1276 3514 et
1293 3456 1475 3514 orationibus
1488 3455 1553 3527 ejus
1568 3454 1730 3525 plurimum

89 3546 189 3617 petitio
202 3546 268 3616 plus
281 3545 447 3604 offenderet.
475 3547 546 3612 Qum
568 3563 635 3605 tero
650 3547 706 3605 ista
726 3549 763 3604 sit
778 3563 831 3606 ve·
884 3548 1062 3622 adjuvetur?
1081 3547 1163 3606 Unde
1186 3554 1214 3604 et
1229 3561 1296 3603 cum
1317 3544 1518 3617 praemissum:
1535 3547 1563 3598 ct
1583 3548 1661 3598 orum
1681 3555 1732 3612 pro

80 3634 124 3691 dis
139 3635 183 3692 rel
197 3636 360 3692 reverentia
380 3636 566 3694 conlessionis
583 3645 616 3694 ut
630 3637 724 3695 llendo
738 3637 832 3708 magis
883 3641 998 3694 inuicem
1010 3642 1042 3693 ut
1059 3636 1213 3698 salvemini,
1235 3633 1332 3691 statim
1347 3633 1520 3704 adjunctum
1534 3634 1594 3687 est:
1615 3629 1734 3686 muitum

89 3721 253 3781 confitendo
267 3725 370 3781 Petrus
392 3724 570 3793 satislecerit,
596 3725 755 3783 videndum
777 3734 829 3782 est.
884 3730 955 3784 enim
973 3726 1047 3782 colet
1060 3726 1214 3795 deprecatio
1232 3722 1300 3791 iusti
1316 3720 1439 3776 assidua.
1454 3719 1534 3776 Sicut
1548 3716 1734 3775 enimmuiti

80 3811 115 3868 inr
139 3820 257 3883 propter
276 3813 329 3869 boc
348 3829 442 3871 unum
461 3812 589 3872 conliteri
613 3815 831 3872 verecundaba-
886 3818 958 3873 liunt
979 3812 1104 3884 imperiti
1143 3811 1258 3877 medici,
1294 3809 1405 3881 quibus
1429 3807 1562 3864 indrmos
1593 3805 1734 3863 committi

80 3912 101 3967 e,
125 3901 240 3972 cognito
256 3910 371 3972 peccato
385 3916 439 3959 suo
465 3902 560 3972 vilior,
584 3902 751 3970 baberetur,
767 3916 833 3975 pro·
886 3903 1079 3978 periculosum
1095 3907 1137 3958 est
1163 3907 1214 3956 aut
1238 3896 1360 3967 inutile3
1381 3897 1420 3957 ita
1434 3903 1461 3951 et
1478 3895 1508 3951 in
1532 3894 1658 3966 prelatis
1682 3894 1732 3950 Ec-

85 3991 231 4062 superbus
258 4000 330 4061 erat,
355 4001 384 4050 ct
407 3993 526 4050 honoris
552 3993 598 4050 sui
617 3993 717 4067 gloriae
741 3993 833 4064 magis
886 3993 978 4052 clesiae
993 3990 1078 4048 mniti
1098 3989 1295 4060 reperiuntur,
1314 3999 1368 4042 nec
1381 3982 1517 4056 religiosi,
1533 3996 1587 4039 nec
1605 3979 1733 4048 discreti,

89 4079 196 4138 animm
215 4095 274 4138 suae
289 4082 377 4139 saluti
391 4083 553 4140 consulens.
573 4082 623 4151 sm
637 4089 735 4140 autem
751 4096 832 4139 vere·
887 4091 975 4155 atque
989 4082 1110 4151 insuper
1131 4077 1167 4135 ad
1184 4075 1375 4148 detegendum
1401 4072 1603 4131 confitentium
1619 4078 1735 4140 peccata

80 4181 92 4225 ι
115 4182 175 4225 ιιοιι
199 4177 346 4240 tamena,
373 4185 464 4243 quam
483 4171 618 4228 Ecclesiae
640 4171 830 4239 retinebatur,
850 4192 872 4247 ῃ
889 4173 975 4239 leves,
999 4178 1032 4227 nt
1055 4166 1185 4226 confiteri
1209 4165 1250 4222 eis
1275 4178 1333 4221 non
1363 4162 1458 4220 solum
1488 4159 1601 4229 inutile,
1630 4171 1734 4215 verum

80 4265 104 4316 ιι
126 4257 182 4315 boc
204 4258 439 4331 improbandum.
464 4260 635 4318 Providebat
655 4274 684 4317 se
706 4259 833 4317 lortassis
888 4262 974 4319 etiam
989 4257 1183 4332 perniciosum
1205 4254 1348 4311 videatur.
1371 4250 1573 4323 Talesqnippe
1586 4262 1640 4307 nec
1653 4260 1736 4306 orare

91 4346 272 4405 Dominlcam
289 4348 398 4420 plebem
418 4364 436 4406 a
456 4349 576 4406 Domino
599 4349 832 4406 constituendum
889 4347 1053 4415 intendunt,
1079 4359 1133 4403 nec
1149 4345 1180 4402 in
1198 4341 1379 4401 orationibus
1399 4339 1461 4397 suis
1475 4338 1609 4397 exaudiri
1622 4351 1734 4396 meren·

80 4436 239 4508 trincipem,
269 4447 296 4496 et
325 4438 483 4496 verebatur
506 4453 542 4495 no
566 4439 589 4495 si
605 4439 658 4496 boc
673 4440 751 4496 trina
770 4438 835 4511 ejus
889 4445 958 4508 tur;
986 4443 1104 4494 etcum
1130 4433 1264 4491 instituta
1286 4441 1431 4489 canonum
1453 4428 1599 4502 ignorent,
1631 4441 1685 4484 nec
1705 4425 1737 4484 in
1781 4498 1787 4507 ¹

80 4541 103 4583 ro
128 4539 180 4597 per
215 4525 422 4585 contessionem
454 4527 517 4600 ejns
543 4528 598 4584 cito
624 4527 653 4584 in
684 4527 834 4598 publicum
889 4524 1049 4584 statuendis
1084 4520 1328 4580 satislactionibus
1361 4517 1505 4575 moderari
1540 4517 1643 4585 sciant,
1680 4516 1734 4573 ire·

80 4622 126 4684 et,
148 4629 236 4688 super
255 4617 309 4674 boc
326 4616 455 4675 Ecclesia
478 4617 606 4689 graviter
625 4616 834 4674 scandalizare·
889 4622 1014 4687 quenter
1034 4613 1065 4670 in
1085 4611 1192 4669 talibus
1219 4622 1325 4667 vanam
1352 4605 1535 4665 securitatem
1552 4604 1738 4676 promittunt,

80 4704 489 4764 aternbescentiarebementi
505 4704 742 4774 contunderetur,
757 4704 836 4777 qnod
890 4714 917 4762 et
931 4719 981 4777 spe
1003 4715 1084 4760 cassa
1099 4700 1175 4772 ipsos
1192 4698 1360 4757 confitentes
1381 4695 1539 4766 decipiunt,
1553 4694 1641 4766 juxta
1664 4692 1738 4750 illud

80 4791 193 4850 lacilem
215 4794 252 4851 ad
282 4794 460 4868 negandum,
483 4801 511 4851 ot
540 4801 598 4851 tam
620 4793 836 4865 pusillanimem
890 4793 1045 4854 Veritatis:
1067 4791 1136 4848 ceci
1157 4792 1224 4845 auat
1237 4788 1318 4845 duces
1338 4799 1490 4855 cecorum3
1504 4791 1534 4841 et
1554 4795 1690 4839 rursum:
1707 4782 1740 4839 st

81 4894 133 4939 nus
145 4881 171 4939 ei
188 4881 367 4952 praefecisset.
380 4881 408 4940 Si
426 4895 494 4955 ergo
515 4888 572 4938 taur
592 4896 645 4953 pro
662 4875 837 4939 bonoresibi
891 4899 976 4941 cecus
990 4896 1056 4938 ceco
1079 4881 1209 4936 ducatum
1229 4875 1443 4948 merleisuein
1463 4875 1494 4928 in
1509 4874 1616 4941 foueam
1636 4870 1739 4928 cudunt

80 4968 195 5039 mando,
232 4984 321 5043 quam
351 4985 404 5043 pro
434 4971 490 5028 bac
519 4970 609 5028 animi
638 4969 836 5028 erubescentia
892 4973 1002 5041 (liciti.
1019 4984 1070 5036 xv,
1088 4969 1141 5041 ιι).
1157 4967 1294 5036 Quicum
1310 4965 1398 5022 etiam
1423 4969 1457 5019 ut
1476 4961 1618 5028 diximus,
1638 4958 1740 5018 leviter

81 5058 122 5118 ie
136 5060 267 5118 conliteri
282 5061 403 5128 distulit,
420 5061 538 5132 provide
553 5060 616 5128 boc,
632 5074 691 5117 non
715 5060 838 5131 superbe
892 5059 1085 5120 consessiones
1103 5071 1177 5130 quas
1198 5053 1372 5124 suscipiunt,
1402 5049 1540 5113 revelant,
1569 5047 1741 5120 penitentes

89 5149 189 5207 'rimor
212 5164 331 5222 qnoque
355 5150 385 5207 in
410 5163 499 5208 causa
527 5149 708 5207 rationabilis
736 5148 790 5207 init
803 5149 838 5206 de
892 5150 929 5207 ad
947 5147 1174 5220 indignationem
1190 5148 1381 5208 commovent,
1395 5149 1422 5198 et
1438 5138 1488 5212 qui
1504 5151 1608 5195 curare
1622 5142 1741 5208 peccata

81 5236 252 5295 eiicclesiae
282 5238 386 5311 magis,
415 5251 504 5311 quam
534 5238 569 5294 de
598 5239 722 5308 propriae
750 5237 836 5295 detri-
892 5239 1064 5305 debuerant,
1079 5248 1171 5293 noras
1192 5239 1375 5305 peecatorum
1399 5228 1500 5302 plagas
1515 5225 1655 5295 inierunt,
1675 5233 1740 5283 eta

81 5323 193 5382 tiemo.
207 5324 319 5383 Sciebat
328 5327 437 5399 quippe
447 5326 501 5383 sibi
512 5326 673 5397 specialiter
687 5339 704 5382 a
717 5325 839 5383 Domino
893 5327 1069 5386 contessione
1083 5324 1234 5382 audientes
1248 5321 1404 5380 deterrent.

81 5412 149 5472 tiam
171 5428 234 5472 esse
261 5415 444 5473 commissam
471 5429 538 5474 cum
563 5416 588 5474 ei
604 5416 732 5473 diceret:
757 5418 793 5471 nt
808 5420 839 5472 tu
927 5412 1149 5484 Nonnunquam
1170 5408 1258 5469 etiarn
1283 5413 1400 5481 peecata
1430 5404 1474 5464 sel
1495 5418 1533 5462 ex
1552 5402 1608 5471 ira,
1635 5400 1679 5460 rei
1704 5414 1741 5459 ex

81 5502 140 5562 edo
151 5517 295 5564 ιοιιιιιιιιιι
320 5503 454 5577 conanae
468 5507 571 5576 putres
588 5510 647 5564 tuce
670 5504 745 5577 (buc.
760 5517 836 5575 xxn,
893 5502 1009 5564 levitate
1027 5498 1184 5562 revelando
1203 5498 1333 5574 graviter
1353 5495 1512 5559 Ecclesium
1532 5492 1739 5556 scandalizant.
