<?xml version="1.0" encoding="UTF-8"?>
<!DOCTYPE html PUBLIC "-//W3C//DTD XHTML 1.0 Transitional//EN"
    "http://www.w3.org/TR/xhtml1/DTD/xhtml1-transitional.dtd">
<html xmlns="http://www.w3.org/1999/xhtml" xml:lang="en" lang="en">
 <head>
  <title>
</title>
<meta http-equiv="Content-Type" content="text/html;charset=utf-8" />
  <meta name='ocr-system' content='tesseract 3.04.00' />
  <meta name='ocr-capabilities' content='ocr_page ocr_carea ocr_par ocr_line ocrx_word'/>
</head>
<body>
  <div class='ocr_page' id='page_1' title='image "./patrologiaecurs53unkngoog/patrologiaecurs53unkngoog_0121.png"; bbox 0 0 3804 5962; ppageno 0'>
   <div class='ocr_carea' id='block_1_1' title="bbox 125 184 1868 257">
    <p class='ocr_par' dir='ltr' id='par_1_1' title="bbox 125 184 1868 257">
     <span class='ocr_line' id='line_1_1' title="bbox 125 184 1868 257; baseline 0 -7"><span class='ocrx_word' id='word_1_1' title='bbox 125 192 176 250; x_wconf 77' lang='grc'><strong>231</strong></span> <span class='ocrx_word' id='word_1_2' title='bbox 587 186 694 250; x_wconf 81' lang='lat' dir='ltr'><strong>rti&#39;tttt</strong></span> <span class='ocrx_word' id='word_1_3' title='bbox 712 184 901 248; x_wconf 61' lang='lat' dir='ltr'><strong>trutanni</strong></span> <span class='ocrx_word' id='word_1_4' title='bbox 921 185 998 246; x_wconf 80' lang='lat' dir='ltr'><strong>0l’P.</strong></span> <span class='ocrx_word' id='word_1_5' title='bbox 1018 187 1110 249; x_wconf 77' lang='lat' dir='ltr'>PARS</span> <span class='ocrx_word' id='word_1_6' title='bbox 1124 192 1145 248; x_wconf 92' lang='lat' dir='ltr'><strong>t.</strong></span> <span class='ocrx_word' id='word_1_7' title='bbox 1164 223 1198 235; x_wconf 91' lang='lat'><em>-</em></span> <span class='ocrx_word' id='word_1_8' title='bbox 1217 191 1408 257; x_wconf 72' lang='lat' dir='ltr'><strong>EPISTOLAE.</strong></span> <span class='ocrx_word' id='word_1_9' title='bbox 1813 196 1868 252; x_wconf 76' lang='lat'><strong>232</strong></span> 
     </span>
    </p>
   </div>
   <div class='ocr_carea' id='block_1_2' title="bbox 32 311 1870 1465">
    <p class='ocr_par' dir='ltr' id='par_1_2' title="bbox 32 311 1870 1378">
     <span class='ocr_line' id='line_1_2' title="bbox 127 311 1866 395; baseline -0.001 -18"><span class='ocrx_word' id='word_1_10' title='bbox 127 315 285 394; x_wconf 88' lang='lat' dir='ltr'><strong>quentibns</strong></span> <span class='ocrx_word' id='word_1_11' title='bbox 312 311 473 371; x_wconf 71' lang='lat' dir='ltr'><strong>adinvicem</strong></span> <span class='ocrx_word' id='word_1_12' title='bbox 488 313 523 371; x_wconf 91' lang='lat' dir='ltr'><strong>de</strong></span> <span class='ocrx_word' id='word_1_13' title='bbox 550 315 596 373; x_wconf 92' lang='lat' dir='ltr'><strong>bis</strong></span> <span class='ocrx_word' id='word_1_14' title='bbox 609 315 744 374; x_wconf 90' lang='lat' dir='ltr'><strong>omnibns</strong></span> <span class='ocrx_word' id='word_1_15' title='bbox 767 329 833 385; x_wconf 78' lang='lat' dir='ltr'><strong>qne</strong></span> <span class='ocrx_word' id='word_1_16' title='bbox 857 314 967 372; x_wconf 89' lang='lat' dir='ltr'><strong>accide·</strong></span> <span class='ocrx_word' id='word_1_17' title='bbox 983 316 1008 371; x_wconf 83' lang='lat' dir='ltr'><strong>t</strong></span> <span class='ocrx_word' id='word_1_18' title='bbox 1023 314 1131 388; x_wconf 87' lang='lat' dir='ltr'><strong>quibus</strong></span> <span class='ocrx_word' id='word_1_19' title='bbox 1144 317 1283 391; x_wconf 89' lang='lat' dir='ltr'><strong>scriptum</strong></span> <span class='ocrx_word' id='word_1_20' title='bbox 1298 328 1349 392; x_wconf 85' lang='lat' dir='ltr'><strong>est,</strong></span> <span class='ocrx_word' id='word_1_21' title='bbox 1366 323 1446 395; x_wconf 88' lang='lat' dir='ltr'><strong>quud</strong></span> <span class='ocrx_word' id='word_1_22' title='bbox 1460 330 1522 395; x_wconf 93' lang='lat' dir='ltr'><strong>post</strong></span> <span class='ocrx_word' id='word_1_23' title='bbox 1537 317 1699 394; x_wconf 79' lang='lat' dir='ltr'><strong>angelicam</strong></span> <span class='ocrx_word' id='word_1_24' title='bbox 1715 317 1866 388; x_wconf 85' lang='lat' dir='ltr'><strong>visionem,</strong></span> 
     </span>
     <span class='ocr_line' id='line_1_3' title="bbox 126 403 1869 482; baseline -0.002 -14"><span class='ocrx_word' id='word_1_25' title='bbox 126 415 205 475; x_wconf 89' lang='lat' dir='ltr'><strong>rant,</strong></span> <span class='ocrx_word' id='word_1_26' title='bbox 220 404 289 476; x_wconf 87' lang='lat' dir='ltr'><strong>ipsis</strong></span> <span class='ocrx_word' id='word_1_27' title='bbox 302 403 446 474; x_wconf 90' lang='lat' dir='ltr'><strong>apparuit,</strong></span> <span class='ocrx_word' id='word_1_28' title='bbox 472 412 621 461; x_wconf 89' lang='lat' dir='ltr'><strong>eteorum</strong></span> <span class='ocrx_word' id='word_1_29' title='bbox 651 404 875 475; x_wconf 77' lang='lat' dir='ltr'><strong>desperationem</strong></span> <span class='ocrx_word' id='word_1_30' title='bbox 903 418 969 461; x_wconf 88' lang='lat' dir='ltr'><strong>cur·</strong></span> <span class='ocrx_word' id='word_1_31' title='bbox 1025 406 1187 464; x_wconf 90' lang='lat' dir='ltr'><strong>«exierunt</strong></span> <span class='ocrx_word' id='word_1_32' title='bbox 1215 410 1249 467; x_wconf 89' lang='lat' dir='ltr'><strong>de</strong></span> <span class='ocrx_word' id='word_1_33' title='bbox 1276 420 1473 482; x_wconf 88' lang='lat' dir='ltr'><strong>monumento,</strong></span> <span class='ocrx_word' id='word_1_34' title='bbox 1501 418 1649 469; x_wconf 88' lang='lat' dir='ltr'><strong>currentes</strong></span> <span class='ocrx_word' id='word_1_35' title='bbox 1663 410 1799 466; x_wconf 90' lang='lat' dir='ltr'><strong>nuntiare</strong></span> <span class='ocrx_word' id='word_1_36' title='bbox 1824 410 1869 465; x_wconf 91' lang='lat' dir='ltr'><strong>di·</strong></span> 
     </span>
     <span class='ocr_line' id='line_1_4' title="bbox 125 496 1870 572; baseline -0.009 -6"><span class='ocrx_word' id='word_1_37' title='bbox 125 506 210 566; x_wconf 84' lang='lat' dir='ltr'><strong>rexit.</strong></span> <span class='ocrx_word' id='word_1_38' title='bbox 226 502 300 572; x_wconf 85' lang='lat' dir='ltr'><strong>Quid</strong></span> <span class='ocrx_word' id='word_1_39' title='bbox 328 500 453 572; x_wconf 80' lang='lat' dir='ltr'><strong>deniqne</strong></span> <span class='ocrx_word' id='word_1_40' title='bbox 472 501 574 557; x_wconf 91' lang='lat' dir='ltr'><strong>Petrus</strong></span> <span class='ocrx_word' id='word_1_41' title='bbox 585 501 630 559; x_wconf 87' lang='lat' dir='ltr'><strong>vel</strong></span> <span class='ocrx_word' id='word_1_42' title='bbox 652 502 747 559; x_wconf 86' lang='lat' dir='ltr'><strong>caeteri</strong></span> <span class='ocrx_word' id='word_1_43' title='bbox 760 501 968 572; x_wconf 90' lang='lat' dir='ltr'><strong>discipulorum</strong></span> <span class='ocrx_word' id='word_1_44' title='bbox 1022 496 1140 566; x_wconf 81' lang='lat' dir='ltr'><strong>scipulis</strong></span> <span class='ocrx_word' id='word_1_45' title='bbox 1159 503 1397 559; x_wconf 72' lang='lat' dir='ltr'><strong>resurrectionem</strong></span> <span class='ocrx_word' id='word_1_46' title='bbox 1423 501 1546 560; x_wconf 76' lang='lat' dir='ltr'><strong>Domini.</strong></span> <span class='ocrx_word' id='word_1_47' title='bbox 1567 501 1681 558; x_wconf 73' lang='lat' dir='ltr'><strong>Etecoe</strong></span> <span class='ocrx_word' id='word_1_48' title='bbox 1709 502 1792 556; x_wconf 81' lang='lat' dir='ltr'><strong>iesus</strong></span> <span class='ocrx_word' id='word_1_49' title='bbox 1824 513 1870 554; x_wconf 87' lang='lat' dir='ltr'><strong>oe·</strong></span> 
     </span>
     <span class='ocr_line' id='line_1_5' title="bbox 126 585 1865 670; baseline -0.006 -16"><span class='ocrx_word' id='word_1_50' title='bbox 126 603 231 670; x_wconf 84' lang='lat' dir='ltr'><strong>praeter</strong></span> <span class='ocrx_word' id='word_1_51' title='bbox 244 591 334 650; x_wconf 91' lang='lat' dir='ltr'><strong>verba</strong></span> <span class='ocrx_word' id='word_1_52' title='bbox 359 597 427 646; x_wconf 90' lang='lat' dir='ltr'><strong>tnnc</strong></span> <span class='ocrx_word' id='word_1_53' title='bbox 458 588 632 658; x_wconf 87' lang='lat' dir='ltr'><strong>babuerunt,</strong></span> <span class='ocrx_word' id='word_1_54' title='bbox 648 605 714 647; x_wconf 88' lang='lat' dir='ltr'><strong>cunr</strong></span> <span class='ocrx_word' id='word_1_55' title='bbox 734 592 770 647; x_wconf 88' lang='lat' dir='ltr'><strong>ad</strong></span> <span class='ocrx_word' id='word_1_56' title='bbox 790 591 967 648; x_wconf 82' lang='grc'>1133131333</span> <span class='ocrx_word' id='word_1_57' title='bbox 1022 585 1114 643; x_wconf 89' lang='lat' dir='ltr'><strong>currit</strong></span> <span class='ocrx_word' id='word_1_58' title='bbox 1134 586 1199 655; x_wconf 86' lang='lat' dir='ltr'><strong>illis,</strong></span> <span class='ocrx_word' id='word_1_59' title='bbox 1218 589 1315 647; x_wconf 89' lang='lat' dir='ltr'><strong>dicens</strong></span> <span class='ocrx_word' id='word_1_60' title='bbox 1332 606 1338 646; x_wconf 91' lang='lat'>:</span> <span class='ocrx_word' id='word_1_61' title='bbox 1354 593 1451 650; x_wconf 81' lang='lat' dir='ltr'><strong>Arete.</strong></span> <span class='ocrx_word' id='word_1_62' title='bbox 1478 592 1537 649; x_wconf 83' lang='lat' dir='ltr'><strong>tttae</strong></span> <span class='ocrx_word' id='word_1_63' title='bbox 1552 598 1648 648; x_wconf 87' lang='lat' dir='ltr'><strong>autem</strong></span> <span class='ocrx_word' id='word_1_64' title='bbox 1663 591 1865 656; x_wconf 84' lang='lat' dir='ltr'><strong>accesserunt,</strong></span> 
     </span>
     <span class='ocr_line' id='line_1_6' title="bbox 124 678 1868 751; baseline -0.007 -5"><span class='ocrx_word' id='word_1_65' title='bbox 124 694 245 746; x_wconf 85' lang='lat' dir='ltr'><strong>rentum</strong></span> <span class='ocrx_word' id='word_1_66' title='bbox 259 686 332 739; x_wconf 86' lang='lat' dir='ltr'><strong>esset</strong></span> <span class='ocrx_word' id='word_1_67' title='bbox 358 678 528 750; x_wconf 89' lang='lat' dir='ltr'><strong>passionem,</strong></span> <span class='ocrx_word' id='word_1_68' title='bbox 551 678 652 750; x_wconf 89' lang='lat' dir='ltr'><strong>etipse</strong></span> <span class='ocrx_word' id='word_1_69' title='bbox 677 679 815 737; x_wconf 83' lang='lat' dir='ltr'><strong>Dominus</strong></span> <span class='ocrx_word' id='word_1_70' title='bbox 836 679 966 736; x_wconf 93' lang='lat' dir='ltr'><strong>luturum</strong></span> <span class='ocrx_word' id='word_1_71' title='bbox 1021 680 1049 729; x_wconf 91' lang='grc' dir='ltr'>ει</span> <span class='ocrx_word' id='word_1_72' title='bbox 1062 681 1218 734; x_wconf 85' lang='lat' dir='ltr'><strong>tennerunt</strong></span> <span class='ocrx_word' id='word_1_73' title='bbox 1232 679 1315 747; x_wconf 88' lang='lat' dir='ltr'><strong>pedes</strong></span> <span class='ocrx_word' id='word_1_74' title='bbox 1328 680 1399 751; x_wconf 85' lang='lat' dir='ltr'><strong>ejus,</strong></span> <span class='ocrx_word' id='word_1_75' title='bbox 1418 688 1446 738; x_wconf 90' lang='grc' dir='ltr'>ει</span> <span class='ocrx_word' id='word_1_76' title='bbox 1474 680 1669 738; x_wconf 87' lang='lat' dir='ltr'><strong>adoraverunt</strong></span> <span class='ocrx_word' id='word_1_77' title='bbox 1683 692 1769 736; x_wconf 88' lang='lat' dir='ltr'><strong>eum.</strong></span> <span class='ocrx_word' id='word_1_78' title='bbox 1785 678 1868 734; x_wconf 84' lang='grc'>’1333</span> 
     </span>
     <span class='ocr_line' id='line_1_7' title="bbox 124 763 1866 844; baseline -0.006 -10"><span class='ocrx_word' id='word_1_79' title='bbox 124 778 166 835; x_wconf 88' lang='lat' dir='ltr'><strong>eis</strong></span> <span class='ocrx_word' id='word_1_80' title='bbox 180 776 214 832; x_wconf 91' lang='lat' dir='ltr'><strong>de</strong></span> <span class='ocrx_word' id='word_1_81' title='bbox 227 769 359 844; x_wconf 80' lang='lat' dir='ltr'><strong>passione</strong></span> <span class='ocrx_word' id='word_1_82' title='bbox 386 780 439 823; x_wconf 91' lang='lat' dir='ltr'><strong>sua</strong></span> <span class='ocrx_word' id='word_1_83' title='bbox 458 766 625 824; x_wconf 88' lang='lat' dir='ltr'><strong>scandalum</strong></span> <span class='ocrx_word' id='word_1_84' title='bbox 643 766 917 838; x_wconf 71' lang='lat' dir='ltr'><strong>praedixissetirilt</strong></span> <span class='ocrx_word' id='word_1_85' title='bbox 943 767 967 823; x_wconf 92' lang='lat' dir='ltr'><strong>si</strong></span> <span class='ocrx_word' id='word_1_86' title='bbox 1021 763 1061 819; x_wconf 90' lang='lat' dir='ltr'><strong>ait</strong></span> <span class='ocrx_word' id='word_1_87' title='bbox 1074 764 1174 821; x_wconf 86' lang='lat' dir='ltr'><strong>lesus:</strong></span> <span class='ocrx_word' id='word_1_88' title='bbox 1203 769 1254 837; x_wconf 87' lang='lat' dir='ltr'><strong>lte,</strong></span> <span class='ocrx_word' id='word_1_89' title='bbox 1271 770 1402 827; x_wconf 86' lang='lat' dir='ltr'><strong>nuntiate</strong></span> <span class='ocrx_word' id='word_1_90' title='bbox 1427 770 1567 828; x_wconf 86' lang='lat' dir='ltr'><strong>iratribus</strong></span> <span class='ocrx_word' id='word_1_91' title='bbox 1593 769 1674 837; x_wconf 91' lang='lat' dir='ltr'><strong>meis,</strong></span> <span class='ocrx_word' id='word_1_92' title='bbox 1704 771 1738 825; x_wconf 87' lang='lat' dir='ltr'><strong>ut</strong></span> <span class='ocrx_word' id='word_1_93' title='bbox 1747 776 1813 824; x_wconf 90' lang='lat' dir='ltr'><strong>eant</strong></span> <span class='ocrx_word' id='word_1_94' title='bbox 1836 768 1866 824; x_wconf 94' lang='lat' dir='ltr'><strong>in</strong></span> 
     </span>
     <span class='ocr_line' id='line_1_8' title="bbox 124 850 1866 931; baseline -0.005 -10"><span class='ocrx_word' id='word_1_95' title='bbox 124 877 231 928; x_wconf 87' lang='lat' dir='ltr'><strong>omnes,</strong></span> <span class='ocrx_word' id='word_1_96' title='bbox 243 881 258 911; x_wconf 77' lang='grc' dir='ltr'>ιι</span> <span class='ocrx_word' id='word_1_97' title='bbox 270 856 366 929; x_wconf 81' lang='lat' dir='ltr'><strong>innuit</strong></span> <span class='ocrx_word' id='word_1_98' title='bbox 377 858 486 922; x_wconf 89' lang='lat' dir='ltr'><strong>Petrus,</strong></span> <span class='ocrx_word' id='word_1_99' title='bbox 500 876 511 905; x_wconf 76' lang='grc' dir='ltr'>ι</span> <span class='ocrx_word' id='word_1_100' title='bbox 523 856 707 912; x_wconf 87' lang='lat' dir='ltr'><strong>scandalizati</strong></span> <span class='ocrx_word' id='word_1_101' title='bbox 717 855 903 924; x_wconf 89' lang='lat' dir='ltr'><strong>inerintinte,</strong></span> <span class='ocrx_word' id='word_1_102' title='bbox 914 870 966 927; x_wconf 86' lang='lat' dir='ltr'><strong>ego</strong></span> <span class='ocrx_word' id='word_1_103' title='bbox 1020 850 1175 910; x_wconf 79' lang='lat' dir='ltr'><strong>Galilaeam&#39;.</strong></span> <span class='ocrx_word' id='word_1_104' title='bbox 1206 855 1248 912; x_wconf 93' lang='lat' dir='ltr'><strong>ibi</strong></span> <span class='ocrx_word' id='word_1_105' title='bbox 1270 871 1314 914; x_wconf 90' lang='lat' dir='ltr'><strong>me</strong></span> <span class='ocrx_word' id='word_1_106' title='bbox 1327 858 1468 917; x_wconf 91' lang='lat' dir='ltr'><strong>videbunt</strong></span> <span class='ocrx_word' id='word_1_107' title='bbox 1498 860 1608 931; x_wconf 71' lang='lat' dir='ltr'><strong>(Mettis.</strong></span> <span class='ocrx_word' id='word_1_108' title='bbox 1623 871 1725 925; x_wconf 88' lang='lat' dir='ltr'><strong>xxvru,</strong></span> <span class='ocrx_word' id='word_1_109' title='bbox 1740 855 1778 928; x_wconf 84' lang='lat'><strong>8).</strong></span> <span class='ocrx_word' id='word_1_110' title='bbox 1795 875 1809 908; x_wconf 78' lang='lat' dir='ltr'><strong>r&gt;</strong></span> <span class='ocrx_word' id='word_1_111' title='bbox 1826 857 1866 913; x_wconf 87' lang='lat' dir='ltr'><strong>Dc</strong></span> 
     </span>
     <span class='ocr_line' id='line_1_9' title="bbox 124 941 1866 1025; baseline -0.005 -15"><span class='ocrx_word' id='word_1_112' title='bbox 124 964 277 1025; x_wconf 88' lang='lat' dir='ltr'><strong>nunquam</strong></span> <span class='ocrx_word' id='word_1_113' title='bbox 302 942 516 1003; x_wconf 86' lang='lat' dir='ltr'><strong>scandalizabor</strong></span> <span class='ocrx_word' id='word_1_114' title='bbox 531 945 622 1015; x_wconf 84' lang='lat' dir='ltr'><strong>(ituit.</strong></span> <span class='ocrx_word' id='word_1_115' title='bbox 650 959 733 1013; x_wconf 88' lang='lat' dir='ltr'><strong>xxvt,</strong></span> <span class='ocrx_word' id='word_1_116' title='bbox 757 945 812 1016; x_wconf 79' lang='lat'><strong>33).</strong></span> <span class='ocrx_word' id='word_1_117' title='bbox 831 965 843 995; x_wconf 77' lang='grc' dir='ltr'>ι</span> <span class='ocrx_word' id='word_1_118' title='bbox 859 946 893 1001; x_wconf 81' lang='lat' dir='ltr'><strong>Et</strong></span> <span class='ocrx_word' id='word_1_119' title='bbox 915 945 966 1001; x_wconf 87' lang='lat' dir='ltr'><strong>itc-</strong></span> <span class='ocrx_word' id='word_1_120' title='bbox 1020 953 1079 1010; x_wconf 87' lang='lat' dir='ltr'><strong>qno</strong></span> <span class='ocrx_word' id='word_1_121' title='bbox 1091 941 1220 1000; x_wconf 83' lang='lat' dir='ltr'><strong>etbucas</strong></span> <span class='ocrx_word' id='word_1_122' title='bbox 1236 955 1414 1015; x_wconf 89' lang='lat' dir='ltr'><strong>prosecutus,</strong></span> <span class='ocrx_word' id='word_1_123' title='bbox 1434 949 1497 1004; x_wconf 91' lang='lat' dir='ltr'><strong>ait:</strong></span> <span class='ocrx_word' id='word_1_124' title='bbox 1517 969 1528 998; x_wconf 82' lang='grc' dir='ltr'>ι</span> <span class='ocrx_word' id='word_1_125' title='bbox 1548 949 1617 1005; x_wconf 83' lang='lat' dir='ltr'><strong>Erat</strong></span> <span class='ocrx_word' id='word_1_126' title='bbox 1632 946 1811 1018; x_wconf 85' lang='lat' dir='ltr'><strong>liagdalene,</strong></span> <span class='ocrx_word' id='word_1_127' title='bbox 1837 953 1866 1002; x_wconf 88' lang='lat' dir='ltr'><strong>et</strong></span> 
     </span>
     <span class='ocr_line' id='line_1_10' title="bbox 123 1028 1863 1108; baseline -0.007 -6"><span class='ocrx_word' id='word_1_128' title='bbox 123 1057 190 1102; x_wconf 90' lang='lat' dir='ltr'><strong>rnrn</strong></span> <span class='ocrx_word' id='word_1_129' title='bbox 208 1056 214 1095; x_wconf 95' lang='lat'><strong>:</strong></span> <span class='ocrx_word' id='word_1_130' title='bbox 229 1060 243 1088; x_wconf 78' lang='grc' dir='ltr'>ι</span> <span class='ocrx_word' id='word_1_131' title='bbox 270 1033 391 1092; x_wconf 80' lang='lat' dir='ltr'><strong>Etiamsi</strong></span> <span class='ocrx_word' id='word_1_132' title='bbox 406 1033 563 1102; x_wconf 87' lang='lat' dir='ltr'><strong>oportuerit</strong></span> <span class='ocrx_word' id='word_1_133' title='bbox 578 1047 623 1089; x_wconf 92' lang='lat' dir='ltr'><strong>me</strong></span> <span class='ocrx_word' id='word_1_134' title='bbox 642 1033 716 1089; x_wconf 90' lang='lat' dir='ltr'><strong>mori</strong></span> <span class='ocrx_word' id='word_1_135' title='bbox 737 1039 832 1090; x_wconf 88' lang='lat' dir='ltr'><strong>tecum</strong></span> <span class='ocrx_word' id='word_1_136' title='bbox 845 1074 852 1100; x_wconf 96' lang='lat'><strong>,</strong></span> <span class='ocrx_word' id='word_1_137' title='bbox 866 1046 924 1088; x_wconf 94' lang='lat' dir='ltr'><strong>non</strong></span> <span class='ocrx_word' id='word_1_138' title='bbox 940 1041 966 1089; x_wconf 88' lang='lat' dir='ltr'><strong>te</strong></span> <span class='ocrx_word' id='word_1_139' title='bbox 1019 1028 1140 1098; x_wconf 85' lang='grc'>133333,</span> <span class='ocrx_word' id='word_1_140' title='bbox 1154 1040 1181 1088; x_wconf 86' lang='grc' dir='ltr'>ει</span> <span class='ocrx_word' id='word_1_141' title='bbox 1208 1033 1295 1090; x_wconf 90' lang='lat' dir='ltr'><strong>llaria</strong></span> <span class='ocrx_word' id='word_1_142' title='bbox 1312 1036 1426 1105; x_wconf 82' lang='lat' dir='ltr'><strong>iacobi,</strong></span> <span class='ocrx_word' id='word_1_143' title='bbox 1441 1043 1469 1094; x_wconf 89' lang='lat' dir='ltr'><strong>et</strong></span> <span class='ocrx_word' id='word_1_144' title='bbox 1483 1044 1592 1094; x_wconf 73' lang='lat' dir='ltr'><strong>caeterae</strong></span> <span class='ocrx_word' id='word_1_145' title='bbox 1612 1049 1702 1108; x_wconf 78' lang='lat' dir='ltr'><strong>‚qua</strong></span> <span class='ocrx_word' id='word_1_146' title='bbox 1729 1048 1794 1092; x_wconf 90' lang='lat' dir='ltr'><strong>cnm</strong></span> <span class='ocrx_word' id='word_1_147' title='bbox 1822 1035 1863 1090; x_wconf 89' lang='lat' dir='ltr'><strong>eis</strong></span> 
     </span>
     <span class='ocr_line' id='line_1_11' title="bbox 124 1120 1863 1201; baseline -0.007 -13"><span class='ocrx_word' id='word_1_148' title='bbox 124 1129 246 1201; x_wconf 85' lang='lat' dir='ltr'><strong>negabo.</strong></span> <span class='ocrx_word' id='word_1_149' title='bbox 263 1121 396 1180; x_wconf 89' lang='lat' dir='ltr'><strong>Similiter</strong></span> <span class='ocrx_word' id='word_1_150' title='bbox 412 1127 439 1177; x_wconf 88' lang='lat' dir='ltr'><strong>et</strong></span> <span class='ocrx_word' id='word_1_151' title='bbox 453 1133 554 1177; x_wconf 90' lang='lat' dir='ltr'><strong>omnes</strong></span> <span class='ocrx_word' id='word_1_152' title='bbox 565 1120 698 1191; x_wconf 90' lang='lat' dir='ltr'><strong>discipuli</strong></span> <span class='ocrx_word' id='word_1_153' title='bbox 713 1121 851 1177; x_wconf 88' lang='lat' dir='ltr'><strong>dixerunt</strong></span> <span class='ocrx_word' id='word_1_154' title='bbox 872 1120 963 1190; x_wconf 76' lang='lat' dir='ltr'><strong>(ibici,</strong></span> <span class='ocrx_word' id='word_1_155' title='bbox 1019 1125 1111 1188; x_wconf 89' lang='lat' dir='ltr'><strong>erant,</strong></span> <span class='ocrx_word' id='word_1_156' title='bbox 1128 1134 1193 1191; x_wconf 79' lang='lat' dir='ltr'><strong>qna</strong></span> <span class='ocrx_word' id='word_1_157' title='bbox 1208 1122 1382 1183; x_wconf 86' lang='lat' dir='ltr'><strong>dicebantad</strong></span> <span class='ocrx_word' id='word_1_158' title='bbox 1397 1126 1539 1197; x_wconf 91' lang='lat' dir='ltr'><strong>apostolos</strong></span> <span class='ocrx_word' id='word_1_159' title='bbox 1554 1125 1616 1182; x_wconf 85' lang='lat' dir='ltr'><strong>baec</strong></span> <span class='ocrx_word' id='word_1_160' title='bbox 1632 1124 1706 1195; x_wconf 83' lang='lat' dir='ltr'><strong>(Luc.</strong></span> <span class='ocrx_word' id='word_1_161' title='bbox 1722 1136 1774 1192; x_wconf 90' lang='lat' dir='ltr'><strong>xx,</strong></span> <span class='ocrx_word' id='word_1_162' title='bbox 1791 1123 1863 1195; x_wconf 75' lang='grc'>10)»</span> 
     </span>
     <span class='ocr_line' id='line_1_12' title="bbox 125 1204 1864 1289; baseline -0.002 -17"><span class='ocrx_word' id='word_1_163' title='bbox 125 1217 224 1289; x_wconf 76' lang='lat' dir='ltr'><strong>abi.»</strong></span> <span class='ocrx_word' id='word_1_164' title='bbox 253 1211 405 1276; x_wconf 76' lang='lat' dir='ltr'><strong>nixorum,</strong></span> <span class='ocrx_word' id='word_1_165' title='bbox 435 1209 558 1280; x_wconf 90' lang='lat' dir='ltr'><strong>inquam</strong></span> <span class='ocrx_word' id='word_1_166' title='bbox 583 1209 678 1279; x_wconf 87' lang='lat' dir='ltr'><strong>potius</strong></span> <span class='ocrx_word' id='word_1_167' title='bbox 708 1223 797 1280; x_wconf 82' lang='lat' dir='ltr'><strong>urtam</strong></span> <span class='ocrx_word' id='word_1_168' title='bbox 822 1208 964 1267; x_wconf 88' lang='lat' dir='ltr'><strong>iecerunt.</strong></span> <span class='ocrx_word' id='word_1_169' title='bbox 1016 1204 1095 1273; x_wconf 55' lang='lat' dir='ltr'><strong>¹(inas</strong></span> <span class='ocrx_word' id='word_1_170' title='bbox 1116 1209 1202 1266; x_wconf 90' lang='lat' dir='ltr'><strong>etiam</strong></span> <span class='ocrx_word' id='word_1_171' title='bbox 1231 1211 1267 1269; x_wconf 93' lang='lat' dir='ltr'><strong>ab</strong></span> <span class='ocrx_word' id='word_1_172' title='bbox 1284 1214 1387 1286; x_wconf 82' lang='lat' dir='ltr'><strong>angeio</strong></span> <span class='ocrx_word' id='word_1_173' title='bbox 1417 1215 1546 1286; x_wconf 91' lang='lat' dir='ltr'><strong>primum</strong></span> <span class='ocrx_word' id='word_1_174' title='bbox 1576 1213 1663 1272; x_wconf 88' lang='lat' dir='ltr'><strong>luisse</strong></span> <span class='ocrx_word' id='word_1_175' title='bbox 1692 1213 1793 1269; x_wconf 87' lang='lat' dir='ltr'><strong>missas</strong></span> <span class='ocrx_word' id='word_1_176' title='bbox 1828 1213 1864 1269; x_wconf 89' lang='lat' dir='ltr'><strong>ad</strong></span> 
     </span>
     <span class='ocr_line' id='line_1_13' title="bbox 32 1296 1864 1378; baseline -0.003 -15"><span class='ocrx_word' id='word_1_177' title='bbox 32 1375 33 1378; x_wconf 8' lang='grc' dir='ltr'><strong>Ἴ</strong></span> <span class='ocrx_word' id='word_1_178' title='bbox 119 1306 171 1363; x_wconf 82' lang='lat' dir='ltr'><strong>lile</strong></span> <span class='ocrx_word' id='word_1_179' title='bbox 182 1303 259 1362; x_wconf 94' lang='lat' dir='ltr'><strong>enim</strong></span> <span class='ocrx_word' id='word_1_180' title='bbox 275 1300 387 1372; x_wconf 91' lang='lat' dir='ltr'><strong>primus</strong></span> <span class='ocrx_word' id='word_1_181' title='bbox 402 1305 430 1355; x_wconf 88' lang='lat' dir='ltr'><strong>et</strong></span> <span class='ocrx_word' id='word_1_182' title='bbox 449 1297 595 1354; x_wconf 90' lang='lat' dir='ltr'><strong>maximus</strong></span> <span class='ocrx_word' id='word_1_183' title='bbox 616 1297 819 1368; x_wconf 91' lang='lat' dir='ltr'><strong>apostolorum,</strong></span> <span class='ocrx_word' id='word_1_184' title='bbox 838 1298 888 1368; x_wconf 83' lang='lat' dir='ltr'><strong>qui</strong></span> <span class='ocrx_word' id='word_1_185' title='bbox 903 1306 966 1354; x_wconf 90' lang='lat' dir='ltr'><strong>tan·</strong></span> <span class='ocrx_word' id='word_1_186' title='bbox 1019 1296 1305 1366; x_wconf 88' lang='lat' dir='ltr'><strong>apostolosnnntiare</strong></span> <span class='ocrx_word' id='word_1_187' title='bbox 1324 1303 1455 1361; x_wconf 85' lang='lat' dir='ltr'><strong>baecnon</strong></span> <span class='ocrx_word' id='word_1_188' title='bbox 1471 1305 1569 1362; x_wconf 88' lang='lat' dir='ltr'><strong>reticet</strong></span> <span class='ocrx_word' id='word_1_189' title='bbox 1583 1304 1716 1368; x_wconf 82' lang='lat' dir='ltr'><strong>blancus,</strong></span> <span class='ocrx_word' id='word_1_190' title='bbox 1734 1302 1784 1359; x_wconf 92' lang='lat' dir='ltr'><strong>ubi</strong></span> <span class='ocrx_word' id='word_1_191' title='bbox 1808 1316 1864 1358; x_wconf 88' lang='lat' dir='ltr'><strong>an-</strong></span> 
     </span>
    </p>

    <p class='ocr_par' dir='ltr' id='par_1_3' title="bbox 120 1385 1862 1465">
     <span class='ocr_line' id='line_1_14' title="bbox 120 1385 1862 1465; baseline -0.003 -12"><span class='ocrx_word' id='word_1_192' title='bbox 120 1402 178 1453; x_wconf 90' lang='lat' dir='ltr'><strong>iam</strong></span> <span class='ocrx_word' id='word_1_193' title='bbox 200 1391 231 1448; x_wconf 96' lang='lat' dir='ltr'><strong>in</strong></span> <span class='ocrx_word' id='word_1_194' title='bbox 255 1387 352 1447; x_wconf 88' lang='lat' dir='ltr'><strong>verbis</strong></span> <span class='ocrx_word' id='word_1_195' title='bbox 370 1386 511 1442; x_wconf 84' lang='lat' dir='ltr'><strong>babuerat</strong></span> <span class='ocrx_word' id='word_1_196' title='bbox 538 1385 752 1455; x_wconf 84' lang='lat' dir='ltr'><strong>constantiam,</strong></span> <span class='ocrx_word' id='word_1_197' title='bbox 780 1393 811 1443; x_wconf 92' lang='lat' dir='ltr'><strong>ut</strong></span> <span class='ocrx_word' id='word_1_198' title='bbox 844 1385 965 1442; x_wconf 87' lang='lat' dir='ltr'><strong>Domino</strong></span> <span class='ocrx_word' id='word_1_199' title='bbox 1019 1385 1082 1458; x_wconf 89' lang='lat' dir='ltr'><strong>gelo</strong></span> <span class='ocrx_word' id='word_1_200' title='bbox 1105 1387 1275 1447; x_wconf 88' lang='lat' dir='ltr'><strong>mulieribus</strong></span> <span class='ocrx_word' id='word_1_201' title='bbox 1293 1391 1428 1464; x_wconf 84' lang='lat' dir='ltr'><strong>loquente</strong></span> <span class='ocrx_word' id='word_1_202' title='bbox 1440 1394 1581 1465; x_wconf 92' lang='lat' dir='ltr'><strong>scriptum</strong></span> <span class='ocrx_word' id='word_1_203' title='bbox 1596 1399 1638 1449; x_wconf 90' lang='lat' dir='ltr'><strong>est</strong></span> <span class='ocrx_word' id='word_1_204' title='bbox 1654 1407 1690 1448; x_wconf 73' lang='lat' dir='ltr'><strong>:e</strong></span> <span class='ocrx_word' id='word_1_205' title='bbox 1721 1391 1862 1458; x_wconf 88' lang='lat' dir='ltr'><strong>Surrexit,</strong></span> 
     </span>
    </p>
   </div>
   <div class='ocr_carea' id='block_1_3' title="bbox 26 1471 1862 1552">
    <p class='ocr_par' dir='ltr' id='par_1_4' title="bbox 26 1471 1862 1552">
     <span class='ocr_line' id='line_1_15' title="bbox 26 1471 1862 1552; baseline -0.003 -11"><span class='ocrx_word' id='word_1_206' title='bbox 26 1471 35 1494; x_wconf 72' lang='lat'>⁸</span> <span class='ocrx_word' id='word_1_207' title='bbox 124 1483 253 1541; x_wconf 90' lang='lat' dir='ltr'><strong>diceret:</strong></span> <span class='ocrx_word' id='word_1_208' title='bbox 279 1498 293 1528; x_wconf 85' lang='lat'>‹</span> <span class='ocrx_word' id='word_1_209' title='bbox 317 1477 422 1532; x_wconf 83' lang='lat' dir='ltr'><strong>Tecum</strong></span> <span class='ocrx_word' id='word_1_210' title='bbox 443 1482 563 1545; x_wconf 84' lang='lat' dir='ltr'><strong>paratus</strong></span> <span class='ocrx_word' id='word_1_211' title='bbox 591 1488 654 1531; x_wconf 84' lang='lat' dir='ltr'><strong>sum</strong></span> <span class='ocrx_word' id='word_1_212' title='bbox 672 1481 699 1531; x_wconf 90' lang='grc' dir='ltr'>ει</span> <span class='ocrx_word' id='word_1_213' title='bbox 717 1474 746 1530; x_wconf 89' lang='grc'><strong>13</strong></span> <span class='ocrx_word' id='word_1_214' title='bbox 771 1482 966 1542; x_wconf 88' lang='lat' dir='ltr'><strong>earcerem‚ct</strong></span> <span class='ocrx_word' id='word_1_215' title='bbox 1018 1486 1078 1530; x_wconf 94' lang='lat' dir='ltr'><strong>non</strong></span> <span class='ocrx_word' id='word_1_216' title='bbox 1098 1482 1139 1531; x_wconf 90' lang='lat' dir='ltr'><strong>est</strong></span> <span class='ocrx_word' id='word_1_217' title='bbox 1165 1477 1221 1534; x_wconf 89' lang='lat' dir='ltr'><strong>bic.</strong></span> <span class='ocrx_word' id='word_1_218' title='bbox 1252 1478 1304 1536; x_wconf 87' lang='lat' dir='ltr'><strong>Sed</strong></span> <span class='ocrx_word' id='word_1_219' title='bbox 1322 1478 1368 1551; x_wconf 80' lang='lat' dir='ltr'><strong>i&#39;te,</strong></span> <span class='ocrx_word' id='word_1_220' title='bbox 1394 1482 1479 1539; x_wconf 90' lang='lat' dir='ltr'><strong>dicite</strong></span> <span class='ocrx_word' id='word_1_221' title='bbox 1503 1481 1651 1552; x_wconf 90' lang='lat' dir='ltr'><strong>discipulis</strong></span> <span class='ocrx_word' id='word_1_222' title='bbox 1666 1481 1739 1551; x_wconf 89' lang='lat' dir='ltr'><strong>ejus,</strong></span> <span class='ocrx_word' id='word_1_223' title='bbox 1764 1486 1792 1536; x_wconf 92' lang='grc' dir='ltr'>ει</span> <span class='ocrx_word' id='word_1_224' title='bbox 1811 1480 1862 1536; x_wconf 88' lang='lat' dir='ltr'><strong>Pe·</strong></span> 
     </span>
    </p>
   </div>
   <div class='ocr_carea' id='block_1_4' title="bbox 119 1562 1863 1996">
    <p class='ocr_par' dir='ltr' id='par_1_5' title="bbox 119 1562 1863 1996">
     <span class='ocr_line' id='line_1_16' title="bbox 120 1562 1862 1641; baseline -0.007 -13"><span class='ocrx_word' id='word_1_225' title='bbox 120 1573 149 1628; x_wconf 96' lang='lat' dir='ltr'><strong>in</strong></span> <span class='ocrx_word' id='word_1_226' title='bbox 166 1575 286 1627; x_wconf 88' lang='lat' dir='ltr'><strong>mortem</strong></span> <span class='ocrx_word' id='word_1_227' title='bbox 313 1565 354 1621; x_wconf 89' lang='lat' dir='ltr'><strong>ire</strong></span> <span class='ocrx_word' id='word_1_228' title='bbox 375 1566 453 1633; x_wconf 82' lang='lat' dir='ltr'><strong>(Luc.</strong></span> <span class='ocrx_word' id='word_1_229' title='bbox 467 1578 519 1619; x_wconf 82' lang='lat' dir='ltr'><strong>xxi</strong></span> <span class='ocrx_word' id='word_1_230' title='bbox 542 1564 599 1631; x_wconf 81' lang='grc'>33).</span> <span class='ocrx_word' id='word_1_231' title='bbox 617 1584 631 1613; x_wconf 76' lang='grc'><strong>3</strong></span> <span class='ocrx_word' id='word_1_232' title='bbox 646 1562 701 1620; x_wconf 82' lang='lat' dir='ltr'><strong>Cui</strong></span> <span class='ocrx_word' id='word_1_233' title='bbox 723 1569 794 1621; x_wconf 91' lang='lat' dir='ltr'><strong>tnnc</strong></span> <span class='ocrx_word' id='word_1_234' title='bbox 817 1570 844 1620; x_wconf 90' lang='lat' dir='ltr'><strong>et</strong></span> <span class='ocrx_word' id='word_1_235' title='bbox 871 1565 965 1620; x_wconf 85' lang='lat' dir='ltr'><strong>borni-</strong></span> <span class='ocrx_word' id='word_1_236' title='bbox 1018 1568 1073 1628; x_wconf 88' lang='lat' dir='ltr'><strong>tro,</strong></span> <span class='ocrx_word' id='word_1_237' title='bbox 1094 1564 1165 1635; x_wconf 86' lang='lat' dir='ltr'><strong>qnia</strong></span> <span class='ocrx_word' id='word_1_238' title='bbox 1181 1568 1379 1638; x_wconf 86' lang='lat' dir='ltr'><strong>praecedetvos</strong></span> <span class='ocrx_word' id='word_1_239' title='bbox 1393 1570 1423 1627; x_wconf 94' lang='lat' dir='ltr'><strong>in</strong></span> <span class='ocrx_word' id='word_1_240' title='bbox 1437 1570 1583 1628; x_wconf 87' lang='lat' dir='ltr'><strong>Galilaeam</strong></span> <span class='ocrx_word' id='word_1_241' title='bbox 1599 1571 1696 1641; x_wconf 85' lang='lat' dir='ltr'><strong>(liure.</strong></span> <span class='ocrx_word' id='word_1_242' title='bbox 1711 1582 1773 1635; x_wconf 90' lang='lat' dir='ltr'><strong>xvr,</strong></span> <span class='ocrx_word' id='word_1_243' title='bbox 1791 1567 1829 1639; x_wconf 75' lang='grc' dir='ltr'>ι),</span> <span class='ocrx_word' id='word_1_244' title='bbox 1848 1588 1862 1616; x_wconf 70' lang='lat' dir='ltr'><strong>s</strong></span> 
     </span>
     <span class='ocr_line' id='line_1_17' title="bbox 120 1651 1862 1731; baseline -0.003 -14"><span class='ocrx_word' id='word_1_245' title='bbox 120 1673 177 1717; x_wconf 93' lang='lat' dir='ltr'><strong>nus</strong></span> <span class='ocrx_word' id='word_1_246' title='bbox 185 1655 342 1714; x_wconf 82' lang='lat' dir='ltr'><strong>Ecclesiam</strong></span> <span class='ocrx_word' id='word_1_247' title='bbox 371 1666 454 1709; x_wconf 89' lang='lat' dir='ltr'><strong>suam</strong></span> <span class='ocrx_word' id='word_1_248' title='bbox 469 1651 631 1723; x_wconf 80' lang='lat' dir='ltr'><strong>specialiter</strong></span> <span class='ocrx_word' id='word_1_249' title='bbox 657 1651 838 1710; x_wconf 89' lang='lat' dir='ltr'><strong>committeus</strong></span> <span class='ocrx_word' id='word_1_250' title='bbox 854 1691 863 1720; x_wconf 93' lang='lat'><strong>,</strong></span> <span class='ocrx_word' id='word_1_251' title='bbox 879 1653 963 1710; x_wconf 88' lang='lat' dir='ltr'><strong>dixe·</strong></span> <span class='ocrx_word' id='word_1_252' title='bbox 979 1669 1000 1722; x_wconf 75' lang='lat' dir='ltr'><strong>g</strong></span> <span class='ocrx_word' id='word_1_253' title='bbox 1014 1651 1081 1721; x_wconf 85' lang='lat' dir='ltr'><strong>lpse</strong></span> <span class='ocrx_word' id='word_1_254' title='bbox 1108 1654 1192 1711; x_wconf 86' lang='lat' dir='ltr'><strong>etiem</strong></span> <span class='ocrx_word' id='word_1_255' title='bbox 1209 1656 1349 1715; x_wconf 87' lang='lat' dir='ltr'><strong>Dominus</strong></span> <span class='ocrx_word' id='word_1_256' title='bbox 1364 1659 1456 1731; x_wconf 91' lang='lat' dir='ltr'><strong>primo</strong></span> <span class='ocrx_word' id='word_1_257' title='bbox 1474 1660 1569 1716; x_wconf 81' lang='lat' dir='ltr'><strong>llariae</strong></span> <span class='ocrx_word' id='word_1_258' title='bbox 1583 1658 1759 1731; x_wconf 84' lang='lat' dir='ltr'><strong>liagdaleme</strong></span> <span class='ocrx_word' id='word_1_259' title='bbox 1772 1670 1862 1727; x_wconf 86' lang='lat' dir='ltr'><strong>appa-</strong></span> 
     </span>
     <span class='ocr_line' id='line_1_18' title="bbox 119 1740 1862 1815; baseline -0.003 -9"><span class='ocrx_word' id='word_1_260' title='bbox 119 1756 182 1806; x_wconf 88' lang='lat' dir='ltr'><strong>rat:</strong></span> <span class='ocrx_word' id='word_1_261' title='bbox 198 1767 212 1797; x_wconf 74' lang='grc'><strong>3</strong></span> <span class='ocrx_word' id='word_1_262' title='bbox 227 1744 264 1800; x_wconf 84' lang='grc' dir='ltr'>Ει</span> <span class='ocrx_word' id='word_1_263' title='bbox 290 1750 322 1800; x_wconf 89' lang='lat' dir='ltr'><strong>tu</strong></span> <span class='ocrx_word' id='word_1_264' title='bbox 342 1740 500 1812; x_wconf 85' lang='lat' dir='ltr'><strong>aliquando</strong></span> <span class='ocrx_word' id='word_1_265' title='bbox 525 1753 681 1797; x_wconf 89' lang='lat' dir='ltr'><strong>conversus</strong></span> <span class='ocrx_word' id='word_1_266' title='bbox 695 1740 835 1797; x_wconf 84' lang='lat' dir='ltr'><strong>confirma</strong></span> <span class='ocrx_word' id='word_1_267' title='bbox 859 1740 962 1797; x_wconf 87' lang='lat' dir='ltr'><strong>iratres</strong></span> <span class='ocrx_word' id='word_1_268' title='bbox 1017 1752 1102 1810; x_wconf 89' lang='lat' dir='ltr'><strong>rens,</strong></span> <span class='ocrx_word' id='word_1_269' title='bbox 1124 1743 1165 1800; x_wconf 90' lang='lat' dir='ltr'><strong>ait</strong></span> <span class='ocrx_word' id='word_1_270' title='bbox 1193 1744 1235 1802; x_wconf 93' lang='lat' dir='ltr'><strong>illi</strong></span> <span class='ocrx_word' id='word_1_271' title='bbox 1253 1762 1260 1801; x_wconf 75' lang='grc' dir='ltr'><em>τ</em></span> <span class='ocrx_word' id='word_1_272' title='bbox 1279 1768 1289 1797; x_wconf 78' lang='grc' dir='ltr'>ι</span> <span class='ocrx_word' id='word_1_273' title='bbox 1316 1748 1392 1805; x_wconf 88' lang='lat' dir='ltr'><strong>vade</strong></span> <span class='ocrx_word' id='word_1_274' title='bbox 1407 1748 1443 1805; x_wconf 89' lang='lat' dir='ltr'><strong>ad</strong></span> <span class='ocrx_word' id='word_1_275' title='bbox 1457 1747 1561 1805; x_wconf 84' lang='lat' dir='ltr'><strong>iratres</strong></span> <span class='ocrx_word' id='word_1_276' title='bbox 1583 1761 1670 1815; x_wconf 89' lang='lat' dir='ltr'><strong>meos,</strong></span> <span class='ocrx_word' id='word_1_277' title='bbox 1687 1754 1712 1803; x_wconf 90' lang='lat' dir='ltr'><strong>et</strong></span> <span class='ocrx_word' id='word_1_278' title='bbox 1735 1745 1781 1802; x_wconf 88' lang='lat' dir='ltr'><strong>dic</strong></span> <span class='ocrx_word' id='word_1_279' title='bbox 1797 1746 1862 1802; x_wconf 89' lang='lat' dir='ltr'><strong>eis:</strong></span> 
     </span>
     <span class='ocr_line' id='line_1_19' title="bbox 119 1827 1863 1911; baseline -0.002 -17"><span class='ocrx_word' id='word_1_280' title='bbox 119 1843 185 1894; x_wconf 80' lang='lat' dir='ltr'><strong>tuos</strong></span> <span class='ocrx_word' id='word_1_281' title='bbox 212 1832 303 1904; x_wconf 73' lang='lat' dir='ltr'><strong>(ibid,</strong></span> <span class='ocrx_word' id='word_1_282' title='bbox 335 1829 419 1899; x_wconf 77' lang='grc'>31)·</span> <span class='ocrx_word' id='word_1_283' title='bbox 451 1828 488 1884; x_wconf 83' lang='grc'><strong>33</strong></span> <span class='ocrx_word' id='word_1_284' title='bbox 511 1841 601 1884; x_wconf 90' lang='lat' dir='ltr'><strong>unam</strong></span> <span class='ocrx_word' id='word_1_285' title='bbox 620 1827 731 1885; x_wconf 83' lang='lat' dir='ltr'><strong>ancillae</strong></span> <span class='ocrx_word' id='word_1_286' title='bbox 754 1842 854 1886; x_wconf 84' lang='lat' dir='ltr'><strong>vocem</strong></span> <span class='ocrx_word' id='word_1_287' title='bbox 869 1828 962 1900; x_wconf 87' lang='lat' dir='ltr'><strong>ipsum</strong></span> <span class='ocrx_word' id='word_1_288' title='bbox 1008 1832 1138 1911; x_wconf 28' lang='lat' dir='ltr'><strong>*ascendo</strong></span> <span class='ocrx_word' id='word_1_289' title='bbox 1165 1834 1201 1890; x_wconf 90' lang='lat' dir='ltr'><strong>ad</strong></span> <span class='ocrx_word' id='word_1_290' title='bbox 1228 1835 1341 1893; x_wconf 87' lang='lat' dir='ltr'><strong>Patrem</strong></span> <span class='ocrx_word' id='word_1_291' title='bbox 1360 1838 1634 1907; x_wconf 72' lang='lat' dir='ltr'><strong>mmmttoaexx,</strong></span> <span class='ocrx_word' id='word_1_292' title='bbox 1654 1834 1863 1906; x_wconf 74' lang='grc'>17).»113331-</span> 
     </span>
     <span class='ocr_line' id='line_1_20' title="bbox 119 1914 1861 1996; baseline -0.001 -15"><span class='ocrx_word' id='word_1_293' title='bbox 119 1935 225 1994; x_wconf 85' lang='lat' dir='ltr'><strong>negare</strong></span> <span class='ocrx_word' id='word_1_294' title='bbox 253 1933 311 1976; x_wconf 92' lang='lat' dir='ltr'><strong>non</strong></span> <span class='ocrx_word' id='word_1_295' title='bbox 339 1923 465 1974; x_wconf 89' lang='lat' dir='ltr'><strong>veretur.</strong></span> <span class='ocrx_word' id='word_1_296' title='bbox 485 1914 544 1972; x_wconf 88' lang='lat' dir='ltr'><strong>Nec</strong></span> <span class='ocrx_word' id='word_1_297' title='bbox 575 1915 661 1972; x_wconf 87' lang='lat' dir='ltr'><strong>semel</strong></span> <span class='ocrx_word' id='word_1_298' title='bbox 690 1915 718 1973; x_wconf 94' lang='lat' dir='ltr'><strong>id</strong></span> <span class='ocrx_word' id='word_1_299' title='bbox 730 1916 800 1989; x_wconf 86' lang='lat' dir='ltr'><strong>agit,</strong></span> <span class='ocrx_word' id='word_1_300' title='bbox 814 1917 863 1974; x_wconf 90' lang='lat' dir='ltr'><strong>scd</strong></span> <span class='ocrx_word' id='word_1_301' title='bbox 878 1918 961 1974; x_wconf 86' lang='lat' dir='ltr'><strong>tertio</strong></span> <span class='ocrx_word' id='word_1_302' title='bbox 1016 1917 1072 1977; x_wconf 94' lang='lat' dir='ltr'><strong>bns</strong></span> <span class='ocrx_word' id='word_1_303' title='bbox 1083 1921 1245 1994; x_wconf 91' lang='lat' dir='ltr'><strong>colligimus</strong></span> <span class='ocrx_word' id='word_1_304' title='bbox 1267 1924 1320 1981; x_wconf 90' lang='lat' dir='ltr'><strong>bas</strong></span> <span class='ocrx_word' id='word_1_305' title='bbox 1343 1933 1456 1983; x_wconf 89' lang='lat' dir='ltr'><strong>sanctas</strong></span> <span class='ocrx_word' id='word_1_306' title='bbox 1480 1924 1615 1983; x_wconf 88' lang='lat' dir='ltr'><strong>mulieres</strong></span> <span class='ocrx_word' id='word_1_307' title='bbox 1639 1925 1723 1996; x_wconf 86' lang='lat' dir='ltr'><strong>quasi</strong></span> <span class='ocrx_word' id='word_1_308' title='bbox 1745 1932 1861 1995; x_wconf 87' lang='lat' dir='ltr'><strong>apesto-</strong></span> 
     </span>
    </p>
   </div>
   <div class='ocr_carea' id='block_1_5' title="bbox 24 2007 1861 5550">
    <p class='ocr_par' dir='ltr' id='par_1_6' title="bbox 24 2007 1861 5550">
     <span class='ocr_line' id='line_1_21' title="bbox 120 2007 1859 2091; baseline 0.002 -27"><span class='ocrx_word' id='word_1_309' title='bbox 120 2022 214 2091; x_wconf 70' lang='lat' dir='ltr'><strong>ppsum</strong></span> <span class='ocrx_word' id='word_1_310' title='bbox 228 2017 324 2074; x_wconf 71' lang='lat' dir='ltr'><strong>adnue</strong></span> <span class='ocrx_word' id='word_1_311' title='bbox 349 2014 492 2070; x_wconf 79' lang='lat' dir='ltr'><strong>viventem</strong></span> <span class='ocrx_word' id='word_1_312' title='bbox 522 2012 644 2084; x_wconf 79' lang='lat' dir='ltr'><strong>denegat</strong></span> <span class='ocrx_word' id='word_1_313' title='bbox 659 2055 667 2082; x_wconf 90' lang='lat'><strong><em>‚</em></strong></span> <span class='ocrx_word' id='word_1_314' title='bbox 684 2021 743 2070; x_wconf 78' lang='lat' dir='ltr'><strong>eta</strong></span> <span class='ocrx_word' id='word_1_315' title='bbox 764 2017 831 2071; x_wconf 82' lang='lat' dir='ltr'><strong>vivo</strong></span> <span class='ocrx_word' id='word_1_316' title='bbox 853 2017 962 2087; x_wconf 78' lang='lat' dir='ltr'><strong>pariter</strong></span> <span class='ocrx_word' id='word_1_317' title='bbox 1016 2007 1059 2064; x_wconf 85' lang='lat' dir='ltr'><strong>las</strong></span> <span class='ocrx_word' id='word_1_318' title='bbox 1072 2023 1160 2079; x_wconf 87' lang='lat' dir='ltr'><strong>super</strong></span> <span class='ocrx_word' id='word_1_319' title='bbox 1184 2013 1326 2082; x_wconf 88' lang='lat' dir='ltr'><strong>apostolos</strong></span> <span class='ocrx_word' id='word_1_320' title='bbox 1353 2029 1413 2071; x_wconf 90' lang='lat' dir='ltr'><strong>esse</strong></span> <span class='ocrx_word' id='word_1_321' title='bbox 1437 2013 1713 2071; x_wconf 86' lang='lat' dir='ltr'><strong>constitutas.Cum</strong></span> <span class='ocrx_word' id='word_1_322' title='bbox 1739 2013 1808 2082; x_wconf 83' lang='lat' dir='ltr'><strong>ipsae</strong></span> <span class='ocrx_word' id='word_1_323' title='bbox 1823 2012 1859 2068; x_wconf 90' lang='lat' dir='ltr'><strong>ad</strong></span> 
     </span>
     <span class='ocr_line' id='line_1_22' title="bbox 119 2096 1860 2176; baseline -0.004 -8"><span class='ocrx_word' id='word_1_324' title='bbox 119 2123 219 2168; x_wconf 90' lang='lat' dir='ltr'><strong>omnes</strong></span> <span class='ocrx_word' id='word_1_325' title='bbox 244 2103 376 2175; x_wconf 87' lang='lat' dir='ltr'><strong>discipuli</strong></span> <span class='ocrx_word' id='word_1_326' title='bbox 404 2117 462 2159; x_wconf 92' lang='lat' dir='ltr'><strong>uno</strong></span> <span class='ocrx_word' id='word_1_327' title='bbox 478 2103 732 2172; x_wconf 87' lang='lat' dir='ltr'><strong>temperispuucto</strong></span> <span class='ocrx_word' id='word_1_328' title='bbox 759 2103 894 2175; x_wconf 74' lang='lat' dir='ltr'><strong>rugiendo</strong></span> <span class='ocrx_word' id='word_1_329' title='bbox 908 2105 960 2161; x_wconf 90' lang='lat' dir='ltr'><strong>de·</strong></span> <span class='ocrx_word' id='word_1_330' title='bbox 1014 2096 1121 2154; x_wconf 75' lang='lat' dir='ltr'><strong>eosvcl</strong></span> <span class='ocrx_word' id='word_1_331' title='bbox 1147 2111 1164 2155; x_wconf 84' lang='lat' dir='ltr'><strong>a</strong></span> <span class='ocrx_word' id='word_1_332' title='bbox 1186 2100 1306 2158; x_wconf 85' lang='lat' dir='ltr'><strong>Domino</strong></span> <span class='ocrx_word' id='word_1_333' title='bbox 1332 2103 1376 2159; x_wconf 84' lang='lat' dir='ltr'><strong>vel</strong></span> <span class='ocrx_word' id='word_1_334' title='bbox 1405 2104 1441 2161; x_wconf 86' lang='lat' dir='ltr'><strong>ab</strong></span> <span class='ocrx_word' id='word_1_335' title='bbox 1456 2103 1566 2176; x_wconf 86' lang='lat' dir='ltr'><strong>angelis</strong></span> <span class='ocrx_word' id='word_1_336' title='bbox 1595 2103 1688 2159; x_wconf 77' lang='lat' dir='ltr'><strong>missa</strong></span> <span class='ocrx_word' id='word_1_337' title='bbox 1713 2115 1860 2158; x_wconf 86' lang='lat' dir='ltr'><strong>summurn</strong></span> 
     </span>
     <span class='ocr_line' id='line_1_23' title="bbox 117 2186 1860 2265; baseline 0.001 -8"><span class='ocrx_word' id='word_1_338' title='bbox 117 2198 267 2264; x_wconf 80' lang='lat' dir='ltr'><strong>volant3a</strong></span> <span class='ocrx_word' id='word_1_339' title='bbox 287 2207 345 2265; x_wconf 86' lang='lat' dir='ltr'><strong>quo</strong></span> <span class='ocrx_word' id='word_1_340' title='bbox 358 2206 411 2249; x_wconf 87' lang='lat' dir='ltr'><strong>nec</strong></span> <span class='ocrx_word' id='word_1_341' title='bbox 431 2191 459 2247; x_wconf 94' lang='lat' dir='ltr'><strong>in</strong></span> <span class='ocrx_word' id='word_1_342' title='bbox 479 2198 570 2248; x_wconf 89' lang='lat' dir='ltr'><strong>morte</strong></span> <span class='ocrx_word' id='word_1_343' title='bbox 592 2190 637 2248; x_wconf 91' lang='lat' dir='ltr'><strong>vel</strong></span> <span class='ocrx_word' id='word_1_344' title='bbox 655 2199 748 2249; x_wconf 88' lang='lat' dir='ltr'><strong>mente</strong></span> <span class='ocrx_word' id='word_1_345' title='bbox 769 2193 815 2249; x_wconf 88' lang='lat' dir='ltr'><strong>vei</strong></span> <span class='ocrx_word' id='word_1_346' title='bbox 841 2207 960 2265; x_wconf 88' lang='lat' dir='ltr'><strong>corpore</strong></span> <span class='ocrx_word' id='word_1_347' title='bbox 1015 2186 1087 2244; x_wconf 77' lang='grc'>1111111</span> <span class='ocrx_word' id='word_1_348' title='bbox 1110 2189 1328 2260; x_wconf 69' lang='grc'>111111111101111</span> <span class='ocrx_word' id='word_1_349' title='bbox 1355 2191 1495 2262; x_wconf 65' lang='lat' dir='ltr'><strong>gaudium</strong></span> <span class='ocrx_word' id='word_1_350' title='bbox 1522 2192 1756 2258; x_wconf 85' lang='lat' dir='ltr'><strong>nuntiaverunt,</strong></span> <span class='ocrx_word' id='word_1_351' title='bbox 1781 2190 1860 2259; x_wconf 87' lang='lat' dir='ltr'><strong>qnod</strong></span> 
     </span>
     <span class='ocr_line' id='line_1_24' title="bbox 118 2276 1861 2352; baseline -0.007 -7"><span class='ocrx_word' id='word_1_352' title='bbox 118 2287 231 2345; x_wconf 84' lang='lat' dir='ltr'><strong>leminae</strong></span> <span class='ocrx_word' id='word_1_353' title='bbox 245 2289 314 2340; x_wconf 91' lang='lat' dir='ltr'><strong>sunt</strong></span> <span class='ocrx_word' id='word_1_354' title='bbox 328 2280 489 2352; x_wconf 80' lang='lat' dir='ltr'><strong>disjuncte.</strong></span> <span class='ocrx_word' id='word_1_355' title='bbox 501 2278 630 2347; x_wconf 86' lang='lat' dir='ltr'><strong>Quarum</strong></span> <span class='ocrx_word' id='word_1_356' title='bbox 651 2279 735 2336; x_wconf 89' lang='lat' dir='ltr'><strong>beata</strong></span> <span class='ocrx_word' id='word_1_357' title='bbox 750 2279 799 2336; x_wconf 89' lang='grc'>1113</span> <span class='ocrx_word' id='word_1_358' title='bbox 816 2282 960 2351; x_wconf 85' lang='lat' dir='ltr'><strong>peccatrix</strong></span> <span class='ocrx_word' id='word_1_359' title='bbox 1012 2276 1234 2346; x_wconf 86' lang='lat' dir='ltr'><strong>exspectabatur</strong></span> <span class='ocrx_word' id='word_1_360' title='bbox 1257 2278 1294 2335; x_wconf 88' lang='lat' dir='ltr'><strong>ab</strong></span> <span class='ocrx_word' id='word_1_361' title='bbox 1309 2279 1454 2342; x_wconf 87' lang='lat' dir='ltr'><strong>omnibus.</strong></span> <span class='ocrx_word' id='word_1_362' title='bbox 1478 2286 1511 2336; x_wconf 89' lang='lat' dir='ltr'><strong>ut</strong></span> <span class='ocrx_word' id='word_1_363' title='bbox 1527 2294 1577 2351; x_wconf 93' lang='lat' dir='ltr'><strong>per</strong></span> <span class='ocrx_word' id='word_1_364' title='bbox 1590 2278 1783 2351; x_wconf 89' lang='lat' dir='ltr'><strong>easapostoiis</strong></span> <span class='ocrx_word' id='word_1_365' title='bbox 1803 2277 1861 2348; x_wconf 90' lang='lat' dir='ltr'><strong>pri·</strong></span> 
     </span>
     <span class='ocr_line' id='line_1_25' title="bbox 116 2364 1861 2441; baseline -0.006 -8"><span class='ocrx_word' id='word_1_366' title='bbox 116 2383 266 2433; x_wconf 88' lang='lat' dir='ltr'><strong>mortuum</strong></span> <span class='ocrx_word' id='word_1_367' title='bbox 281 2370 367 2429; x_wconf 88' lang='lat' dir='ltr'><strong>etiam</strong></span> <span class='ocrx_word' id='word_1_368' title='bbox 382 2382 525 2441; x_wconf 81' lang='lat' dir='ltr'><strong>quaerens,</strong></span> <span class='ocrx_word' id='word_1_369' title='bbox 545 2374 573 2424; x_wconf 91' lang='lat' dir='ltr'><strong>et</strong></span> <span class='ocrx_word' id='word_1_370' title='bbox 589 2367 745 2425; x_wconf 86' lang='lat' dir='ltr'><strong>Dominum</strong></span> <span class='ocrx_word' id='word_1_371' title='bbox 765 2383 852 2425; x_wconf 86' lang='lat' dir='ltr'><strong>suum</strong></span> <span class='ocrx_word' id='word_1_372' title='bbox 867 2369 961 2425; x_wconf 83' lang='lat' dir='ltr'><strong>confi·</strong></span> <span class='ocrx_word' id='word_1_373' title='bbox 1013 2377 1094 2420; x_wconf 93' lang='lat' dir='ltr'><strong>mum</strong></span> <span class='ocrx_word' id='word_1_374' title='bbox 1109 2364 1288 2424; x_wconf 87' lang='lat' dir='ltr'><strong>addiscerent</strong></span> <span class='ocrx_word' id='word_1_375' title='bbox 1316 2369 1393 2439; x_wconf 85' lang='lat' dir='ltr'><strong>quod</strong></span> <span class='ocrx_word' id='word_1_376' title='bbox 1409 2368 1459 2425; x_wconf 90' lang='lat' dir='ltr'><strong>toti</strong></span> <span class='ocrx_word' id='word_1_377' title='bbox 1474 2369 1583 2425; x_wconf 93' lang='lat' dir='ltr'><strong>mundo</strong></span> <span class='ocrx_word' id='word_1_378' title='bbox 1597 2368 1776 2441; x_wconf 89' lang='lat' dir='ltr'><strong>postmodum</strong></span> <span class='ocrx_word' id='word_1_379' title='bbox 1790 2380 1861 2438; x_wconf 81' lang='lat' dir='ltr'><strong>pre-</strong></span> 
     </span>
     <span class='ocr_line' id='line_1_26' title="bbox 117 2451 1857 2532; baseline -0.005 -10"><span class='ocrx_word' id='word_1_380' title='bbox 117 2471 188 2532; x_wconf 90' lang='lat' dir='ltr'><strong>tens,</strong></span> <span class='ocrx_word' id='word_1_381' title='bbox 209 2461 281 2519; x_wconf 92' lang='lat' dir='ltr'><strong>ait:</strong></span> <span class='ocrx_word' id='word_1_382' title='bbox 313 2480 327 2510; x_wconf 88' lang='lat'>«</span> <span class='ocrx_word' id='word_1_383' title='bbox 358 2457 500 2515; x_wconf 83' lang='lat' dir='ltr'><strong>&#39;l&#39;ulerunt</strong></span> <span class='ocrx_word' id='word_1_384' title='bbox 521 2456 676 2513; x_wconf 86' lang='lat' dir='ltr'><strong>Dominum</strong></span> <span class='ocrx_word' id='word_1_385' title='bbox 700 2457 736 2514; x_wconf 90' lang='lat' dir='ltr'><strong>de</strong></span> <span class='ocrx_word' id='word_1_386' title='bbox 771 2465 959 2515; x_wconf 89' lang='lat' dir='ltr'><strong>monumento</strong></span> <span class='ocrx_word' id='word_1_387' title='bbox 1014 2451 1152 2510; x_wconf 89' lang='lat' dir='ltr'><strong>dicarent.</strong></span> <span class='ocrx_word' id='word_1_388' title='bbox 1174 2453 1252 2519; x_wconf 82' lang='lat' dir='ltr'><strong>Quas</strong></span> <span class='ocrx_word' id='word_1_389' title='bbox 1276 2455 1363 2513; x_wconf 86' lang='lat' dir='ltr'><strong>etiam</strong></span> <span class='ocrx_word' id='word_1_390' title='bbox 1386 2464 1450 2527; x_wconf 88' lang='lat' dir='ltr'><strong>post</strong></span> <span class='ocrx_word' id='word_1_391' title='bbox 1478 2457 1716 2514; x_wconf 88' lang='lat' dir='ltr'><strong>resurrectionem</strong></span> <span class='ocrx_word' id='word_1_392' title='bbox 1736 2456 1857 2513; x_wconf 88' lang='lat' dir='ltr'><strong>Domino</strong></span> 
     </span>
     <span class='ocr_line' id='line_1_27' title="bbox 117 2541 1856 2626; baseline -0.005 -17"><span class='ocrx_word' id='word_1_393' title='bbox 117 2555 205 2626; x_wconf 84' lang='lat' dir='ltr'><strong>(Jouo.</strong></span> <span class='ocrx_word' id='word_1_394' title='bbox 225 2565 278 2619; x_wconf 85' lang='lat' dir='ltr'><strong>xx,</strong></span> <span class='ocrx_word' id='word_1_395' title='bbox 293 2547 331 2620; x_wconf 73' lang='lat'><strong>2).</strong></span> <span class='ocrx_word' id='word_1_396' title='bbox 350 2548 410 2604; x_wconf 78' lang='lat' dir='ltr'><strong>·nt</strong></span> <span class='ocrx_word' id='word_1_397' title='bbox 437 2545 564 2602; x_wconf 90' lang='lat' dir='ltr'><strong>iterum:</strong></span> <span class='ocrx_word' id='word_1_398' title='bbox 596 2568 610 2597; x_wconf 78' lang='grc' dir='ltr'>ι</span> <span class='ocrx_word' id='word_1_399' title='bbox 624 2545 652 2601; x_wconf 87' lang='lat' dir='ltr'><strong>si</strong></span> <span class='ocrx_word' id='word_1_400' title='bbox 668 2554 699 2603; x_wconf 87' lang='lat' dir='ltr'><strong>tu</strong></span> <span class='ocrx_word' id='word_1_401' title='bbox 723 2544 864 2603; x_wconf 89' lang='lat' dir='ltr'><strong>sustulisti</strong></span> <span class='ocrx_word' id='word_1_402' title='bbox 879 2561 959 2619; x_wconf 90' lang='lat' dir='ltr'><strong>enm,</strong></span> <span class='ocrx_word' id='word_1_403' title='bbox 1012 2550 1181 2599; x_wconf 88' lang='lat' dir='ltr'><strong>occurrente</strong></span> <span class='ocrx_word' id='word_1_404' title='bbox 1197 2543 1317 2601; x_wconf 92' lang='lat' dir='ltr'><strong>salutari</strong></span> <span class='ocrx_word' id='word_1_405' title='bbox 1347 2546 1384 2602; x_wconf 90' lang='lat' dir='ltr'><strong>ab</strong></span> <span class='ocrx_word' id='word_1_406' title='bbox 1412 2546 1473 2617; x_wconf 89' lang='lat' dir='ltr'><strong>ipso</strong></span> <span class='ocrx_word' id='word_1_407' title='bbox 1488 2541 1664 2618; x_wconf 76' lang='lat' dir='ltr'><strong>evangelista</strong></span> <span class='ocrx_word' id='word_1_408' title='bbox 1687 2559 1774 2616; x_wconf 91' lang='lat' dir='ltr'><strong>supra</strong></span> <span class='ocrx_word' id='word_1_409' title='bbox 1798 2559 1856 2601; x_wconf 89' lang='lat' dir='ltr'><strong>rne-</strong></span> 
     </span>
     <span class='ocr_line' id='line_1_28' title="bbox 115 2631 1857 2707; baseline -0.005 -8"><span class='ocrx_word' id='word_1_410' title='bbox 115 2639 288 2699; x_wconf 89' lang='lat' dir='ltr'><strong>dicitomibi</strong></span> <span class='ocrx_word' id='word_1_411' title='bbox 317 2636 367 2694; x_wconf 91' lang='lat' dir='ltr'><strong>ubi</strong></span> <span class='ocrx_word' id='word_1_412' title='bbox 397 2634 529 2706; x_wconf 84' lang='lat' dir='ltr'><strong>posuisti.</strong></span> <span class='ocrx_word' id='word_1_413' title='bbox 559 2641 587 2692; x_wconf 90' lang='grc' dir='ltr'>ει</span> <span class='ocrx_word' id='word_1_414' title='bbox 600 2649 653 2707; x_wconf 89' lang='lat' dir='ltr'><strong>ego</strong></span> <span class='ocrx_word' id='word_1_415' title='bbox 667 2649 734 2692; x_wconf 88' lang='lat' dir='ltr'><strong>euru</strong></span> <span class='ocrx_word' id='word_1_416' title='bbox 750 2634 847 2692; x_wconf 86' lang='lat' dir='ltr'><strong>tollam</strong></span> <span class='ocrx_word' id='word_1_417' title='bbox 865 2633 958 2707; x_wconf 71' lang='lat' dir='ltr'><strong>(ibid,</strong></span> <span class='ocrx_word' id='word_1_418' title='bbox 1015 2631 1149 2699; x_wconf 86' lang='lat' dir='ltr'><strong>moravit,</strong></span> <span class='ocrx_word' id='word_1_419' title='bbox 1174 2639 1207 2689; x_wconf 91' lang='lat' dir='ltr'><strong>ut</strong></span> <span class='ocrx_word' id='word_1_420' title='bbox 1232 2640 1291 2690; x_wconf 90' lang='lat' dir='ltr'><strong>tam</strong></span> <span class='ocrx_word' id='word_1_421' title='bbox 1323 2648 1447 2691; x_wconf 91' lang='lat' dir='ltr'><strong>occursu</strong></span> <span class='ocrx_word' id='word_1_422' title='bbox 1477 2649 1529 2692; x_wconf 89' lang='lat' dir='ltr'><strong>sno</strong></span> <span class='ocrx_word' id='word_1_423' title='bbox 1569 2648 1658 2706; x_wconf 87' lang='lat' dir='ltr'><strong>quam</strong></span> <span class='ocrx_word' id='word_1_424' title='bbox 1685 2633 1857 2690; x_wconf 88' lang='lat' dir='ltr'><strong>salutatione</strong></span> 
     </span>
     <span class='ocr_line' id='line_1_29' title="bbox 116 2711 1858 2800; baseline -0.001 -21"><span class='ocrx_word' id='word_1_425' title='bbox 116 2732 173 2800; x_wconf 74' lang='grc' dir='ltr'>ιι).</span> <span class='ocrx_word' id='word_1_426' title='bbox 192 2750 203 2779; x_wconf 68' lang='grc' dir='ltr'>ι</span> <span class='ocrx_word' id='word_1_427' title='bbox 222 2727 350 2800; x_wconf 75' lang='lat' dir='ltr'><strong>Fugiunt</strong></span> <span class='ocrx_word' id='word_1_428' title='bbox 375 2725 488 2793; x_wconf 84' lang='lat' dir='ltr'><strong>arietes,</strong></span> <span class='ocrx_word' id='word_1_429' title='bbox 518 2723 575 2780; x_wconf 92' lang='lat' dir='ltr'><strong>imo</strong></span> <span class='ocrx_word' id='word_1_430' title='bbox 604 2731 632 2781; x_wconf 90' lang='lat' dir='ltr'><strong>et</strong></span> <span class='ocrx_word' id='word_1_431' title='bbox 661 2731 787 2794; x_wconf 86' lang='lat' dir='ltr'><strong>pastores</strong></span> <span class='ocrx_word' id='word_1_432' title='bbox 818 2723 958 2781; x_wconf 90' lang='lat' dir='ltr'><strong>Dominici</strong></span> <span class='ocrx_word' id='word_1_433' title='bbox 1013 2727 1153 2789; x_wconf 84' lang='lat' dir='ltr'><strong>quantam</strong></span> <span class='ocrx_word' id='word_1_434' title='bbox 1174 2734 1245 2792; x_wconf 88' lang='lat' dir='ltr'><strong>erga</strong></span> <span class='ocrx_word' id='word_1_435' title='bbox 1259 2736 1307 2780; x_wconf 86' lang='lat' dir='ltr'><strong>eas</strong></span> <span class='ocrx_word' id='word_1_436' title='bbox 1327 2711 1548 2780; x_wconf 87' lang='lat' dir='ltr'><strong>sollicitudinem</strong></span> <span class='ocrx_word' id='word_1_437' title='bbox 1573 2725 1601 2779; x_wconf 87' lang='grc' dir='ltr'>ει</span> <span class='ocrx_word' id='word_1_438' title='bbox 1623 2722 1747 2794; x_wconf 81' lang='lat' dir='ltr'><strong>gratiam</strong></span> <span class='ocrx_word' id='word_1_439' title='bbox 1770 2722 1858 2778; x_wconf 88' lang='lat' dir='ltr'><strong>babe-</strong></span> 
     </span>
     <span class='ocr_line' id='line_1_30' title="bbox 115 2809 1860 2892; baseline -0.003 -17"><span class='ocrx_word' id='word_1_440' title='bbox 115 2818 231 2892; x_wconf 86' lang='lat' dir='ltr'><strong>gregis;</strong></span> <span class='ocrx_word' id='word_1_441' title='bbox 260 2820 409 2873; x_wconf 88' lang='lat' dir='ltr'><strong>remanent</strong></span> <span class='ocrx_word' id='word_1_442' title='bbox 428 2827 495 2870; x_wconf 87' lang='lat' dir='ltr'><strong>oves</strong></span> <span class='ocrx_word' id='word_1_443' title='bbox 525 2812 683 2884; x_wconf 77' lang='lat' dir='ltr'><strong>intrepida.</strong></span> <span class='ocrx_word' id='word_1_444' title='bbox 703 2812 807 2883; x_wconf 72' lang='lat' dir='ltr'><strong>arguit</strong></span> <span class='ocrx_word' id='word_1_445' title='bbox 833 2811 884 2867; x_wconf 91' lang='lat' dir='ltr'><strong>hos</strong></span> <span class='ocrx_word' id='word_1_446' title='bbox 908 2813 959 2867; x_wconf 85' lang='lat' dir='ltr'><strong>Du-</strong></span> <span class='ocrx_word' id='word_1_447' title='bbox 1013 2815 1056 2863; x_wconf 85' lang='lat' dir='ltr'><strong>rat</strong></span> <span class='ocrx_word' id='word_1_448' title='bbox 1071 2809 1243 2866; x_wconf 87' lang='lat' dir='ltr'><strong>estenderet.</strong></span> <span class='ocrx_word' id='word_1_449' title='bbox 1267 2811 1329 2868; x_wconf 90' lang='lat' dir='ltr'><strong>Non</strong></span> <span class='ocrx_word' id='word_1_450' title='bbox 1354 2813 1431 2868; x_wconf 92' lang='lat' dir='ltr'><strong>enim</strong></span> <span class='ocrx_word' id='word_1_451' title='bbox 1464 2811 1527 2868; x_wconf 88' lang='lat' dir='ltr'><strong>aliis</strong></span> <span class='ocrx_word' id='word_1_452' title='bbox 1542 2812 1691 2883; x_wconf 90' lang='lat' dir='ltr'><strong>proprium</strong></span> <span class='ocrx_word' id='word_1_453' title='bbox 1711 2811 1860 2869; x_wconf 87' lang='lat' dir='ltr'><strong>salutatio·</strong></span> 
     </span>
     <span class='ocr_line' id='line_1_31' title="bbox 115 2896 1860 2977; baseline -0.005 -12"><span class='ocrx_word' id='word_1_454' title='bbox 115 2908 212 2965; x_wconf 86' lang='lat' dir='ltr'><strong>minus</strong></span> <span class='ocrx_word' id='word_1_455' title='bbox 231 2914 370 2977; x_wconf 83' lang='lat' dir='ltr'><strong>tanquam</strong></span> <span class='ocrx_word' id='word_1_456' title='bbox 386 2902 530 2959; x_wconf 82' lang='lat' dir='ltr'><strong>infirmam</strong></span> <span class='ocrx_word' id='word_1_457' title='bbox 552 2914 679 2967; x_wconf 91' lang='lat' dir='ltr'><strong>carnem,</strong></span> <span class='ocrx_word' id='word_1_458' title='bbox 695 2900 771 2971; x_wconf 84' lang='lat' dir='ltr'><strong>quod</strong></span> <span class='ocrx_word' id='word_1_459' title='bbox 788 2900 817 2955; x_wconf 93' lang='lat' dir='ltr'><strong>in</strong></span> <span class='ocrx_word' id='word_1_460' title='bbox 835 2899 956 2957; x_wconf 88' lang='lat' dir='ltr'><strong>articulo</strong></span> <span class='ocrx_word' id='word_1_461' title='bbox 1013 2896 1058 2952; x_wconf 92' lang='lat' dir='ltr'><strong>nis</strong></span> <span class='ocrx_word' id='word_1_462' title='bbox 1079 2897 1214 2966; x_wconf 89' lang='lat' dir='ltr'><strong>verbum,</strong></span> <span class='ocrx_word' id='word_1_463' title='bbox 1244 2900 1321 2969; x_wconf 82' lang='lat' dir='ltr'><strong>qnod</strong></span> <span class='ocrx_word' id='word_1_464' title='bbox 1346 2907 1397 2968; x_wconf 91' lang='lat' dir='ltr'><strong>est,</strong></span> <span class='ocrx_word' id='word_1_465' title='bbox 1416 2901 1532 2964; x_wconf 84' lang='lat' dir='ltr'><strong>«Avete,</strong></span> <span class='ocrx_word' id='word_1_466' title='bbox 1545 2919 1559 2948; x_wconf 72' lang='grc' dir='ltr'>ι</span> <span class='ocrx_word' id='word_1_467' title='bbox 1575 2913 1640 2956; x_wconf 88' lang='grc'><strong>333</strong></span> <span class='ocrx_word' id='word_1_468' title='bbox 1659 2899 1781 2970; x_wconf 85' lang='lat' dir='ltr'><strong>legimus</strong></span> <span class='ocrx_word' id='word_1_469' title='bbox 1796 2914 1860 2970; x_wconf 76' lang='lat' dir='ltr'><strong>pru</strong></span> 
     </span>
     <span class='ocr_line' id='line_1_32' title="bbox 113 2967 1859 3064; baseline -0.005 -10"><span class='ocrx_word' id='word_1_470' title='bbox 113 2997 200 3055; x_wconf 86' lang='lat' dir='ltr'><strong>etiam</strong></span> <span class='ocrx_word' id='word_1_471' title='bbox 220 2991 360 3064; x_wconf 85' lang='lat' dir='ltr'><strong>passionis</strong></span> <span class='ocrx_word' id='word_1_472' title='bbox 383 3003 443 3045; x_wconf 80' lang='lat' dir='ltr'><strong>sua</strong></span> <span class='ocrx_word' id='word_1_473' title='bbox 464 3003 518 3045; x_wconf 90' lang='lat' dir='ltr'><strong>nec</strong></span> <span class='ocrx_word' id='word_1_474' title='bbox 532 3002 591 3045; x_wconf 93' lang='lat' dir='ltr'><strong>una</strong></span> <span class='ocrx_word' id='word_1_475' title='bbox 619 2989 690 3044; x_wconf 89' lang='lat' dir='ltr'><strong>bora</strong></span> <span class='ocrx_word' id='word_1_476' title='bbox 714 3001 779 3044; x_wconf 92' lang='lat' dir='ltr'><strong>cum</strong></span> <span class='ocrx_word' id='word_1_477' title='bbox 808 3002 841 3044; x_wconf 90' lang='lat' dir='ltr'><strong>eo</strong></span> <span class='ocrx_word' id='word_1_478' title='bbox 863 2996 961 3059; x_wconf 90' lang='lat' dir='ltr'><strong>potue·</strong></span> <span class='ocrx_word' id='word_1_479' title='bbox 975 2967 998 3025; x_wconf 71' lang='lat' dir='ltr'>C</span> <span class='ocrx_word' id='word_1_480' title='bbox 1014 2983 1137 3042; x_wconf 86' lang='lat' dir='ltr'><strong>tulisse:</strong></span> <span class='ocrx_word' id='word_1_481' title='bbox 1167 2986 1289 3044; x_wconf 90' lang='lat' dir='ltr'><strong>imoista</strong></span> <span class='ocrx_word' id='word_1_482' title='bbox 1305 2987 1476 3045; x_wconf 89' lang='lat' dir='ltr'><strong>salutatione</strong></span> <span class='ocrx_word' id='word_1_483' title='bbox 1498 2995 1582 3044; x_wconf 86' lang='lat' dir='ltr'><strong>antea</strong></span> <span class='ocrx_word' id='word_1_484' title='bbox 1608 2987 1762 3058; x_wconf 91' lang='lat' dir='ltr'><strong>discipulos</strong></span> <span class='ocrx_word' id='word_1_485' title='bbox 1782 2989 1859 3045; x_wconf 92' lang='lat' dir='ltr'><strong>inbi-</strong></span> 
     </span>
     <span class='ocr_line' id='line_1_33' title="bbox 114 3072 1857 3151; baseline -0.006 -8"><span class='ocrx_word' id='word_1_486' title='bbox 114 3090 184 3143; x_wconf 88' lang='lat' dir='ltr'><strong>runt</strong></span> <span class='ocrx_word' id='word_1_487' title='bbox 194 3080 324 3151; x_wconf 83' lang='lat' dir='ltr'><strong>vigilare.</strong></span> <span class='ocrx_word' id='word_1_488' title='bbox 341 3079 505 3132; x_wconf 91' lang='lat' dir='ltr'><strong>insomnem</strong></span> <span class='ocrx_word' id='word_1_489' title='bbox 524 3073 560 3130; x_wconf 92' lang='lat' dir='ltr'><strong>ad</strong></span> <span class='ocrx_word' id='word_1_490' title='bbox 575 3073 741 3145; x_wconf 89' lang='lat' dir='ltr'><strong>sepulcrum</strong></span> <span class='ocrx_word' id='word_1_491' title='bbox 757 3073 834 3130; x_wconf 92' lang='lat' dir='ltr'><strong>iilius</strong></span> <span class='ocrx_word' id='word_1_492' title='bbox 847 3082 958 3132; x_wconf 87' lang='lat' dir='ltr'><strong>noctem</strong></span> <span class='ocrx_word' id='word_1_493' title='bbox 1013 3072 1110 3131; x_wconf 89' lang='lat' dir='ltr'><strong>bnisse</strong></span> <span class='ocrx_word' id='word_1_494' title='bbox 1124 3115 1132 3144; x_wconf 94' lang='lat'><strong>,</strong></span> <span class='ocrx_word' id='word_1_495' title='bbox 1148 3088 1216 3132; x_wconf 92' lang='lat' dir='ltr'><strong>cum</strong></span> <span class='ocrx_word' id='word_1_496' title='bbox 1233 3075 1274 3132; x_wconf 91' lang='lat' dir='ltr'><strong>eis</strong></span> <span class='ocrx_word' id='word_1_497' title='bbox 1300 3075 1423 3133; x_wconf 88' lang='lat' dir='ltr'><strong>diceret:</strong></span> <span class='ocrx_word' id='word_1_498' title='bbox 1455 3077 1517 3132; x_wconf 80' lang='lat' dir='ltr'><strong>«nt</strong></span> <span class='ocrx_word' id='word_1_499' title='bbox 1540 3076 1684 3133; x_wconf 90' lang='lat' dir='ltr'><strong>neminem</strong></span> <span class='ocrx_word' id='word_1_500' title='bbox 1714 3077 1857 3147; x_wconf 87' lang='lat' dir='ltr'><strong>perviam</strong></span> 
     </span>
     <span class='ocr_line' id='line_1_34' title="bbox 115 3156 1857 3240; baseline -0.004 -11"><span class='ocrx_word' id='word_1_501' title='bbox 115 3173 146 3230; x_wconf 89' lang='lat' dir='ltr'><strong>in</strong></span> <span class='ocrx_word' id='word_1_502' title='bbox 162 3166 297 3240; x_wconf 84' lang='lat' dir='ltr'><strong>iacrymis</strong></span> <span class='ocrx_word' id='word_1_503' title='bbox 320 3163 433 3222; x_wconf 82' lang='lat' dir='ltr'><strong>leminae</strong></span> <span class='ocrx_word' id='word_1_504' title='bbox 457 3162 604 3230; x_wconf 86' lang='lat' dir='ltr'><strong>ducentes,</strong></span> <span class='ocrx_word' id='word_1_505' title='bbox 633 3163 811 3233; x_wconf 90' lang='lat' dir='ltr'><strong>resurgentis</strong></span> <span class='ocrx_word' id='word_1_506' title='bbox 838 3162 959 3234; x_wconf 79' lang='lat' dir='ltr'><strong>gloriam</strong></span> <span class='ocrx_word' id='word_1_507' title='bbox 1011 3161 1206 3221; x_wconf 83' lang='lat' dir='ltr'><strong>salutaveritis</strong></span> <span class='ocrx_word' id='word_1_508' title='bbox 1232 3156 1309 3235; x_wconf 78' lang='grc'>(133.</span> <span class='ocrx_word' id='word_1_509' title='bbox 1335 3178 1366 3232; x_wconf 88' lang='lat' dir='ltr'><strong>x,</strong></span> <span class='ocrx_word' id='word_1_510' title='bbox 1381 3165 1409 3237; x_wconf 87' lang='lat' dir='ltr'><strong>t)</strong></span> <span class='ocrx_word' id='word_1_511' title='bbox 1425 3186 1462 3222; x_wconf 75' lang='grc' dir='ltr'><strong>,ι</strong></span> <span class='ocrx_word' id='word_1_512' title='bbox 1488 3164 1576 3233; x_wconf 85' lang='lat' dir='ltr'><strong>Quasi</strong></span> <span class='ocrx_word' id='word_1_513' title='bbox 1592 3166 1645 3222; x_wconf 89' lang='lat' dir='ltr'><strong>boc</strong></span> <span class='ocrx_word' id='word_1_514' title='bbox 1672 3165 1857 3238; x_wconf 87' lang='lat' dir='ltr'><strong>privilegium</strong></span> 
     </span>
     <span class='ocr_line' id='line_1_35' title="bbox 115 3250 1857 3332; baseline -0.003 -17"><span class='ocrx_word' id='word_1_515' title='bbox 115 3259 216 3332; x_wconf 81' lang='lat' dir='ltr'><strong>prima</strong></span> <span class='ocrx_word' id='word_1_516' title='bbox 244 3255 342 3312; x_wconf 90' lang='lat' dir='ltr'><strong>videre</strong></span> <span class='ocrx_word' id='word_1_517' title='bbox 367 3258 547 3309; x_wconf 84' lang='lat' dir='ltr'><strong>meruerunt.</strong></span> <span class='ocrx_word' id='word_1_518' title='bbox 575 3250 626 3307; x_wconf 85' lang='lat' dir='ltr'><strong>Cui</strong></span> <span class='ocrx_word' id='word_1_519' title='bbox 652 3250 771 3308; x_wconf 86' lang='lat' dir='ltr'><strong>fideliter</strong></span> <span class='ocrx_word' id='word_1_520' title='bbox 783 3251 812 3308; x_wconf 94' lang='grc'><strong>13</strong></span> <span class='ocrx_word' id='word_1_521' title='bbox 835 3259 958 3308; x_wconf 90' lang='lat' dir='ltr'><strong>mortem</strong></span> <span class='ocrx_word' id='word_1_522' title='bbox 1011 3263 1092 3306; x_wconf 90' lang='lat' dir='ltr'><strong>nunc</strong></span> <span class='ocrx_word' id='word_1_523' title='bbox 1117 3264 1211 3321; x_wconf 83' lang='lat' dir='ltr'><strong>nsque</strong></span> <span class='ocrx_word' id='word_1_524' title='bbox 1236 3250 1344 3308; x_wconf 89' lang='lat' dir='ltr'><strong>devotis</strong></span> <span class='ocrx_word' id='word_1_525' title='bbox 1371 3251 1484 3310; x_wconf 85' lang='lat' dir='ltr'><strong>leminis</strong></span> <span class='ocrx_word' id='word_1_526' title='bbox 1512 3253 1784 3324; x_wconf 81' lang='lat' dir='ltr'><strong>reservarei,qnod</strong></span> <span class='ocrx_word' id='word_1_527' title='bbox 1807 3268 1857 3326; x_wconf 91' lang='lat' dir='ltr'><strong>per</strong></span> 
     </span>
     <span class='ocr_line' id='line_1_36' title="bbox 111 3339 1857 3420; baseline -0.003 -16"><span class='ocrx_word' id='word_1_528' title='bbox 111 3352 252 3420; x_wconf 83' lang='lat' dir='ltr'><strong>quantam</strong></span> <span class='ocrx_word' id='word_1_529' title='bbox 276 3340 430 3399; x_wconf 88' lang='lat' dir='ltr'><strong>dilexerint</strong></span> <span class='ocrx_word' id='word_1_530' title='bbox 452 3340 564 3407; x_wconf 87' lang='lat' dir='ltr'><strong>vivum,</strong></span> <span class='ocrx_word' id='word_1_531' title='bbox 585 3346 718 3396; x_wconf 76' lang='grc'>333133</span> <span class='ocrx_word' id='word_1_532' title='bbox 742 3339 840 3397; x_wconf 91' lang='lat' dir='ltr'><strong>verbis</strong></span> <span class='ocrx_word' id='word_1_533' title='bbox 868 3355 957 3413; x_wconf 87' lang='lat' dir='ltr'><strong>quam</strong></span> <span class='ocrx_word' id='word_1_534' title='bbox 1011 3339 1194 3409; x_wconf 87' lang='lat' dir='ltr'><strong>semetipsum</strong></span> <span class='ocrx_word' id='word_1_535' title='bbox 1212 3340 1254 3396; x_wconf 92' lang='lat' dir='ltr'><strong>eis</strong></span> <span class='ocrx_word' id='word_1_536' title='bbox 1267 3341 1418 3399; x_wconf 84' lang='lat' dir='ltr'><strong>exhiberet</strong></span> <span class='ocrx_word' id='word_1_537' title='bbox 1445 3342 1669 3400; x_wconf 86' lang='lat' dir='ltr'><strong>immortalitatis</strong></span> <span class='ocrx_word' id='word_1_538' title='bbox 1690 3342 1781 3413; x_wconf 87' lang='lat' dir='ltr'><strong>gloria</strong></span> <span class='ocrx_word' id='word_1_539' title='bbox 1795 3344 1857 3414; x_wconf 87' lang='lat' dir='ltr'><strong>jam</strong></span> 
     </span>
     <span class='ocr_line' id='line_1_37' title="bbox 114 3425 1857 3501; baseline -0.004 -7"><span class='ocrx_word' id='word_1_540' title='bbox 114 3435 202 3494; x_wconf 90' lang='lat' dir='ltr'><strong>rebus</strong></span> <span class='ocrx_word' id='word_1_541' title='bbox 216 3431 423 3491; x_wconf 85' lang='lat' dir='ltr'><strong>exbibuerunt.</strong></span> <span class='ocrx_word' id='word_1_542' title='bbox 441 3429 477 3485; x_wconf 86' lang='lat' dir='ltr'><strong>Et</strong></span> <span class='ocrx_word' id='word_1_543' title='bbox 492 3428 526 3485; x_wconf 92' lang='lat' dir='ltr'><strong>de</strong></span> <span class='ocrx_word' id='word_1_544' title='bbox 540 3428 602 3499; x_wconf 90' lang='lat' dir='ltr'><strong>ipsa</strong></span> <span class='ocrx_word' id='word_1_545' title='bbox 615 3428 712 3497; x_wconf 87' lang='lat' dir='ltr'><strong>etiam,</strong></span> <span class='ocrx_word' id='word_1_546' title='bbox 727 3443 814 3500; x_wconf 84' lang='lat' dir='ltr'><strong>quam</strong></span> <span class='ocrx_word' id='word_1_547' title='bbox 827 3427 862 3500; x_wconf 74' lang='lat' dir='ltr'><strong>[s.</strong></span> <span class='ocrx_word' id='word_1_548' title='bbox 877 3428 959 3501; x_wconf 87' lang='lat' dir='ltr'><strong>quia]</strong></span> <span class='ocrx_word' id='word_1_549' title='bbox 1012 3425 1127 3496; x_wconf 88' lang='lat' dir='ltr'><strong>potitus.</strong></span> <span class='ocrx_word' id='word_1_550' title='bbox 1154 3426 1245 3484; x_wconf 85' lang='lat' dir='ltr'><strong>Actus</strong></span> <span class='ocrx_word' id='word_1_551' title='bbox 1265 3442 1383 3500; x_wconf 84' lang='lat' dir='ltr'><strong>quoque</strong></span> <span class='ocrx_word' id='word_1_552' title='bbox 1413 3430 1605 3500; x_wconf 89' lang='lat' dir='ltr'><strong>apostolorum</strong></span> <span class='ocrx_word' id='word_1_553' title='bbox 1633 3444 1700 3487; x_wconf 92' lang='lat' dir='ltr'><strong>cum</strong></span> <span class='ocrx_word' id='word_1_554' title='bbox 1731 3430 1857 3487; x_wconf 77' lang='lat' dir='ltr'><strong>referant</strong></span> 
     </span>
     <span class='ocr_line' id='line_1_38' title="bbox 112 3515 1857 3594; baseline -0.003 -13"><span class='ocrx_word' id='word_1_555' title='bbox 112 3522 266 3594; x_wconf 84' lang='lat' dir='ltr'><strong>circaejns</strong></span> <span class='ocrx_word' id='word_1_556' title='bbox 293 3517 454 3591; x_wconf 87' lang='lat' dir='ltr'><strong>passionem</strong></span> <span class='ocrx_word' id='word_1_557' title='bbox 471 3523 500 3572; x_wconf 86' lang='grc' dir='ltr'>ει</span> <span class='ocrx_word' id='word_1_558' title='bbox 521 3523 642 3572; x_wconf 90' lang='lat' dir='ltr'><strong>mortem</strong></span> <span class='ocrx_word' id='word_1_559' title='bbox 669 3517 835 3574; x_wconf 91' lang='lat' dir='ltr'><strong>babuerunt</strong></span> <span class='ocrx_word' id='word_1_560' title='bbox 854 3516 957 3574; x_wconf 93' lang='lat' dir='ltr'><strong>sollici·</strong></span> <span class='ocrx_word' id='word_1_561' title='bbox 1010 3515 1106 3572; x_wconf 86' lang='lat' dir='ltr'><strong>statim</strong></span> <span class='ocrx_word' id='word_1_562' title='bbox 1128 3523 1191 3587; x_wconf 87' lang='lat' dir='ltr'><strong>post</strong></span> <span class='ocrx_word' id='word_1_563' title='bbox 1211 3518 1403 3575; x_wconf 77' lang='lat' dir='ltr'><strong>ascensionen</strong></span> <span class='ocrx_word' id='word_1_564' title='bbox 1419 3519 1532 3576; x_wconf 86' lang='lat' dir='ltr'><strong>Domini</strong></span> <span class='ocrx_word' id='word_1_565' title='bbox 1559 3519 1733 3589; x_wconf 91' lang='lat' dir='ltr'><strong>apostolosa</strong></span> <span class='ocrx_word' id='word_1_566' title='bbox 1760 3527 1857 3576; x_wconf 92' lang='lat' dir='ltr'><strong>monte</strong></span> 
     </span>
     <span class='ocr_line' id='line_1_39' title="bbox 113 3600 1856 3679; baseline -0.004 -8"><span class='ocrx_word' id='word_1_567' title='bbox 113 3613 256 3678; x_wconf 89' lang='lat' dir='ltr'><strong>tudinem,</strong></span> <span class='ocrx_word' id='word_1_568' title='bbox 287 3606 468 3679; x_wconf 87' lang='lat' dir='ltr'><strong>resurgentis</strong></span> <span class='ocrx_word' id='word_1_569' title='bbox 492 3605 553 3661; x_wconf 88' lang='lat' dir='ltr'><strong>vita</strong></span> <span class='ocrx_word' id='word_1_570' title='bbox 586 3605 687 3675; x_wconf 80' lang='lat' dir='ltr'><strong>prime</strong></span> <span class='ocrx_word' id='word_1_571' title='bbox 710 3613 778 3663; x_wconf 90' lang='lat' dir='ltr'><strong>sunt</strong></span> <span class='ocrx_word' id='word_1_572' title='bbox 797 3605 957 3663; x_wconf 73' lang='lat' dir='ltr'><strong>laetificate.</strong></span> <span class='ocrx_word' id='word_1_573' title='bbox 1010 3600 1111 3659; x_wconf 87' lang='lat' dir='ltr'><strong>Oliveti</strong></span> <span class='ocrx_word' id='word_1_574' title='bbox 1148 3603 1308 3661; x_wconf 85' lang='lat' dir='ltr'><strong>Jerusalem</strong></span> <span class='ocrx_word' id='word_1_575' title='bbox 1349 3606 1486 3676; x_wconf 89' lang='lat' dir='ltr'><strong>redisse,</strong></span> <span class='ocrx_word' id='word_1_576' title='bbox 1510 3613 1538 3664; x_wconf 89' lang='lat' dir='ltr'><strong>et</strong></span> <span class='ocrx_word' id='word_1_577' title='bbox 1571 3606 1650 3663; x_wconf 92' lang='lat' dir='ltr'><strong>illins</strong></span> <span class='ocrx_word' id='word_1_578' title='bbox 1682 3608 1856 3664; x_wconf 87' lang='lat' dir='ltr'><strong>sacrosancti</strong></span> 
     </span>
     <span class='ocr_line' id='line_1_40' title="bbox 112 3691 1856 3766; baseline -0.005 -6"><span class='ocrx_word' id='word_1_579' title='bbox 112 3701 185 3760; x_wconf 82' lang='lat' dir='ltr'><strong>Cum</strong></span> <span class='ocrx_word' id='word_1_580' title='bbox 214 3697 302 3762; x_wconf 90' lang='lat' dir='ltr'><strong>enim,</strong></span> <span class='ocrx_word' id='word_1_581' title='bbox 320 3694 480 3752; x_wconf 89' lang='lat' dir='ltr'><strong>secundnm</strong></span> <span class='ocrx_word' id='word_1_582' title='bbox 494 3694 644 3760; x_wconf 86' lang='lat' dir='ltr'><strong>ioannem,</strong></span> <span class='ocrx_word' id='word_1_583' title='bbox 660 3694 763 3765; x_wconf 81' lang='lat' dir='ltr'><strong>ioseph</strong></span> <span class='ocrx_word' id='word_1_584' title='bbox 789 3694 957 3751; x_wconf 69' lang='grc'>31113133-</span> <span class='ocrx_word' id='word_1_585' title='bbox 1009 3696 1169 3747; x_wconf 88' lang='lat' dir='ltr'><strong>conventus</strong></span> <span class='ocrx_word' id='word_1_586' title='bbox 1188 3691 1354 3764; x_wconf 88' lang='lat' dir='ltr'><strong>religionem</strong></span> <span class='ocrx_word' id='word_1_587' title='bbox 1383 3694 1536 3766; x_wconf 86' lang='lat' dir='ltr'><strong>diligenter</strong></span> <span class='ocrx_word' id='word_1_588' title='bbox 1551 3695 1725 3763; x_wconf 87' lang='lat' dir='ltr'><strong>describant,</strong></span> <span class='ocrx_word' id='word_1_589' title='bbox 1740 3710 1798 3753; x_wconf 94' lang='lat' dir='ltr'><strong>non</strong></span> <span class='ocrx_word' id='word_1_590' title='bbox 1815 3703 1856 3752; x_wconf 91' lang='lat' dir='ltr'><strong>est</strong></span> 
     </span>
     <span class='ocr_line' id='line_1_41' title="bbox 112 3778 1855 3857; baseline -0.004 -9"><span class='ocrx_word' id='word_1_591' title='bbox 112 3791 211 3857; x_wconf 85' lang='lat' dir='ltr'><strong>tbaea,</strong></span> <span class='ocrx_word' id='word_1_592' title='bbox 230 3784 443 3845; x_wconf 87' lang='lat' dir='ltr'><strong>etNicodemus</strong></span> <span class='ocrx_word' id='word_1_593' title='bbox 465 3797 570 3853; x_wconf 90' lang='lat' dir='ltr'><strong>corpus</strong></span> <span class='ocrx_word' id='word_1_594' title='bbox 598 3782 713 3839; x_wconf 87' lang='lat' dir='ltr'><strong>Domini</strong></span> <span class='ocrx_word' id='word_1_595' title='bbox 728 3782 851 3854; x_wconf 89' lang='lat' dir='ltr'><strong>ligantes</strong></span> <span class='ocrx_word' id='word_1_596' title='bbox 863 3783 958 3840; x_wconf 87' lang='lat' dir='ltr'><strong>linteis</strong></span> <span class='ocrx_word' id='word_1_597' title='bbox 1009 3778 1170 3836; x_wconf 87' lang='lat' dir='ltr'><strong>devotionis</strong></span> <span class='ocrx_word' id='word_1_598' title='bbox 1184 3789 1352 3839; x_wconf 86' lang='lat' dir='ltr'><strong>sanctarum</strong></span> <span class='ocrx_word' id='word_1_599' title='bbox 1373 3783 1530 3840; x_wconf 89' lang='lat' dir='ltr'><strong>mulierum</strong></span> <span class='ocrx_word' id='word_1_600' title='bbox 1554 3785 1768 3854; x_wconf 85' lang='lat' dir='ltr'><strong>perseverantia</strong></span> <span class='ocrx_word' id='word_1_601' title='bbox 1784 3799 1855 3855; x_wconf 72' lang='lat' dir='ltr'><strong>prce⁴</strong></span> 
     </span>
     <span class='ocr_line' id='line_1_42' title="bbox 113 3868 1855 3944; baseline -0.004 -7"><span class='ocrx_word' id='word_1_602' title='bbox 113 3891 181 3937; x_wconf 91' lang='lat' dir='ltr'><strong>cnm</strong></span> <span class='ocrx_word' id='word_1_603' title='bbox 206 3872 385 3933; x_wconf 90' lang='lat' dir='ltr'><strong>aromatibus</strong></span> <span class='ocrx_word' id='word_1_604' title='bbox 409 3870 571 3942; x_wconf 85' lang='lat' dir='ltr'><strong>sepelirent,</strong></span> <span class='ocrx_word' id='word_1_605' title='bbox 598 3870 682 3927; x_wconf 88' lang='lat' dir='ltr'><strong>relert</strong></span> <span class='ocrx_word' id='word_1_606' title='bbox 711 3870 827 3929; x_wconf 79' lang='lat' dir='ltr'><strong>Marcus</strong></span> <span class='ocrx_word' id='word_1_607' title='bbox 848 3872 883 3928; x_wconf 88' lang='lat' dir='ltr'><strong>de</strong></span> <span class='ocrx_word' id='word_1_608' title='bbox 912 3885 957 3929; x_wconf 90' lang='lat' dir='ltr'><strong>ea·</strong></span> <span class='ocrx_word' id='word_1_609' title='bbox 1010 3868 1153 3937; x_wconf 88' lang='lat' dir='ltr'><strong>termissa,</strong></span> <span class='ocrx_word' id='word_1_610' title='bbox 1182 3884 1249 3928; x_wconf 89' lang='lat' dir='ltr'><strong>cnm</strong></span> <span class='ocrx_word' id='word_1_611' title='bbox 1265 3871 1391 3930; x_wconf 89' lang='lat' dir='ltr'><strong>dicitur:</strong></span> <span class='ocrx_word' id='word_1_612' title='bbox 1407 3895 1421 3923; x_wconf 74' lang='grc' dir='ltr'>α</span> <span class='ocrx_word' id='word_1_613' title='bbox 1447 3872 1482 3929; x_wconf 88' lang='grc'><strong>111</strong></span> <span class='ocrx_word' id='word_1_614' title='bbox 1496 3879 1579 3929; x_wconf 90' lang='lat' dir='ltr'><strong>erant</strong></span> <span class='ocrx_word' id='word_1_615' title='bbox 1607 3887 1706 3930; x_wconf 92' lang='lat' dir='ltr'><strong>omnes</strong></span> <span class='ocrx_word' id='word_1_616' title='bbox 1721 3887 1855 3944; x_wconf 89' lang='lat' dir='ltr'><strong>perseve-</strong></span> 
     </span>
     <span class='ocr_line' id='line_1_43' title="bbox 111 3958 1854 4032; baseline -0.003 -9"><span class='ocrx_word' id='word_1_617' title='bbox 111 3979 178 4023; x_wconf 90' lang='lat' dir='ltr'><strong>rum</strong></span> <span class='ocrx_word' id='word_1_618' title='bbox 191 3962 297 4031; x_wconf 86' lang='lat' dir='ltr'><strong>studio,</strong></span> <span class='ocrx_word' id='word_1_619' title='bbox 313 3959 390 4032; x_wconf 83' lang='lat' dir='ltr'><strong>quod</strong></span> <span class='ocrx_word' id='word_1_620' title='bbox 416 3959 507 4018; x_wconf 85' lang='lat' dir='ltr'><strong>llaria</strong></span> <span class='ocrx_word' id='word_1_621' title='bbox 520 3958 688 4031; x_wconf 83' lang='lat' dir='ltr'><strong>liagdalene</strong></span> <span class='ocrx_word' id='word_1_622' title='bbox 705 3966 732 4016; x_wconf 91' lang='grc' dir='ltr'>ει</span> <span class='ocrx_word' id='word_1_623' title='bbox 746 3960 837 4016; x_wconf 83' lang='lat' dir='ltr'><strong>biania</strong></span> <span class='ocrx_word' id='word_1_624' title='bbox 852 3961 955 4032; x_wconf 86' lang='lat' dir='ltr'><strong>ioseph</strong></span> <span class='ocrx_word' id='word_1_625' title='bbox 1008 3964 1105 4014; x_wconf 89' lang='lat' dir='ltr'><strong>rantes</strong></span> <span class='ocrx_word' id='word_1_626' title='bbox 1121 3959 1300 4017; x_wconf 90' lang='lat' dir='ltr'><strong>unanimiter</strong></span> <span class='ocrx_word' id='word_1_627' title='bbox 1321 3960 1351 4016; x_wconf 93' lang='lat' dir='ltr'><strong>in</strong></span> <span class='ocrx_word' id='word_1_628' title='bbox 1366 3960 1549 4018; x_wconf 91' lang='lat' dir='ltr'><strong>orationibus</strong></span> <span class='ocrx_word' id='word_1_629' title='bbox 1574 3976 1641 4018; x_wconf 93' lang='lat' dir='ltr'><strong>cum</strong></span> <span class='ocrx_word' id='word_1_630' title='bbox 1670 3961 1854 4029; x_wconf 88' lang='lat' dir='ltr'><strong>mulieribus,</strong></span> 
     </span>
     <span class='ocr_line' id='line_1_44' title="bbox 111 4045 1854 4125; baseline -0.002 -14"><span class='ocrx_word' id='word_1_631' title='bbox 111 4051 287 4125; x_wconf 85' lang='lat' dir='ltr'><strong>aspiciebant</strong></span> <span class='ocrx_word' id='word_1_632' title='bbox 306 4048 356 4106; x_wconf 91' lang='lat' dir='ltr'><strong>ubi</strong></span> <span class='ocrx_word' id='word_1_633' title='bbox 390 4054 556 4118; x_wconf 89' lang='lat' dir='ltr'><strong>poneretur.</strong></span> <span class='ocrx_word' id='word_1_634' title='bbox 584 4047 624 4104; x_wconf 90' lang='lat' dir='ltr'><strong>De</strong></span> <span class='ocrx_word' id='word_1_635' title='bbox 647 4047 691 4103; x_wconf 90' lang='lat' dir='ltr'><strong>bis</strong></span> <span class='ocrx_word' id='word_1_636' title='bbox 719 4062 838 4119; x_wconf 83' lang='lat' dir='ltr'><strong>quoque</strong></span> <span class='ocrx_word' id='word_1_637' title='bbox 864 4049 956 4107; x_wconf 83' lang='lat' dir='ltr'><strong>Lucas</strong></span> <span class='ocrx_word' id='word_1_638' title='bbox 1008 4052 1037 4103; x_wconf 89' lang='lat' dir='ltr'><strong>et</strong></span> <span class='ocrx_word' id='word_1_639' title='bbox 1063 4045 1153 4102; x_wconf 87' lang='lat' dir='ltr'><strong>llaria</strong></span> <span class='ocrx_word' id='word_1_640' title='bbox 1175 4055 1266 4104; x_wconf 85' lang='lat' dir='ltr'><strong>matre</strong></span> <span class='ocrx_word' id='word_1_641' title='bbox 1291 4049 1358 4106; x_wconf 84' lang='lat' dir='ltr'><strong>iesu</strong></span> <span class='ocrx_word' id='word_1_642' title='bbox 1375 4048 1450 4121; x_wconf 78' lang='lat' dir='ltr'><strong>(Act.</strong></span> <span class='ocrx_word' id='word_1_643' title='bbox 1482 4049 1573 4120; x_wconf 72' lang='grc'>314).</span> <span class='ocrx_word' id='word_1_644' title='bbox 1601 4071 1616 4100; x_wconf 88' lang='lat'>»</span> <span class='ocrx_word' id='word_1_645' title='bbox 1639 4051 1674 4107; x_wconf 91' lang='lat' dir='ltr'><strong>lit</strong></span> <span class='ocrx_word' id='word_1_646' title='bbox 1699 4058 1796 4106; x_wconf 90' lang='lat' dir='ltr'><strong>autern</strong></span> <span class='ocrx_word' id='word_1_647' title='bbox 1820 4050 1854 4108; x_wconf 87' lang='lat' dir='ltr'><strong>de</strong></span> 
     </span>
     <span class='ocr_line' id='line_1_45' title="bbox 110 4133 1855 4211; baseline -0.003 -11"><span class='ocrx_word' id='word_1_648' title='bbox 110 4144 342 4206; x_wconf 86' lang='lat' dir='ltr'><strong>commemorat,</strong></span> <span class='ocrx_word' id='word_1_649' title='bbox 369 4136 487 4193; x_wconf 90' lang='lat' dir='ltr'><strong>dicens:</strong></span> <span class='ocrx_word' id='word_1_650' title='bbox 511 4157 525 4187; x_wconf 77' lang='grc' dir='ltr'>ι</span> <span class='ocrx_word' id='word_1_651' title='bbox 554 4134 662 4192; x_wconf 83' lang='lat' dir='ltr'><strong>Secutae</strong></span> <span class='ocrx_word' id='word_1_652' title='bbox 691 4142 789 4194; x_wconf 88' lang='lat' dir='ltr'><strong>autem</strong></span> <span class='ocrx_word' id='word_1_653' title='bbox 809 4137 954 4207; x_wconf 89' lang='lat' dir='ltr'><strong>mulieres,</strong></span> <span class='ocrx_word' id='word_1_654' title='bbox 1009 4133 1141 4191; x_wconf 81' lang='lat' dir='ltr'><strong>ttebraeis</strong></span> <span class='ocrx_word' id='word_1_655' title='bbox 1164 4137 1418 4207; x_wconf 90' lang='lat' dir='ltr'><strong>praetermittamus</strong></span> <span class='ocrx_word' id='word_1_656' title='bbox 1441 4138 1564 4207; x_wconf 87' lang='lat' dir='ltr'><strong>lerninis,</strong></span> <span class='ocrx_word' id='word_1_657' title='bbox 1593 4153 1659 4211; x_wconf 82' lang='lat' dir='ltr'><strong>quae</strong></span> <span class='ocrx_word' id='word_1_658' title='bbox 1681 4140 1855 4210; x_wconf 76' lang='grc'>33133333-</span> 
     </span>
     <span class='ocr_line' id='line_1_46' title="bbox 111 4222 1856 4304; baseline 0.003 -15"><span class='ocrx_word' id='word_1_659' title='bbox 111 4246 177 4304; x_wconf 77' lang='lat' dir='ltr'><strong>qna</strong></span> <span class='ocrx_word' id='word_1_660' title='bbox 191 4243 257 4286; x_wconf 94' lang='lat' dir='ltr'><strong>cum</strong></span> <span class='ocrx_word' id='word_1_661' title='bbox 279 4228 498 4284; x_wconf 86' lang='lat' dir='ltr'><strong>lesuvenerant</strong></span> <span class='ocrx_word' id='word_1_662' title='bbox 513 4224 547 4281; x_wconf 93' lang='lat' dir='ltr'><strong>de</strong></span> <span class='ocrx_word' id='word_1_663' title='bbox 566 4222 706 4292; x_wconf 85' lang='lat' dir='ltr'><strong>Galiiaea,</strong></span> <span class='ocrx_word' id='word_1_664' title='bbox 733 4225 870 4284; x_wconf 86' lang='lat' dir='ltr'><strong>viderunt</strong></span> <span class='ocrx_word' id='word_1_665' title='bbox 893 4242 954 4285; x_wconf 91' lang='lat' dir='ltr'><strong>mo·</strong></span> <span class='ocrx_word' id='word_1_666' title='bbox 1007 4236 1099 4280; x_wconf 76' lang='lat' dir='ltr'><strong>versae</strong></span> <span class='ocrx_word' id='word_1_667' title='bbox 1111 4223 1147 4280; x_wconf 82' lang='lat' dir='ltr'><strong>ad</strong></span> <span class='ocrx_word' id='word_1_668' title='bbox 1167 4223 1252 4282; x_wconf 82' lang='lat' dir='ltr'><strong>iidem</strong></span> <span class='ocrx_word' id='word_1_669' title='bbox 1277 4226 1393 4283; x_wconf 76' lang='lat' dir='ltr'><strong>vivente</strong></span> <span class='ocrx_word' id='word_1_670' title='bbox 1409 4227 1504 4284; x_wconf 79' lang='lat' dir='ltr'><strong>adhuc</strong></span> <span class='ocrx_word' id='word_1_671' title='bbox 1535 4227 1655 4284; x_wconf 77' lang='lat' dir='ltr'><strong>Domino</strong></span> <span class='ocrx_word' id='word_1_672' title='bbox 1668 4227 1698 4283; x_wconf 84' lang='grc'><strong>111</strong></span> <span class='ocrx_word' id='word_1_673' title='bbox 1711 4240 1807 4294; x_wconf 65' lang='lat' dir='ltr'><strong>carne,</strong></span> <span class='ocrx_word' id='word_1_674' title='bbox 1828 4233 1856 4284; x_wconf 77' lang='grc'><strong>11</strong></span> 
     </span>
     <span class='ocr_line' id='line_1_47' title="bbox 109 4311 1855 4387; baseline -0.004 -10"><span class='ocrx_word' id='word_1_675' title='bbox 109 4325 293 4384; x_wconf 89' lang='lat' dir='ltr'><strong>numentum,</strong></span> <span class='ocrx_word' id='word_1_676' title='bbox 308 4322 336 4372; x_wconf 88' lang='lat' dir='ltr'><strong>et</strong></span> <span class='ocrx_word' id='word_1_677' title='bbox 355 4313 600 4387; x_wconf 87' lang='lat' dir='ltr'><strong>quemadmodum</strong></span> <span class='ocrx_word' id='word_1_678' title='bbox 625 4313 749 4382; x_wconf 91' lang='lat' dir='ltr'><strong>positum</strong></span> <span class='ocrx_word' id='word_1_679' title='bbox 759 4322 821 4372; x_wconf 87' lang='lat' dir='ltr'><strong>erat</strong></span> <span class='ocrx_word' id='word_1_680' title='bbox 846 4330 952 4387; x_wconf 89' lang='lat' dir='ltr'><strong>corpus</strong></span> <span class='ocrx_word' id='word_1_681' title='bbox 968 4316 991 4373; x_wconf 86' lang='lat' dir='ltr'><strong>b</strong></span> <span class='ocrx_word' id='word_1_682' title='bbox 1007 4311 1191 4383; x_wconf 78' lang='lat' dir='ltr'><strong>predicante,</strong></span> <span class='ocrx_word' id='word_1_683' title='bbox 1203 4312 1425 4385; x_wconf 84' lang='lat' dir='ltr'><strong>iormamhujus</strong></span> <span class='ocrx_word' id='word_1_684' title='bbox 1439 4314 1585 4387; x_wconf 81' lang='lat' dir='ltr'><strong>religionis</strong></span> <span class='ocrx_word' id='word_1_685' title='bbox 1607 4316 1817 4373; x_wconf 86' lang='lat' dir='ltr'><strong>inchoaverunt</strong></span> <span class='ocrx_word' id='word_1_686' title='bbox 1847 4330 1855 4370; x_wconf 78' lang='grc' dir='ltr'><strong><em>ε</em></strong></span> 
     </span>
     <span class='ocr_line' id='line_1_48' title="bbox 110 4399 1853 4482; baseline -0.003 -16"><span class='ocrx_word' id='word_1_687' title='bbox 110 4409 184 4482; x_wconf 75' lang='lat' dir='ltr'><strong>eius,</strong></span> <span class='ocrx_word' id='word_1_688' title='bbox 203 4413 231 4464; x_wconf 89' lang='lat' dir='ltr'><strong>et</strong></span> <span class='ocrx_word' id='word_1_689' title='bbox 249 4411 423 4463; x_wconf 88' lang='lat' dir='ltr'><strong>revertentes</strong></span> <span class='ocrx_word' id='word_1_690' title='bbox 450 4408 628 4472; x_wconf 89' lang='lat' dir='ltr'><strong>paraverunt</strong></span> <span class='ocrx_word' id='word_1_691' title='bbox 644 4409 774 4460; x_wconf 84' lang='lat' dir='ltr'><strong>aromata</strong></span> <span class='ocrx_word' id='word_1_692' title='bbox 790 4405 853 4475; x_wconf 81' lang='grc'>(133</span> <span class='ocrx_word' id='word_1_693' title='bbox 866 4418 951 4462; x_wconf 82' lang='lat' dir='ltr'><strong>xxm.</strong></span> <span class='ocrx_word' id='word_1_694' title='bbox 1006 4399 1041 4457; x_wconf 91' lang='lat' dir='ltr'><strong>de</strong></span> <span class='ocrx_word' id='word_1_695' title='bbox 1054 4399 1151 4458; x_wconf 88' lang='lat' dir='ltr'><strong>viduis</strong></span> <span class='ocrx_word' id='word_1_696' title='bbox 1174 4415 1291 4474; x_wconf 86' lang='lat' dir='ltr'><strong>quoque</strong></span> <span class='ocrx_word' id='word_1_697' title='bbox 1305 4401 1483 4472; x_wconf 83' lang='lat' dir='ltr'><strong>Graecorum,</strong></span> <span class='ocrx_word' id='word_1_698' title='bbox 1499 4418 1566 4476; x_wconf 80' lang='lat' dir='ltr'><strong>qna</strong></span> <span class='ocrx_word' id='word_1_699' title='bbox 1591 4404 1628 4461; x_wconf 91' lang='lat' dir='ltr'><strong>ab</strong></span> <span class='ocrx_word' id='word_1_700' title='bbox 1642 4403 1779 4475; x_wconf 89' lang='lat' dir='ltr'><strong>apostolis</strong></span> <span class='ocrx_word' id='word_1_701' title='bbox 1790 4417 1853 4474; x_wconf 89' lang='lat' dir='ltr'><strong>po·</strong></span> 
     </span>
     <span class='ocr_line' id='line_1_49' title="bbox 110 4480 1855 4568; baseline -0.004 -14"><span class='ocrx_word' id='word_1_702' title='bbox 110 4496 169 4568; x_wconf 77' lang='grc'>15).</span> <span class='ocrx_word' id='word_1_703' title='bbox 192 4516 203 4547; x_wconf 77' lang='grc' dir='ltr'>ι</span> <span class='ocrx_word' id='word_1_704' title='bbox 228 4495 287 4552; x_wconf 87' lang='lat' dir='ltr'><strong>Nec</strong></span> <span class='ocrx_word' id='word_1_705' title='bbox 308 4493 379 4549; x_wconf 86' lang='lat' dir='ltr'><strong>satis</strong></span> <span class='ocrx_word' id='word_1_706' title='bbox 406 4489 538 4547; x_wconf 86' lang='lat' dir='ltr'><strong>videlicet</strong></span> <span class='ocrx_word' id='word_1_707' title='bbox 563 4480 701 4547; x_wconf 82' lang='lat' dir='ltr'><strong>babentes</strong></span> <span class='ocrx_word' id='word_1_708' title='bbox 716 4500 846 4550; x_wconf 89' lang='lat' dir='ltr'><strong>aromata</strong></span> <span class='ocrx_word' id='word_1_709' title='bbox 867 4492 953 4551; x_wconf 87' lang='lat' dir='ltr'><strong>Nion·</strong></span> <span class='ocrx_word' id='word_1_710' title='bbox 1007 4495 1068 4547; x_wconf 89' lang='lat' dir='ltr'><strong>stea</strong></span> <span class='ocrx_word' id='word_1_711' title='bbox 1091 4498 1230 4561; x_wconf 80' lang='lat' dir='ltr'><strong>suscepte</strong></span> <span class='ocrx_word' id='word_1_712' title='bbox 1249 4497 1318 4548; x_wconf 88' lang='lat' dir='ltr'><strong>sunt</strong></span> <span class='ocrx_word' id='word_1_713' title='bbox 1342 4491 1578 4564; x_wconf 83' lang='lat' dir='ltr'><strong>consideremus3</strong></span> <span class='ocrx_word' id='word_1_714' title='bbox 1600 4500 1712 4566; x_wconf 85' lang='lat' dir='ltr'><strong>quanta</strong></span> <span class='ocrx_word' id='word_1_715' title='bbox 1748 4492 1855 4550; x_wconf 90' lang='lat' dir='ltr'><strong>scilicet</strong></span> 
     </span>
     <span class='ocr_line' id='line_1_50' title="bbox 110 4573 1854 4654; baseline -0.004 -13"><span class='ocrx_word' id='word_1_716' title='bbox 110 4585 196 4654; x_wconf 88' lang='lat' dir='ltr'><strong>demi,</strong></span> <span class='ocrx_word' id='word_1_717' title='bbox 212 4583 307 4641; x_wconf 89' lang='lat' dir='ltr'><strong>nisiet</strong></span> <span class='ocrx_word' id='word_1_718' title='bbox 329 4579 466 4636; x_wconf 87' lang='lat' dir='ltr'><strong>adderent</strong></span> <span class='ocrx_word' id='word_1_719' title='bbox 478 4590 541 4634; x_wconf 89' lang='lat' dir='ltr'><strong>sua.</strong></span> <span class='ocrx_word' id='word_1_720' title='bbox 571 4578 606 4634; x_wconf 83' lang='lat' dir='ltr'><strong>Et</strong></span> <span class='ocrx_word' id='word_1_721' title='bbox 621 4577 745 4638; x_wconf 83' lang='lat' dir='ltr'><strong>sabbato</strong></span> <span class='ocrx_word' id='word_1_722' title='bbox 772 4582 889 4654; x_wconf 85' lang='lat' dir='ltr'><strong>quidem</strong></span> <span class='ocrx_word' id='word_1_723' title='bbox 917 4582 954 4639; x_wconf 91' lang='lat' dir='ltr'><strong>si·</strong></span> <span class='ocrx_word' id='word_1_724' title='bbox 1007 4573 1164 4647; x_wconf 85' lang='lat' dir='ltr'><strong>diligentia,</strong></span> <span class='ocrx_word' id='word_1_725' title='bbox 1185 4584 1296 4648; x_wconf 84' lang='lat' dir='ltr'><strong>quanta</strong></span> <span class='ocrx_word' id='word_1_726' title='bbox 1308 4591 1380 4636; x_wconf 88' lang='lat' dir='ltr'><strong>cura</strong></span> <span class='ocrx_word' id='word_1_727' title='bbox 1388 4578 1424 4635; x_wconf 92' lang='lat' dir='ltr'><strong>ab</strong></span> <span class='ocrx_word' id='word_1_728' title='bbox 1439 4579 1576 4651; x_wconf 90' lang='lat' dir='ltr'><strong>apostolis</strong></span> <span class='ocrx_word' id='word_1_729' title='bbox 1590 4587 1617 4637; x_wconf 91' lang='grc' dir='ltr'>ει</span> <span class='ocrx_word' id='word_1_730' title='bbox 1630 4579 1854 4652; x_wconf 80' lang='lat' dir='ltr'><strong>ipsae&#39;tractatae</strong></span> 
     </span>
     <span class='ocr_line' id='line_1_51' title="bbox 108 4665 1852 4751; baseline -0.001 -18"><span class='ocrx_word' id='word_1_731' title='bbox 108 4673 228 4732; x_wconf 88' lang='lat' dir='ltr'><strong>luerunt</strong></span> <span class='ocrx_word' id='word_1_732' title='bbox 246 4667 405 4727; x_wconf 90' lang='lat' dir='ltr'><strong>secundum</strong></span> <span class='ocrx_word' id='word_1_733' title='bbox 420 4665 601 4723; x_wconf 87' lang='lat' dir='ltr'><strong>mandatnm.</strong></span> <span class='ocrx_word' id='word_1_734' title='bbox 617 4668 705 4725; x_wconf 86' lang='lat' dir='ltr'><strong>iuxta</strong></span> <span class='ocrx_word' id='word_1_735' title='bbox 719 4668 848 4727; x_wconf 84' lang='lat' dir='ltr'><strong>blancum</strong></span> <span class='ocrx_word' id='word_1_736' title='bbox 860 4684 951 4741; x_wconf 89' lang='lat' dir='ltr'><strong>vere,</strong></span> <span class='ocrx_word' id='word_1_737' title='bbox 1000 4672 1075 4743; x_wconf 84' lang='lat' dir='ltr'><strong>sint,</strong></span> <span class='ocrx_word' id='word_1_738' title='bbox 1091 4688 1158 4731; x_wconf 90' lang='lat' dir='ltr'><strong>cum</strong></span> <span class='ocrx_word' id='word_1_739' title='bbox 1187 4674 1223 4743; x_wconf 79' lang='lat' dir='ltr'><strong>ad</strong></span> <span class='ocrx_word' id='word_1_740' title='bbox 1246 4675 1472 4735; x_wconf 89' lang='lat' dir='ltr'><strong>ministrandum</strong></span> <span class='ocrx_word' id='word_1_741' title='bbox 1496 4678 1537 4735; x_wconf 90' lang='lat' dir='ltr'><strong>eis</strong></span> <span class='ocrx_word' id='word_1_742' title='bbox 1562 4676 1787 4751; x_wconf 90' lang='lat' dir='ltr'><strong>gloriosissimus</strong></span> <span class='ocrx_word' id='word_1_743' title='bbox 1815 4676 1852 4733; x_wconf 93' lang='lat' dir='ltr'><strong>si-</strong></span> 
     </span>
     <span class='ocr_line' id='line_1_52' title="bbox 24 4753 1852 4838; baseline 0.002 -21"><span class='ocrx_word' id='word_1_744' title='bbox 24 4829 29 4836; x_wconf 42' lang='grc'><strong>,</strong></span> <span class='ocrx_word' id='word_1_745' title='bbox 109 4775 177 4820; x_wconf 88' lang='grc'><strong>333</strong></span> <span class='ocrx_word' id='word_1_746' title='bbox 198 4756 347 4816; x_wconf 89' lang='lat' dir='ltr'><strong>transisset</strong></span> <span class='ocrx_word' id='word_1_747' title='bbox 370 4753 550 4824; x_wconf 81' lang='lat' dir='ltr'><strong>sabbatum,</strong></span> <span class='ocrx_word' id='word_1_748' title='bbox 575 4769 688 4814; x_wconf 84' lang='lat' dir='ltr'><strong>summo</strong></span> <span class='ocrx_word' id='word_1_749' title='bbox 711 4771 798 4814; x_wconf 88' lang='lat' dir='ltr'><strong>mane</strong></span> <span class='ocrx_word' id='word_1_750' title='bbox 822 4757 883 4829; x_wconf 90' lang='lat' dir='ltr'><strong>ipso</strong></span> <span class='ocrx_word' id='word_1_751' title='bbox 906 4760 952 4816; x_wconf 93' lang='lat' dir='ltr'><strong>die</strong></span> <span class='ocrx_word' id='word_1_752' title='bbox 1006 4762 1099 4834; x_wconf 87' lang='lat' dir='ltr'><strong>gniier</strong></span> <span class='ocrx_word' id='word_1_753' title='bbox 1126 4762 1300 4821; x_wconf 77' lang='lat' dir='ltr'><strong>Christiana</strong></span> <span class='ocrx_word' id='word_1_754' title='bbox 1325 4765 1435 4823; x_wconf 77' lang='lat' dir='ltr'><strong>miiitiae</strong></span> <span class='ocrx_word' id='word_1_755' title='bbox 1468 4765 1630 4838; x_wconf 82' lang='lat' dir='ltr'><strong>Stephanus</strong></span> <span class='ocrx_word' id='word_1_756' title='bbox 1657 4772 1852 4837; x_wconf 82' lang='lat' dir='ltr'><strong>protomartyr</strong></span> 
     </span>
     <span class='ocr_line' id='line_1_53' title="bbox 107 4842 1854 4928; baseline 0.003 -21"><span class='ocrx_word' id='word_1_757' title='bbox 107 4842 328 4907; x_wconf 85' lang='lat' dir='ltr'><strong>resurrectionis</strong></span> <span class='ocrx_word' id='word_1_758' title='bbox 354 4848 496 4900; x_wconf 90' lang='lat' dir='ltr'><strong>venerunt</strong></span> <span class='ocrx_word' id='word_1_759' title='bbox 528 4842 564 4899; x_wconf 92' lang='lat' dir='ltr'><strong>ad</strong></span> <span class='ocrx_word' id='word_1_760' title='bbox 601 4852 821 4902; x_wconf 87' lang='lat' dir='ltr'><strong>monumentum</strong></span> <span class='ocrx_word' id='word_1_761' title='bbox 858 4846 951 4905; x_wconf 84' lang='lat' dir='ltr'><strong>bieria</strong></span> <span class='ocrx_word' id='word_1_762' title='bbox 1006 4865 1072 4908; x_wconf 91' lang='lat' dir='ltr'><strong>eum</strong></span> <span class='ocrx_word' id='word_1_763' title='bbox 1103 4851 1280 4925; x_wconf 90' lang='lat' dir='ltr'><strong>quibusdam</strong></span> <span class='ocrx_word' id='word_1_764' title='bbox 1315 4855 1380 4913; x_wconf 85' lang='lat' dir='ltr'><strong>aliis</strong></span> <span class='ocrx_word' id='word_1_765' title='bbox 1412 4855 1592 4928; x_wconf 88' lang='lat' dir='ltr'><strong>spiritalibus</strong></span> <span class='ocrx_word' id='word_1_766' title='bbox 1615 4855 1687 4912; x_wconf 91' lang='lat' dir='ltr'><strong>viris</strong></span> <span class='ocrx_word' id='word_1_767' title='bbox 1719 4855 1755 4912; x_wconf 88' lang='lat' dir='ltr'><strong>ab</strong></span> <span class='ocrx_word' id='word_1_768' title='bbox 1785 4855 1854 4926; x_wconf 92' lang='lat' dir='ltr'><strong>ipsis</strong></span> 
     </span>
     <span class='ocr_line' id='line_1_54' title="bbox 106 4930 1852 5011; baseline 0.002 -16"><span class='ocrx_word' id='word_1_769' title='bbox 106 4932 284 5008; x_wconf 73' lang='lat' dir='ltr'><strong>liagdalene,</strong></span> <span class='ocrx_word' id='word_1_770' title='bbox 302 4930 435 4991; x_wconf 59' lang='grc'>1111111111</span> <span class='ocrx_word' id='word_1_771' title='bbox 454 4931 562 5000; x_wconf 62' lang='lat' dir='ltr'><strong>limbi,</strong></span> <span class='ocrx_word' id='word_1_772' title='bbox 583 4940 610 4989; x_wconf 90' lang='lat' dir='ltr'><strong>et</strong></span> <span class='ocrx_word' id='word_1_773' title='bbox 631 4932 753 4989; x_wconf 73' lang='grc'>31101111·</span> <span class='ocrx_word' id='word_1_774' title='bbox 768 4932 853 4992; x_wconf 90' lang='lat' dir='ltr'><strong>Nunc</strong></span> <span class='ocrx_word' id='word_1_775' title='bbox 876 4950 949 5007; x_wconf 78' lang='grc'>11110·</span> <span class='ocrx_word' id='word_1_776' title='bbox 1006 4941 1142 5011; x_wconf 86' lang='lat' dir='ltr'><strong>apostolis</strong></span> <span class='ocrx_word' id='word_1_777' title='bbox 1165 4941 1252 4999; x_wconf 87' lang='lat' dir='ltr'><strong>luerit</strong></span> <span class='ocrx_word' id='word_1_778' title='bbox 1272 4944 1457 5003; x_wconf 90' lang='lat' dir='ltr'><strong>constitutus.</strong></span> <span class='ocrx_word' id='word_1_779' title='bbox 1479 4945 1563 5002; x_wconf 88' lang='lat' dir='ltr'><strong>Unde</strong></span> <span class='ocrx_word' id='word_1_780' title='bbox 1596 4944 1625 5000; x_wconf 93' lang='grc'><strong>13</strong></span> <span class='ocrx_word' id='word_1_781' title='bbox 1646 4944 1753 5002; x_wconf 90' lang='lat' dir='ltr'><strong>eisdem</strong></span> <span class='ocrx_word' id='word_1_782' title='bbox 1775 4944 1852 5001; x_wconf 85' lang='lat' dir='ltr'><strong>Acti-</strong></span> 
     </span>
     <span class='ocr_line' id='line_1_55' title="bbox 108 5019 1852 5108; baseline 0.005 -25"><span class='ocrx_word' id='word_1_783' title='bbox 108 5025 188 5083; x_wconf 91' lang='lat' dir='ltr'><strong>niam</strong></span> <span class='ocrx_word' id='word_1_784' title='bbox 220 5020 400 5078; x_wconf 88' lang='lat' dir='ltr'><strong>devotionem</strong></span> <span class='ocrx_word' id='word_1_785' title='bbox 438 5034 538 5077; x_wconf 88' lang='lat' dir='ltr'><strong>earum</strong></span> <span class='ocrx_word' id='word_1_786' title='bbox 579 5019 767 5089; x_wconf 86' lang='lat' dir='ltr'><strong>ostendimus,</strong></span> <span class='ocrx_word' id='word_1_787' title='bbox 812 5022 950 5081; x_wconf 87' lang='lat' dir='ltr'><strong>bonorem</strong></span> <span class='ocrx_word' id='word_1_788' title='bbox 1006 5029 1061 5086; x_wconf 85' lang='lat' dir='ltr'><strong>bus</strong></span> <span class='ocrx_word' id='word_1_789' title='bbox 1080 5029 1275 5102; x_wconf 88' lang='lat' dir='ltr'><strong>apostolorum</strong></span> <span class='ocrx_word' id='word_1_790' title='bbox 1302 5032 1524 5108; x_wconf 86' lang='lat' dir='ltr'><strong>scriptumest:</strong></span> <span class='ocrx_word' id='word_1_791' title='bbox 1541 5031 1852 5091; x_wconf 84' lang='lat' dir='ltr'><strong>«Crescentenumero</strong></span> 
     </span>
     <span class='ocr_line' id='line_1_56' title="bbox 107 5107 1853 5189; baseline 0.003 -18"><span class='ocrx_word' id='word_1_792' title='bbox 107 5125 196 5185; x_wconf 85' lang='lat' dir='ltr'><strong>quem</strong></span> <span class='ocrx_word' id='word_1_793' title='bbox 212 5108 371 5166; x_wconf 87' lang='lat' dir='ltr'><strong>meruerint</strong></span> <span class='ocrx_word' id='word_1_794' title='bbox 393 5122 614 5180; x_wconf 85' lang='lat' dir='ltr'><strong>prosequamur.</strong></span> <span class='ocrx_word' id='word_1_795' title='bbox 640 5107 736 5166; x_wconf 87' lang='lat' dir='ltr'><strong>Primo</strong></span> <span class='ocrx_word' id='word_1_796' title='bbox 751 5111 882 5183; x_wconf 86' lang='lat' dir='ltr'><strong>angelica</strong></span> <span class='ocrx_word' id='word_1_797' title='bbox 909 5113 950 5170; x_wconf 86' lang='lat' dir='ltr'><strong>ri·</strong></span> <span class='ocrx_word' id='word_1_798' title='bbox 1005 5116 1230 5189; x_wconf 89' lang='lat' dir='ltr'><strong>discipulorum,</strong></span> <span class='ocrx_word' id='word_1_799' title='bbox 1246 5118 1410 5178; x_wconf 78' lang='lat' dir='ltr'><strong>factumest</strong></span> <span class='ocrx_word' id='word_1_800' title='bbox 1424 5134 1559 5179; x_wconf 87' lang='lat' dir='ltr'><strong>murmur</strong></span> <span class='ocrx_word' id='word_1_801' title='bbox 1573 5120 1737 5179; x_wconf 79' lang='lat' dir='ltr'><strong>Grecorum</strong></span> <span class='ocrx_word' id='word_1_802' title='bbox 1752 5122 1853 5179; x_wconf 89' lang='lat' dir='ltr'><strong>adver·</strong></span> 
     </span>
     <span class='ocr_line' id='line_1_57' title="bbox 106 5196 1853 5282; baseline 0.003 -21"><span class='ocrx_word' id='word_1_803' title='bbox 106 5200 187 5261; x_wconf 79' lang='lat' dir='ltr'><strong>aione</strong></span> <span class='ocrx_word' id='word_1_804' title='bbox 200 5203 268 5254; x_wconf 89' lang='lat' dir='ltr'><strong>sunt</strong></span> <span class='ocrx_word' id='word_1_805' title='bbox 292 5196 446 5254; x_wconf 83' lang='lat' dir='ltr'><strong>consolata</strong></span> <span class='ocrx_word' id='word_1_806' title='bbox 473 5198 508 5254; x_wconf 91' lang='lat' dir='ltr'><strong>dc</strong></span> <span class='ocrx_word' id='word_1_807' title='bbox 530 5197 739 5256; x_wconf 90' lang='lat' dir='ltr'><strong>resurrectione</strong></span> <span class='ocrx_word' id='word_1_808' title='bbox 767 5199 881 5258; x_wconf 90' lang='lat' dir='ltr'><strong>Domini</strong></span> <span class='ocrx_word' id='word_1_809' title='bbox 888 5201 950 5273; x_wconf 81' lang='lat' dir='ltr'><strong>jam</strong></span> <span class='ocrx_word' id='word_1_810' title='bbox 1004 5219 1056 5262; x_wconf 89' lang='lat' dir='ltr'><strong>sus</strong></span> <span class='ocrx_word' id='word_1_811' title='bbox 1068 5206 1211 5277; x_wconf 77' lang='lat' dir='ltr'><strong>Hebraeos,</strong></span> <span class='ocrx_word' id='word_1_812' title='bbox 1227 5208 1306 5280; x_wconf 87' lang='lat' dir='ltr'><strong>quod</strong></span> <span class='ocrx_word' id='word_1_813' title='bbox 1326 5209 1541 5281; x_wconf 85' lang='lat' dir='ltr'><strong>despicerentur</strong></span> <span class='ocrx_word' id='word_1_814' title='bbox 1555 5209 1585 5265; x_wconf 93' lang='lat' dir='ltr'><strong>in</strong></span> <span class='ocrx_word' id='word_1_815' title='bbox 1601 5209 1760 5268; x_wconf 86' lang='lat' dir='ltr'><strong>ministerio</strong></span> <span class='ocrx_word' id='word_1_816' title='bbox 1774 5224 1853 5282; x_wconf 85' lang='lat' dir='ltr'><strong>qno-</strong></span> 
     </span>
     <span class='ocr_line' id='line_1_58' title="bbox 104 5284 1852 5359; baseline 0.007 -16"><span class='ocrx_word' id='word_1_817' title='bbox 104 5284 246 5356; x_wconf 83' lang='lat' dir='ltr'><strong>oompleta</strong></span> <span class='ocrx_word' id='word_1_818' title='bbox 261 5300 269 5352; x_wconf 78' lang='lat'><em>3</em></span> <span class='ocrx_word' id='word_1_819' title='bbox 284 5284 401 5346; x_wconf 83' lang='lat' dir='ltr'><strong>dcmnm</strong></span> <span class='ocrx_word' id='word_1_820' title='bbox 413 5285 510 5357; x_wconf 89' lang='lat' dir='ltr'><strong>ipsum</strong></span> <span class='ocrx_word' id='word_1_821' title='bbox 528 5285 683 5344; x_wconf 83' lang='lat' dir='ltr'><strong>Dominum</strong></span> <span class='ocrx_word' id='word_1_822' title='bbox 697 5287 796 5359; x_wconf 76' lang='lat' dir='ltr'><strong>prime</strong></span> <span class='ocrx_word' id='word_1_823' title='bbox 813 5289 951 5350; x_wconf 87' lang='lat' dir='ltr'><strong>viderunt</strong></span> <span class='ocrx_word' id='word_1_824' title='bbox 1004 5292 1114 5352; x_wconf 83' lang='lat' dir='ltr'><strong>tidiano</strong></span> <span class='ocrx_word' id='word_1_825' title='bbox 1128 5294 1224 5355; x_wconf 78' lang='lat' dir='ltr'><strong>vidum</strong></span> <span class='ocrx_word' id='word_1_826' title='bbox 1246 5311 1357 5356; x_wconf 87' lang='lat' dir='ltr'><strong>corum.</strong></span> <span class='ocrx_word' id='word_1_827' title='bbox 1378 5299 1573 5356; x_wconf 79' lang='lat' dir='ltr'><strong>convocantes</strong></span> <span class='ocrx_word' id='word_1_828' title='bbox 1587 5306 1684 5357; x_wconf 87' lang='lat' dir='ltr'><strong>autem</strong></span> <span class='ocrx_word' id='word_1_829' title='bbox 1698 5298 1852 5357; x_wconf 91' lang='lat' dir='ltr'><strong>duedecim</strong></span> 
     </span>
     <span class='ocr_line' id='line_1_59' title="bbox 99 5372 1851 5463; baseline 0.013 -38"><span class='ocrx_word' id='word_1_830' title='bbox 99 5380 135 5431; x_wconf 88' lang='lat' dir='ltr'><strong>et</strong></span> <span class='ocrx_word' id='word_1_831' title='bbox 149 5379 327 5443; x_wconf 86' lang='lat' dir='ltr'><strong>tennerunt.</strong></span> <span class='ocrx_word' id='word_1_832' title='bbox 344 5372 426 5431; x_wconf 85' lang='lat' dir='ltr'><strong>Prior</strong></span> <span class='ocrx_word' id='word_1_833' title='bbox 440 5373 558 5447; x_wconf 87' lang='lat' dir='ltr'><strong>quidem</strong></span> <span class='ocrx_word' id='word_1_834' title='bbox 572 5375 663 5434; x_wconf 84' lang='lat' dir='ltr'><strong>llaria</strong></span> <span class='ocrx_word' id='word_1_835' title='bbox 679 5376 855 5450; x_wconf 89' lang='lat' dir='ltr'><strong>liagdalene,</strong></span> <span class='ocrx_word' id='word_1_836' title='bbox 883 5392 950 5451; x_wconf 73' lang='lat' dir='ltr'><strong>quae</strong></span> <span class='ocrx_word' id='word_1_837' title='bbox 1005 5382 1124 5454; x_wconf 88' lang='lat' dir='ltr'><strong>apostoli</strong></span> <span class='ocrx_word' id='word_1_838' title='bbox 1138 5383 1355 5463; x_wconf 81' lang='lat' dir='ltr'><strong>multitudinem</strong></span> <span class='ocrx_word' id='word_1_839' title='bbox 1371 5385 1596 5458; x_wconf 90' lang='lat' dir='ltr'><strong>discipulorum,</strong></span> <span class='ocrx_word' id='word_1_840' title='bbox 1611 5389 1749 5447; x_wconf 85' lang='lat' dir='ltr'><strong>dixerunt</strong></span> <span class='ocrx_word' id='word_1_841' title='bbox 1765 5403 1772 5444; x_wconf 94' lang='lat'><strong>:</strong></span> <span class='ocrx_word' id='word_1_842' title='bbox 1787 5388 1851 5447; x_wconf 89' lang='lat' dir='ltr'><strong>Non</strong></span> 
     </span>
     <span class='ocr_line' id='line_1_60' title="bbox 105 5455 1852 5550; baseline 0.012 -33"><span class='ocrx_word' id='word_1_843' title='bbox 105 5459 217 5520; x_wconf 77' lang='lat' dir='ltr'><strong>ceteris</strong></span> <span class='ocrx_word' id='word_1_844' title='bbox 230 5460 385 5524; x_wconf 81' lang='lat' dir='ltr'><strong>torrentior</strong></span> <span class='ocrx_word' id='word_1_845' title='bbox 399 5469 471 5522; x_wconf 83' lang='lat' dir='ltr'><strong>erat</strong></span> <span class='ocrx_word' id='word_1_846' title='bbox 484 5463 585 5522; x_wconf 86' lang='lat' dir='ltr'><strong>Postea</strong></span> <span class='ocrx_word' id='word_1_847' title='bbox 598 5463 768 5539; x_wconf 88' lang='lat' dir='ltr'><strong>ipnasimnl,</strong></span> <span class='ocrx_word' id='word_1_848' title='bbox 780 5466 899 5534; x_wconf 78' lang='grc'>313113,</span> <span class='ocrx_word' id='word_1_849' title='bbox 914 5468 950 5530; x_wconf 90' lang='lat' dir='ltr'><strong>dc</strong></span> <span class='ocrx_word' id='word_1_850' title='bbox 1001 5479 1044 5531; x_wconf 86' lang='lat' dir='ltr'><strong>est</strong></span> <span class='ocrx_word' id='word_1_851' title='bbox 1057 5455 1402 5550; x_wconf 79' lang='lat' dir='ltr'><strong>eqnnm&#39;derelinqncre</strong></span> <span class='ocrx_word' id='word_1_852' title='bbox 1424 5474 1615 5540; x_wconf 86' lang='lat' dir='ltr'><strong>nosverbnm</strong></span> <span class='ocrx_word' id='word_1_853' title='bbox 1642 5477 1693 5538; x_wconf 83' lang='grc'>1131</span> <span class='ocrx_word' id='word_1_854' title='bbox 1720 5482 1749 5537; x_wconf 85' lang='grc' dir='ltr'>ει</span> <span class='ocrx_word' id='word_1_855' title='bbox 1762 5477 1852 5538; x_wconf 90' lang='lat' dir='ltr'><strong>mini·</strong></span> 
     </span>
    </p>
   </div>
   <div class='ocr_carea' id='block_1_6' title="bbox 0 0 1906 5962">
    <p class='ocr_par' dir='ltr' id='par_1_7' title="bbox 0 0 1906 5962">
     <span class='ocr_line' id='line_1_61' title="bbox 0 0 1906 5962; baseline 0 4"><span class='ocrx_word' id='word_1_856' title='bbox 0 0 1906 5962; x_wconf 95' lang='lat' dir='ltr'><strong> </strong></span> 
     </span>
    </p>
   </div>
  </div>
 </body>
</html>
