3804 5962
105 141 159 198 ³5⁹
578 132 682 192 PETRI
699 131 891 191 tentabat
909 130 989 192 OPP.
1008 134 1102 194 PARS
1120 136 1142 192 1.
1159 164 1194 176 -
1208 129 1395 191 EPISTOLAE.
1801 133 1855 188 sco

104 263 178 322 Cum
191 261 272 321 enim
298 260 410 321 Veritas
428 260 526 318 dicat:
551 259 583 317 si
598 260 750 330 peccaverit
768 261 797 314 in
821 261 846 315 te
866 258 956 327 frater
971 273 996 327 Λ
1011 259 1073 319 istis
1083 258 1223 319 suscitare
1236 257 1310 316 illios
1329 255 1461 316 lbrahae.
1486 254 1556 314 tiolo
1578 254 1657 313 euim
1682 269 1728 313 me
1747 255 1853 328 lustiti-

105 359 179 420 tuus,
195 355 375 422 corriperem
398 354 472 407 iniri
491 355 515 404 te
531 353 557 404 et
574 351 664 419 ipsum
685 349 793 412 solum:
815 351 842 404 si
861 353 952 404 cutem
1009 364 1086 418 carc,
1105 350 1176 422 quia
1196 349 1221 406 si
1241 348 1363 421 gloriam
1385 360 1479 405 meam
1504 360 1645 418 queram,
1671 346 1766 416 gloria
1791 358 1853 403 mea

106 445 132 497 ie
145 457 200 497 non
214 441 344 508 audierit,
361 440 462 495 cdbibe
472 438 566 510 testes];
581 438 690 505 quodsi
707 453 794 508 neque
808 441 846 494 sic
868 443 893 492 te
904 454 954 493 cc·
1007 440 1080 497 nibil
1094 447 1147 497 εει.
1169 439 1251 496 absit
1263 438 1349 506 enim,
1370 444 1403 493 ut
1417 436 1542 494 declinet
1554 453 1600 491 cor
1615 452 1704 491 meum
1726 439 1757 491 in
1773 437 1856 492 cerdo

63 569 66 573 «
105 531 198 598 dierit,
213 530 257 585 dic
272 530 399 585 Ecclesia
414 528 525 597 lllcttlt.
540 536 620 596 εεει,
649 526 703 600 lb),
719 535 751 585 tu
765 526 880 584 duobus
896 527 953 597 pri·
1008 532 1121 586 mollite
1157 530 1195 585 ad
1234 527 1405 585 excusandos
1448 529 1633 582 accusationes
1665 528 1696 580 in
1736 529 1854 595 peccetis

105 621 160 679 mis
174 618 316 677 mandatis
329 617 425 675 subito
437 617 595 674 iracundiae
605 616 703 675 lurore
717 615 834 674 calcatis
848 616 885 672 ad
898 623 954 673 ter·
1008 619 1093 692 (Psoi.
1122 634 1189 686 cxc,
1216 619 1255 689 l),
1285 619 1363 690 quod
1398 631 1466 674 vero
1498 630 1594 687 super,
1633 615 1709 687 quod
1741 628 1857 673 summa

106 710 180 767 tium
205 706 367 765 inordinate
393 705 575 763 transvolasti
605 712 632 762 et
659 705 696 762 ad
729 705 897 776 praeclaram
927 712 954 762 et
1008 709 1110 767 baeresi
1125 708 1273 766 convictus
1294 715 1322 764 et
1337 706 1452 763 inlamis
1463 706 1524 778 jam
1542 713 1599 762 toto
1618 705 1727 762 mundo
1748 704 1856 776 expul-

108 797 318 873 praecellentem
346 797 423 854 Beati
453 795 569 852 ldartini
600 795 777 853 Turonensis
805 795 955 853 ecclesiam
1008 799 1137 866 sussim,
1153 796 1286 855 baectria
1308 796 1552 853 modisomuibus
1570 793 1709 853 relelloet
1725 795 1856 852 testimo-

108 887 291 945 detractionis
301 900 372 944 meae
385 884 565 956 plenissimas
578 890 605 941 et
619 883 655 942 de
667 885 744 940 vasis
757 883 818 941 suis
831 883 956 941 immun·
1009 887 1056 944 nio
1075 886 1286 945 suessionensis
1307 892 1335 942 et
1356 885 1504 942 blemensis
1527 884 1658 941 Ecclesiae
1688 883 1763 939 laisa
1794 897 1855 940 esse

107 975 178 1034 ditia
193 974 376 1033 fetidissimas
390 973 498 1032 litteras
512 972 708 1040 transmisisti,
724 972 875 1044 inquibus
891 984 956 1029 mea
1011 975 1176 1047 pronuntio.
1201 975 1229 1032 Si
1252 975 1332 1030 enim
1347 972 1504 1044 aliquando
1526 973 1572 1029 vel
1592 972 1621 1028 in
1644 971 1732 1029 verbo
1757 969 1856 1041 lapsus

108 1078 231 1138 persona
267 1062 419 1134 multiplici
451 1062 578 1120 inlamiae
614 1062 728 1119 macula
760 1060 845 1133 quasi
874 1061 956 1118 vario
1011 1065 1111 1123 tuivet
1126 1079 1144 1121 a
1162 1065 1283 1123 veritate
1298 1063 1422 1130 deviavi,
1443 1077 1496 1121 nce
1514 1075 1614 1119 casum
1637 1060 1719 1118 verbi
1739 1073 1793 1116 nec
1807 1074 1856 1115 as-

109 1152 195 1226 leprae
221 1152 314 1210 colore
344 1152 456 1223 depicta
480 1151 510 1207 in
539 1151 629 1221 ipsius
651 1151 737 1207 etiam
770 1149 956 1208 sanctissimae
1010 1155 1161 1212 sortionem
1195 1154 1258 1211 lalsi
1296 1152 1480 1224 pertinaciter
1517 1150 1639 1218 delendi,
1668 1151 1716 1207 sed
1742 1162 1857 1220 semper

107 1241 241 1300 Ecclesiae
269 1241 481 1308 contumeliam,
508 1240 587 1311 lapso
614 1239 771 1297 honestatis
795 1239 866 1310 pede
891 1253 957 1296 eam
1010 1245 1137 1314 paratior
1160 1243 1269 1300 discere
1297 1256 1386 1314 quam
1409 1242 1508 1298 docere
1529 1240 1659 1297 animum
1684 1240 1720 1296 ad
1741 1253 1857 1310 correp-

108 1331 222 1389 loveam
244 1344 362 1395 vocans,
388 1329 527 1386 decidisti.
560 1330 654 1386 Fovca
683 1328 792 1400 quippe
823 1328 853 1384 in
874 1341 956 1384 sacro
1011 1334 1118 1391 tionem
1141 1332 1314 1403 preparari,
1340 1331 1532 1403 nequeenim
1559 1329 1709 1387 baercticus
1729 1336 1770 1385 εει
1793 1329 1857 1399 qui,

109 1421 223 1493 eloquio
242 1434 353 1491 seraper
375 1419 406 1475 in
428 1418 504 1476 malo
525 1418 689 1476 occiditur:
714 1421 748 1474 Ut
766 1418 872 1485 sodeset
895 1421 957 1473 onte
1012 1421 1076 1479 licet
1097 1429 1182 1490 erret,
1198 1433 1325 1478 errorem
1346 1427 1515 1476 tamennon
1540 1417 1676 1475 delendis.
1693 1417 1773 1474 Unde
1788 1416 1858 1473 bea·

109 1513 209 1578 scriem
231 1525 317 1565 neam
339 1509 448 1578 foveam
469 1507 553 1578 (Psoi.
587 1524 650 1576 mr,
672 1507 714 1579 7),
729 1511 836 1576 teocam
859 1509 957 1562 anima
973 1549 995 1604 B
1013 1518 1061 1569 tus
1084 1509 1290 1583 Augustinus:
1312 1510 1372 1567 don
1395 1509 1427 1564 ob
1452 1507 1530 1563 atiud
1553 1511 1615 1562 sunt
1651 1507 1772 1562 taretin·
1801 1508 1859 1561 nist

110 1615 175 1656 meae
197 1600 271 1668 (Jer.
291 1613 371 1668 xvrrr,
395 1599 455 1665 20;
478 1604 505 1654 et
527 1613 534 1652 :
561 1597 592 1654 Si
620 1612 704 1653 cecus
731 1612 797 1653 caco
829 1596 958 1653 duculum
1013 1602 1088 1670 quia,
1103 1600 1263 1670 Scripturas
1277 1613 1371 1654 senaa
1389 1613 1444 1654 non
1460 1600 1531 1653 recte
1544 1598 1736 1663 intelligentes,
1753 1596 1858 1666 opinio

109 1689 239 1760 prebeat,
261 1687 338 1743 ambo
369 1689 530 1754 infecerat
554 1685 658 1741 cudunt
681 1686 801 1758 (diutili.
822 1701 867 1754 xv,
895 1684 957 1756 l4);
1011 1705 1059 1745 nes
1077 1704 1143 1745 snus
1166 1694 1261 1745 eontra
1283 1703 1377 1743 ecrnrn
1397 1689 1537 1742 cenetens
1556 1687 1734 1756 pertinaciter
1766 1685 1860 1753 desen·

110 1786 162 1836 et:
185 1777 238 1844 Qui
254 1781 337 1847 porat
354 1778 483 1846 proximo
505 1790 554 1832 sno
573 1776 681 1845 roceam
704 1777 781 1846 prior
814 1774 958 1830 tundirin
1012 1778 1091 1834 dunt.
1116 1779 1151 1835 Et
1174 1777 1211 1835 ad
1233 1777 1416 1836 vincentium
1438 1775 1603 1833 Victorem:
1629 1774 1711 1830 Absit
1731 1779 1761 1829 nt
1785 1773 1859 1829 urbi·

111 1882 170 1924 eant
194 1865 288 1938 (Eccii.
315 1879 396 1933 xxvi,
424 1864 481 1937 29).
511 1864 698 1936 Noniiaqtte
724 1861 874 1936 praelatam
897 1878 958 1921 san·
1013 1869 1093 1925 irenis
1108 1872 1134 1924 ie
1154 1884 1172 1922 o
1191 1865 1242 1936 fide
1261 1866 1406 1921 Goldolica
1426 1865 1560 1935 deviasse,
1585 1866 1652 1933 quio
1674 1869 1733 1934 ipse
1750 1868 1860 1919 animus

112 1956 269 2015 ctissimam
283 1955 450 2024 Ecclesiam,
471 1969 538 2026 quae
562 1969 608 2012 me
632 1953 788 2027 indignum
811 1960 840 2011 et
855 1967 959 2024 pecca·
1011 1958 1189 2027 correptionis
1206 1957 1409 2026 preparatione
1430 1959 1456 2009 et
1473 1955 1673 2023 ecspectutiene
1696 1954 1859 2008 catholicus

111 2053 203 2104 torem
226 2052 263 2112 et,
288 2053 321 2101 nt
341 2057 443 2102 verum
467 2043 568 2113 iatear,
593 2043 781 2115 opprobrium
806 2042 959 2101 bominum
1011 2047 1077 2113 scit.
1094 2043 1150 2110 Qui
1162 2057 1230 2117 ergo
1244 2058 1399 2115 nunquam
1416 2057 1513 2101 mcum
1526 2043 1570 2100 vel
1586 2043 1713 2099 alienum
1729 2054 1859 2099 errorem

111 2132 261 2207 plebisque
286 2132 476 2205 abjectionem
497 2132 626 2206 gratuita
644 2132 827 2190 miseratione
841 2132 957 2202 recepit,
1012 2133 1136 2203 delendi,
1162 2132 1262 2204 procul
1281 2132 1370 2190 dnbio
1384 2139 1495 2189 constat
1516 2132 1586 2203 qnia
1599 2145 1752 2202 nunquam
1768 2130 1859 2186 baere-

112 2224 201 2282 loveae
225 2237 392 2294 comparare
412 2222 576 2294 debueras3
603 2222 653 2279 sed
676 2222 702 2279 ei
734 2221 846 2291 potius,
873 2220 959 2291 cnjns
1014 2224 1087 2281 ticus
1108 2222 1160 2280 lui.
1187 2221 1261 2286 Quia
1283 2236 1354 2279 vero
1380 2221 1484 2292 spiritu
1510 2219 1660 2277 immundo
1684 2219 1767 2291 quasi
1791 2233 1860 2276 cum

112 2311 252 2371 imitatrix
274 2313 334 2369 baec
350 2311 379 2368 in
404 2312 477 2368 lacto
499 2310 599 2368 effecta
618 2318 672 2377 est,
695 2311 747 2381 qni
765 2309 853 2367 solem
871 2323 960 2366 suum
1014 2312 1139 2384 quodam
1147 2311 1258 2370 vomitu
1271 2311 1423 2370 locutionis
1433 2325 1479 2367 me
1491 2310 1627 2368 inlamem
1639 2316 1727 2380 atque
1748 2310 1777 2365 in
1795 2323 1861 2366 con-

113 2403 181 2463 oriri
204 2402 272 2460 lacit
294 2417 381 2474 super
403 2402 534 2458 bonoset
556 2399 647 2457 malos
670 2407 697 2456 et
717 2399 791 2469 pluit
812 2412 899 2470 super
912 2398 960 2470 jn·
1012 2401 1077 2458 cilio
1090 2400 1262 2458 damnatum
1281 2407 1405 2468 eructas,
1422 2407 1582 2470 utrumque
1600 2412 1662 2455 esse
1675 2397 1861 2454 falsissimum

113 2500 171 2550 stos
192 2500 220 2549 ει
244 2491 379 2562 injustos,
405 2489 457 2559 qni
476 2488 513 2545 ob
531 2487 655 2545 nimiam
675 2487 844 2545 charitatem
869 2500 959 2559 quam
1012 2490 1196 2562 praelatarum
1211 2490 1407 2547 Ecclesiarum
1420 2488 1667 2560 testimonioapnd
1681 2494 1790 2559 quaset
1805 2487 1860 2544 sub

113 2595 183 2655 erga
196 2587 358 2653 peccatores
375 2577 478 2635 babuit
499 2576 534 2633 de
556 2576 626 2635 coelo
640 2576 786 2635 descendit
804 2577 840 2635 ad
856 2584 957 2647 terras,
1013 2580 1121 2652 quibus
1134 2587 1220 2636 natus
1234 2587 1262 2637 et
1276 2579 1414 2636 edocatus
1429 2586 1457 2634 et
1470 2578 1587 2636 edoctus
1606 2591 1672 2634 sum
1694 2576 1861 2648 comproba·

114 2672 167 2745 qui
184 2671 335 2729 nobiscum
349 2682 470 2725 manens
484 2675 648 2739 peccatores
668 2667 774 2739 recepit
788 2675 817 2725 et
837 2682 904 2724 cum
918 2667 959 2724 eis
1012 2668 1059 2740 bo,
1079 2684 1146 2727 cum
1161 2668 1238 2740 apud
1258 2669 1394 2725 Sanctum
1412 2668 1582 2740 Dionysium
1601 2666 1686 2738 cujus
1701 2665 1861 2723 monachus

113 2759 310 2829 manducavit,
339 2759 389 2831 qui
414 2765 441 2815 et
466 2771 517 2829 pro
532 2758 730 2829 peccatoribus
744 2772 837 2829 usque
852 2757 889 2813 ad
911 2757 959 2813 illa
1012 2771 1073 2815 esse
1088 2758 1205 2825 videris,
1220 2757 1285 2814 licet
1300 2756 1445 2829 diffugias,
1464 2756 1548 2813 modo
1564 2764 1657 2813 tecum
1677 2764 1795 2813 acturus
1809 2768 1860 2812 ve·

113 2849 220 2906 inlerni
244 2849 305 2905 loca
330 2848 379 2904 nbi
398 2855 560 2918 peccatores
585 2844 802 2913 cruciabantur,
825 2851 858 2901 ut
875 2859 923 2902 eos
942 2859 959 2900 a
975 2840 996 2896 G
1013 2860 1092 2903 nero.
1108 2845 1208 2917 Neque
1225 2859 1293 2902 vero
1313 2845 1424 2911 timeas,
1441 2845 1525 2916 quasi
1546 2853 1573 2902 te
1588 2852 1684 2902 noster
1701 2845 1788 2901 lateat
1812 2843 1861 2899 ad-

116 2938 264 2995 tormentis
286 2935 419 2999 solveret,
441 2934 595 2990 descendit.
622 2933 675 2989 Sed
696 2931 803 2988 mirum
826 2940 957 3002 nonest,
1014 2942 1129 3003 ventus,
1153 2935 1224 3006 quia
1247 2933 1421 2992 inveritate
1448 2948 1500 3005 per
1529 2942 1612 2992 tuum
1638 2934 1772 2991 abbatem
1792 2945 1861 2989 eum

115 3027 139 3084 si
164 3033 265 3084 contra
284 3022 439 3080 Ecclesiam
461 3023 584 3092 turpiter
603 3020 749 3090 loquendo
773 3020 959 3078 debaccharis
1016 3022 1065 3081 tibi
1079 3024 1228 3091 nuntiabo,
1245 3031 1273 3080 et
1287 3030 1431 3095 quantum
1445 3023 1572 3080 volueris
1585 3023 1625 3080 ibi
1638 3033 1665 3081 ιε
1679 3022 1859 3094 exspectabo.

115 3115 167 3189 qni
181 3121 288 3172 sanctae
305 3111 437 3169 Ecclesia
450 3109 518 3167 ritae
542 3117 599 3166 tuse
613 3108 753 3180 qualitate
768 3116 826 3166 tam
848 3108 961 3167 lortiter
1014 3110 1144 3175 Quodsi
1171 3110 1268 3169 abbati
1295 3119 1343 3168 tuo
1372 3111 1547 3180 inobediens,
1578 3111 1656 3183 quod
1683 3112 1774 3168 iacere
1801 3123 1861 3165 non

115 3203 287 3262 adversaris.
307 3203 414 3258 verum
437 3197 654 3270 presumptioni
675 3205 731 3256 tuae
752 3198 815 3256 ideo
836 3198 961 3256 decrevi·
1014 3198 1139 3268 dubitas,
1160 3199 1314 3268 exstiteris,
1337 3200 1506 3272 ubicunque
1528 3210 1672 3259 terrarum
1696 3199 1815 3258 latueris
1834 3206 1862 3255 te

115 3307 181 3350 mus
213 3289 429 3363 ignoscendum,
464 3287 534 3359 quia
567 3302 625 3344 non
656 3302 693 3345 ex
723 3286 958 3353 consideratione,
1014 3287 1169 3361 quaesitum
1206 3288 1361 3346 inveniam.
1386 3288 1533 3356 Quomodo
1561 3303 1629 3347 vero
1666 3297 1742 3347 stare
1772 3289 1864 3359 potest

115 3381 164 3440 sed
178 3395 213 3438 ex
226 3379 332 3437 doloris
346 3377 535 3436 immensitate
557 3376 586 3433 id
600 3377 678 3449 agis3
691 3383 719 3434 et
733 3376 808 3434 sicut
821 3376 961 3435 damnum
1015 3379 1095 3451 quod
1113 3377 1212 3435 dixisti
1235 3385 1292 3435 toto
1315 3378 1425 3436 mundo
1448 3378 1614 3449 expulsum,
1643 3393 1709 3436 cnm
1731 3386 1759 3434 et
1774 3379 1866 3435 Roma

116 3468 243 3539 corporis
258 3468 300 3525 tui
315 3481 367 3539 pro
381 3481 441 3538 qno
455 3467 497 3523 sic
510 3465 589 3523 doles
607 3465 830 3540 irrecuperabile
852 3475 904 3533 est,
920 3467 961 3524 ita
1015 3483 1082 3541 quae
1100 3467 1203 3525 mundi
1225 3475 1313 3538 capnt
1334 3474 1376 3524 est
1395 3482 1449 3525 me.
1462 3468 1584 3524 libenter
1603 3468 1738 3538 excipiat,
1759 3475 1787 3524 et
1811 3481 1865 3524 au·

116 3556 198 3614 dolor
216 3570 304 3628 quem
320 3554 390 3612 mibi
414 3555 581 3613 contraxisti
599 3555 813 3614 inconsolabilis
831 3563 883 3613 est.
906 3554 961 3613 Sed
1015 3557 1154 3617 diendum
1174 3556 1310 3614 libentius
1332 3557 1522 3628 amplectatur
1540 3565 1568 3615 et
1590 3556 1689 3614 audito
1712 3556 1866 3615 libentissi-

116 3643 201 3704 valde
224 3644 277 3702 tibi
298 3643 398 3702 divina
426 3644 582 3702 metuenda
608 3647 650 3702 est
668 3644 792 3717 iustitia,
818 3659 864 3713 ne,
886 3643 962 3702 sicut
1014 3663 1061 3706 me
1082 3646 1279 3719 obsequatur?
1302 3646 1403 3717 Neque
1429 3661 1498 3704 vero
1532 3645 1707 3704 Turonensis
1738 3646 1867 3704 Ecclesia

116 3734 211 3792 cauda
227 3732 392 3807 quaprius,
415 3734 484 3791 dum
501 3741 625 3805 poteras,
640 3731 836 3792 indifferenter
850 3748 961 3808 punge·
987 3732 990 3737 '
1014 3737 1062 3797 rel
1082 3736 1223 3806 locensis,
1238 3736 1288 3794 ubi
1307 3736 1345 3792 ad
1364 3735 1449 3807 pedes
1472 3750 1552 3793 meos
1571 3735 1701 3808 magistri
1717 3736 1759 3792 tui
1775 3735 1865 3792 disci-

116 3824 177 3895 bas,
201 3823 303 3883 merito
325 3831 382 3881 tuae
404 3823 596 3881 immunditiae
611 3822 660 3881 tibi
680 3821 776 3880 ablata
797 3831 849 3892 cst,
872 3823 912 3881 ita
934 3830 962 3882 et
1017 3824 1154 3898 pulorum
1177 3824 1317 3883 minimus
1334 3832 1392 3882 tarn
1415 3824 1467 3882 diu
1486 3824 1625 3893 resedisti,
1647 3830 1698 3882 aut
1712 3824 1865 3881 bizuntina

116 3913 230 3987 lingna,
253 3912 420 3985 quamodo
445 3912 562 3985 pungis,
586 3911 752 3981 auferatun
779 3911 861 3984 prius
884 3913 962 3971 enim
1016 3915 1144 3973 Ecclesia
1158 3915 1188 3971 in
1208 3915 1317 3986 quibus
1338 3914 1495 3971 canonicus
1514 3927 1589 3978 sum,
1613 3921 1696 3972 extra
1718 3913 1863 3971 mundum

116 4003 215 4075 apium
235 4002 454 4060 similitudinem
469 4002 505 4060 de
526 4003 620 4060 cauda
643 4002 799 4077 pungendo
815 4002 961 4073 portabas,
1017 4012 1096 4072 sunt,
1119 4019 1186 4076 quae
1206 4018 1251 4061 me
1269 4018 1368 4061 omnes
1391 4011 1420 4060 et
1440 4012 1627 4069 venerantur,
1652 4011 1679 4061 et
1701 4002 1809 4070 lorent,
1834 4008 1862 4060 et

115 4091 723 4164 nnncveroserpentisimaginemdelingua
733 4092 889 4164 pungendo
899 4105 964 4163 por·
1016 4093 1094 4167 quod
1105 4092 1169 4151 dico
1184 4091 1312 4149 discendi
1325 4091 1421 4149 studio
1432 4091 1553 4150 libenter
1568 4091 1759 4164 accipiuntE
1773 4091 1864 4163 buius

115 4189 169 4240 tas.
185 4181 226 4238 De
240 4181 347 4239 talibus
365 4182 393 4238 in
410 4181 519 4253 psalmo
539 4180 704 4239 dictumest
721 4196 728 4237 ε
749 4182 890 4238 acuerant
910 4182 962 4237 iin-
977 4192 999 4248 p
1016 4182 1186 4256 igiturdicti
1200 4181 1433 4240 maniiestissima
1448 4182 1685 4242 lalsitatecaetera
1699 4182 1863 4239 litterarum

115 4285 184 4340 ques
197 4286 250 4326 sno
268 4275 339 4326 sicui
351 4274 495 4341 serpentis,
516 4286 647 4327 cenenum
664 4270 792 4342 aspidum
811 4270 861 4326 sub
879 4271 962 4327 labiis
1016 4280 1134 4331 tuarum
1148 4277 1310 4330 commenta
1327 4285 1364 4328 ex
1385 4272 1523 4344 aequitate
1539 4271 1609 4329 lalsa
1629 4286 1690 4330 esse
1703 4270 1862 4344 judicanda

116 4373 207 4415 enum
220 4358 305 4431 (Psoi.
321 4372 443 4428 cxxxix,
458 4359 496 4425 4).
513 4358 566 4416 Sed
585 4373 622 4416 ne
639 4359 676 4416 de
689 4356 866 4416 contumelia
879 4357 963 4416 nobis
1016 4368 1094 4420 sunt.
1119 4362 1181 4418 Non
1204 4359 1358 4420 minimum
1381 4368 1478 4418 autem
1495 4361 1576 4419 doleo
1606 4362 1686 4433 quod
1719 4361 1862 4419 bonorum

117 4447 197 4505 illata
219 4447 286 4520 plus
317 4461 402 4520 aequo
423 4446 519 4505 dolere
542 4455 569 4505 et
595 4447 778 4520 obloquendo
803 4461 857 4505 nos
879 4447 962 4504 modo
1016 4458 1227 4523 persecutorem
1256 4465 1302 4510 me
1333 4449 1440 4508 dixisti.
1465 4450 1542 4509 Licet
1574 4451 1653 4509 enirn
1681 4451 1775 4508 bonus
1802 4462 1862 4507 non

116 4536 217 4597 ulcisci
230 4535 305 4595 velle
318 4539 482 4606 videamur,
497 4538 534 4594 ad
546 4538 656 4595 litteras
669 4545 735 4595 tuas
747 4536 919 4605 veniamus,
934 4544 964 4595 et
1015 4539 1082 4608 sim,
1111 4539 1201 4597 bonos
1235 4547 1332 4598 tamen
1365 4540 1495 4613 singulos
1528 4556 1587 4613 quo
1628 4540 1717 4599 debeo
1753 4540 1862 4597 bonore

116 4640 183 4701 quae
198 4627 229 4685 in
244 4627 285 4686 eis
299 4627 491 4696 concedenda,
506 4642 572 4698 quae
586 4627 644 4685 sint
662 4626 825 4695 refutanda,
841 4625 963 4684 demon·
1016 4642 1128 4700 semper
1141 4636 1297 4687 veneratus
1318 4644 1393 4687 sum.
1420 4633 1478 4688 llos
1497 4639 1595 4688 atatem
1616 4645 1689 4703 quos
1705 4629 1733 4687 in
1757 4644 1863 4687 exem-

116 4725 252 4775 stremus.
280 4717 399 4775 initium
430 4715 591 4774 litterarum
619 4723 738 4774 tuarum
761 4715 796 4772 de
822 4728 887 4773 mea
907 4713 963 4771 im·
1016 4716 1098 4788 plum
1116 4718 1216 4783 trabis,
1232 4719 1381 4777 dominum
1397 4720 1528 4778 videlicet
1547 4721 1716 4777 anselmum
1732 4720 1863 4777 cantua-

115 4807 260 4865 munditia
284 4814 312 4864 et
335 4807 370 4864 ds
399 4807 526 4865 ecclesie
548 4804 627 4864 Beati
650 4804 764 4863 ldartini
787 4804 962 4863 contumelia
1016 4806 1139 4865 riensem
1158 4815 1186 4866 et
1201 4807 1360 4867 liebertum
1381 4810 1464 4868 bonae
1481 4809 1547 4869 vitae
1565 4810 1693 4881 bonique
1708 4808 1862 4868 testimonii

116 4906 168 4953 est.
183 4898 221 4954 lie
236 4895 354 4954 ecclesia
369 4896 460 4964 doleo,
476 4896 511 4953 de
523 4910 569 4953 me
584 4902 682 4953 autem
696 4894 780 4953 laetus
799 4909 875 4958 sum,
892 4894 962 4966 quia
1016 4895 1146 4954 bomines
1166 4911 1320 4969 nunquam
1347 4908 1514 4970 persecutus
1537 4914 1613 4967 sum,
1639 4898 1704 4956 licet
1726 4899 1862 4970 quaedam

117 4984 290 5042 inveritate
316 4985 401 5042 talem
425 5000 471 5042 me
495 4999 556 5043 esse
579 4998 751 5058 recognosco
776 4985 891 5057 qualem
916 4999 961 5042 me
1015 5000 1117 5044 eorum
1138 4985 1214 5044 dicta
1229 4993 1257 5043 et
1275 4985 1350 5044 lacta
1369 4988 1606 5060 reprehendenda
1620 4988 1783 5046 rideantur.
1803 4989 1862 5046 Nec

116 5073 268 5130 scribendo
298 5073 439 5147 depingis.
473 5074 574 5133 Dixisti
603 5074 679 5132 eninr
712 5087 757 5131 me
785 5074 864 5132 omni
895 5074 962 5133 vitae
1015 5076 1134 5141 mirum,
1159 5075 1230 5148 quia
1253 5076 1376 5133 cidanea
1394 5093 1465 5134 nunc
1483 5093 1532 5148 per
1558 5079 1696 5148 speculum
1723 5081 1753 5133 in
1773 5081 1860 5147 arnig-

117 5162 257 5233 spurcitia
273 5163 437 5222 notabilem.
461 5162 542 5232 Quod
562 5179 629 5222 cum
653 5164 693 5221 ita
712 5171 766 5233 est,
790 5164 867 5221 banc
881 5171 962 5222 tuam
1015 5164 1122 5237 metali
1140 5164 1195 5223 Cor
1213 5179 1277 5232 xru,
1296 5165 1350 5238 ιι),
1374 5168 1472 5238 Neque
1492 5167 1571 5223 enim
1592 5166 1696 5224 biduo
1717 5167 1862 5238 sapientes

117 5249 247 5309 veritatis
261 5252 445 5311 assertionem
461 5253 543 5325 quasi
562 5253 738 5324 quibusdam
756 5254 883 5311 bracbiis
896 5252 963 5312 cba·
1015 5262 1043 5312 et
1063 5253 1190 5326 religiosi
1212 5254 1268 5314 viri
1293 5254 1411 5328 majoris
1430 5254 1524 5312 meriti
1546 5269 1598 5314 seu
1621 5256 1769 5328 sapientie
1791 5264 1861 5315 sunt

117 5338 389 5412 ritatisemplector,
406 5349 434 5400 et
448 5342 478 5399 in
496 5343 594 5401 verbis
615 5343 673 5402 tuis
697 5343 782 5416 qnasi
797 5343 828 5400 in
845 5341 962 5415 speculo
1016 5341 1098 5400 Petro
1119 5343 1315 5414 apostolorum
1338 5342 1468 5416 principe
1485 5351 1513 5401 et
1533 5351 1661 5417 martyre
1681 5345 1815 5419 glorioso,
1832 5353 1862 5405 et
1893 5390 1896 5394 .

118 5441 165 5495 me
179 5433 271 5490 totum
289 5427 405 5503 aspicio.
420 5429 475 5490 sed
494 5437 655 5504 potensest
673 5433 752 5494 Dens
763 5431 799 5493 de
817 5430 962 5504 lapidibus
977 5486 980 5493 .
1014 5430 1098 5492 besto
1112 5431 1253 5507 Cypriane
1270 5431 1490 5506 canmgnenn
1508 5434 1640 5508 episcopo
1655 5435 1770 5495 doctore
1787 5448 1861 5495 sua·
