3736 5962
501 133 652 191 mellotis
673 131 881 191 Tttttotottlm
900 133 1126 192 cflntsrtartm.
1615 139 1685 197 mot

91 272 115 312 m
134 271 194 313 esse
214 256 343 314 audibile
364 271 417 314 nec
436 257 647 325 transitorium,
667 257 716 314 sed
732 257 775 313 in·
791 258 816 312 Α
831 265 873 315 εει
886 259 949 326 Det,
978 258 1057 329 qnod
1084 264 1127 315 εει
1156 258 1242 326 Dens,
1271 257 1321 314 sed
1349 258 1428 328 stop,
1444 257 1523 330 quod
1548 260 1596 315 Dii
1624 262 1685 320 sire

111 354 138 402 et
161 359 334 417 permanens
356 346 405 414 ait,
429 346 481 411 Qut
499 349 565 413 fecit
583 349 659 403 coetos
681 349 711 401 tn
736 351 779 402 m·
830 349 939 418 judices
954 348 1190 419 interpretantur,
1208 347 1265 404 nisi
1280 348 1334 405 boc
1351 348 1386 404 ad
1406 347 1623 405 multitudinem
1639 350 1681 406 di-

91 436 140 490 sot.
165 444 287 506 cxxxv),
314 435 342 491 id
365 443 408 492 est
427 436 583 492 admodum
607 436 700 501 illum,
721 451 780 508 quo
833 437 969 493 vinarum
986 450 1175 507 personarum
1195 436 1470 506 accommodaretur,
1485 444 1518 494 nt
1532 437 1682 496 sciliceteo

91 538 131 579 tos
154 524 309 592 ordinavit,
336 523 365 579 in
389 524 478 580 verbo
502 524 614 589 montis,
631 525 659 580 id
683 532 724 582 est
750 525 779 580 in
834 526 917 582 modo
944 525 1142 582 insinuaretur
1166 525 1319 597 pluralitas
1340 524 1370 581 in
1392 526 1461 596 Deo,
1484 526 1628 598 quomodo
1656 534 1684 585 et

97 612 157 669 sive
186 620 331 683 perpetuae
358 613 455 668 omnia
479 612 656 682 providentis
675 613 779 671 intelli·
836 615 948 671 trinitas
975 622 1002 671 et
1035 615 1248 686 quodammodo
1272 613 1425 684 multiplex
1454 613 1569 672 dieatnr
1595 616 1681 685 Dens,

91 702 323 765 tnemadmodum
348 715 417 758 vero
455 715 520 772 qum
549 701 585 756 ad
621 703 779 771 potentiam
834 704 979 774 quomodo
998 704 1102 771 trinus,
1123 718 1181 760 non
1205 704 1366 761 secundum
1394 703 1564 761 substantia
1586 704 1683 762 diver-

93 792 179 859 Patri,
196 805 261 861 quae
281 791 317 846 ad
336 791 507 860 sapientiam
531 790 601 846 Filio
616 791 779 860 specialiter
833 793 957 860 sitatem,
985 793 1035 849 sed
1062 793 1223 849 secundum
1261 806 1452 863 personarum
1483 793 1682 864 proprietates.
1775 832 1778 840 ,

93 894 116 947 r,
148 880 187 935 ita
202 894 267 949 quaa
286 880 321 934 ad
341 879 536 949 operationem
557 879 663 937 divinae
679 880 778 953 gratiae
834 881 869 936 Ut
882 880 937 936 tale
956 881 1001 949 sit,
1031 880 1110 951 quod
1131 881 1299 938 dictumest
1323 882 1456 952 Eloy,ac
1481 881 1505 937 si
1526 881 1682 950 diceretur,

91 980 118 1021 rc
145 967 251 1022 divmae
274 966 424 1022 charitatis
453 966 622 1033 bonitatem,
656 967 778 1037 Spiritui
833 983 890 1025 non
906 983 952 1026 res
982 969 1081 1027 multa
1104 969 1153 1026 sed
1173 983 1301 1040 personae
1328 969 1437 1040 multae,
1461 984 1589 1041 quarum
1611 985 1685 1028 nna·

94 1055 264 1123 ribo-untur,
292 1055 367 1112 sieut
390 1061 417 1111 et
441 1055 570 1112 remissio
595 1064 778 1127 peccatorum
832 1072 957 1129 quaeque
971 1058 1009 1115 sit
1032 1059 1118 1116 Deus.
1145 1058 1284 1130 Alioquin
1310 1059 1408 1129 plnres
1436 1058 1599 1118 diceremus
1622 1074 1683 1118 esse

91 1144 137 1199 itio
163 1157 407 1214 quorumcunque
432 1144 575 1200 donorum
591 1158 628 1200 ex
647 1145 707 1201 sola
726 1146 776 1202 bo·
831 1147 914 1215 Deos,
930 1161 996 1204 cnm
1012 1161 1070 1202 non
1094 1146 1130 1204 sit
1153 1147 1209 1203 nisi
1225 1162 1311 1205 unus.
1339 1148 1414 1205 ilinc
1433 1155 1461 1205 et
1474 1148 1681 1221 Augustinus:

91 1275 94 1294 ‚
115 1246 172 1287 non
188 1246 225 1288 ex
242 1231 352 1288 meritis
371 1231 477 1288 nostris
496 1233 679 1301 proveniens.
699 1232 776 1300 Qua·
831 1236 908 1292 Deus
927 1234 1046 1306 quidem
1061 1249 1139 1292 unus
1155 1243 1208 1304 est,
1225 1237 1274 1293 sed
1293 1250 1352 1293 non
1375 1236 1545 1308 singularis.
1561 1236 1636 1294 Nam
1654 1245 1683 1295 et

91 1321 214 1377 eneratio
226 1320 255 1376 in
277 1320 449 1390 baptismate
464 1320 501 1376 ad
519 1321 691 1378 dimittenda
709 1335 777 1392 pec·
830 1321 938 1380 ibidem
952 1324 987 1380 de
1008 1323 1121 1381 unitate
1142 1324 1311 1381 substantiae
1325 1325 1549 1382 demonstranda
1563 1339 1581 1381 a
1597 1324 1681 1397 legis·

91 1407 245 1465 infirmatio
264 1423 316 1479 per
339 1423 444 1465 manns
466 1409 687 1480 {impositionem
715 1410 775 1480 epi·
830 1410 921 1469 latore
947 1420 1032 1469 caute
1060 1413 1210 1482 provisum
1233 1421 1286 1482 εει,
1301 1413 1352 1470 ubi
1375 1413 1551 1482 dictumest,
1567 1417 1681 1484 creauit,

90 1498 216 1553 dandam
242 1505 423 1554 armaturam
450 1497 526 1570 lete]
547 1498 592 1554 Sic
616 1506 644 1556 et
671 1506 775 1556 caetera
830 1514 889 1556 non
926 1507 1096 1568 εεεαεεεεει,
1137 1508 1252 1558 serrata
1278 1501 1482 1573 singularitate
1509 1503 1626 1560 numeri
1649 1502 1680 1560 in

92 1600 118 1654 a,
140 1601 206 1657 quae
221 1587 252 1643 in
276 1586 403 1643 Ecclesia
424 1586 628 1657 coniiciuntur,
643 1602 675 1644 ex
691 1588 773 1644 boni·
830 1589 917 1645 verbo
931 1590 1091 1646 seeundum
1119 1590 1261 1647 unitatem
1281 1590 1461 1657 substantiae,
1478 1590 1615 1661 quamvis
1633 1605 1681 1648 εε-

91 1675 180 1731 ›iritui
194 1683 263 1732 sunt
278 1674 472 1731 attribuenda.
486 1676 567 1732 Uter
578 1677 631 1733 boc
642 1683 775 1749 patenter
828 1679 959 1734 cundum
988 1678 1110 1735 formam
1136 1680 1215 1736 vocis
1242 1686 1269 1736 et
1301 1678 1522 1737 declinationem
1558 1679 1681 1751 pluralis

91 1763 198 1820 lectum
213 1772 241 1820 et
256 1764 438 1821 dnlcedinem
451 1764 557 1821 divinae
568 1767 715 1836 potestatis
730 1765 773 1824 vel
828 1767 944 1823 numeri
978 1767 1024 1823 sit.
1051 1767 1107 1836 Sic,
1135 1782 1150 1824 e
1179 1781 1327 1834 converso,
1361 1782 1429 1824 oum
1457 1768 1576 1836 dicitur,
1598 1768 1681 1824 turbo

91 1853 208 1923 Spiritus
230 1854 321 1909 sancti
342 1853 484 1912 vocabulo
510 1855 644 1926 exprimi.
664 1854 773 1924 Spiritu
828 1860 922 1924 εεεει,
939 1856 973 1911 ad
989 1870 1094 1912 nomen
1108 1856 1267 1928 singularis
1282 1857 1397 1914 numeri
1417 1857 1541 1914 verbum
1558 1857 1681 1928 pluralis

91 1943 134 1998 ris
156 1942 257 2007 nostri,
279 1943 307 1998 id
322 1950 364 1998 est
379 1944 520 2012 anhelitu,
541 1943 661 2000 allectus
682 1943 772 1999 animi
828 1945 943 2000 numeri
968 1944 1142 2015 applicatur,
1166 1946 1253 2017 juxta
1277 1945 1498 2017 intelligentiam
1515 1959 1614 2002 rernm
1628 1959 1680 2017 per

91 2029 220 2097 atetiunt,
237 2045 303 2086 cnm
325 2031 432 2089 scilicet
455 2040 506 2089 aut
529 2034 773 2102 praelamoresu-
828 2045 933 2088 nomen
966 2031 1195 2088 substantialiter
1233 2033 1457 2089 intellectarum.
1485 2032 1552 2089 Tale
1588 2033 1680 2106 igitur

91 2126 136 2175 tut
160 2133 218 2188 prae
242 2119 347 2176 doloris
372 2120 416 2176 rel
441 2121 548 2178 laboris
569 2122 707 2193 angustia
726 2135 772 2193 ge·
828 2127 869 2176 εει
892 2122 961 2191 Dtog
984 2123 1094 2187 εεεεείι,
1124 2134 1158 2176 ac
1183 2121 1207 2177 si
1232 2121 1387 2188 diceretur,
1417 2123 1540 2177 llinitos
1564 2126 1677 2192 creavit,

94 2207 149 2264 nde
166 2208 219 2263 hoo
240 2207 302 2264 loco
323 2208 449 2279 Spiritus
471 2216 599 2276 sanctus,
626 2223 677 2279 pro
697 2209 771 2266 bono
828 2207 858 2265 id
879 2217 922 2265 est
948 2216 1099 2280 cooperata
1114 2215 1165 2274 est,
1196 2209 1246 2265 ubi
1275 2216 1302 2266 ει
1319 2210 1416 2265 statim
1441 2209 1678 2280 insequentibus

91 2297 175 2358 nitur,
189 2296 361 2366 jnrtaillud
382 2296 553 2367 sapientia:
573 2300 711 2367 benignos
732 2304 773 2354 est
827 2296 982 2354 dictionem
1006 2311 1198 2369 personarum
1233 2298 1367 2363 adnectit,
1408 2299 1492 2369 qnasi
1520 2297 1558 2354 ad
1584 2306 1678 2356 osten·

91 2387 207 2453 pientia,
223 2394 276 2441 etc.
303 2387 381 2456 (Sap.
403 2403 423 2452 1,
444 2386 481 2455 6,)
502 2394 529 2443 et
556 2386 627 2444 illud
643 2386 769 2456 psalmi:
826 2386 966 2457 dendum,
983 2388 1060 2458 quod
1087 2388 1122 2443 ad
1151 2388 1227 2444 bano
1246 2387 1495 2445 determinandam
1524 2387 1595 2458 Eloy
1615 2386 1677 2459 plu-

94 2489 124 2528 εε
147 2474 232 2528 bonos
253 2475 368 2530 deducet
389 2491 430 2529 me
453 2475 536 2546 (Psoi.
558 2488 644 2544 cruri,
667 2477 771 2547 t0);et
826 2475 927 2532 raliter
959 2475 1077 2532 dicitnr.
1108 2474 1233 2547 Spiritus
1255 2475 1362 2546 qnippe
1394 2475 1486 2532 saneti
1515 2475 1676 2546 paternitas

95 2565 191 2617 :Deus
214 2563 333 2618 chorites
356 2565 441 2634 catil
459 2565 539 2621 Jooa.
562 2581 606 2634 rr,
633 2565 673 2636 8),
698 2565 772 2637 quia
826 2565 995 2634 ostenditur,
1021 2579 1087 2623 cum
1111 2565 1235 2622 dicitur:
1253 2565 1375 2635 Spiritus
1401 2566 1513 2621 Domini
1533 2566 1676 2632 ferebatur

91 2651 144 2707 trio
166 2651 285 2721 spiritns
308 2652 368 2722 ipse
391 2666 473 2709 amor
491 2660 544 2720 est,
576 2668 634 2724 quo
663 2667 770 2724 amore,
826 2668 908 2723 super
922 2670 1009 2723 oqoos
1033 2654 1124 2725 (ibid,
1148 2655 1190 2725 a).
1218 2653 1348 2711 Verbum
1374 2666 1453 2720 vero,
1469 2653 1498 2708 id
1524 2661 1567 2709 est
1587 2654 1675 2710 Titius

104 2740 251 2802 loannem,
276 2741 359 2797 Pater
374 2741 467 2812 diligit
492 2741 607 2798 Filium.
629 2742 699 2798 lnde
713 2745 771 2798 du·
826 2750 853 2799 et
868 2743 951 2799 Pater
971 2742 1010 2814 (6)
1032 2742 1211 2808 insinnatur,
1239 2756 1307 2798 oum
1330 2741 1438 2797 dicitnr
1454 2757 1461 2796 ε
1477 2742 1556 2797 Dicit
1578 2745 1649 2798 Deus
1663 2762 1674 2799 .·

91 2828 196 2884 nlibro
210 2828 253 2884 Dc
266 2830 377 2883 civitate
393 2846 399 2883 :
417 2828 541 2899 Spiritus
555 2838 673 2887 sanctus
688 2844 770 2902 quae·
786 2870 807 2926 C
823 2832 886 2886 Fiat
911 2830 1004 2914 (ibid,
1026 2832 1064 2899 3),
1088 2830 1117 2887 id
1144 2837 1189 2887 est
1214 2830 1244 2885 in
1271 2829 1347 2887 dicto
1375 2843 1427 2886 suo
1449 2844 1502 2886 sen
1528 2830 1628 2899 verbo,
1644 2831 1672 2888 id

91 2933 96 2973 t
119 2918 240 2988 Tiliiqne
261 2917 426 2975 communio
440 2927 498 2986 est;
515 2922 544 2975 et
564 2919 628 2976 ideo
650 2919 768 2977 tortasse
823 2928 865 2977 cst
879 2926 1021 2976 comtema
1043 2919 1184 2989 sapientia
1209 2933 1264 2975 sna
1286 2920 1370 2975 Pater
1397 2918 1544 2975 ordinarit
1566 2919 1671 2977 iacien-

91 3013 145 3076 tnr,
160 3008 231 3077 qnia
251 3007 330 3063 Patri
345 3014 372 3063 et
394 3006 465 3064 Tilio
480 3015 571 3078 potest
592 3009 692 3065 eadem
720 3023 768 3079 ap·
823 3008 870 3064 da.
896 3008 959 3065 Non
987 3007 1127 3076 enimde
1154 3007 1297 3078 corporali
1325 3006 1468 3064 locutione
1503 3008 1557 3065 hoo
1583 3008 1675 3081 accipi
1701 2998 1706 3010 '

91 3097 212 3152 evenire.
232 3096 266 3151 Ut
290 3110 358 3167 ergo
381 3111 417 3152 ex
439 3098 565 3165 nomine,
587 3097 768 3168 quodntris-
823 3104 924 3169 potest.
948 3098 981 3152 ln
1009 3111 1043 3154 eo
1073 3111 1189 3168 quoque
1219 3096 1299 3168 qnod
1336 3097 1500 3167 scriptum:
1530 3095 1570 3151 Ει
1603 3097 1675 3153 vidit
1730 3087 1732 3092 ’

91 3184 307 3255 neutriusque
329 3185 493 3241 communio
508 3185 699 3258 significetur,
718 3187 767 3243 do·
822 3191 905 3253 Dcos,
930 3186 1003 3257 quod
1022 3191 1091 3242 esset
1113 3186 1211 3241 bonum
1237 3184 1329 3255 (ibid,
1353 3186 1407 3255 lb).
1425 3186 1466 3242 llo
1491 3185 1516 3242 si
1538 3186 1671 3244 dicatur:

94 3287 159 3330 rum
174 3272 297 3344 Spiritus
313 3281 431 3330 sanetus
446 3283 575 3333 vocatur.
821 3275 1013 3347 intelligendo
1028 3275 1107 3346 qnod
1123 3289 1206 3346 opus,
1229 3274 1307 3345 qnod
1328 3273 1444 3343 iecerat,
1465 3274 1574 3331 bonum
1589 3277 1672 3345 esset,

260 3362 374 3419 CAPUT
395 3363 437 3417 lx.
821 3365 931 3422 amarit
945 3364 1017 3421 illud
1031 3378 1063 3421 eo
1090 3364 1151 3434 ipso
1166 3364 1245 3435 quod
1269 3362 1378 3420 bonnm
1405 3370 1477 3420 erat.
1499 3364 1544 3420 Ex
1565 3379 1625 3435 quo
1645 3371 1674 3422 et

215 3450 343 3505 Ρεεεειιε
353 3467 389 3505 err
404 3452 470 3519 tege.
822 3452 882 3523 ipse
903 3453 997 3510 bonus
1012 3467 1072 3509 esse
1094 3451 1206 3524 liquido
1221 3459 1410 3509 monstratur.
1428 3451 1502 3519 Quid
1518 3460 1547 3510 et
1561 3453 1598 3510 ad
1622 3455 1672 3511 do·

104 3541 194 3612 igitur
222 3541 347 3596 arbitror
365 3554 402 3595 ex
430 3538 572 3610 predictis
599 3540 769 3598 testimoniis
821 3549 990 3598 eumenium
1001 3541 1151 3598 Trinitatis
1162 3542 1290 3611 apertius
1303 3549 1345 3597 est
1361 3539 1472 3614 [qnam]
1481 3542 1560 3613 qnod
1575 3551 1674 3613 postea

91 3643 138 3694 tm,
161 3637 194 3685 ut
219 3629 358 3697 diximus,
376 3628 532 3698 potentiam
557 3629 698 3686 vocabule
713 3631 769 3686 Pa·
823 3628 853 3684 in
873 3630 1016 3686 creatione
1033 3629 1161 3686 hominis
1183 3630 1384 3701 subjungitur,
1401 3630 1522 3686 Domino
1541 3630 1671 3688 dicento:

91 3717 132 3786 ni,
157 3717 288 3773 divinam
316 3718 487 3787 sapientiam
516 3717 621 3775 Filium
648 3718 769 3791 intelligi
822 3716 967 3770 Faciamus
994 3716 1142 3784 bominem,
1186 3724 1239 3774 etc.
1270 3717 1364 3788 (ibid,
1406 3719 1464 3786 ιι.)
1486 3717 1562 3781 Ouid
1595 3719 1674 3775 enim

95 3806 194 3878 gratiae
218 3806 375 3862 bonitatem
395 3806 532 3876 Spiritum
558 3815 690 3863 sanctum
714 3821 769 3879 ap·
823 3803 934 3860 dictum
964 3810 1005 3860 est
1033 3803 1184 3875 pluraliter
1207 3803 1355 3872 sociamus,
1376 3804 1432 3860 nisi
1455 3812 1489 3861 nt
1512 3805 1674 3875 cooperatio

91 3895 146 3951 dos
164 3909 242 3962 vero,
264 3901 297 3951 nt
316 3894 455 3959 diximus,
472 3896 561 3974 hujus
576 3894 769 3968 generationis
822 3890 969 3949 Trinitatis
993 3891 1186 3961 exprimatur.
1217 3892 1328 3963 Quippe
1356 3906 1429 3964 quos
1471 3893 1674 3951 cohortaretur

91 3983 200 4050 ssionis,
226 3990 311 4055 prout
344 3984 484 4041 Dominus
516 3983 637 4051 dederit,
666 3984 696 4040 in
724 3998 768 4040 se·
822 3982 899 4037 Dens
914 3980 951 4037 ad
965 3980 1125 4038 creandum
1155 3981 1314 4049 hominem,
1338 3982 1487 4052 cumipse
1512 3979 1674 4039 soluseum

94 4087 281 4144 exponemus.
303 4071 388 4129 Nunc
403 4081 500 4130 autem
520 4073 556 4128 ad
577 4080 683 4129 nostrae
702 4071 768 4128 fidei
822 4069 953 4126 tacturus
973 4075 1058 4126 esset.
1085 4068 1228 4140 Scriptum
1247 4077 1290 4127 est
1312 4083 1440 4141 namque
1456 4085 1462 4126 :
1481 4069 1547 4136 Quis
1563 4071 1675 4141 adjuvit

91 4176 107 4215 n
139 4162 279 4219 adversus
307 4169 366 4217 tam
393 4162 508 4217 ludaeos
533 4173 622 4230 qnam
649 4159 769 4232 gentiles
784 4148 806 4201 D
822 4161 955 4228 spiritum
992 4160 1103 4214 Domini
1130 4164 1178 4214 εει
1211 4162 1273 4227 quis
1301 4160 1477 4215 consiliarius
1510 4159 1569 4229 ejas
1595 4159 1674 4227 suit?

91 4251 123 4308 ris
141 4265 243 4308 eorum
266 4250 432 4306 testimonia
455 4248 639 4317 inducamus,
660 4248 768 4319 quibus
823 4247 889 4320 (Iso.
914 4261 964 4315 ιιι,
981 4247 1035 4318 ta.)
1056 4248 1132 4304 Bene
1154 4248 1191 4305 ad
1215 4248 1372 4320 imaginem
1404 4255 1432 4306 et
1454 4248 1674 4306 similitudinem

90 4340 225 4396 rctionem
242 4339 390 4396 Trinitatis
413 4338 548 4395 omnibus
564 4337 768 4394 annuntiatam
822 4336 979 4405 Trinitatis,
994 4336 1048 4393 hoe
1063 4344 1105 4393 est
1120 4337 1156 4393 ad
1179 4350 1344 4408 expressam
1360 4337 1520 4408 quamdam
1536 4336 1675 4395 similitu·

91 4437 170 4500 gant,
187 4441 276 4499 quam
300 4427 418 4499 quidem
447 4427 549 4484 divina
572 4426 722 4498 inspiratio
740 4435 768 4484 et
822 4426 919 4482 dinem
951 4425 1040 4482 trium
1065 4440 1256 4496 personarum
1282 4426 1368 4482 homo
1399 4425 1460 4483 lieri
1490 4425 1606 4493 dicitnr,
1641 4431 1675 4483 nt

91 4525 141 4575 stas
164 4517 273 4574 ludaeis
291 4525 319 4573 et
338 4531 389 4587 per
411 4516 554 4588 apostolos
577 4516 617 4587 (ὅ)
632 4517 768 4588 gentibus
822 4515 937 4572 Patrem
964 4527 1015 4585 per
1043 4522 1210 4585 potestatem
1233 4528 1324 4586 quam
1345 4515 1375 4571 in
1392 4521 1511 4571 caeteras
1526 4522 1676 4571 creaturas

91 4606 247 4664 ·‚rerelare.
272 4606 402 4663 Primum
424 4606 513 4676 igitur
534 4605 598 4675 ipsa
623 4604 695 4676 legis
712 4618 766 4660 ex·
822 4604 919 4670 babet,
935 4603 1076 4672 imitetur,
1105 4604 1259 4660 etlilium
1284 4617 1334 4674 per
1350 4605 1502 4672 rationem,
1527 4611 1555 4659 et
1584 4602 1675 4673 Spiri-

91 4703 181 4765 rrunt,
208 4694 262 4752 ubi
289 4697 396 4765 lloyses
422 4694 568 4766 legislator
598 4694 682 4750 tidem
712 4692 769 4749 Ca·
822 4699 885 4750 tum
912 4706 964 4763 per
987 4692 1160 4749 innocentia
1189 4691 1409 4764 benignitatem,
1435 4705 1526 4763 qnam
1546 4700 1673 4762 postmo-

91 4786 118 4842 le
146 4787 259 4842 unitate
283 4785 392 4855 pariter
420 4791 446 4840 ει
476 4784 603 4840 trinitate
625 4790 767 4852 tanquam
822 4780 892 4838 dum
908 4795 960 4852 per
977 4781 1094 4853 culpam
1113 4780 1222 4837 amisit.
1247 4780 1526 4852 dunensemque
1553 4778 1674 4850 plurali·

91 4890 221 4933 tonorum
251 4875 474 4932 tundamentum
507 4872 666 4942 anteponit.
693 4872 767 4927 Cum
824 4877 910 4926 tatem
937 4884 1128 4940 personarum
1148 4870 1221 4926 illud
1251 4870 1373 4928 attinere
1393 4869 1511 4936 dieitur,
1535 4868 1613 4939 qnod
1643 4868 1675 4924 in

91 4981 136 5023 tr:
157 4968 190 5022 Im
201 4967 340 5037 principio
361 4965 462 5018 creauit
479 4966 547 5018 Dctts
562 4964 658 5018 crelam
674 4965 699 5016 ει
710 4966 768 5016 ter·
821 4958 1011 5030 sequenmbus
1027 4973 1078 5029 per
1099 4966 1263 5030 serpentem
1287 4957 1474 5015 dictumest:
1496 4960 1584 5013 Eritis
1599 4959 1673 5012 sicut

92 5097 100 5124 ,
125 5053 160 5127 ι),
182 5069 232 5124 pro
247 5068 289 5121 eo,
307 5053 385 5123 quod
400 5051 478 5122 apud
492 5067 544 5109 nos
559 5051 666 5108 dicitur
683 5052 765 5118 Deus,
822 5045 960 5111 derideo.
988 5061 1029 5113 nr,
1057 5049 1095 5113 5),
1122 5047 1200 5117 quod
1225 5052 1258 5102 nt
1285 5047 1419 5115 superins
1434 5046 1544 5115 dictum
1559 5052 1611 5112 est,
1640 5044 1671 5101 in

91 5144 181 5201 eritas
201 5127 293 5205 uteba
308 5143 387 5212 Eloy,
402 5143 479 5213 quod
494 5150 537 5199 est
551 5142 663 5213 plurale
677 5141 767 5212 hujus
822 5135 940 5192 Hebraeo
958 5134 1029 5205 Eloy
1055 5142 1148 5203 sonat,
1164 5134 1193 5191 id
1217 5141 1259 5191 est
1283 5133 1391 5191 divinae
1420 5147 1550 5205 personae
1576 5133 1674 5203 potius

91 5219 126 5296 'rra
142 5234 201 5300 liet,
239 5232 331 5303 ponit,
358 5244 448 5302 quare
475 5245 544 5303 ergo
571 5245 630 5287 non
657 5230 767 5287 dictum
821 5237 912 5297 quam
928 5223 968 5279 dii
983 5222 1101 5281 diversi.
1124 5225 1181 5280 Nec
1208 5230 1306 5280 tamen
1330 5223 1370 5295 (7)
1399 5230 1427 5281 ει
1452 5222 1502 5279 illa
1523 5222 1676 5280 Dominica

91 5358 177 5416 ndum
192 5357 458 5427 torteptttosoptos.
476 5354 530 5427 et,
551 5368 613 5426 cap.
635 5358 677 5410 ll.
821 5357 1001 5420 cantaneto.

92 5432 133 5501 d.,
159 5429 191 5485 td
208 5432 248 5485 est
269 5430 366 5497 Filius,
390 5428 520 5484 simulet
546 5430 675 5500 potenter
700 5428 767 5486 imi·
859 5424 898 5499 (7)
914 5425 1041 5495 hepate
1054 5437 1108 5483 εειι
1120 5422 1219 5482 atillo.

164 5529 292 5599 Parnon.
313 5524 512 5598 CLXXVIII.
1373 5527 1421 5606 ill
