3736 5962
120 238 189 297 ¹74³
385 234 489 290 PETRI
507 231 694 290 abessent
713 232 788 291 OPP.
809 233 898 291 PARS
915 234 963 290 tlt.
978 261 1014 274 -
1027 233 1248 294 dflsohoetch
1266 235 1309 292 ΕΤ
1326 235 1599 293 nntheseefltcn.
1812 238 1855 292 tttl

116 362 207 424 terior
233 362 330 433 homo,
353 360 428 417 sicut
450 368 478 418 et
506 358 649 431 corporali
674 357 810 428 exterior,
838 359 967 417 relicitur
980 360 1006 414 A
1020 359 1082 429 lud,
1097 360 1189 432 quaeri
1204 360 1284 418 solet.
1306 359 1360 417 Sed
1375 358 1498 417 dicimus
1517 359 1602 432 quod
1633 360 1720 416 Deus
1741 358 1809 416 illud
1821 374 1857 416 mc

96 459 146 509 «ει
172 457 362 509 sustentatur.
381 447 451 515 Quae
466 446 638 520 frangenda,
666 445 694 503 id
715 454 767 516 εει,
795 446 967 517 exponenda
1020 449 1138 507 dimittit
1163 450 1214 518 ibi,
1241 458 1274 508 ut
1302 463 1320 506 a
1347 457 1407 506 tam
1435 450 1512 520 turpi
1552 448 1691 505 animali
1723 455 1857 505 tractetur:

116 547 169 610 est,
186 538 268 612 quia,
282 537 357 595 sicut
371 535 439 594 duri
468 535 553 608 panis
577 542 674 592 crusta
701 535 862 608 frangenda
886 543 964 605 sunt,
1019 540 1069 595 sed
1100 547 1195 595 temen
1228 546 1358 595 remanet
1397 537 1436 595 ibi
1463 538 1561 595 forma
1586 538 1628 594 ad
1676 538 1856 610 negligentias

116 635 150 687 ut
166 628 204 686 ad
222 625 380 684 medullam
406 632 434 683 et
453 624 568 692 micam,
595 638 661 696 quae
688 624 767 680 intus
790 633 842 691 est,
865 625 964 681 venia·
1019 628 1219 685 ministrorum
1238 627 1451 699 corrigendam.

116 730 195 788 mus,
219 716 261 773 sic
283 721 382 773 cortex
401 721 429 770 et
456 720 529 771 testa
550 712 654 770 litterae
679 712 839 784 frangenda
864 721 917 780 est,
937 713 966 769 id
1053 715 1138 772 Nunc
1171 716 1206 772 de
1232 715 1361 772 ellicacia
1389 715 1478 786 hujus
1507 713 1705 772 sacramenti
1725 715 1855 772 videamm.

116 810 160 864 est
174 802 262 863 series
282 802 385 861 litterae
412 803 594 873 exponenda,
622 810 655 859 ut
684 801 722 858 ad
748 801 916 872 medullam,
936 802 965 859 id
1019 802 1154 860 Eldcacia
1177 804 1255 862 enim
1285 805 1374 876 hujus
1399 804 1491 876 major
1518 812 1547 862 ει
1572 803 1689 861 tortior
1717 812 1768 871 est,
1795 818 1855 876 quau

116 898 160 952 εει
178 891 216 949 ad
235 891 403 950 interiorem
417 906 534 949 sensum
549 890 820 948 venirevaleamus.
1019 893 1144 964 alicujus
1156 893 1284 961 alterius,
1317 894 1387 964 quia
1413 894 1442 949 in
1465 900 1585 950 tantum
1612 893 1788 961 confirmat,
1806 894 1854 964 qud

152 979 229 1039 Solet
247 995 365 1053 quoque
386 980 478 1052 queri
502 979 589 1051 quale
616 979 766 1050 discipulis
792 980 888 1051 ipsum
910 986 966 1036 tra·
1019 980 1071 1053 qui
1085 983 1186 1040 devote
1202 982 1316 1052 accipit,
1336 982 1470 1054 quandiu
1493 997 1548 1053 per
1572 983 1786 1039 infirmitatem
1801 997 1853 1039 sou

116 1068 200 1140 didit,
230 1068 367 1142 passibile
389 1068 522 1127 videlicet
547 1082 585 1125 an
607 1067 797 1139 impassibile.
823 1068 868 1124 Ad
887 1066 965 1139 quod
1018 1070 1115 1140 ipsum
1131 1084 1148 1126 a
1165 1085 1194 1127 εε
1223 1085 1282 1127 non
1298 1071 1400 1142 rejicit,
1421 1070 1536 1128 nullam
1552 1070 1674 1128 diaboli
1697 1071 1852 1128 tentatione

116 1157 250 1229 dicimus,
280 1159 360 1231 qued
385 1159 421 1234 de
441 1158 612 1215 auctoritate
640 1157 694 1213 hoc
725 1156 883 1213 dildnitum
906 1170 964 1212 non
1018 1159 1136 1230 patitur,
1167 1159 1238 1230 quia
1259 1173 1311 1229 per
1336 1159 1425 1231 hujus
1444 1158 1639 1216 eucharistiae
1672 1160 1851 1230 perceptionem

115 1245 269 1306 ubemus.
291 1247 448 1304 Possumus
474 1253 572 1303 tamen
598 1245 633 1302 de
647 1246 701 1302 hoc
729 1259 829 1302 secure
843 1259 965 1315 respon·
1019 1246 1151 1304 diabolus
1179 1248 1308 1304 vincitur
1331 1254 1358 1304 et
1387 1246 1539 1318 religatur,
1566 1254 1597 1305 et
1629 1247 1703 1305 licet
1727 1249 1758 1304 in
1778 1262 1851 1318 seqt

116 1335 194 1402 dere,
210 1336 289 1409 quod
304 1336 381 1393 dedit
395 1335 452 1393 tale
479 1334 568 1407 quale
594 1334 695 1392 voluit.
722 1333 750 1391 st
769 1334 847 1390 enim
872 1333 965 1392 voluit
1019 1336 1086 1392 talis
1099 1343 1152 1404 est,
1178 1350 1289 1406 semper
1311 1335 1417 1392 habeat
1439 1337 1506 1404 (ιιι),
1524 1342 1633 1393 tamen
1658 1336 1762 1408 ipsum
1775 1348 1853 1406 sempe

116 1424 160 1483 ela
180 1425 294 1483 tradere
322 1424 495 1494 immortale,
517 1424 588 1481 bene
613 1423 731 1494 quidem
760 1423 790 1478 in
818 1422 867 1479 illo
894 1430 965 1479 tem·
1018 1424 1157 1496 recipitet
1176 1424 1206 1480 in
1221 1439 1255 1481 eo
1269 1424 1470 1481 habitaculum
1484 1423 1566 1481 lacit.

117 1524 193 1584 pore¹
218 1511 477 1583 impassibilitatem
500 1511 545 1567 sui
578 1510 670 1580 potuit
705 1523 862 1579 assumere,
890 1510 966 1567 sicut
1329 1511 1441 1569 caetis
1459 1512 1557 1569 XXX.

115 1606 145 1659 ei
158 1600 189 1658 in
203 1608 295 1659 merie
316 1601 446 1658 claritate
461 1615 491 1658 se
512 1599 579 1656 vitae
596 1599 767 1655 immertalis
786 1599 962 1657 venustavit.
1250 1603 1470 1657 Desacrcmerrlo
1485 1603 1649 1657 unctionis.

116 1684 398 1749 Siautemtoluerit
419 1690 489 1747 dare
510 1688 645 1760 passibile
666 1688 763 1745 ethoc
785 1691 888 1759 utique
918 1648 1003 1759 poB
1055 1691 1096 1746 lle
1139 1698 1319 1748 sacramento
1365 1689 1514 1747 unctionis
1562 1689 1740 1747 videndum
1784 1697 1854 1747 resta

116 1779 182 1849 tuit,
198 1779 240 1837 ita
267 1787 373 1843 tamen,
397 1778 474 1850 quod
496 1792 563 1835 cum
586 1791 687 1833 eornm
710 1777 846 1834 dentibus
866 1784 967 1834 attere·
1020 1779 1174 1837 Sciendum
1203 1780 1301 1852 igitur,
1329 1778 1384 1836 hoc
1409 1786 1638 1836 sacramentum
1663 1793 1728 1835 εεεε
1756 1779 1855 1850 ejusden

116 1875 208 1938 retur,
223 1869 377 1926 nihilinde
396 1868 515 1925 sentiret
537 1866 671 1938 nihilque
689 1864 856 1922 deiectionis
880 1867 910 1921 in
935 1880 965 1921 se
1020 1869 1061 1926 rei
1087 1876 1311 1935 sacramentum,
1341 1870 1426 1939 cujus
1451 1875 1478 1925 et
1506 1876 1741 1926 sacramentum
1775 1868 1856 1927 alens

115 1965 299 2015 assumeret:
320 1957 394 2014 sicut
412 1957 499 2014 etiam
518 1955 600 2012 heato
622 1954 772 2012 Vincentio
797 1955 883 2011 talem
899 1967 965 2011 cor·
1019 1958 1090 2030 quia
1120 1957 1198 2014 illam
1224 1957 1390 2014 unctionem
1414 1956 1520 2027 capitis
1547 1965 1577 2015 et
1612 1958 1857 2015 membrorumsi

115 2045 196 2118 poris
218 2046 391 2104 soliditatem
416 2046 505 2114 dedit,
534 2044 612 2116 qued
639 2057 744 2114 parum
770 2043 805 2100 de
830 2043 887 2100 illis
909 2050 966 2100 tor·
1019 2047 1147 2119 gnillcat,
1194 2059 1261 2117 quae
1311 2053 1489 2102 sacramento
1542 2046 1655 2103 altaris
1692 2047 1854 2118 significator.

115 2135 233 2203 mentis,
250 2148 317 2207 que
344 2135 370 2192 ei
395 2132 605 2201 inferebantur,
637 2132 736 2189 sensit.
760 2130 789 2187 Si
810 2131 888 2188 enim
912 2131 964 2187 ali·
1020 2134 1120 2191 tinctio
1143 2133 1222 2192 euim
1250 2134 1305 2190 ista
1327 2132 1401 2190 sicut
1429 2133 1507 2191 trina
1536 2133 1567 2189 in
1601 2134 1704 2205 capite
1731 2132 1853 2205 prement

116 2221 329 2296 quis,quinon
346 2221 610 2280 habereteamdem
626 2221 687 2278 vim
706 2221 870 2291 incorpore
899 2234 963 2289 suo,
1019 2222 1059 2279 sic
1086 2231 1114 2280 et
1141 2223 1172 2279 in
1196 2222 1333 2279 membris
1357 2222 1560 2293 subsequitur.
1594 2224 1713 2281 Verum
1741 2222 1853 2294 quiahoc

116 2316 231 2369 tantum
246 2311 386 2369 decimam
407 2318 518 2383 partem
540 2309 658 2367 illarum
682 2323 835 2380 poenarum
867 2323 963 2366 susce·
1019 2319 1234 2369 sacramentum
1248 2311 1385 2368 ultimum
1409 2318 1452 2368 est
1479 2311 1635 2378 omnium,
1660 2319 1690 2370 et
1711 2314 1792 2385 quasi
1806 2324 1850 2367 mr·

115 2399 213 2473 pieaet,
229 2413 383 2472 nunquam
409 2399 537 2470 amplius
562 2398 661 2456 rivere
684 2404 788 2469 posset.
815 2397 963 2468 Similiter,
1019 2401 1184 2470 summatlo,
1201 2400 1263 2457 ideo
1288 2400 1479 2471 praerogativa
1503 2400 1657 2471 quadam,
1672 2401 1739 2458 licet
1761 2403 1788 2457 in
1809 2399 1849 2455 dir

115 2488 142 2546 si
168 2487 299 2547 Christus
324 2489 421 2557 vellet,
445 2502 545 2546 omues
572 2486 644 2544 alias
683 2493 742 2542 tam
781 2487 965 2545 infirmitates
1018 2491 1117 2548 unctio
1147 2490 1342 2560 contineatur,
1383 2490 1437 2546 hoc
1473 2489 1636 2546 unctionis
1665 2498 1849 2547 sacramentor

114 2576 245 2651 corporis
259 2592 348 2650 quam
363 2577 526 2636 adiectiones
541 2575 631 2632 animi
646 2575 831 2645 deposuisset.
1015 2580 1082 2651 jure
1106 2585 1235 2647 vocatur,
1257 2579 1335 2651 quod
1350 2577 1468 2649 quidem
1496 2578 1528 2634 in
1554 2580 1660 2649 capite
1679 2586 1774 2636 nostro
1793 2577 1849 2635 Chri

151 2666 194 2725 De
220 2668 313 2740 specie
334 2682 452 2741 quoque
481 2666 531 2724 illa
558 2665 641 2737 panis
662 2673 690 2723 et
717 2665 779 2723 vini
812 2665 964 2722 dubitatur
1018 2676 1089 2738 stus,
1111 2675 1143 2725 ut
1157 2667 1267 2724 dictum
1281 2675 1333 2734 est,
1362 2665 1439 2723 trina
1463 2667 1729 2737 praecessionem
1757 2666 1849 2724 etebri

115 2755 333 2829 cujusdem
357 2757 436 2830 quod
459 2769 529 2813 sane
555 2753 788 2826 respondendum
818 2753 896 2824 quod
919 2754 963 2825 ip·
1017 2763 1089 2825 stus,
1107 2757 1201 2825 idest,
1228 2756 1382 2813 chrismate
1395 2762 1514 2823 unctus,
1530 2755 1635 2813 dictus
1649 2765 1702 2814 est.
1724 2757 1782 2828 lpse
1792 2766 1847 2811 nam

115 2859 182 2904 sum
195 2860 311 2918 corpus,
337 2853 453 2918 propter
481 2845 629 2902 horrorem
656 2843 831 2910 assumendi,
848 2856 904 2913 ‚eas
932 2843 963 2898 in
1017 2859 1074 2916 que
1091 2845 1151 2902 oleo
1165 2845 1311 2915 spirituali
1327 2844 1437 2915 abipsa
1451 2845 1648 2914 conceptione
1680 2854 1783 2902 unctus
1801 2843 1845 2899 luit

115 2932 267 2992 selormas
282 2934 412 3005 recipiat.
427 2932 500 2989 Nam
516 2932 540 2989 si
565 2938 728 3002 opponatur
752 2930 830 3002 quod
844 2944 881 2986 ea
905 2945 962 3002 quo
977 2916 1002 2976 0
1018 2934 1098 2991 Unde
1119 2939 1147 2991 et
1174 2933 1328 2991 Christus:
1355 2934 1476 3003 spiritus
1506 2935 1625 2989 nomam
1652 2950 1737 3005 super
1763 2950 1807 3000 roe,
1829 2945 1844 2985 ε

115 3021 189 3080 illud
216 3036 321 3094 corpus
352 3022 520 3092 assumpsit,
552 3034 708 3091 nunquam
731 3017 860 3090 ‚formam
886 3018 964 3076 illius
1017 3023 1215 3094 qoodcncerit
1240 3038 1298 3091 me;
1324 3022 1362 3077 od
1386 3022 1618 3078 annuntiandum
1644 3022 1842 3079 mansuetis-ni

115 3110 248 3184 deposuit
271 3119 299 3169 ει
314 3110 376 3168 ideo
403 3111 490 3168 aliam
517 3109 651 3178 lormam,
667 3109 717 3165 illa
737 3122 797 3164 non
823 3108 961 3178 deposita,
1016 3108 1054 3167 s'it
1075 3127 1126 3181 me,
1156 3117 1186 3166 ut
1210 3112 1333 3167 mederer
1359 3113 1486 3167 contritos
1515 3111 1609 3174 corde,
1638 3120 1695 3170 etc.
1723 3113 1789 3184 (lm.
1803 3122 1842 3171 ul

113 3200 222 3259 habere
244 3214 303 3257 non
335 3208 438 3270 potest,
465 3199 589 3254 dicimus
614 3197 697 3268 quia,
725 3197 800 3253 sicut
822 3197 901 3266 quod
927 3197 963 3254 de
1019 3200 1054 3272 l).
1081 3199 1155 3256 llinc
1186 3200 1275 3255 etiam
1303 3197 1473 3256 Psalmista:
1509 3199 1649 3255 hilecistr'
1680 3202 1841 3272 justitient

113 3288 226 3359 Spiritu
247 3295 347 3346 sancto
366 3294 539 3358 conceptum
568 3294 620 3354 εει,
649 3286 728 3357 quod
756 3285 854 3342 clauso
878 3293 962 3343 utero
1016 3289 1101 3344 odisti
1137 3290 1319 3354 iniquitatem,
1352 3294 1502 3359 propter-eo
1528 3291 1617 3345 aucit
1649 3295 1676 3345 ιε
1709 3293 1787 3346 Deae.
1806 3294 1840 3343 etc

115 3376 231 3435 intrarit
256 3385 286 3434 et
309 3376 411 3446 exivit,
442 3375 530 3448 quod.
546 3389 635 3445 super
672 3388 763 3445 aquas
787 3374 959 3444 ambulavit,
1017 3378 1099 3450 (Psoi.
1129 3391 1207 3445 xciv,
1237 3377 1275 3449 8).
1299 3378 1401 3434 Postea
1419 3378 1559 3448 perunxit
1580 3379 1679 3436 hieria
1705 3379 1784 3450 pedes
1799 3377 1840 3448 eju

114 3465 193 3537 quod
221 3465 327 3523 clausis
352 3465 453 3539 januis
477 3466 514 3522 ad
540 3463 697 3535 discipulos
723 3463 855 3532 intravit,
883 3466 961 3536 quod
1015 3467 1045 3523 in
1072 3467 1157 3524 domo
1186 3466 1310 3523 Simonis
1336 3466 1449 3537 leprosi,
1480 3466 1590 3524 deinde
1623 3477 1727 3539 caput,
1752 3463 1840 3539 quando

112 3554 201 3613 simul
216 3555 359 3613 eteoclem
386 3564 511 3625 tempore
531 3553 562 3610 in
585 3553 708 3610 diversis
731 3552 801 3610 locis
825 3554 959 3623 habetur,
1015 3556 1193 3614 alabastrum
1208 3556 1385 3627 luditsuper
1406 3564 1495 3626 caput
1522 3556 1601 3627 ejus.
1628 3558 1691 3614 llas
1716 3556 1782 3614 duas
1801 3567 1838 3610 ur

111 3644 197 3715 sicut,
230 3642 362 3716 inquam,
389 3643 571 3701 haecomnia
599 3642 635 3699 ad
672 3641 904 3715 singularitatem
928 3641 960 3699 il·
1014 3646 1121 3702 ctiones
1149 3646 1283 3714 suscepit,
1310 3645 1382 3716 quia
1413 3657 1466 3701 rex
1484 3651 1512 3701 et
1530 3646 1676 3703 sacerdos
1699 3654 1767 3703 erat.
1791 3644 1838 3699 hue

110 3734 169 3793 lius
182 3735 310 3806 corporis
325 3733 458 3801 attinent,
486 3733 528 3789 sic
555 3731 633 3789 istud
657 3747 785 3804 quoque,
815 3732 893 3803 quod
915 3731 959 3788 di·
1013 3734 1144 3791 similiter
1166 3746 1293 3804 personae
1317 3739 1495 3805 unguuntur
1521 3733 1554 3790 in
1588 3732 1731 3803 Ecclesia,
1758 3735 1837 3791 reret

109 3816 211 3900 tersas
237 3822 326 3880 simul
353 3821 439 3880 habet
465 3820 583 3878 formas.
608 3820 637 3877 Si
660 3821 737 3877 euim
767 3820 821 3877 hoc
844 3827 886 3876 εει
912 3820 960 3877 ad·
1013 3821 1157 3889 sacerdos,
1193 3835 1253 3878 una
1282 3821 1384 3892 major,
1414 3820 1506 3878 altera
1540 3823 1653 3880 minor.
1683 3823 1772 3881 llinor
1792 3830 1837 3877 tet

110 3912 305 3982 mirandum,
341 3910 534 3968 nibilominus
568 3910 801 3981 unumquodque
834 3908 958 3966 aliorum
1012 3911 1164 3983 amajore
1198 3910 1387 3979 benedicitur,
1414 3917 1448 3967 ut
1470 3911 1630 3980 Apostolus
1660 3913 1712 3970 ait.
1746 3912 1776 3968 In
1799 3920 1837 3965 ure

108 4006 222 4059 constat
243 4015 305 4059 esse
325 3999 513 4072 stupendum,
545 3998 624 4070 quod
649 3998 747 4055 omnia
767 3997 802 4054 de
829 4012 862 4054 eo
887 4004 958 4055 suut
1012 4000 1105 4057 ctione
1125 3999 1216 4071 igitur
1234 3999 1341 4071 pedum
1370 3998 1465 4056 minor
1491 4013 1632 4070 persona,
1655 4001 1686 4058 id
1713 4008 1753 4058 eet
1771 4007 1836 4055 sace·

107 4090 289 4150 admiranda.
318 4090 426 4148 bienna
451 4102 569 4160 quoque
596 4087 688 4159 huius
709 4087 771 4144 veri
800 4087 884 4157 panis
910 4101 956 4143 sa·
1011 4089 1082 4157 dos;
1108 4087 1140 4144 in
1168 4087 1302 4144 unctione
1325 4087 1427 4159 capitis
1451 4088 1557 4160 major,
1589 4089 1620 4145 id
1648 4098 1693 4147 est
1715 4102 1764 4146 rex
1786 4087 1836 4156 titt·

108 4187 291 4238 crementum
314 4178 466 4249 exstitisse,
498 4184 594 4248 aperte
624 4175 794 4235 insinuarit.
819 4176 892 4233 Cum
918 4176 956 4233 si·
1011 4184 1104 4235 ratur.
1122 4176 1214 4233 David
1227 4177 1324 4247 etiam,
1352 4176 1460 4247 quiin
1487 4175 1598 4235 Christi
1621 4178 1721 4251 ligura
1745 4186 1836 4250 prece·

108 4269 228 4343 quidem
242 4267 309 4326 illlis
322 4268 410 4326 lsrael
435 4280 544 4324 manna
559 4266 679 4338 plueret,
696 4266 872 4323 admirantes
885 4266 956 4337 quid
1011 4266 1056 4336 sit,
1086 4273 1193 4323 unctus
1222 4266 1309 4324 luisse
1336 4264 1443 4338 legitur
1470 4266 1566 4338 primo
1594 4267 1625 4324 in
1655 4269 1741 4326 domo
1772 4263 1837 4339 potul

107 4366 192 4429 esset,
220 4358 346 4415 invicem
375 4357 544 4429 querebant
572 4372 578 4411 :
613 4356 727 4425 Mache,
750 4355 781 4409 td
808 4361 857 4425 εει,
887 4356 957 4424 quid
1011 4355 1197 4424 aSamuele,
1235 4355 1362 4413 secundo
1386 4368 1474 4426 snper
1501 4364 1616 4427 partem
1654 4356 1754 4425 lsrael,
1778 4354 1840 4413 tertio

108 4454 149 4505 est
171 4447 242 4505 hoc?
264 4446 366 4517 (deod.
392 4460 454 4515 xm,
478 4445 531 4517 ld.)
555 4444 663 4501 Eodem
703 4443 786 4501 modo
810 4444 857 4500 hic
882 4457 954 4501 sem·
1010 4458 1097 4515 super
1125 4452 1228 4502 totum.
1257 4444 1364 4500 Eodem
1394 4458 1511 4516 queque
1540 4445 1629 4503 mode
1659 4444 1841 4519 unusquisque

107 4550 161 4611 per
173 4536 267 4610 queri
295 4541 410 4608 potest:
433 4534 508 4602 Quid
522 4542 564 4592 est
588 4533 666 4590 hoc‘l
690 4532 801 4603 Quippe
829 4547 882 4590 nec
903 4533 956 4590 hu·
1009 4532 1191 4591 Christianus
1221 4540 1263 4590 ter
1290 4532 1421 4604 ungitur,
1446 4533 1539 4604 primo
1570 4535 1608 4592 ad
1640 4534 1839 4597 inchoationem.

106 4640 228 4685 manum
244 4625 393 4699 ingenium
422 4639 475 4682 nec
497 4623 599 4695 lingua
628 4621 794 4692 depromere
815 4621 885 4693 quid
918 4623 954 4680 sit
1011 4623 1041 4679 in
1077 4622 1250 4693 baptismate
1275 4622 1394 4687 scilicet,
1423 4621 1476 4680 ubi
1506 4631 1628 4692 peccata
1652 4626 1838 4685 dimittuntur;

106 4712 322 4789 plenesuthctt.
347 4713 476 4771 sienim
498 4713 636 4769 nolumus
655 4710 750 4767 dicere
774 4711 852 4780 quod
875 4710 954 4767 illius
1008 4710 1134 4766 secundo
1159 4709 1189 4764 in
1216 4709 1442 4777 confirmatione,
1469 4706 1519 4765 ubi
1549 4710 1630 4766 dona
1664 4714 1764 4783 gratia
1791 4720 1837 4764 con

106 4804 234 4877 eorporis
259 4804 297 4862 sit
325 4803 386 4861 haec
425 4803 526 4866 iorma,
570 4814 724 4873 possumus
755 4799 825 4856 satis
857 4800 952 4856 dicere
1008 4797 1163 4868 teruntur3
1183 4798 1266 4854 tertio
1282 4798 1420 4866 inexitu,
1437 4795 1550 4854 ubiscl
1565 4798 1708 4857 omniasi
1723 4804 1833 4873 quasue*

104 4895 183 4967 quod
197 4894 227 4951 in
242 4907 308 4952 aere
330 4894 366 4950 sit
383 4891 433 4949 illa
457 4891 549 4948 torma
574 4890 610 4946 ad
638 4888 857 4947 occultationem
887 4902 950 4958 pro·
1007 4893 1135 4958 peccata,
1150 4886 1193 4942 vel
1208 4900 1309 4943 eorum
1324 4887 1453 4942 maxima
1466 4899 1534 4957 pars
1556 4886 1684 4946 deletur.

103 4991 168 5056 pter
198 4983 365 5056 praedictam
402 4995 520 5039 causam
547 4979 644 5037 carnis
679 4987 707 5036 et
733 4977 888 5050 sauguinis
905 4992 950 5035 re·
1041 4974 1207 5034 Videndum
1222 4974 1314 5047 igitur
1328 4988 1394 5045 quae
1408 4987 1464 5042 res,
1490 4988 1559 5045 quae
1574 4975 1833 5045 sitellicaciabuict

102 5079 227 5142 serrata,
257 5072 332 5130 sicut
356 5071 449 5129 torma
476 5071 608 5126 humana
626 5068 656 5125 in
675 5082 741 5125 aere
762 5075 814 5135 est,
833 5066 950 5139 quando
1005 5064 1189 5132 sacramenti,
1206 5071 1306 5121 utrum
1330 5062 1405 5120 idem
1420 5062 1456 5119 sit
1485 5076 1531 5120 res
1554 5073 1584 5122 et
1597 5065 1733 5124 ellicacia
1749 5081 1783 5123 au
1803 5076 1833 5133 pt

102 5160 225 5235 angelus
248 5160 278 5218 in
302 5161 418 5220 homine
445 5167 574 5231 apparet.
603 5159 642 5213 he
660 5158 724 5226 hoc,
755 5157 833 5228 quod
855 5156 950 5228 negli-
1004 5155 1064 5211 tius
1079 5153 1153 5210 inter
1166 5166 1197 5209 se
1211 5152 1334 5210 diversa.
1349 5152 1393 5209 dd
1405 5152 1485 5224 quod
1502 5151 1677 5226 dicendum,
1689 5156 1764 5229 quod
1777 5164 1834 5226 qna

102 5251 202 5324 gentle
227 5251 427 5309 ministrorum
451 5250 567 5308 evenire
605 5248 686 5315 solet,
729 5247 808 5319 quod
843 5244 951 5302 scilicet
1005 5244 1072 5300 dam
1088 5250 1336 5301 sacramentorum
1363 5242 1392 5299 in
1408 5242 1462 5299 hoc
1481 5245 1678 5319 conveniunt,
1695 5245 1769 5319 quod
1781 5241 1836 5298 ride

100 5352 200 5399 mures
212 5341 351 5401 ridentur
371 5340 511 5400 rodereet
531 5338 562 5397 in
576 5352 625 5397 ore
650 5345 765 5411 portare
777 5349 890 5409 ¹corpus
911 5335 949 5393 il·
1004 5333 1070 5392 licet
1093 5332 1152 5393 alia
1174 5338 1217 5392 est
1241 5345 1342 5393 eorum
1374 5330 1504 5390 eldcacia
1524 5339 1556 5391 et
1584 5333 1647 5393 alla
1669 5349 1767 5395 eorum
1788 5341 1837 5391 res·

135 5513 193 5588 lali)
208 5514 276 5590 leg.
291 5514 375 5588 iorte,
390 5515 527 5590 Spiritum
539 5517 664 5575 samiam
677 5512 785 5572 babeat.
