3804 5962
98 176 169 253 ἰιι
303 202 310 219 ·
403 191 508 250 enrnr
526 191 812 251 maranorum.
833 180 1232 254 ennsu.·-'-sanuonrs
1250 194 1433 254 manusc.
1453 196 1571 257 asum.
1814 205 1868 263 aaa

118 336 171 395 per
199 318 361 393 passionem
399 316 547 376 Christum
575 317 716 386 imitatur,
743 331 846 378 rarum
872 316 959 377 innu·
973 320 999 377 A
1012 322 1180 392 impietatem
1201 336 1220 375 a
1241 321 1329 378 Jacob
1355 323 1442 393 (nam.
1467 335 1507 390 xx,
1533 323 1589 396 tt).
1616 323 1698 383 Unde
1718 334 1746 385 et
1771 327 1865 400 ipsum

118 424 201 469 mera
216 408 344 466 fidelium
356 406 513 464 multitudo
528 414 588 464 tam
606 408 637 464 in
649 407 720 465 viris
735 421 824 480 quam
841 407 871 463 in
883 406 964 464 fomi-
1018 408 1156 468 calvaria
1171 409 1276 480 locum,
1307 426 1365 483 quo
1392 412 1532 470 Dominus
1546 413 1705 472 crucifixus
1718 424 1770 483 est,
1787 432 1867 476 nunc

117 501 164 559 nis
179 515 229 572 per
256 498 428 569 martyrium
448 497 594 554 Christum
609 497 750 568 seqnitur,
779 505 807 554 et
822 497 857 553 ad
872 496 963 555 Deum
1017 500 1094 556 intra
1106 498 1251 557 civitatem
1267 502 1402 559 nouimus
1429 503 1579 572 contineri,
1600 518 1666 561 cum
1683 504 1764 577 prius
1782 517 1866 567 extra

117 595 321 660 extraportam
338 600 453 658 passum
475 585 529 643 boc
547 586 632 642 modo
656 584 855 657 egrediuntur.
873 586 963 650 Quem
1016 588 1110 645 luerit.
1151 591 1304 659 coronavit,
1344 591 1450 662 inquit,
1484 608 1545 648 eam
1572 600 1659 649 mater
1687 612 1738 651 soa
1763 599 1793 651 in
1821 600 1865 655 die

116 685 145 735 ct
166 691 218 735 nos
232 676 316 733 hodie
334 688 485 746 egressum
513 680 730 746 presentamus,
752 688 817 731 curn
833 674 868 730 de
882 673 963 730 urbi·
1015 676 1233 750 desponsationis
1254 679 1339 736 illins.
1365 681 1446 738 Tunc
1467 683 1544 739 enim
1571 698 1678 756 magna
1695 685 1864 756 jucunditas

117 767 182 836 bus,
198 767 242 824 vel
261 765 395 832 castellis,
411 772 463 823 aut
488 764 574 831 villis,
589 764 684 821 clerus
700 763 806 834 pariter
820 776 853 819 ac
867 777 962 834 popu·
1016 768 1134 839 regibus
1147 769 1280 826 exhiberi
1304 769 1384 836 solet,
1409 770 1537 841 quando,
1563 764 1742 843 desponsatis
1763 777 1863 834 uxori·

115 856 162 916 lus
191 870 257 915 cum
288 853 453 912 sanctuario
481 866 595 911 crucem
625 853 744 909 adorare
759 851 916 922 procedunt
932 851 960 907 in
1016 856 1079 926 bus,
1117 857 1256 914 solemnia
1285 857 1432 925 celebrant
1463 860 1640 930 nuptiarum.
1675 862 1862 922 [limantem

115 960 228 1018 campo,
244 944 305 1017 ipsa
318 944 448 1001 videlicet
463 942 508 999 dia
533 956 592 1013 qua
612 943 738 1012 primum
758 941 788 997 in
816 954 892 997 anno
907 941 961 998 lio·
1014 945 1171 1002 Dominicae
1191 940 1388 1003 cruciiixinnis
1407 950 1490 1019 quasi
1506 949 1566 1006 dies
1587 950 1612 1007 ei
1628 950 1682 1008 luit
1710 953 1863 1023 desponsa·

115 1037 222 1094 minica
237 1037 375 1092 recitator
397 1032 500 1105 passio.
526 1031 589 1097 Qua
615 1030 732 1103 quidem
748 1030 874 1101 generali
890 1029 958 1087 fide·
1014 1034 1110 1102 tionis,
1146 1035 1216 1106 quia
1241 1043 1310 1092 tunc
1340 1035 1492 1092 Ecclesiam
1525 1039 1665 1095 veraciter
1688 1039 1740 1096 sibi
1775 1040 1860 1111 quasi

114 1125 186 1182 lium
200 1126 388 1196 processione,
404 1130 544 1194 tanquam
572 1121 608 1176 ad
630 1118 880 1175 Dominumextra
893 1133 961 1191 por·
1013 1137 1148 1193 sponsam
1180 1123 1303 1188 sociavit,
1331 1138 1397 1181 cum
1412 1124 1511 1181 eodem
1540 1125 1585 1181 die
1606 1127 1718 1183 animas
1733 1128 1860 1184 bdelium

114 1223 173 1273 tam
199 1229 316 1287 passum
343 1211 530 1284 egredientes,
560 1209 702 1280 passionis
729 1207 888 1278 ipsiusnos
903 1222 960 1266 me·
1013 1211 1050 1266 ad
1075 1211 1181 1269 inieras
1201 1211 1385 1280 descendens,
1410 1212 1464 1270 hoc
1497 1213 1527 1269 iu
1550 1214 1591 1270 eis
1620 1214 1685 1271 inde
1704 1216 1860 1285 assumptis

115 1320 208 1363 mores
222 1319 282 1363 esse
298 1302 475 1375 profitemur,
500 1298 583 1370 qnasi
612 1311 678 1355 eum
708 1310 767 1369 prae
791 1297 882 1354 oculis
893 1312 959 1355 cru·
1013 1298 1174 1370 complevit,
1189 1302 1266 1372 quod
1285 1299 1391 1358 latroni
1406 1302 1536 1372 promisit
1551 1302 1648 1360 dicens
1663 1319 1669 1359 :
1684 1305 1772 1359 Amen
1798 1304 1859 1359 dico

113 1395 234 1452 oillxum
251 1408 302 1464 pro
321 1391 403 1449 nobis
417 1387 595 1461 aspicientes.
610 1387 652 1443 Ad
680 1401 766 1458 quem
781 1388 883 1459 utique
912 1401 957 1444 as·
1013 1389 1073 1456 tibi,
1089 1390 1168 1445 bodie
1192 1405 1294 1446 mecam
1313 1392 1366 1445 eris
1393 1392 1423 1446 in
1446 1392 1578 1462 paradiso
1598 1391 1673 1464 (Luc.
1703 1408 1785 1460 xxrn,
1800 1395 1857 1466 43).

113 1494 228 1556 pentum
255 1481 446 1538 admonemur
468 1489 533 1533 cum
549 1475 664 1542 dicitur,
687 1483 720 1532 ut
736 1482 797 1546 post
810 1489 957 1546 egressum
1013 1476 1079 1533 Haec
1094 1477 1193 1550 itaque
1219 1478 1280 1535 dies
1298 1480 1527 1551 desponsationis
1541 1481 1602 1539 dies
1616 1482 1721 1539 laetitiae
1739 1484 1778 1539 illi
1793 1483 1856 1552 luit,

111 1579 243 1631 nostrum
259 1570 407 1627 videamus
427 1579 523 1638 regem
540 1563 718 1621 Salomonem
739 1563 769 1619 in
784 1563 955 1633 diademate,
1012 1567 1130 1636 quando
1158 1567 1229 1624 illud
1264 1569 1299 1629 ad
1331 1569 1408 1641 quod
1441 1578 1570 1641 venerat,
1589 1579 1616 1627 ct
1636 1573 1713 1643 quod
1734 1573 1859 1630 maxime

112 1678 171 1736 quo
199 1658 349 1719 coronavit
374 1671 440 1714 eum
472 1661 563 1710 mater
586 1666 640 1709 sua
667 1654 755 1724 (dont,
771 1653 814 1724 ιιι)
830 1670 837 1708 :
854 1661 954 1723 mater,
973 1625 994 1680 Β
1012 1656 1041 1711 in
1064 1655 1128 1727 ejus
1151 1656 1292 1714 desiderio
1313 1664 1385 1725 erat,
1409 1657 1438 1714 in
1461 1658 1554 1717 salute
1580 1659 1760 1719 credentium
1783 1676 1858 1718 com·

111 1752 243 1824 inquam,
260 1760 322 1815 sua,
339 1746 393 1802 hoc
404 1751 446 1801 est
466 1742 577 1810 ludaea,
593 1742 629 1798 de
647 1755 707 1812 qua
722 1741 782 1813 ipse
806 1749 893 1801 natus
914 1751 957 1801 est
1011 1743 1109 1814 plevit.

110 1840 267 1899 secundum
283 1848 408 1893 caruem.
1044 1832 1286 1906 institiminquit,
1307 1836 1395 1891 cordis
1411 1851 1480 1905 epos,
1512 1837 1580 1908 quia
1605 1844 1746 1908 tanquam
1769 1842 1857 1899 tristis

146 1928 305 1984 biodonate
332 1925 469 1980 coronavit
482 1937 553 1988 eom,
582 1921 637 1977 boc
664 1928 705 1976 est
729 1920 899 1978 admodum
913 1922 955 1978 vi·
1010 1921 1038 1977 in
1054 1936 1172 1992 corpore
1189 1923 1252 1988 luit,
1269 1925 1297 1979 in
1327 1939 1385 1996 quo
1401 1923 1546 1981 molestias
1570 1927 1676 1983 doloris
1701 1927 1854 2002 toleravit3

109 2019 196 2076 ctoris
210 2031 276 2074 eum
291 2014 441 2083 exaltavit,
457 2011 509 2084 qui
537 2011 567 2067 in
584 2010 644 2080 ipsa
671 2016 762 2066 morte
781 2010 907 2066 maxime
920 2010 955 2067 de
1009 2009 1057 2065 sed
1081 2010 1150 2067 dum
1166 2024 1233 2068 caro
1244 2012 1388 2069 tristitiam
1414 2013 1521 2070 doloris
1544 2013 1659 2072 allerret
1683 2018 1717 2073 dc
1731 2018 1854 2090 hisquae

109 2106 224 2164 diabolo
249 2103 449 2176 triumphavit.
478 2102 518 2157 llo
546 2100 600 2156 bac
628 2098 803 2155 exaltatione
838 2100 868 2154 in
893 2099 956 2170 ipsa
1009 2097 1208 2157 interebantur
1220 2101 1359 2167 exterius,
1375 2103 1478 2170 cordis,
1494 2103 1522 2160 id
1543 2113 1584 2160 est
1608 2105 1722 2175 animoa,
1740 2122 1854 2165 summa

109 2197 204 2253 crocis
229 2193 426 2265 suspensione,
452 2190 571 2261 ipsemet
599 2187 754 2244 Nicodemo
783 2187 849 2244 ait:
878 2187 955 2242 Stant
1008 2187 1162 2245 exsultatio
1183 2197 1245 2246 erat
1276 2190 1406 2258 interius,
1429 2193 1463 2247 de
1489 2201 1587 2250 nostra
1620 2195 1725 2252 scilicet
1750 2195 1852 2266 salute,

109 2285 214 2354 dloqses
229 2285 382 2352 serpentem
397 2282 425 2334 tn
440 2279 555 2345 deserto,
583 2279 625 2331 ita
650 2275 769 2332 sanitari
787 2280 892 2345 oportet
906 2277 953 2330 lii·
1009 2288 1098 2345 quam
1114 2276 1156 2334 sic
1178 2278 1362 2348 operabatur.
1385 2280 1466 2337 Unde
1496 2290 1523 2338 et
1548 2296 1615 2341 cum
1630 2284 1666 2340 ad
1681 2285 1852 2358 crocingen-

109 2374 177 2429 liam
201 2371 317 2428 bominis
342 2370 427 2441 (toan.
444 2382 486 2434 ιιι,
517 2367 570 2438 ll).
601 2365 736 2436 Legimus
763 2373 791 2421 et
816 2365 953 2421 aJudaeis
1007 2363 1077 2420 dum
1092 2366 1193 2434 exiret,
1220 2366 1292 2423 bene
1311 2367 1445 2425 mulieres
1463 2384 1551 2442 super
1574 2386 1641 2429 eum
1664 2373 1854 2433 lamentantes

107 2461 203 2535 ipsum
233 2461 385 2517 Dominum
424 2453 612 2527 corporaliter
635 2453 735 2524 spinea
761 2467 867 2510 corona
891 2468 953 2511 esse
1007 2453 1192 2523 compescuit,
1226 2455 1324 2511 dicens
1357 2458 1466 2513 :Filia
1486 2461 1647 2528 tonantem,
1680 2465 1764 2519 nolite
1789 2467 1853 2534 (tere

107 2559 288 2610 coronatum.
307 2549 387 2617 Qttad
404 2562 470 2605 cum
492 2546 533 2603 illi
548 2546 584 2602 ad
608 2544 768 2601 irrisionem
782 2551 810 2599 et
838 2556 952 2615 poenam
1006 2555 1090 2611 snper
1117 2557 1170 2610 me,
1193 2543 1241 2598 sed
1261 2559 1346 2615 snper
1368 2561 1415 2601 ons
1436 2550 1511 2617 ipsas
1535 2552 1604 2619 stete,
1630 2555 1655 2606 at
1677 2567 1758 2623 saper
1782 2554 1854 2623 titios

106 2641 299 2706 intenderent,
315 2636 484 2709 mysterium
499 2634 593 2706 ignari
609 2630 811 2706 gesseruotrei
837 2646 953 2689 conver·
1005 2635 1108 2686 nestros
1134 2632 1227 2702 (itta,
1250 2633 1306 2704 ιε).
1333 2634 1484 2706 Tanquam
1509 2638 1533 2694 si
1562 2639 1668 2696 diceret
1691 2657 1697 2695 :
1720 2640 1784 2698 Non
1810 2651 1852 2701 est

107 2732 200 2788 tendas
214 2730 244 2785 in
261 2727 392 2800 gloriam.
422 2727 459 2782 lie
474 2730 574 2796 quaet
589 2719 741 2779 Psalmista
755 2719 867 2777 dudum
881 2735 952 2791 prae
1006 2727 1121 2790 propter
1143 2734 1188 2777 me
1215 2722 1368 2779 dolendum
1395 2724 1425 2779 in
1449 2725 1492 2782 bis
1511 2728 1691 2800 pasionibus,
1711 2737 1851 2801 tanquam

106 2818 218 2877 dixerat
237 2835 244 2873 :
260 2818 459 2873 bisonticam
480 2813 565 2882 ponto
588 2809 729 2866 minusad
756 2809 871 2877 angelis,
894 2808 950 2877 qlo-
1005 2808 1074 2864 binc
1092 2809 1210 2882 aliquod
1230 2810 1377 2869 incurram
1404 2814 1568 2887 damnum;
1589 2818 1637 2873 sed
1661 2818 1755 2888 potius
1771 2821 1852 2878 vobis

104 2911 149 2963 ria
165 2914 190 2964 et
203 2909 304 2964 nonore
318 2905 454 2960 coronasti
464 2917 524 2957 com
538 2919 548 2955 .·
573 2904 599 2953 et
612 2899 780 2954 constituisti
794 2913 855 2952 com
867 2913 951 2968 snper
967 2914 989 2971 g
1005 2896 1135 2955 imminet
1154 2913 1241 2970 super
1267 2914 1318 2956 vos
1348 2900 1424 2970 ipsas
1445 2911 1472 2959 ct
1497 2901 1569 2960 lilios
1593 2911 1711 2971 vestros,
1736 2907 1852 2978 gravis-

105 3012 188 3068 opero
216 3010 348 3051 manuum
375 2999 493 3047 inarum.
519 2987 615 3041 omnio
647 2986 786 3053 subjecisti
812 2985 951 3056 subpedi-
1005 2986 1077 3044 sima
1091 2987 1228 3055 vindicta,
1244 3003 1310 3059 qum
1334 2988 1363 3044 iu
1389 3005 1433 3047 tne
1446 2991 1678 3062 committuntur,
1703 2995 1850 3066 plexurus.

106 3087 154 3142 bns
175 3100 234 3155 epis
258 3083 344 3154 (Ptol.
362 3095 421 3146 vut,
444 3080 482 3150 d).
504 3076 585 3143 Quod
612 3073 728 3146 quldem
756 3074 951 3132 testimonium

104 3173 255 3246 apostolus
279 3182 465 3242 prosequens,
492 3164 619 3222 Hebraeis
646 3162 746 3220 scribit
771 3179 779 3218 ε
802 3165 874 3218 Eam
897 3181 951 3219 ao-

104 3267 166 3331 lem,
188 3265 236 3329 qni
250 3264 281 3317 in
301 3260 404 3316 modian
419 3272 501 3325 quam
517 3255 609 3324 anpatt'
622 3255 776 3308 minoratas
801 3259 853 3322 est,
875 3253 951 3308 oide-

103 3366 164 3407 mas
179 3352 270 3406 ,lesum
291 3365 341 3419 per
361 3348 519 3418 passionem
538 3345 631 3398 mortis
646 3341 735 3410 qlcria
755 3345 781 3396 et
793 3341 893 3397 bonore
904 3357 951 3397 co·

102 3439 389 3508 renatam(liebr.11.
413 3438 452 3507 9).
484 3432 625 3504 Scriptum
656 3443 774 3503 quoque
803 3440 845 3488 est
860 3433 888 3488 in
902 3434 950 3490 lo·

102 3542 188 3597 anne,
219 3529 289 3601 quia
311 3529 394 3584 emoit
419 3527 497 3581 Jcsos
529 3525 645 3593 portans
671 3521 795 3589 spineam
822 3537 949 3578 coronam

103 3617 193 3690 (inan.
209 3630 270 3686 tux,
300 3618 350 3689 nl:
381 3622 414 3672 ut
440 3612 527 3670 etiam
548 3611 634 3682 juxta
662 3606 786 3664 litteram
808 3609 892 3667 nobis
910 3611 946 3668 ad

100 3720 166 3764 oum
182 3707 218 3763 sit
244 3706 420 3771 exeundum,
449 3703 523 3759 sicut
538 3697 709 3771 praedictum
732 3704 783 3766 est,
800 3699 830 3756 in
846 3700 946 3759 diade-

100 3805 178 3853 mate
192 3810 245 3853 suo
259 3794 426 3851 videndum.

138 3882 204 3941 Sive
231 3897 300 3955 ergo
327 3886 491 3947 coronatus,
532 3877 592 3934 sive
626 3871 841 3945 crucifigendus
868 3878 949 3936 exire

100 3970 232 4031 Christus
250 3978 437 4038 memoratur,
462 3974 494 4025 ut
517 3967 679 4038 reprobatis
699 3966 815 4035 ludaeis,
842 3967 894 4037 qni
918 3967 948 4023 in

99 4076 168 4122 eum
197 4063 251 4119 ista
264 4059 482 4125 commiserunt,
499 4055 622 4128 gratiam
650 4071 735 4114 suam
759 4056 946 4128 praesignaret

101 4155 290 4212 transituram
316 4150 347 4206 in
375 4146 555 4206 latitudinem
585 4147 726 4218 gentium,
747 4145 798 4204 ubi
814 4146 947 4203 videlicet

98 4241 296 4302 crucifixionis
323 4238 412 4306 salus,
441 4245 469 4293 et
497 4236 634 4294 exaltatio
663 4237 753 4308 ipsius
780 4236 809 4292 in
824 4234 947 4306 acquisi-

97 4332 175 4392 tione
190 4331 345 4390 moltorum
377 4329 560 4401 populorum,
589 4340 648 4384 uno
663 4327 763 4383 iudaea
782 4324 944 4396 reprobato,

97 4419 409 4482 comminantium
434 4424 462 4474 et
488 4415 561 4472 bene
589 4415 673 4473 nodie
702 4414 737 4471 ad
753 4426 868 4471 crucem
882 4413 946 4483 ejus

97 4512 127 4573 ln
142 4527 245 4586 campo
267 4507 442 4567 adorandam
469 4501 660 4577 procedimus,
692 4502 721 4558 in
748 4501 802 4558 boc
826 4499 945 4572 mystice

97 4605 334 4668 demonstrantes,
363 4607 421 4654 tam
451 4593 573 4668 gloriam
601 4606 689 4664 quam
704 4590 826 4649 salutem
850 4591 945 4648 dato-

97 4692 167 4751 daeis
195 4702 310 4765 agressa
334 4700 404 4753 esse,
433 4692 461 4741 et
486 4685 517 4740 in
548 4681 683 4754 gentibus
711 4694 770 4738 sese
797 4678 942 4736 dilatasse,

96 4779 177 4850 Quod
207 4788 304 4838 autem
330 4773 511 4847 postmodum
540 4770 715 4829 revertimur
738 4770 773 4824 ad
804 4767 866 4824 loca
892 4782 943 4824 no·

95 4882 165 4940 stra,
181 4871 257 4928 unde
274 4870 421 4925 ineramus
431 4863 547 4937 egressi,
561 4859 704 4933 significat
718 4857 746 4914 in
759 4856 815 4914 line
840 4857 944 4914 mundi

97 4962 133 5018 ad
149 4960 263 5017 Jodaos
278 4958 435 5015 redituram
451 4951 572 5025 gratiam
589 4951 640 5007 Dei
657 4964 666 5020 ;
682 4947 800 5020 qnando
813 4945 944 5005 videlicet

94 5062 146 5121 per
161 5046 392 5117 pradicationem
411 5042 526 5100 Henoch
547 5047 574 5097 et
589 5038 658 5094 Eliae
678 5042 791 5094 constat
811 5050 859 5094 eos
873 5050 943 5093 con·

95 5134 249 5194 vertendos
272 5147 340 5190 esse.
369 5133 449 5190 Unde
476 5138 504 5189 et
532 5126 706 5199 apostotos:
732 5123 807 5193 Nata,
836 5121 941 5195 inquit,

93 5239 141 5281 aas
154 5225 292 5292 ipnorarc,
309 5224 420 5289 fratres,
448 5223 519 5291 quia
543 5216 657 5276 caecitas
677 5229 713 5272 ex
732 5220 812 5286 parte
827 5212 942 5269 contio-

93 5311 135 5385 git
161 5310 191 5366 in
206 5308 304 5376 lsrael,
332 5309 423 5366 donec
450 5307 599 5379 plenitudo
613 5305 745 5379 gentium
770 5302 942 5370 intraret,et

93 5398 135 5458 aia
159 5397 254 5456 omnis
280 5397 367 5457 lsrael
395 5396 495 5455 salvus
521 5394 601 5454 fleret
614 5395 642 5466 (Ι
666 5394 728 5452 dar.
757 5404 788 5461 1,
813 5389 850 5460 l),
867 5389 942 5448 sicut

1005 3073 1051 3132 Sic
1071 3083 1098 3132 et
1127 3077 1219 3142 nobis,
1242 3077 1354 3147 iratres,
1379 3092 1468 3150 super
1482 3095 1535 3137 nos
1547 3081 1641 3151 potius
1657 3098 1746 3154 quam
1762 3099 1851 3156 super

1005 3163 1100 3235 ipsum
1114 3164 1242 3222 tiendum
1258 3173 1309 3234 est,
1333 3167 1411 3238 quod
1427 3182 1461 3224 ca
1475 3169 1607 3227 videlicet
1624 3174 1852 3231 commiserimus

1004 3267 1041 3310 ex
1055 3254 1152 3324 culpa,
1168 3269 1233 3325 quae
1248 3254 1295 3311 ille
1310 3262 1368 3312 tam
1380 3257 1507 3327 graviter
1520 3258 1644 3328 portavit
1656 3259 1789 3330 inpmna.
1806 3261 1852 3318 Sic

1004 3341 1040 3399 de
1062 3343 1125 3413 ipso
1148 3345 1327 3413 gaudeamus
1348 3358 1415 3401 cum
1440 3346 1512 3416 ipso,
1534 3354 1567 3402 ut
1582 3346 1616 3404 de
1630 3349 1736 3406 uostris
1751 3349 1851 3407 dolea-

1004 3430 1206 3502 mosellensis,
1224 3433 1301 3503 quod
1318 3431 1407 3502 nujus
1426 3435 1485 3492 sire
1500 3448 1650 3493 servorum
1665 3445 1763 3495 reatus
1777 3453 1851 3496 com·

1003 3519 1121 3588 miserit,
1147 3523 1223 3592 quod
1258 3522 1395 3579 innocens
1427 3523 1565 3580 [lominus
1599 3533 1708 3583 tantam
1735 3541 1850 3598 poenam

1003 3609 1152 3666 sustinuit.
1169 3610 1230 3679 lpse
1255 3624 1307 3665 nos
1329 3611 1427 3667 docuit
1451 3612 1520 3669 llere
1534 3615 1685 3684 nosipsos,
1701 3617 1752 3688 qui
1770 3631 1850 3675 nun-

1003 3711 1093 3769 quam
1112 3712 1141 3755 se
1158 3697 1225 3754 llere
1238 3697 1367 3770 legitur3
1398 3700 1519 3757 sednon
1540 3701 1617 3759 licvit
1645 3705 1783 3762 Lazarum
1801 3720 1850 3763 su-

1002 3789 1169 3855 scitaturus,
1197 3789 1347 3859 praeuius
1374 3789 1559 3847 suscitatione
1585 3792 1850 3853 bonorbodiernus

1001 3883 1043 3934 est
1056 3877 1082 3934 ei
1097 3891 1114 3932 a
1129 3877 1222 3934 turbis
1235 3876 1391 3934 exnibitus.
1418 3878 1508 3948 Flevit
1527 3888 1554 3936 et
1574 3880 1732 3939 bodiecum
1748 3898 1765 3940 a
1790 3892 1850 3942 iur-

1002 3965 1045 4022 bis
1068 3965 1283 4022 exsultantibus
1310 3966 1515 4036 susciperetur,
1541 3968 1616 4026 sicut
1635 3970 1728 4028 Lucas
1752 3974 1850 4031 memi-

1001 4052 1053 4116 nit,
1068 4053 1188 4110 dimus:
1209 4055 1244 4109 lii
1271 4068 1331 4108 cnm
1351 4057 1586 4125 appropinquaret
1605 4059 1667 4126 jam
1687 4061 1724 4114 nd
1738 4061 1848 4118 msam-

1000 4157 1061 4197 satm
1083 4144 1183 4197 montis
1209 4141 1317 4207 Oliveti,
1350 4149 1488 4213 coepernnt
1511 4161 1601 4201 omnes
1622 4147 1708 4204 turba
1736 4150 1850 4207 descen-

1003 4231 1125 4287 dentium
1147 4232 1296 4301 qoadentcs
1325 4233 1439 4288 laudare
1460 4237 1540 4288 betam
1555 4251 1617 4291 once
1631 4253 1746 4308 mapno,
1767 4255 1851 4312 saper

1001 4321 1125 4377 omnibus
1147 4336 1216 4391 qnos
1234 4320 1360 4375 uiderant
1380 4322 1541 4390 virtutibus,
1564 4324 1684 4382 dicentes
1702 4343 1708 4382 :
1729 4329 1849 4385 Benedi-

1001 4415 1059 4466 ctus
1075 4411 1123 4477 qnt'
1135 4412 1210 4465 venit
1228 4410 1378 4465 innomine
1392 4412 1511 4481 Domini,
1532 4429 1593 4484 poa
1611 4416 1641 4471 in
1660 4416 1733 4487 colo,
1750 4424 1775 4473 et
1787 4419 1849 4487 qta-

1000 4501 1045 4554 rt'o
1063 4501 1094 4554 in
1115 4499 1237 4554 tacebis.
1258 4500 1294 4553 Et
1316 4504 1347 4553 nt
1375 4503 1619 4574 appropinquante,
1640 4505 1735 4562 uidens
1755 4509 1850 4565 cirita-

1001 4591 1052 4642 tem
1073 4588 1237 4656 peortsapar
1251 4587 1338 4654 illam,
1361 4587 1452 4644 dicans
1472 4607 1483 4645 .·
1507 4591 1615 4658 Qniasi
1637 4600 1805 4662 cognovisses
1823 4602 1849 4654 at

1001 4680 1042 4746 tn,
1058 4686 1111 4733 etc.
1127 4675 1202 4746 (Lac.
1219 4690 1279 4745 ιιιιι,
1295 4676 1352 4746 38).

1036 4764 1127 4821 Flevit
1150 4766 1301 4831 Lazarum,
1330 4779 1416 4837 quem
1439 4766 1473 4824 de
1497 4767 1646 4842 refrigerio
1660 4780 1688 4829 et
1702 4773 1770 4832 sinu
1788 4776 1848 4834 Ab·

999 4854 1078 4910 rabae
1093 4861 1283 4912 revocaturus
1296 4862 1357 4911 crat
1380 4857 1518 4913 aerumnis
1533 4860 1682 4928 praesentis
1694 4863 1771 4919 oitae.
1788 4865 1848 4922 Fla

998 4942 1048 5000 bat
1073 4942 1190 5001 ruinam
1215 4943 1347 5013 civitatis,
1376 4947 1475 5002 nostra
1496 4945 1628 5005 videlicet
1645 4950 1763 5020 damna,
1788 4968 1847 5011 nou

999 5033 1127 5104 propria.
1143 5034 1258 5092 Utinam
1278 5034 1320 5090 sic
1340 5047 1392 5091 nos
1411 5035 1488 5091 mala
1500 5045 1599 5093 nostra
1616 5039 1766 5110 deplorare
1785 5056 1848 5114 pnsa

998 5135 1094 5180 ιιιιιιιι
1119 5122 1194 5180 sicut
1212 5128 1240 5179 ct
1263 5120 1320 5190 ille,
1344 5123 1385 5179 sic
1413 5123 1525 5181 solliciti
1558 5124 1593 5183 do
1617 5129 1701 5187 nobis
1720 5145 1848 5190 essemus

998 5211 1074 5268 sicut
1096 5210 1157 5284 ipse
1174 5211 1180 5266 l
1197 5210 1250 5279 Qui
1270 5211 1305 5269 de
1325 5213 1384 5283 ipso
1409 5213 1542 5270 laetamur
1567 5223 1708 5290 tanquam
1732 5220 1767 5277 da
1790 5221 1848 5280 Sal·

997 5307 1099 5358 vatore
1114 5308 1224 5372 nostro,
1247 5300 1333 5372 cuius
1359 5309 1450 5360 morto
1469 5303 1610 5377 redempti
1632 5320 1744 5380 sumus,
1760 5326 1848 5383 super

997 5401 1051 5447 nos
1065 5387 1233 5459 defleamus,
1263 5388 1314 5463 qui
1334 5389 1413 5464 qnod
1435 5388 1482 5448 illo
1510 5399 1569 5451 tam
1588 5397 1720 5468 graviter
1741 5400 1847 5473 plexus

90 5486 233 5562 tariptnm
245 5495 289 5551 est
305 5503 314 5548 ι
345 5489 442 5548 thrt
458 5499 493 5545 ra
504 5474 572 5546 ἐισι
590 5483 640 5558 ptr·
666 5480 810 5556 triptota
833 5482 943 5540 contat
995 5484 1039 5543 ost
1062 5478 1274 5545 commisimus·
1288 5477 1477 5554 Egredientes
1497 5478 1597 5557 itaque
1609 5497 1724 5563 mmpor
1748 5497 1848 5555 menta
