3804 5962
80 161 149 218 {50³
345 160 447 216 entur
466 159 650 216 ruminant
669 159 746 215 OPP.
767 159 856 216 PARS
874 138 922 217 lll.
942 188 979 204 -
993 157 1211 217 tunonodtdn
1231 159 1275 237 ET
1294 159 1559 219 Pultosortttcn.
1767 165 1816 218 {dil

79 287 128 345 sod
151 294 307 357 antennam
334 285 426 357 legem
453 284 577 354 audiret,
605 291 781 355 peccatorem
805 299 836 342 se
862 299 922 342 esse
937 285 961 340 Α
1359 285 1432 344 Clll.

79 376 240 442 nesciebat;
267 375 361 431 tactus
376 373 580 444 prevaricator
595 374 645 444 qui
660 373 714 430 luit
728 381 794 431 ante
809 374 923 431 nescius
977 372 1055 438 Quod
1077 373 1246 428 tantumdem
1269 374 1376 428 uolebat
1401 377 1569 431 circumcisio
1592 378 1624 430 in
1649 377 1767 442 antiquo
1782 390 1817 446 pc

79 467 219 536 peccator.
242 464 348 532 Hagno
374 477 458 534 snper·
475 463 627 532 Epictetum
650 463 732 517 Pauli
759 463 796 518 ad
821 463 921 517 itoma-
1080 446 1378 514 liulffllu‘mlumlmm
1393 446 1557 515 balilssmub
1573 451 1600 500 0‘
1614 451 1725 502 mmm·
1845 482 1848 523 t

78 569 145 609 nos:
170 551 237 608 Sine
259 551 336 606 enim
362 550 424 620 lege
442 551 568 606 naturali
592 557 620 606 ct
647 551 743 621 Moyse
773 560 922 622 peccatum
1010 550 1184 618 Augustinus
1208 554 1304 606 contra
1328 552 1486 619 Pelagium:
1509 552 1554 608 Ex
1582 566 1645 622 quo
1671 551 1751 608 enim
1773 552 1817 609 oir-
1845 576 1848 591 ι

78 647 226 698 mortuum
251 646 322 704 erat,
345 639 372 694 id
392 646 433 694 est
449 638 565 704 latebat,
581 639 782 709 ignorabatur,
798 654 856 696 uon
871 653 921 711 ap·
976 638 1113 695 cumoisio
1139 640 1295 697 constituta
1315 648 1358 697 est
1383 643 1412 696 in
1436 639 1540 711 populo
1571 640 1633 703 lici,
1667 639 1818 710 quoderat
1845 636 1849 649 '

77 729 206 800 parebat.
231 728 395 798 Antequam
418 727 465 783 len
488 726 631 783 naturalis
644 735 671 783 et
693 727 854 784 intellectus
874 729 922 784 in·
976 734 1046 784 tunc
1068 726 1251 798 signaculum
1270 728 1392 799 justitiae
1421 727 1497 794 fidei,
1523 728 1559 784 ad
1584 728 1817 800 significationen

76 817 162 887 cipiat
187 816 285 888 vigere
300 816 328 871 iu
358 815 488 886 parvulis
510 814 633 886 aliisque
658 814 836 882 hominibus,
856 816 922 873 licet
977 815 1157 887 purgationis
1170 816 1284 873 valebat
1297 824 1326 873 et
1340 817 1471 888 parvulis
1493 817 1598 873 veteris
1612 816 1818 889 originalisque

75 904 238 976 percutiant
261 912 370 974 patrem
394 910 422 960 ει
449 910 579 958 matrem.
605 911 632 959 et
656 904 840 972 maledicant,
864 918 921 960 nou
976 903 1096 973 peccati,
1121 905 1195 960 sicut
1216 912 1244 961 et
1271 904 1433 974 baptismus
1454 917 1490 960 en
1514 903 1561 960 illo
1579 904 1732 960 valescere
1745 904 1818 974 cepit
1847 916 1850 933 ¹

78 1001 204 1065 peccam.
223 992 367 1058 Similiter,
391 999 547 1062 antequam
571 992 617 1046 len
639 992 725 1060 ldoysi
751 993 818 1048 data
836 1000 920 1059 esset,
975 992 1011 1047 ad
1036 992 1249 1049 innovationem
1282 992 1418 1060 huminis,
1444 1006 1481 1048 ex
1509 1001 1638 1063 quaest
1667 992 1817 1048 institutus

75 1082 307 1152 orantquaedam
331 1087 456 1150 peccata,
485 1094 550 1150 qum
573 1080 784 1151 ignorabantur
807 1090 921 1151 peccata
976 1082 1124 1149 Gregorius
1148 1082 1295 1136 Moralium
1324 1081 1373 1135 lib.
1390 1081 1444 1135 lv:
1466 1079 1548 1147 Quod
1567 1079 1661 1136 valet.
1676 1078 1757 1149 apud
1777 1093 1817 1135 na·
1848 1082 1851 1089 '

75 1182 145 1237 osso,
161 1183 227 1240 quae
247 1168 400 1224 commissa
424 1182 482 1223 non
506 1174 593 1224 tantus
614 1168 812 1239 gravitudinis
826 1177 919 1238 erant,
975 1176 1021 1225 tos
1044 1181 1121 1240 aqua
1145 1168 1334 1238 baptismatis,
1360 1169 1413 1225 hoc
1437 1181 1519 1238 teque
1540 1168 1622 1237 apud
1652 1174 1765 1224 veteres
1782 1166 1817 1223 rel

76 1257 121 1314 vel
148 1257 259 1315 etiamsi
286 1257 534 1326 cognoscebantur
561 1271 622 1313 esse
656 1265 780 1328 peccata,
815 1258 922 1316 latebat
976 1270 1028 1327 pro
1051 1254 1182 1327 parvulis
1205 1248 1438 1323 somniasset
1463 1254 1702 1326 promajoribus
1724 1255 1817 1311 sacrib

76 1359 137 1417 qua
160 1359 245 1417 poena
263 1346 352 1417 digna
374 1355 482 1404 essent.
508 1346 681 1415 Augustinus
705 1349 736 1401 ia
755 1348 922 1402 sermoncdc
975 1344 1015 1401 aii
1037 1345 1141 1413 virtus,
1169 1344 1214 1401 vel
1237 1358 1290 1416 pro
1313 1344 1357 1400 his
1380 1344 1432 1416 qui
1446 1357 1484 1401 ex
1508 1342 1629 1400 liebraea
1656 1343 1749 1414 stirpe
1763 1357 1816 1416 pro

76 1434 165 1491 emim
193 1435 427 1505 ΑρεειειίιΕεεε
451 1435 574 1491 inlantes
592 1435 621 1491 in
648 1435 708 1492 suis
728 1437 830 1508 utiquo
855 1451 921 1508 ope·
977 1432 1090 1489 dierunt
1128 1431 1566 1504 mysteriumcircumcisionis.
1606 1431 1817 1486 Ambrosiusin

77 1523 160 1580 ribus
186 1523 352 1580 innocentes
376 1530 455 1590 sunt,
485 1522 556 1580 nihil
584 1537 682 1580 secum
704 1524 759 1580 uisi
784 1523 862 1595 quod
885 1523 920 1580 dc
939 1499 960 1554 Β
979 1524 1103 1592 Epistola
1130 1523 1212 1578 Ponti
1237 1522 1274 1577 ad
1295 1523 1446 1577 Romanos:
1472 1519 1553 1574 Bruti
1575 1535 1697 1589 guarum
1711 1523 1818 1575 remim

77 1611 171 1683 primo
185 1618 302 1683 parente
316 1619 469 1669 traxerunt
492 1611 641 1669 habentes.
668 1613 818 1683 Responde
837 1612 917 1676 mihi,
975 1615 1039 1666 sunt
1065 1612 1238 1680 iniquitates,
1260 1620 1314 1667 ειε.
1331 1610 1415 1681 (Psoi.
1440 1623 1519 1675 xxxi,
1548 1609 1585 1679 l.)
1602 1608 1751 1679 Propheta
1774 1622 1815 1665 au·

77 1714 168 1773 quare
183 1700 359 1768 moriuntur,
379 1701 402 1756 si
426 1715 525 1758 omues
540 1701 681 1769 homines,
697 1702 835 1773 quoniam
855 1716 921 1772 pec-
976 1706 1032 1756 tem
1046 1707 1159 1770 tempus
1181 1699 1249 1755 lelix
1271 1698 1434 1769 praevidens
1451 1697 1481 1753 iu
1494 1696 1655 1754 salvatoris
1668 1697 1815 1753 adventurn

76 1797 152 1858 cant,
176 1789 239 1847 ideo
257 1789 446 1846 moriuntur?
469 1789 543 1855 Quid
568 1791 675 1860 putatis
699 1789 756 1846 diei
774 1791 920 1860 potuisset
976 1789 1073 1846 beatos
1100 1796 1261 1859 nuncupat,
1300 1787 1409 1858 quibus
1443 1786 1504 1842 sino
1532 1785 1631 1842 laboro
1659 1784 1816 1856 velutique
1857 1824 1859 1833 .

76 1879 235 1936 Pecoarunt
259 1885 287 1935 ει
308 1878 371 1949 ipsi.
397 1878 451 1935 Ubi
475 1878 654 1949 peccarunt?
669 1893 739 1950 rogo
760 1865 804 1949 te3
826 1893 919 1950 rpuan·
976 1892 1061 1949 opere
1082 1876 1197 1933 lavacra
1213 1876 1403 1933 remittuntur
1417 1882 1444 1932 et
1458 1874 1597 1946 leguntur
1611 1882 1641 1931 ει
1658 1888 1720 1931 non
1736 1876 1815 1945 impu·
1856 1882 1859 1959 ι

75 1966 138 2024 do?
158 1966 321 2039 quomodo?
338 1967 444 2023 bouum
460 1975 488 2023 et
505 1967 614 2023 malum
630 1967 700 2039 auid
716 1967 752 2024 sit
766 1968 918 2036 nesciunt;
973 1973 1073 2023 tantur
1088 1972 1225 2037 peccata;
1243 1964 1396 2036 Apostolus
1411 1972 1517 2029 tamen,
1535 1971 1654 2034 propter
1669 1963 1815 2033 plenitudi·
1856 1964 1859 2001 i

75 2064 224 2126 peecatum
240 2055 395 2126 accipiunt,
412 2070 463 2126 qur
485 2064 656 2126 praeceptum
675 2070 733 2112 non
754 2056 921 2127 accipiuntt
975 2070 1040 2112 nem
1054 2063 1227 2125 temporum,
1250 2060 1277 2109 et
1292 2053 1363 2123 quia
1388 2052 1454 2122 plus
1473 2052 1572 2123 gratite
1587 2052 1618 2108 in
1632 2051 1815 2122 apostoliscst

75 2144 150 2211 Quid
162 2144 197 2200 do
217 2144 274 2199 illis
289 2144 359 2200 dicis
375 2144 425 2214 qui
450 2143 479 2199 in
505 2152 586 2200 utero
603 2143 789 2200 moriuntur?
803 2143 837 2200 Ει
854 2145 917 2215 ipsi,
974 2155 1062 2212 quam
1085 2141 1139 2199 tuit
1159 2142 1188 2198 in
1206 2141 1363 2212 prophetis,
1387 2141 1498 2211 majora
1514 2148 1695 2211 protestatur
1706 2154 1771 2211 qna
1784 2152 1814 2194 ex

76 2234 185 2305 inquis,
207 2241 408 2303 peccaverunt.
438 2232 611 2291 contradicit
630 2233 800 2303 Apostolus3
826 2234 918 2304 magis
973 2229 1048 2287 dono
1063 2229 1245 2300 baptismatis
1267 2230 1483 2301 consequimur,
1508 2230 1652 2300 quianon
1668 2230 1763 2295 solum
1775 2242 1814 2284 re-

74 2319 242 2392 hpostolum
270 2320 356 2376 audio
385 2334 473 2390 quam
497 2329 543 2376 te:
564 2321 690 2376 Nondum
707 2322 781 2376 notis
797 2335 845 2376 ncc
864 2322 916 2376 ali·
973 2317 1137 2374 missionem
1159 2324 1343 2388 pcccatorum
1368 2319 1496 2389 accipere
1520 2331 1582 2383 nos,
1599 2317 1651 2374 sed
1675 2326 1706 2374 et
1722 2317 1815 2388 justili-

75 2409 142 2476 quta
169 2408 311 2475 agentibus
339 2407 402 2460 boni
420 2413 470 2461 ont
493 2409 566 2470 moli,
598 2414 651 2464 eto.
678 2407 765 2479 (Rom.
790 2423 830 2477 rx,
862 2411 916 2481 lt.)
972 2405 1074 2463 cariat
1095 2405 1169 2462 tilios
1196 2406 1246 2462 Dei
1267 2405 1329 2463 fieri
1355 2405 1516 2476 profitetur,
1543 2411 1576 2462 ut
1600 2406 1751 2462 beatitudo
1764 2404 1814 2460 brec

74 2497 197 2553 isidorus
228 2498 264 2550 be
288 2510 390 2549 summo
417 2495 494 2561 bono,
518 2495 564 2550 tib.
582 2496 611 2550 l:
636 2497 770 2553 innoxias
791 2512 851 2554 esso
875 2499 918 2554 in·
973 2493 1096 2566 gloriam
1120 2495 1274 2564 perlectam
1296 2493 1400 2550 habeat
1415 2501 1443 2550 ει
1461 2493 1656 2550 securitatem.
1676 2495 1813 2562 Hopmcin

74 2584 166 2641 lantes
190 2597 284 2654 opere,
310 2596 368 2638 non
392 2596 454 2659 csse
484 2582 617 2639 innoxios
641 2584 822 2656 cogitatione,
847 2587 917 2657 quia
972 2583 1089 2638 homiliis
1107 2584 1241 2652 coangctit
1255 2582 1288 2638 de
1308 2585 1510 2638 circumcisione
1534 2584 1646 2637 homini
1657 2598 1664 2637 ε
1686 2582 1745 2639 Νεε
1769 2595 1813 2652 pu·

73 2679 196 2740 motum,
222 2665 308 2743 q'uem
332 2680 437 2742 gerunt
462 2672 491 2731 in
516 2680 622 2740 mente,
645 2673 772 2730 nondum
798 2681 917 2745 possunt
971 2672 1093 2730 mudum
1120 2680 1163 2729 cst
1195 2685 1314 2743 parvam
1344 2671 1495 2729 utilitatem
1525 2685 1577 2728 sua
1614 2678 1745 2741 temporo
1770 2671 1813 2727 ha·

72 2774 207 2818 exercere
230 2773 333 2830 operc;
349 2774 382 2816 ae
404 2774 455 2831 per
476 2760 529 2816 hoc
552 2760 656 2816 inillis
676 2768 744 2817 aetas
758 2769 801 2817 est
823 2762 916 2818 imbe-
934 2739 955 2794 C
972 2761 1070 2818 huisse
1085 2759 1344 2828 circumcisionem,
1368 2759 1416 2816 sod
1436 2759 1585 2815 sciendum
1607 2766 1650 2815 est
1670 2758 1749 2828 quod
1761 2767 1814 2814 tan·

72 2848 155 2917 cillis,
172 2862 229 2905 non
257 2849 391 2919 animus;
407 2849 443 2904 ad
459 2855 561 2906 nutum
586 2852 662 2905 enim
688 2850 845 2907 voluntatis
860 2863 917 2906 non
971 2857 1034 2907 tum
1057 2847 1172 2907 valebat
1187 2856 1258 2905 tuno
1279 2847 1459 2905 circumcisio
1483 2855 1584 2904 contra
1598 2847 1743 2920 originale
1757 2862 1813 2919 pee-

71 2937 250 3008 ohtemperat
268 2937 323 2993 illis
339 2937 480 3008 fragilitas
505 2936 641 3008 corporis,
665 2952 718 2993 nec
742 2937 813 2993 adeo
833 2951 918 3009 opere
971 2947 1080 3006 catum,
1119 2944 1264 3008 quantum
1302 2952 1383 2994 nuno
1410 2935 1487 2993 valet
1516 2950 1595 3007 aqua
1627 2936 1812 3007 baptismatis,

72 3039 174 3082 nocere
199 3033 328 3095 possunt,
351 3026 426 3081 sieut
445 3025 617 3096 cogitatione
636 3034 798 3082 moventur.
820 3027 919 3093 Grego—
970 3034 1089 3098 excepto
1105 3026 1183 3097 quod
1207 3025 1255 3082 ille
1269 3026 1400 3083 nondum
1415 3032 1543 3089 venerat,
1564 3024 1616 3094 qui
1639 3025 1812 3094 peccatasb-

72 3117 139 3177 rins,
162 3115 267 3181 hiatog.
293 3114 340 3167 lib.
364 3114 408 3178 Vl,
435 3128 496 3183 cap.
528 3114 722 3183 increpacio
746 3115 915 3183 blasphemo:
970 3115 1081 3172 solvere
1095 3121 1191 3186 posset
1208 3113 1319 3185 volqui
1335 3113 1456 3185 januam
1473 3111 1555 3183 regni
1576 3110 1812 3168 coelcstisresera-

71 3201 153 3258 Etsi
177 3215 276 3258 omnes
299 3201 455 3271 baptizatas
483 3200 607 3257 inlantes
637 3209 724 3272 atquc
750 3202 778 3258 iu
795 3201 918 3259 infautia
952 3210 1023 3260 ret.

72 3289 226 3344 morientes
250 3288 362 3359 ingredi
388 3302 512 3359 regnum
539 3290 650 3345 coeleste
668 3290 844 3347 credendum
864 3299 916 3359 est,
1227 3297 1228 3300 ’
1367 3288 1425 3347 cn.

70 3389 170 3432 omnes
189 3384 284 3432 tamen
306 3376 452 3446 parvulos,
469 3375 521 3450 qui
543 3376 604 3447 jam
628 3377 708 3449 loqui
729 3387 859 3449 possunt,
875 3394 918 3437 re
970 3380 1048 3447 Quod
1069 3380 1226 3451 baptizatus
1240 3395 1259 3434 a
1281 3392 1510 3450 quocunquenoa
1531 3378 1568 3432 sit
1590 3375 1808 3447 rebaptizandus,

73 3477 130 3535 gna
144 3463 268 3520 coelostia
285 3464 397 3536 ingredi
411 3465 586 3522 credendum
605 3474 730 3535 nonest,
752 3469 822 3538 quia
841 3483 918 3525 non·
1323 3454 1349 3504 ⁶⁶
1363 3454 1466 3504 mmm·

71 3551 160 3609 nullis
182 3551 311 3622 parvulis
332 3553 461 3624 ejusdem
483 3553 567 3624 regui
582 3553 703 3611 coelestis
726 3555 821 3612 aditus
836 3570 853 3612 a
868 3571 917 3628 pa·
1004 3555 1079 3612 Beda
1105 3559 1136 3612 in
1163 3558 1210 3612 lib.
1241 3558 1252 3611 l
1281 3557 1455 3612 homiliarum
1488 3553 1628 3609 xxxviii:
1672 3552 1739 3609 Sivc
1764 3551 1808 3606 bu·

72 3639 203 3697 rentibus
225 3640 383 3707 clauditur,
398 3641 421 3697 δί
447 3640 520 3698 male
543 3641 722 3698 nutriantur.
752 3642 824 3699 Nam
850 3641 916 3713 dui·
970 3647 1088 3713 reticus,
1104 3646 1165 3703 sive
1178 3644 1391 3712 schismaticus,
1406 3643 1467 3700 sivo
1489 3642 1671 3699 lacinorosus
1695 3641 1808 3713 quisque

72 3728 184 3786 damin
207 3729 262 3786 hac
276 3730 348 3786 urbe
372 3729 540 3786 notissimus
563 3737 630 3787 ante
649 3730 807 3788 triennium
822 3731 915 3788 lilium
969 3734 1000 3792 in
1022 3734 1201 3792 confessione
1224 3732 1373 3791 trinitatis
1396 3731 1562 3802 baptizaret,
1586 3744 1647 3786 uon
1672 3729 1749 3785 valet
1772 3725 1808 3782 illc

73 3817 184 3887 habuit,
213 3831 368 3884 annorum,
396 3818 471 3875 sicut
494 3818 629 3885 arbitror,
664 3819 916 3891 quinquennem
970 3822 1022 3895 qui
1046 3823 1207 3894 baptizatus
1234 3827 1275 3878 εει
1299 3835 1317 3876 a
1340 3820 1423 3876 bonis
1447 3817 1600 3877 Catholicis
1635 3813 1809 3887 rebaptizari,

71 3906 158 3963 nimis
172 3907 325 3965 carnaliter
348 3907 471 3979 diligens
500 3908 619 3965 remisse
646 3909 801 3973 nutriebat,
829 3919 917 3981 atquo
970 3927 1007 3969 nc
1029 3910 1168 3968 contessio
1191 3908 1237 3966 vel
1264 3908 1405 3965 invocatio
1426 3907 1497 3964 tanti
1521 3904 1650 3961 nominis
1672 3905 1810 3960 videretur

71 3994 146 4051 idem
163 3996 312 4065 parvulus,
329 3996 408 4066 quod
423 3995 502 4053 dictu
518 4010 608 4067 grave
623 4005 676 4064 est,
692 4010 758 4053 mox
773 3996 915 4068 ejusani·
970 3998 1127 4057 annullari.
1157 4000 1332 4066 Augustinus
1368 4011 1450 4065 snper
1477 3996 1607 4050 ioannem
1636 3997 1667 4061 (r,
1698 3994 1742 4060 ³³t
1765 4005 1812 4047 ser·

70 4096 117 4138 mo
133 4090 166 4139 ut
188 4083 300 4154 aliquid
317 4083 479 4151 obstitisset,
509 4085 686 4155 majestatem
709 4087 758 4142 Dei
782 4086 913 4157 blasphe-
969 4103 1047 4143 monc
1064 4089 1105 4144 V:
1134 4087 1223 4157 Super
1245 4102 1326 4156 quem
1356 4085 1458 4140 uideris
1487 4083 1625 4154 Spiritum
1652 4080 1812 4137 descendat·

71 4183 151 4228 mare
173 4181 371 4228 consueverat.
388 4172 443 4240 Qui
458 4172 489 4228 in
513 4172 647 4230 hacanta
663 4172 819 4231 triennium
839 4189 914 4232 mor·
969 4182 1031 4232 tam.
1062 4175 1124 4233 Non
1151 4176 1267 4232 dicant:
1290 4173 1451 4245 baptismus
1474 4186 1555 4228 meus
1581 4178 1635 4236 est,
1661 4171 1735 4241 quia
1762 4183 1813 4226 non

70 4259 180 4317 talitatu
203 4274 356 4331 percussus
382 4262 460 4316 venit
473 4261 508 4317 ad
537 4270 666 4318 mortem.
696 4261 827 4334 Cumque
848 4278 914 4320 eum
968 4274 1010 4322 εει
1037 4265 1176 4335 ipsorum.
1192 4263 1319 4319 Audiant
1347 4263 1442 4333 ipsum
1465 4261 1615 4317 loannem.
1643 4259 1720 4316 Eece
1736 4259 1815 4314 ioan·

71 4355 152 4420 pater
172 4349 201 4405 in
217 4349 285 4404 sinu
311 4356 429 4415 teneret,
457 4349 532 4406 sicut
557 4351 649 4406 testati
674 4359 743 4408 sunt
765 4366 817 4424 qur
844 4365 913 4422 prte-
968 4367 1020 4410 nes
1045 4352 1148 4424 plenus
1173 4359 1236 4408 erat
1259 4350 1368 4421 Spiritu
1401 4356 1500 4406 sancto
1525 4357 1553 4404 et
1581 4347 1763 4418 baptismum
1784 4344 1815 4401 do

71 4445 165 4494 sentes
196 4437 324 4505 luerunt,
364 4436 509 4508 malignos
537 4438 655 4508 spiritus
682 4440 718 4495 ad
745 4454 774 4496 so
802 4440 914 4497 venisse
967 4440 1040 4497 coelo
1061 4437 1510 4506 habebatnonenhominibus,
1533 4435 1816 4507 sedquatenusba·

71 4539 145 4596 puer
158 4526 300 4597 aspicieus
314 4525 398 4596 coepit
420 4526 563 4583 clamare:
588 4526 685 4593 Obsta,
707 4537 795 4597 pater,
812 4529 910 4585 obstat
969 4529 1063 4596 hebat,
1090 4528 1150 4598 ipse
1173 4527 1266 4584 dixit:
1288 4529 1388 4583 Parate
1410 4527 1483 4581 niam
1508 4527 1620 4580 homino
1644 4525 1815 4595 (dminus,

70 4615 165 4673 Mauri
194 4615 326 4671 homines
348 4624 502 4680 venerunt,
531 4616 583 4685 qui
607 4629 653 4672 me
676 4616 773 4672 tollere
800 4617 912 4674 volunt.
967 4618 1005 4688 3).
1021 4597 1077 4674 Ubi
1096 4623 1192 4673 autem
1206 4615 1321 4687 cognita
1345 4615 1485 4671 hominus
1509 4615 1569 4684 ipse
1587 4613 1742 4669 lactusest
1760 4612 1815 4679 vin,

72 4701 209 4767 Quicum
232 4704 285 4760 hoc
305 4703 434 4769 dixisset,
465 4704 622 4774 majestatis
649 4718 754 4760 nomen
783 4706 915 4775 protinus
967 4706 1097 4777 nonjam
1116 4718 1190 4774 opus
1211 4712 1273 4760 erat
1295 4703 1436 4773 baptismo
1462 4701 1591 4768 loannis,
1607 4715 1667 4771 quo
1696 4714 1813 4770 parare·

70 4790 281 4863 blasphemavit
307 4798 334 4848 et
358 4791 485 4847 animam
512 4791 643 4847 reddidit.
676 4792 710 4849 Ut
733 4792 809 4848 euim
839 4793 915 4849 neus
968 4802 1016 4851 tur
1041 4794 1089 4849 via
1115 4793 1246 4849 Domino.
1273 4790 1396 4856 Quidam
1420 4791 1511 4847 solent
1533 4789 1815 4859 diecre:liccepost

69 4880 239 4950 ostenderet,
257 4895 309 4950 pro
332 4895 391 4951 quo
404 4888 487 4937 reatu
512 4880 619 4936 talibus
640 4880 741 4937 luisset
765 4889 914 4938 exsecuto·
966 4882 1103 4938 loannem
1123 4880 1302 4950 baptizatum
1323 4879 1385 4937 cstl
1403 4879 1467 4935 Post
1483 4877 1632 4934 haereticos
1648 4890 1709 4932 nou
1726 4876 1815 4947 bapti·

36 4971 37 4975 ’
69 4968 151 5025 ribus
178 4968 313 5038 traditus,
337 4968 415 5025 undo
441 4968 586 5024 viventem
615 4976 696 5039 pater
724 4983 796 5025 suus
823 4969 915 5025 noluit
966 4977 1081 5037 rantur,
1104 4968 1174 5039 quia
1196 4967 1323 5024 baeretici
1343 4967 1516 5037 baptismum
1538 4958 1642 5021 Christi
1661 4964 1814 5029 dederunt,

69 5056 225 5127 corrigere,
248 5056 300 5113 hoe
329 5056 499 5113 morientem
522 5055 651 5128 permisit
673 5056 791 5126 intrare,
813 5065 913 5128 quate·
967 5072 1055 5129 quem
1072 5071 1129 5114 non
1155 5057 1233 5114 dedit
1259 5057 1392 5112 ioannes.
1416 5054 1493 5109 idem
1507 5056 1537 5108 in
1551 5053 1620 5107 libro
1641 5056 1681 5108 tte
1701 5054 1760 5122 tide
1781 5052 1815 5107 od

69 5159 126 5202 uus
149 5153 260 5202 reatum
281 5159 372 5202 suum
399 5152 480 5215 pater
493 5146 557 5215 ejus
580 5152 755 5216 agnosceret,
780 5146 831 5217 qui
848 5160 914 5216 par·
967 5149 1098 5203 Petrum:
1128 5145 1156 5201 Si
1181 5144 1210 5200 in
1239 5144 1340 5200 haeresi
1375 5156 1552 5214 quacunque
1588 5140 1633 5197 vel
1662 5141 1814 5197 schismate

69 5232 132 5289 vuli
146 5232 198 5289 lllii
222 5233 350 5290 animam
377 5234 525 5305 negligens
540 5246 598 5289 nun
614 5234 769 5304 parvulum
790 5243 915 5306 peccatu
968 5235 1127 5306 quisquam
1144 5233 1174 5287 in
1199 5233 1316 5289 nomine
1330 5232 1424 5287 Patris
1438 5240 1464 5287 et
1481 5229 1547 5286 Filii
1569 5237 1598 5287 ει
1612 5228 1740 5300 Spiritus
1753 5243 1814 5285 san-

70 5331 130 5374 rem
146 5318 284 5390 gehenna
299 5321 417 5392 ignibus
430 5322 576 5378 nutrisset.
967 5323 1005 5380 cti
1030 5321 1166 5393 baptismi
1190 5328 1403 5377 sacramentum
1417 5319 1568 5388 aoooperit,
1583 5318 1749 5389 ‘integrum
1772 5330 1813 5372 sa·

396 5414 401 5419 '
968 5416 1149 5467 crumentum
1173 5409 1299 5481 accepim
1327 5408 1377 5465 sed
1401 5408 1534 5476 salutern,
1564 5419 1631 5477 quae
1657 5406 1754 5462 virtus
1775 5413 1814 5462 est
