3804 5962
132 172 186 284 atu
601 229 707 290 cerni
722 227 916 289 cumulent
930 226 1007 289 OPP.
1022 224 1113 288 PARS
1125 230 1148 287 l.
1164 257 1199 272 -
1218 224 1412 289 EPISTOLAE.
1826 226 1882 283 220

129 353 198 424 lam,
213 352 371 428 adiuvante
389 353 512 426 cbristo,
524 357 638 428 pertice,
666 364 694 415 et
716 364 787 414 tunc
800 357 917 414 demum
937 354 974 413 ad
988 350 1015 411 d
1028 354 1078 413 sed
1093 355 1163 428 quia
1177 355 1283 414 nostris
1309 350 1485 424 temporibus
1510 349 1565 409 boc
1586 348 1744 454 ‘monacbis
1757 364 1879 454 persua·

129 445 240 517 majora
258 444 395 503 doctrinm
422 445 623 519 virtutumque
648 444 788 515 culmina,
810 447 867 503 beo
882 453 974 517 prote
1030 444 1090 502 deri
1106 459 1163 503 non
1178 451 1276 518 potest,
1292 466 1306 494 »
1334 450 1387 500 etc.
1418 441 1549 542 Legerat,
1564 455 1595 498 m
1627 438 1723 543 fallor,
1753 441 1832 513 quod
1848 457 1877 498 m

103 580 106 584 .
129 539 223 607 gente,
242 534 431 603 pervenies.»
455 533 520 601 Qui,
543 542 577 591 ut
602 534 663 605 lpse
678 535 718 591 ait
743 535 817 607 (cap.
837 534 889 606 18),
907 548 974 592 cum
1029 533 1102 591 Vitis
1123 533 1242 592 Patrum
1270 530 1411 604 scriptum
1440 539 1483 588 est
1508 530 1554 632 bre
1580 530 1678 630 verbra
1707 529 1794 603 (part.
1821 530 1876 602 ni:

127 621 259 694 legamus
272 623 339 679 olim
354 630 469 681 sanctos
489 624 587 681 Patres
602 639 660 682 uno
680 625 726 682 die
742 623 911 697 psalterium
925 637 974 681 ex·
1029 643 1043 672 ι
1063 622 1262 680 Narravernnt
1288 621 1409 693 quidam
1437 619 1536 677 abbati
1550 625 1657 720 pastun
1688 618 1723 677 de
1746 620 1876 721 quodam

128 710 206 782 plere
227 711 325 781 solere,
343 712 382 769 ita
400 707 586 784 psalmodiam
606 715 707 784 tepidis
739 714 917 786 temperavit,
941 718 975 771 ut
1027 712 1176 780 monacho,
1205 710 1276 784 quia
1304 724 1364 768 non
1386 709 1503 767 bibebat
1527 722 1641 808 vinum,
1668 716 1697 767 et
1724 708 1798 767 drxrt
1835 723 1877 766 ers

126 797 157 855 in
170 798 231 870 ipsa
245 814 296 871 per
321 801 530 860 hebdomadam
554 802 755 862 distributione
781 803 971 875 psalmorum,
1027 800 1214 871 quiavinnm
1241 800 1449 856 monachorum
1476 811 1595 898 omnino
1622 811 1681 853 non
1706 804 1786 897 est...
1802 801 1872 899 item

125 886 237 946 minore
250 888 375 960 ipsomm
391 904 513 946 numero
528 893 662 949 monaehi
681 907 771 964 quam
793 892 889 951 clerici
905 906 972 950 oon·
1027 896 1088 958 post
1099 888 1218 960 aliqua:
1236 909 1251 939 ι
1263 889 1350 945 Facta
1377 894 1420 945 est
1446 885 1613 986 aliquando·
1633 883 1786 943 celebratio
1808 902 1874 987 mis?

126 977 197 1035 tenti
229 979 286 1035 sint
316 977 365 1051 [ct.
388 980 504 1052 essentJ.
531 979 605 1048 Quid
628 982 716 1039 etiam
748 990 806 1039 tam
839 981 971 1053 religioni
1025 991 1124 1034 sarum
1140 977 1171 1034 in
1186 984 1281 1034 monte
1295 976 1406 1034 abbatis
1421 978 1549 1042 Antonii,
1563 981 1591 1031 ct
1607 982 1757 1074 inventum
1773 982 1815 1032 est
1832 976 1871 1032 rbr

125 1066 275 1138 quietique
300 1068 467 1126 monmtica
491 1070 669 1128 contrarium
692 1078 745 1139 est,
772 1084 861 1143 quam
891 1069 971 1143 quod
1025 1066 1159 1123 cenidum
1178 1065 1248 1125 vini.
1266 1067 1302 1123 Et
1313 1064 1453 1123 extollens
1469 1078 1548 1121 unus
1563 1063 1598 1120 de
1613 1063 1733 1165 senibus
1748 1078 1872 1166 parvum

123 1154 250 1212 luxuria
264 1154 422 1215 lomentum
438 1158 564 1215 maxime
588 1167 704 1230 praestat
725 1160 969 1219 ettumultusex-
1024 1153 1204 1212 vascalicem
1231 1154 1357 1226 portavit
1379 1154 1416 1210 ad
1444 1152 1577 1210 abbatem
1604 1155 1687 1254 bosor,
1703 1159 1735 1253 et·
1756 1153 1832 1252 dedu
1846 1169 1873 1210 er

124 1242 203 1310 citat,
218 1251 307 1316 atque
327 1245 417 1315 ipsam
438 1247 487 1304 Dei
503 1247 533 1304 in
548 1248 631 1306 nobie
648 1249 886 1321 imaginemque
900 1263 971 1320 prae-
1023 1244 1060 1300 Et
1078 1242 1150 1301 bibit
1163 1243 1259 1314 senml,
1273 1251 1302 1302 et
1321 1242 1457 1312 secundo,
1473 1252 1503 1300 et
1517 1249 1636 1342 accepit,
1651 1249 1679 1299 et
1708 1242 1793 1343 brbrt.¹
1814 1242 1871 1300 Ob·

122 1339 233 1390 stamus
257 1333 377 1401 ceteris,
400 1334 484 1393 idest
504 1336 646 1394 rationem
669 1336 744 1394 delet
758 1337 773 1393 i
789 1338 847 1394 lloc
871 1345 970 1394 autem
1024 1331 1089 1389 tulit
1102 1332 1128 1389 ei
1139 1339 1168 1390 et
1180 1333 1271 1391 tertio.
1289 1332 1342 1389 Sed
1366 1346 1424 1389 non
1449 1338 1569 1404 accepit,
1594 1330 1692 1387 dicens
1708 1346 1723 1432 z·
1740 1331 1871 1402 Quiesce,

121 1420 225 1479 vinum
252 1429 304 1491 est,
328 1423 522 1494 quod-supra
545 1426 644 1482 omnia
664 1425 754 1483 victui
794 1424 969 1496 pertinentia
1022 1419 1121 1487 irater,
1141 1434 1179 1476 an
1194 1420 1286 1478 nescis
1300 1419 1371 1492 quia
1385 1426 1427 1478 est
1449 1419 1598 1477 Satanas?
1619 1440 1634 1470 »
1667 1420 1701 1476 Et
1716 1427 1821 1519 lterum
1837 1420 1871 1478 de

121 1509 281 1581 plurimum
313 1510 462 1582 Scriptura
487 1512 659 1571 damnosum
684 1514 795 1583 asserit,
824 1520 852 1571 et
872 1512 969 1570 caveri
1022 1509 1124 1567 abbate
1137 1509 1209 1568 Sisoi
1220 1510 1310 1582 (ibid).
1331 1526 1368 1567 ιι
1383 1509 1458 1567 Dicit
1483 1523 1552 1581 ergo
1579 1507 1730 1566 Abraham
1745 1508 1872 1608 discipu·

123 1598 267 1658 admonet.
298 1600 339 1656 lle
357 1615 416 1671 quo
447 1608 476 1659 et
507 1604 653 1661 maximus
677 1602 724 1660 ille
747 1603 911 1675 sapientum
933 1602 964 1660 in
1022 1595 1057 1654 lis
1070 1597 1134 1668 ejus
1151 1614 1158 1654 ι
1174 1597 1203 1655 Si
1226 1598 1390 1656 occurritur
1406 1597 1436 1654 in
1464 1596 1588 1654 subbato
1614 1604 1642 1655 et
1668 1597 1871 1654 Domrntcaad

121 1687 283 1747 Proverbiis
305 1690 447 1757 meminit,
475 1691 591 1749 dicens:
624 1715 635 1744 ι
658 1693 820 1750 Luxuriosa
848 1706 893 1748 res
921 1692 965 1747 vi·
983 1703 1005 1761 g
1022 1685 1180 1755 ecclesiam,
1195 1694 1224 1744 et
1243 1686 1348 1744 biberit
1377 1694 1433 1742 tres
1452 1685 1565 1753 calices,
1591 1698 1627 1741 ne
1655 1684 1782 1741 multum
1798 1685 1871 1740 esti

120 1791 204 1846 num,
227 1784 255 1835 et
275 1779 455 1838 tumultuosa
478 1780 610 1839 ebrietas.
635 1780 808 1854 Quicunque
833 1780 879 1837 bis
894 1779 968 1838 dele·
1022 1774 1057 1829 Et
1076 1774 1149 1832 dixit
1164 1789 1275 1832 senex:
1306 1775 1335 1832 Si
1363 1789 1421 1832 non
1450 1782 1524 1832 esset
1551 1774 1681 1843 Satanas,
1711 1788 1769 1830 non
1797 1781 1870 1831 esset

119 1872 225 1934 ctatnr,
241 1879 299 1923 non
310 1867 366 1924 erit
378 1869 493 1940 sepiens
507 1869 597 1941 (Proo.
613 1885 662 1939 xx,
683 1872 729 1942 li:
746 1869 794 1929 cui
808 1884 862 1938 vae,
879 1870 965 1940 cujus
1021 1863 1156 1921 multum·
1173 1884 1187 1913 >t
1205 1864 1256 1922 Ubi
1272 1877 1415 1936 unquam,
1431 1878 1539 1964 quaiso,
1557 1877 1690 1963 titileia
1717 1864 1775 1920 1)θο
1791 1863 1869 1920 (ltm-

119 1954 258 2025 patrive,
272 1956 320 2012 cni
335 1957 416 2025 rium,
431 1957 716 2028 cultoveoecuirine
731 1959 964 2026 causavmnera,
1021 1959 1095 2009 1¹³¹ae
1114 1953 1236 2011 sunive!
1255 1953 1403 2010 monacbis
1424 1951 1605 2009 interdrotaei
1634 1952 1714 2020 Vldet
1740 1951 1868 2052 ῡδξθῡΐο,

36 2096 39 2101 .
119 2042 168 2100 cui
186 2041 307 2103 sullusio
316 2044 489 2104 oculorum?
504 2062 601 2106 nonno
614 2048 660 2105 llis
686 2048 737 2120 qui
761 2055 913 2106 morantur
934 2048 965 2104 in
1017 2049 1046 2096 01
1061 2041 1175 2098 attende
1189 2055 1248 2112 qua
1262 2041 1428 2098 necessitate
1443 2041 1586 2141 Regulam
1613 2047 1749 2111 temperet
1782 2055 1811 2097 tn
1836 2055 1869 2096 co

118 2131 197 2199 vino,
210 2139 238 2190 et
265 2134 383 2192 student
411 2136 549 2194 calicibus
572 2136 744 2208 epotandis?
768 2137 810 2195 Ne
825 2137 965 2195 intuearis
1018 2129 1105 2186 θῑῑὸῐΰ
1115 2129 1194 2199 quod
1203 2129 1392 2200 periculosius
1402 2136 1445 2187 ⁰³1
1454 2130 1652 2234 monachicum
1673 2129 1751 2201 (11¹od
1760 2143 1867 2232 ,θθΐῡξῦ

118 2219 219 2277 vinum
235 2222 353 2292 quando
377 2224 515 2294 flavescit,
537 2240 605 2283 cum
632 2225 811 2297 splenduerit
838 2225 867 2282 in
886 2225 962 2282 vitro
1018 2235 1076 2277 non
1091 2235 1152 2279 esse
1168 2222 1287 2279 noverit.
1308 2221 1381 2290 Quia
1406 2221 1539 2280 videlicet
1569 2223 1659 2293 huius
1693 2222 1869 2324 abstinentia

117 2306 195 2364 color
215 2308 288 2379 ejus.
324 2313 488 2382 ingreditur
524 2313 639 2383 blande,
673 2314 722 2371 sed
752 2314 782 2371 in
808 2313 963 2372 novissimo
1016 2310 1195 2381 temporibus
1209 2311 1270 2368 suis
1290 2311 1439 2368 monacbis
1465 2311 1525 2383 jam
1544 2311 1712 2411 persuaderi
1740 2324 1797 2367 non
1814 2326 1864 2382 po-

117 2395 260 2453 mordebit
284 2399 456 2469 utcoluber,
481 2408 509 2458 et
523 2403 597 2459 sicut
624 2402 744 2475 regulus
767 2417 880 2462 venena
908 2402 962 2459 dil·
1018 2404 1100 2456 terat.
1116 2399 1233 2457 Utinam
1246 2400 1346 2457 eadem
1375 2400 1587 2471 dispensatione
1611 2407 1639 2457 et
1667 2415 1697 2456 ιιι
1720 2401 1781 2499 ¹boc
1797 2408 1867 2499 tene

116 2483 226 2541 tundet.
249 2485 331 2543 Oculi
348 2488 390 2544 tui
404 2489 546 2547 videbunt
564 2497 731 2554 extraneas,
753 2498 781 2549 et
795 2504 845 2549 cor
877 2498 961 2548 tuum
1016 2499 1086 2557 pore
1100 2496 1245 2560 ageretur,
1260 2497 1293 2546 ut
1309 2489 1440 2546 videlicet
1452 2489 1483 2546 in
1498 2489 1553 2558 his,
1570 2504 1636 2561 quae
1651 2488 1745 2545 media
1760 2490 1827 2546 bont
1839 2495 1867 2545 et

116 2568 252 2642 loquetur
266 2589 411 2646 perversa.
441 2580 475 2636 Et
494 2579 550 2637 eris
564 2580 638 2637 sicut
653 2580 798 2638 dormiens
822 2579 852 2637 in
868 2579 962 2638 medio
1016 2575 1085 2633 mali
1098 2584 1185 2648 atque
1201 2577 1393 2636 indifferentia
1407 2579 1555 2647 dicuntur,
1573 2578 1629 2635 tale
1655 2585 1866 2649 temperamen-

69 2712 76 2721 ,
115 2660 200 2728 mari,
224 2670 252 2720 et
278 2666 363 2737 quasi
383 2668 494 2738 sopitus
508 2670 684 2740 gubernator
700 2670 804 2728 amisso
816 2670 910 2737 clavo,
931 2677 959 2727 et
1015 2665 1078 2721 tum
1095 2664 1183 2734 lieret,
1197 2675 1229 2723 ut
1245 2667 1323 2737 quod
1350 2667 1410 2738 jam
1427 2666 1593 2738 persuaderi
1613 2680 1682 2764 'non
1710 2666 1787 2765 valet
1802 2680 1866 2736 pro-

116 2748 214 2807 dices:
242 2751 476 2813 verberaverunt
502 2771 557 2828 me,
580 2758 629 2816 sed
652 2773 712 2815 non
740 2756 843 2829 dolni;
867 2765 963 2815 traxe·
1015 2749 1100 2808 lessio
1114 2768 1171 2810 non
1196 2753 1335 2827 exigeret,
1364 2754 1524 2825 mediisque
1542 2753 1678 2810 omnibus
1704 2768 1767 2809 stne
1782 2768 1865 2810 scan-

115 2847 185 2898 runt
212 2855 268 2908 me,
297 2850 325 2899 et
339 2857 392 2915 ego
415 2859 474 2902 uon
502 2846 587 2903 sensi.
617 2846 738 2914 Quando
753 2846 908 2919 evigilabo,
932 2854 961 2904 et
1016 2837 1080 2895 dalo
1095 2842 1245 2909 concessis,
1261 2842 1322 2899 sola
1335 2841 1467 2900 interdici
1496 2848 1611 2914 peccata
1638 2841 1807 2914 sulllceret3
1838 2850 1866 2900 et

114 2941 218 2986 rursus
233 2930 303 2986 vina
338 2933 511 3001 reperiam?
537 2933 627 3005 (gree,
658 2948 741 3002 ιιιιι,
770 2935 828 3004 ue.)
853 2955 865 2984 ι
890 2937 958 2992 item
1014 2927 1055 2986 sic
1078 2942 1194 3000 quoque
1221 2930 1252 2986 in
1280 2930 1352 2987 cibis
1383 2930 1457 2987 sicut
1481 2930 1512 2986 in
1552 2929 1730 2988 vestimentis
1753 2930 1865 3001 dispen-

116 2999 213 3057 ‹Noli
229 3001 356 3073 regibus,
372 3002 532 3072 chamuel,
549 3005 607 3062 noli
623 3004 739 3077 regibus
757 3005 956 3063 darevinum:
985 3023 1137 3097 reamque,
1173 3025 1205 3075 ιιι
1234 3019 1312 3090 quoq
1347 3018 1435 3077 vique
1472 3019 1634 3090 comparari
1681 3028 1776 3090 posset
1811 3021 1863 3077 mi.

113 3086 313 3159 quianullum
340 3097 481 3147 ⁵0⁰¹'0111ffl
499 3099 541 3148 ‘³⁸‘
567 3093 618 3151 ubi
641 3100 744 3165 regnat
768 3093 902 3162 ‘’bilelas,
923 3108 959 3151 ¹10
976 3096 1196 3173 dubitaretur,
1231 3113 1258 3164 et
1287 3120 1338 3178 per
1377 3107 1476 3163 omnia
1510 3108 1680 3171 necessitati,
1732 3123 1790 3165 non
1817 3124 1864 3166 su-

112 3175 185 3233 torte
210 3176 312 3234 bibant
335 3185 363 3235 et
388 3178 598 3239 obliviscantur
624 3181 814 3253 iudiciorum,
840 3190 868 3241 et
896 3197 960 3240 mu·
1015 3193 1170 3263 peragitati
1184 3195 1390 3253 consuleretur.
1406 3195 1470 3253 Νοιι
1500 3195 1578 3253 enim
1593 3210 1769 3269 magnopere
1793 3206 1863 3255 sunt

112 3269 173 3321 tent
204 3278 322 3333 causam
345 3265 470 3324 tiliorum
498 3270 633 3341 pauperis
657 3269 747 3342 (Proo.
776 3285 855 3341 mr,
881 3272 919 3343 4).
947 3293 957 3321 ι
1015 3282 1144 3338 curanda
1155 3297 1222 3354 qum
1237 3298 1289 3342 nos
1303 3298 1393 3355 regno
1409 3285 1457 3341 bei
1473 3298 1530 3343 non
1547 3294 1721 3356 praeparant,
1734 3287 1780 3344 vel
1795 3303 1862 3359 quae

112 3351 148 3408 Et
171 3352 202 3410 in
221 3352 416 3412 Ecclesiastico
444 3356 583 3427 scriptum
599 3364 642 3415 est
657 3375 664 3414 ι
677 3378 693 3408 «
715 3358 825 3416 Vinum
846 3367 873 3417 ol
897 3374 960 3417 mu·
1014 3383 1066 3426 nos
1079 3371 1196 3429 minime
1211 3373 1269 3431 ileo
1283 3374 1494 3431 commendant.
1512 3374 1579 3431 llaec
1592 3388 1660 3432 vero
1675 3384 1743 3432 sunt
1760 3379 1858 3434 omnia

111 3439 195 3499 lieret
215 3449 377 3512 θβθθῑᾶῑὸΐθ
395 3443 505 3502 iaciunt
526 3447 677 3518 sapientes,
702 3454 730 3504 0¹
745 3450 875 3519 ”illuni
898 3462 960 3505 8θῦ-
1014 3474 1080 3530 qum
1088 3461 1215 3517 exterius
1230 3469 1382 3533 geruntur,
1399 3470 1427 3519 et
1441 3477 1524 3535 teque
1537 3463 1665 3533 reprobis
1684 3472 1715 3520 ut
1732 3465 1858 3539 dejectis,

109 3537 186 3588 titos
206 3530 300 3604 (Edist-
323 3531 682 3607 111‚²)·’1l)⁸⁰(ll1⁰tl110
705 3535 898 3607 Hieronymus
921 3537 959 3594 ad
1012 3562 1095 3620 aeque
1105 3548 1262 3620 hypocritis
1277 3558 1309 3608 ut
1323 3550 1465 3623 religiosis
1479 3553 1645 3609 communia
1672 3561 1751 3610 sunt.
1780 3554 1858 3612 Nihil

110 3619 299 3691 Nepotianum
326 3620 453 3678 scribens
481 3622 606 3698 (epistt)
633 3624 668 3682 de
689 3624 751 3682 vita
775 3624 956 3695 difficilium,
1012 3624 1120 3709 quip'pe
1134 3637 1209 3696 inter
1226 3639 1338 3696 Judaeos
1351 3647 1380 3696 et
1394 3639 1572 3698 Christianos
1588 3641 1628 3699 ita
1653 3651 1766 3713 separat
1784 3645 1860 3704 sicut

108 3707 541 3784 dilulsitlfalilesissfflssss²ss⁸
560 3713 638 3784 (111⁰(l
657 3712 956 3788 sacer(1⁰¹0810t3582b
1010 3727 1188 3784 exteriorum
1215 3741 1337 3798 operum
1363 3735 1390 3786 et
1416 3729 1588 3787 interiorum
1616 3731 1758 3801 diseretio,
1785 3749 1858 3805 prae-

108 3795 198 3864 omni,
213 3797 288 3868 (leod
316 3795 460 3856 imbriam
500 3807 601 3871 potest,
637 3801 821 3870 abstinentes,
845 3812 956 3861 ss0⁸lr08
1009 3815 1107 3871 sertim
1122 3829 1189 3873 cnm
1204 3815 1364 3873 interlilios
1385 3818 1435 3874 Dei
1459 3826 1487 3876 et
1510 3818 1616 3876 diaboli
1641 3821 1703 3877 sola
1728 3822 1857 3882 ebaritas

109 3881 139 3940 in
151 3883 206 3941 11²0
220 3884 365 3944 abstinent
380 3902 413 3944 ³⁰
427 3897 571 3958 superent:
588 3907 603 3938 ‘¹
617 3888 821 3964 Militum,
834 3912 848 3944 s
860 3891 956 3965 inquit
1008 3902 1162 3972 discernat,
1179 3919 1267 3975 quam
1281 3905 1489 3977 plenitudinem
1516 3908 1588 3980 legis
1613 3917 1641 3966 et
1668 3911 1754 3969 linem
1782 3928 1856 3983 prae·

108 3989 123 4019 α
142 3971 246 4030 vinum
264 3975 455 4045 recolerem
480 3977 583 4035 auctas
605 3978 677 4037 titud
694 3980 858 4053 philosophi
874 3998 881 4038 ι
896 3983 955 4040 noc
1008 3993 1078 4063 cepti
1107 3992 1261 4064 Apostolus
1280 4001 1366 4052 vocat
1380 3995 1467 4067 (nom.
1488 4012 1549 4066 ιιι,
1570 3998 1623 4067 ro).
1655 3999 1734 4057 unce
1748 4009 1776 4058 et
1792 4002 1852 4073 rese

107 4068 222 4119 nonest
244 4062 376 4122 osculum
391 4066 547 4139 porrigere,
563 4067 612 4124 sed
637 4067 739 4125 vinum
756 4070 950 4140 propinare.»
1007 4079 1216 4153 bonooperum
1236 4082 1358 4154 gloriam
1385 4098 1504 4155 prorsus
1532 4094 1705 4155 extenuans,
1733 4097 1765 4147 ut
1789 4091 1856 4149 ildei

106 4147 272 4206 Vinolentos
285 4152 444 4209 sacerdotes
461 4161 489 4210 et
514 4155 669 4224 Apostolus
691 4157 812 4214 damnat
834 4156 859 4229 (l
883 4161 949 4215 Tim.
1009 4169 1457 4242 praeleratjustitiam,1udaeam,
1483 4174 1645 4246 alloquens,
1663 4177 1731 4234 dicit
1749 4193 1755 4234 :
1773 4200 1784 4228 ι
1800 4179 1853 4237 Uei

105 4249 146 4304 ιιι,
174 4236 211 4305 3),
234 4243 261 4293 et
276 4236 323 4295 lex
345 4247 428 4297 vetus
447 4242 595 4310 probibet:
622 4244 704 4312 «Qui
732 4246 834 4304 altario
860 4249 952 4306 deser·
1005 4262 1047 4313 est
1066 4257 1196 4329 gloiratlo
1223 4261 1296 4317 tua?
1324 4261 1443 4319 exclusa
1465 4269 1514 4319 est.
1544 4263 1597 4321 Per
1619 4279 1709 4335 quem
1736 4265 1855 4337 legem?

34 4377 36 4380 ,
103 4322 199 4391 vlunt,
213 4323 315 4382 vinnm
330 4333 358 4383 et
372 4327 492 4386 siceram
518 4345 576 4388 non
600 4331 700 4390 bibant
715 4335 811 4405 (lectt.
825 4351 854 4403 x,
882 4338 948 4410 9).»
1006 4342 1175 4403 tactorum?
1195 4347 1269 4416 Non,
1289 4349 1338 4406 sed
1372 4363 1424 4421 per
1447 4350 1538 4423 legem
1562 4351 1637 4409 fidei.
1668 4352 1854 4412 arbitramur

105 4402 199 4468 Sicera
221 4412 341 4472 ltebraeo
366 4430 497 4476 sermone
529 4421 624 4478 omnis
660 4423 736 4493 potio
762 4433 950 4496 nuncupatur
964 4451 987 4507 ι)
1004 4445 1071 4489 eum
1086 4434 1230 4491 bominem
1252 4436 1407 4505 justificari
1432 4451 1483 4508 per
1510 4438 1598 4497 fldem
1629 4442 1691 4498 sine
1717 4443 1854 4512 operibus

103 4513 169 4571 qnae
195 4501 338 4560 inebriare
352 4512 450 4575 potest,
467 4507 527 4565 sive
556 4509 607 4566 illa
633 4526 699 4583 quae
727 4512 865 4573 termento
880 4530 948 4573 con·
1002 4518 1074 4594 legis
1087 4521 1174 4594 (Rom.
1189 4539 1230 4592 ιιι,
1246 4525 1303 4596 27).
1322 4546 1333 4574 ι
1349 4528 1417 4584 item
1434 4543 1442 4582 :
1460 4545 1474 4579 e
1490 4527 1516 4584 Si
1536 4529 1614 4585 enim
1643 4531 1789 4588 Abrabam
1815 4546 1853 4589 ex

104 4586 210 4658 licitur,
224 4590 444 4664 sivepomornm
471 4610 567 4665 succo,
589 4608 641 4657 aut
659 4601 718 4658 lavi
733 4601 905 4676 decoquitur
919 4606 948 4662 in
1002 4610 1136 4680 operibus
1160 4611 1336 4683 justificatus
1360 4622 1413 4684 est,
1443 4615 1531 4674 babet
1553 4618 1686 4690 gloriam,
1714 4620 1762 4676 sed
1791 4635 1851 4678 non

102 4675 291 4749 dulcedinem,
312 4689 339 4739 et
354 4682 510 4742 herbarum
536 4686 690 4759 potionem,
719 4698 770 4748 aut
786 4692 948 4762 palmarum
1002 4700 1080 4770 apud
1101 4700 1215 4772 Deum(
1241 4704 1316 4758 Rom.
1343 4718 1381 4770 ιιι,
1407 4704 1445 4774 2).
1474 4705 1549 4774 Quid
1574 4708 1650 4765 enim
1682 4707 1750 4766 dicit
1774 4708 1851 4765 Scri·

101 4763 214 4824 tructus
239 4770 448 4841 exprimuntur
468 4772 498 4829 in
514 4773 666 4846 liquorem,
694 4780 841 4852 coctisque
859 4782 950 4856 trogi·
1002 4791 1088 4854 ptnre
1102 4784 1116 4840 i
1128 4785 1256 4844 credidit
1280 4791 1428 4849 Abrabam
1443 4794 1510 4863 Deo,
1526 4803 1555 4853 et
1581 4804 1748 4866 reputatum
1767 4807 1811 4854 est
1824 4800 1853 4856 ei

101 4849 157 4910 bus
178 4868 256 4927 aqna
289 4857 427 4931 pinguior
454 4862 577 4920 colatur.
600 4863 727 4937 Quiquid
763 4869 895 4938 inebriat,
920 4879 947 4928 et
1001 4872 1187 4945 adjustitiam
1206 4876 1284 4948 (den.
1299 4894 1348 4947 xv,
1364 4883 1480 4949 d).»Et
1496 4896 1669 4940 rursum:«
1683 4886 1728 4955 Ei,
1754 4887 1852 4959 inquit

100 4947 207 4999 statum
226 4944 330 5003 mentis
340 4950 452 5019 evertit,
469 4950 537 5023 luge
557 4951 691 5012 similiter
705 4962 737 5014 ut
753 4957 865 5015 vinum.
876 4961 947 5018 Ecce
999 4962 1052 5034 qui
1067 4977 1125 5020 non
1139 4973 1285 5036 operatur,
1298 4969 1425 5026 credenti
1435 4978 1532 5029 anem
1549 4972 1579 5028 in
1595 4973 1684 5030 Deum
1700 4973 1752 5046 qui
1765 4976 1853 5045 justi-

48 5091 49 5095 ,
100 5029 178 5101 quod
205 5044 309 5101 regum
336 5034 445 5096 deliciis
463 5037 657 5112 interdicitur,
685 5047 883 5105 sacerdotibus
896 5062 945 5120 pe·
1000 5048 1066 5107 licat
1093 5051 1228 5126 impium,
1254 5055 1410 5128 deputatur
1445 5059 1516 5116 lides
1544 5060 1608 5130 ejus
1636 5063 1673 5119 ad
1703 5064 1850 5135 justitiam

99 5117 179 5176 nitus
194 5118 362 5191 denegatur,
386 5131 415 5180 et
433 5125 505 5185 cibis
514 5129 650 5189 omnibus
677 5133 867 5203 periculosius
885 5151 947 5194 esse
998 5140 1158 5199 secundum
1188 5146 1365 5215 propositum
1399 5148 1499 5219 gratim
1523 5149 1572 5206 bei
1602 5150 1693 5222 (Rom.
1712 5167 1749 5219 ιι,
1771 5154 1810 5226 5).
1833 5177 1849 5206 »

99 5213 220 5263 constat.
236 5206 301 5277 lpse
314 5215 411 5267 tantm
427 5219 486 5270 tam
513 5217 650 5288 spiritalis
673 5220 835 5281 virbeatus
857 5227 944 5283 bene·
999 5227 1174 5287 ldemetiam
1198 5233 1330 5292 omnium
1353 5235 1486 5294 ciborum
1507 5252 1589 5295 mum
1617 5239 1790 5300 Christianis
1808 5245 1851 5301 in-

98 5292 193 5351 dictus
215 5294 425 5367 dispensatione
448 5304 576 5372 quadam
612 5312 761 5380 praesentis
789 5313 881 5371 aetatis
902 5315 946 5371 in·
998 5315 1131 5388 dulgens,
1147 5327 1176 5376 et
1190 5320 1227 5377 ab
1258 5322 1304 5380 bis
1325 5337 1360 5381 ee
1379 5337 1446 5396 que
1459 5325 1614 5397 justidant,
1643 5329 1850 5403 distinguens:

97 5378 215 5466 dulgere
224 5385 371 5463 monacbis
384 5387 499 5460 cogitur
527 5392 602 5466 (cap.
621 5398 678 5470 lo).
697 5419 712 5449 «
728 5400 803 5458 licet
822 5422 832 5450 ι
850 5402 946 5473 inquit
999 5425 1016 5457 κ
1033 5405 1097 5464 Νοιι
1110 5414 1164 5476 est,
1178 5428 1193 5459 o
1209 5408 1314 5482 inquit,
1328 5431 1344 5461 «
1357 5426 1480 5486 regnum
1496 5414 1545 5473 bet
1557 5430 1624 5475 esca
1636 5424 1665 5475 et
1679 5426 1775 5490 potos,
1790 5422 1851 5479 sed.

99 5468 265 5544 »legamus
294 5471 397 5534 vinum
424 5478 634 5542 monachorum
661 5486 781 5544 omnino
807 5501 867 5547 nou
882 5502 945 5549 esse
995 5493 1110 5566 jusitia
1134 5504 1164 5555 et
1176 5510 1248 5570 pax,
1268 5511 1297 5566 et
1311 5501 1506 5579 gaudium,iu
1525 5505 1635 5581 Sptrltu
1648 5515 1747 5568 sancto
1761 5509 1852 5582 (dom.
