3804 5962
39 143 42 149 '
69 160 120 213 ιιι
543 160 644 218 eorm
665 163 852 219 torserunt
871 165 947 220 ore.
968 159 1056 218 rans
1068 161 1090 215 ι.
1111 188 1146 202 -
1164 157 1350 217 uersantes.

70 282 170 353 pstsse,
194 283 270 340 sicut
294 283 365 356 ipsis
389 298 560 356 persuasum
587 285 689 341 fuerat.
718 287 830 342 Accessi
858 300 914 342 au·
930 289 954 342 A
969 300 999 344 se
1018 285 1222 357 quoquomodo
1237 288 1419 354 protegeret:
1441 303 1456 331 u
1477 281 1564 346 Bene,
1584 280 1690 352 inquit,

68 380 137 436 tom,
154 386 222 429 mox
239 379 271 429 ut
295 372 332 428 ad
347 373 492 431 civitatem
519 374 595 439 veni,
612 374 649 430 ad
673 374 917 446 legatum3eique
970 374 1170 444 telligendutn.
1191 396 1205 423 >1
1232 373 1292 443 bigo
1317 378 1416 428 autem
1440 370 1550 441 subieci
1574 368 1624 441 [ul.
1651 370 1704 428 sub

70 459 201 517 libellum
227 469 359 518 nostrum
390 461 600 531 inspiciendum
635 470 664 518 et
695 462 916 533 dijudicandum
972 464 1129 522 «bocnon
1153 475 1215 519 esse
1236 460 1392 523 novellum,
1418 459 1466 516 sed
1482 459 1518 514 ad
1542 472 1704 529 praesensr

70 548 193 619 tradidi3
224 556 253 606 et
289 562 349 616 me,
382 551 406 606 si
436 549 548 621 aliquid
580 550 757 621 scripsissem
790 552 868 624 quod
900 564 919 608 a
972 553 1073 621 tinere,
1099 566 1165 607 oum
1180 550 1240 621 ipse
1255 550 1343 605 verba
1367 556 1493 615 tantum,
1510 562 1568 603 nou
1589 561 1704 604 sensum

70 637 212 693 catbolica
238 637 294 692 fide
325 636 504 705 dissentiret,
537 647 671 708 paratum
699 654 760 696 esse
788 640 825 696 ad
855 654 918 697 cor·
972 641 1064 696 sisset.
1087 639 1117 696 Si
1130 647 1226 696 autem
1247 650 1364 695 sensum
1382 644 1411 693 et
1430 638 1568 693 rationem
1595 636 1704 693 attende

71 725 225 782 rectionem
256 726 311 798 [ol.
342 728 561 799 eorreptionem]
592 727 638 783 vel
675 727 917 798 satisfactionem,
973 730 1021 798 let,
1042 736 1176 799 paratum
1201 741 1245 783 me
1271 725 1333 783 dixi
1356 725 1382 783 ei
1403 724 1553 782 ostendere
1577 724 1704 781 sceuudu

70 813 173 871 nbtuli.
206 813 257 872 llle
287 822 385 872 autem
423 816 518 872 statim
559 815 630 872 inibi
662 817 799 887 praecepit
831 817 918 874 libel·
973 817 1154 882 sententiam,
1179 814 1257 886 quod
1284 815 1314 871 in
1328 827 1392 870 cam
1408 813 1507 884 tapsus
1519 821 1593 870 esset
1616 812 1704 870 baeres

71 901 133 958 lum
154 904 248 974 ipsum
263 904 476 976 archiepiscopo
511 902 624 974 illisque
645 903 759 961 aetirulis
779 904 850 961 meis
873 906 920 962 de·
973 904 1102 962 cundum
1117 917 1206 976 quam
1222 903 1244 958 is
1267 903 1318 973 qni
1335 910 1415 972 pater
1429 908 1471 959 est
1485 902 1530 958 sul
1546 901 1635 972 ipsius
1649 901 1704 959 flliu

71 990 154 1054 ferre,
179 998 324 1060 quatenus
348 991 399 1061 ipsi
423 1004 468 1047 me
488 991 664 1062 judicarent,
689 991 741 1062 qni
763 1007 809 1049 me
832 1006 920 1063 super
973 994 1035 1061 Quo
1058 992 1104 1049 ille
1127 992 1237 1052 audito,
1261 993 1356 1048 statim
1381 991 1465 1062 quasi
1488 990 1667 1047 furibundus
1691 1005 1704 1046 e

73 1079 128 1136 boc
142 1080 328 1147 accusabant,
346 1083 378 1135 ut
400 1078 470 1135 illud
496 1079 524 1134 in
541 1093 585 1134 me
598 1079 685 1135 etiam
700 1080 894 1151 compleretur
911 1095 918 1136 :
974 1082 1010 1138 ad
1026 1083 1120 1137 minas
1134 1094 1291 1137 conversus
1304 1088 1356 1147 est,
1377 1093 1508 1135 asserens
1523 1093 1574 1135 uec
1590 1079 1704 1135 ratione:

73 1189 88 1218 n
103 1167 140 1224 Et
162 1168 271 1225 inimici
294 1168 381 1225 nostri
406 1176 475 1224 sunt
488 1166 601 1237 judioes
615 1167 705 1236 (Dent.
722 1183 816 1237 xxxrt,
831 1172 887 1237 st).
904 1191 918 1220 n
976 1183 1028 1226 nec
1051 1167 1236 1226 auctoritates
1266 1167 1336 1223 nillil
1361 1167 1389 1223 in
1415 1167 1469 1223 hac
1497 1180 1587 1222 causa
1611 1164 1704 1231 suffra

73 1255 183 1326 septus
196 1266 296 1314 autem
319 1255 359 1312 illi
374 1255 557 1326 inspicientes
575 1264 663 1327 atquc
687 1257 867 1315 revolventes
883 1259 920 1314 li·
975 1273 1044 1315 esse.
1066 1263 1160 1329 atque
1184 1259 1222 1312 ita
1238 1257 1361 1312 recessit.
1390 1256 1527 1312 Extremo
1549 1269 1617 1311 vero
1631 1255 1677 1311 die
1696 1271 1704 1310 ι

74 1344 192 1413 bellum,
218 1360 270 1402 occ
294 1344 366 1416 qnid
390 1345 418 1401 iu
444 1343 592 1400 audientia
617 1344 743 1415 proferre
764 1347 919 1404 adversum
976 1348 1147 1417 priusquam
1177 1345 1351 1413 residerent,
1377 1345 1428 1402 diu
1456 1344 1568 1415 legatus
1592 1344 1639 1401 ille
1660 1352 1704 1414 atq

74 1447 121 1490 me
142 1434 283 1490 auderent
307 1432 494 1500 invenientes,
520 1433 697 1491 distulerunt
722 1434 861 1506 usquein
884 1436 921 1490 ti-
975 1435 1173 1506 cbiepiscopus
1200 1448 1265 1490 curn
1292 1432 1405 1490 aemulis
1422 1433 1492 1488 meis
1513 1441 1540 1489 et
1561 1431 1704 1505 quibusda

75 1534 140 1576 nem
166 1521 278 1577 concilii
301 1521 382 1588 iibri,
406 1521 441 1576 ad
467 1534 554 1591 quam
579 1521 771 1591 anhelabant,
797 1523 921 1579 damna·
977 1525 1054 1581 sonis
1074 1524 1232 1580 deliberare
1247 1526 1407 1592 oeperunt,
1430 1521 1500 1592 quid
1522 1522 1556 1577 dc
1578 1521 1683 1590 meipso

75 1608 193 1664 tionem.
215 1608 277 1680 Ego
300 1617 399 1665 autem
413 1608 537 1680 singulis
551 1609 652 1666 diebus
666 1620 822 1682 antequam
838 1612 921 1667 sede-
937 1581 960 1637 B
979 1627 1040 1668 meo
1059 1619 1249 1677 statueretur,
1272 1624 1323 1679 pro
1347 1624 1405 1681 quo
1434 1608 1558 1666 maxime
1578 1608 1672 1664 vocati
1693 1608 1704 1663 f

76 1703 120 1752 ret
142 1692 193 1767 [nl.
220 1697 344 1769 cederet]
365 1697 530 1765 concilium,
547 1698 575 1752 ln
599 1699 713 1768 publico
734 1701 869 1756 omnibns
883 1714 924 1755 sc·
978 1703 1012 1757 Et
1027 1700 1164 1771 quoniam
1189 1713 1226 1755 cx
1251 1697 1346 1754 verbis
1366 1698 1445 1765 oreis,
1470 1704 1521 1754 aut
1537 1697 1644 1766 scripto
1668 1711 1704 1767 qu

76 1786 320 1856 nonnumquam
345 1786 515 1856 scripseram
539 1785 626 1842 fidem
647 1788 816 1844 catholicam
840 1787 925 1844 disse·
979 1790 1008 1845 in
1034 1787 1175 1860 praescnti,
1200 1802 1257 1844 noo
1283 1787 1427 1843 babebant
1449 1785 1528 1857 quod
1554 1784 1583 1840 iu
1609 1800 1654 1842 me
1671 1799 1705 1856 pr

77 1873 186 1941 rebem,
213 1881 241 1930 et
261 1888 337 1931 cunt
353 1886 461 1946 magna
483 1874 674 1931 admiratione
688 1891 787 1932 omnes
808 1878 858 1947 qui
874 1892 925 1933 nu·
979 1885 1052 1943 rent,
1068 1877 1202 1932 tttttniblls
1226 1874 1446 1946 aliquantulum
1462 1873 1704 1942 conticentibus,t

77 1959 195 2018 ciebant
211 1954 276 2019 'tarn
302 1957 458 2020 verborum
484 1963 661 2033 apertionem
689 1978 778 2036 quam
805 1979 924 2021 sensum
979 1966 1050 2021 milri
1082 1966 1179 2021 minus
1203 1973 1301 2034 aperte
1329 1962 1560 2025 detrabentibus,
1586 1961 1644 2033 lii)
1668 1961 1704 2018 Ga

79 2059 210 2107 nostrum
226 2051 477 2125 commendabant.
500 2052 583 2119 Quod
598 2068 664 2108 curn
690 2054 816 2124 populus
828 2061 856 2110 et
871 2052 925 2109 clu·
979 2055 1162 2110 carnotensis
1183 2054 1343 2121 episcopus,
1363 2053 1413 2122 qui
1438 2050 1550 2107 caeteris
1570 2049 1704 2121 episcopis

79 2153 131 2196 rus
144 2139 309 2210 inspiceret,
330 2149 480 2211 oeperunt
503 2140 665 2197 adinvicem
688 2141 804 2198 dicere:
822 2163 836 2192 α
852 2141 926 2198 Erec
980 2142 1095 2212 ligionis
1120 2141 1236 2196 nomine
1258 2147 1286 2195 et
1308 2139 1383 2195 sedis
1406 2139 1546 2209 dignitate
1568 2139 1706 2207 praecellet

78 2228 266 2298 nunepalam
291 2231 429 2300 loquitur,
451 2237 479 2285 et
493 2242 578 2285 nemo
602 2231 631 2285 in
655 2243 722 2286 eum
745 2231 856 2301 aliquid
881 2230 924 2286 di·
979 2243 1101 2284 exorsus
1124 2236 1188 2285 est:
1219 2250 1229 2278 ι
1254 2227 1358 2294 Nostis,
1383 2225 1493 2282 domini
1516 2239 1615 2281 omnes
1638 2226 1690 2296 qui

79 2316 127 2372 cit.
144 2336 160 2366 ιι
177 2314 208 2373 Βι
221 2315 373 2373 concilium
385 2318 420 2373 ad
437 2318 520 2373 finem
536 2317 659 2385 festinat,
677 2318 802 2374 maxime
817 2319 845 2374 ln
858 2332 924 2375 eum
981 2316 1105 2373 beminis
1121 2316 1210 2387 buius
1224 2316 1396 2391 doctrinam,
1411 2313 1624 2386 qualiscunque
1642 2314 1688 2380 sit,

82 2403 926 2477 utaudivimus,congregetuur.Nunquidjudicesrogno-
982 2406 1145 2477 ingenium,
1162 2420 1191 2460 ιιι
1214 2405 1439 2475 quibuscunque
1463 2402 1608 2460 studuerit
1631 2402 1704 2460 mult

80 2501 197 2561 verunt,
212 2492 282 2564 quia
298 2493 350 2564 ipsi
367 2495 473 2563 potius,
489 2509 578 2564 quam
601 2492 658 2562 ille,
674 2496 793 2551 errant?
809 2495 851 2551 Ex
868 2510 927 2566 quo
981 2502 1103 2550 ototores
1125 2492 1175 2563 [nl.
1196 2492 1396 2562 assentatores]
1418 2500 1446 2548 et
1468 2505 1606 2563 sequaces
1630 2491 1704 2549 babu

80 2581 178 2637 emuli
200 2581 290 2637 nostrl
315 2580 443 2652 quotidie
467 2581 559 2652 magis
585 2596 620 2638 ac
647 2583 739 2653 inagis
763 2581 926 2640 inflamma·
983 2584 1186 2654 nragistrorum
1204 2589 1262 2637 tam
1287 2594 1407 2636 suorum
1424 2593 1514 2652 quam
1535 2588 1698 2636 nostrorum

82 2669 199 2726 bantur.
216 2669 345 2735 Quadam
362 2678 458 2727 autern
480 2670 527 2726 die
543 2669 694 2727 albericus
710 2671 745 2726 nil
771 2686 816 2728 me
831 2685 928 2728 animo
983 2671 1108 2726 maxime
1128 2671 1339 2740 compressisse,
1354 2679 1382 2725 et
1396 2669 1481 2739 quasi
1502 2669 1567 2740 ejus
1581 2668 1695 2725 vineam

82 2758 230 2833 intentatis
258 2756 311 2831 [nl.
338 2759 552 2830 intentandum]
572 2773 640 2815 eum
665 2759 841 2830 quibusdam
870 2760 929 2815 dis·
983 2759 1125 2829 usquead
1151 2770 1230 2816 mars
1254 2759 1386 2830 palmites
1409 2772 1477 2814 suos
1499 2756 1671 2814 extendisse.
1696 2755 1704 2812 l

82 2846 187 2918 ripolis
208 2848 270 2905 suis
292 2848 439 2911 accedens,
463 2856 526 2917 post
551 2849 685 2918 queniam
710 2847 816 2903 blanda
839 2848 927 2904 collo·
945 2871 967 2927 ρ
985 2847 1161 2918 prejudicio,
1176 2851 1255 2920 quod
1271 2864 1327 2906 nou
1343 2843 1480 2916 arbitror,
1496 2848 1695 2920 gravaveritis,

82 2937 153 3005 quia
175 2934 250 2992 dixit
273 2949 303 2991 se
325 2935 425 2991 mirari
448 2935 606 3005 quoddam,
634 2935 712 3005 quod
738 2936 767 2991 in
788 2935 861 2992 libro
882 2936 928 2992 illo
984 2945 1059 2993 recte
1082 2937 1187 2994 multos
1210 2952 1261 2995 vos
1283 2936 1442 2995 offensuros
1466 2937 1574 3005 sciatis,
1602 2944 1631 2993 ct
1653 2951 1704 2993 nor

84 3030 256 3081 nomvcrat:
282 3024 358 3094 quod
373 3022 481 3080 scilicet
494 3037 560 3080 curn
579 3023 655 3080 beus
671 3024 760 3080 Deum
785 3025 927 3093 genuerit,
984 3026 1113 3095 plurinos
1128 3027 1178 3098 qui
1195 3042 1261 3084 enm
1283 3026 1434 3084 defendere
1458 3026 1562 3094 veliu13
1577 3024 1704 3098 proserii

84 3111 206 3191 neonisi
229 3113 313 3169 uuus
330 3111 406 3168 bens
428 3111 474 3179 sit,
500 3125 637 3183 negarem
665 3121 760 3169 tamen
784 3113 872 3169 licum
888 3128 930 3170 so·
983 3114 1013 3169 in
1038 3115 1171 3185 praesenti
1195 3117 1301 3187 scripto
1333 3116 1416 3172 nulla
1440 3115 1606 3181 videamus,
1629 3127 1696 3185 quto

85 3199 178 3268 ipsum
195 3198 340 3269 genuisse.
356 3199 409 3256 Cui
434 3199 529 3255 statim
547 3199 679 3270 respondi
698 3215 705 3255 :
722 3222 736 3251 «
758 3201 849 3271 Super
864 3203 928 3270 boc,
983 3202 1132 3260 obtineant
1146 3214 1253 3274 apertae
1266 3204 1429 3270 calumnias,
1451 3211 1479 3260 et
1493 3202 1563 3273 quia
1576 3203 1663 3273 juxta
1679 3201 1704 3259 lll

84 3285 222 3355 sivultls,
247 3288 386 3344 rationem
403 3287 556 3358 proteram.
582 3310 645 3337 1·-
667 3311 682 3338 e
698 3289 760 3345 Non
779 3304 927 3359 curamus,
984 3294 1122 3362 ronyml:
1152 3315 1162 3342 ι
1192 3292 1309 3363 Semper
1332 3293 1362 3348 iu
1387 3291 1540 3361 propatulo
1559 3290 1697 3347 fortitudo

85 3375 180 3446 inquit
208 3375 262 3443 ille,
292 3377 430 3432 rationem
460 3377 629 3446 numanam,
660 3386 711 3433 aut
737 3391 853 3435 sonsum
881 3393 930 3434 uo·
984 3379 1146 3451 habeti-ii),
1163 3377 1703 3449 feriuntquesummosfulguramoute

84 3473 177 3521 strum
191 3464 222 3521 iu
238 3465 354 3532 talibus,
380 3464 427 3521 sed
456 3466 634 3522 auctoritatis
657 3466 747 3523 verba
774 3465 929 3525 solummo·
987 3467 1084 3525 lftdete
1116 3482 1152 3523 ue
1185 3467 1250 3537 plus
1281 3468 1308 3523 el
1339 3460 1466 3523 notrrlnis'
1503 3464 1659 3523 conferatis
1691 3479 1704 3521 v

85 3553 132 3609 do.
155 3573 170 3603 n
193 3553 247 3610 Cui
261 3567 336 3625 ego:
365 3554 510 3623 evertite,
534 3555 667 3625 iuquam,
690 3555 790 3613 folium
812 3554 887 3624 libri,
902 3562 930 3612 et
984 3556 1107 3627 agendo,
1126 3565 1153 3612 et
1174 3555 1240 3624 plus
1258 3554 1340 3612 nobis
1362 3553 1491 3611 oriminis
1512 3567 1549 3610 ex
1567 3553 1704 3619 invidiae

86 3641 236 3698 invenictis
250 3643 459 3700 auctoritatem.
478 3664 489 3693 ι
508 3643 541 3698 lit
556 3652 618 3700 erat
639 3653 741 3715 praesto
755 3644 828 3700 liber
842 3658 930 3716 quem
984 3644 1145 3716 exjustitia
1166 3645 1384 3715 conquiramus.
1410 3664 1425 3692 ι»
1450 3642 1552 3700 Falsus
1572 3642 1649 3698 enim
1665 3655 1700 3698 ru

85 3743 182 3786 seeum
197 3732 256 3802 ipse
280 3730 430 3787 detulerat.
452 3733 572 3789 Revolvi
594 3733 629 3789 ad
655 3733 761 3800 locum,
778 3747 865 3804 quem
879 3747 930 3788 no·
985 3731 1140 3803 praedictus
1163 3731 1262 3788 doctor
1285 3730 1415 3789 meminit
1439 3731 1495 3804 (ep.
1523 3730 1585 3801 ill),
1611 3731 1668 3786 cito
1693 3744 1704 3786 t

84 3831 195 3886 veram,
212 3834 298 3891 quem
315 3821 373 3890 ipse
388 3821 505 3876 minime
521 3831 708 3892 compererat,
724 3829 775 3880 aut
789 3821 840 3893 qui
856 3835 931 3877 uon·
984 3831 1042 3890 ιιι,
1063 3830 1091 3878 et
1114 3821 1173 3877 vita
1197 3820 1337 3891 posterior
1360 3821 1471 3891 judicat
1492 3819 1527 3875 de
1549 3819 1652 3889 prlnre.
1679 3817 1704 3876 st

85 3907 141 3965 nisi
164 3907 233 3965 mibi
251 3908 383 3965 nocitura
401 3910 557 3979 querebat.
580 3910 615 3966 Et
634 3910 769 3966 voluntas
789 3909 838 3965 Dei
861 3909 928 3978 fuit,
984 3911 1121 3966 canonice
1139 3924 1225 3981 agere
1247 3910 1275 3966 in
1294 3924 1361 3966 eum
1387 3906 1548 3978 disponitis,
1570 3907 1704 3978 dogmat

86 4003 120 4052 ut
131 3995 188 4052 cito
211 4007 375 4053 occurreret
397 3998 467 4052 mibi
491 3997 568 4068 quod
585 3998 726 4054 volebam.
748 3999 818 4054 Erat
833 4006 930 4053 autem
984 3998 1122 4067 scriptum
1149 3999 1177 4053 in
1200 3997 1328 4054 medium
1352 3996 1523 4067 proferatur,
1548 4003 1575 4051 et
1597 3995 1704 4051 interro

85 4085 227 4141 sententia
248 4085 415 4142 intitulata:
437 4086 675 4158 augustinusita
695 4085 835 4141 'trinitate
856 4085 904 4142 lib.
922 4100 930 4141 ι
987 4088 1053 4144 bere
1075 4086 1245 4155 respondere
1269 4085 1361 4152 liceat,
1389 4091 1421 4140 ut
1442 4086 1593 4140 convictus
1615 4084 1659 4140 vel
1675 4099 1704 4140 ei

86 4173 159 4244 (cup.
180 4173 229 4245 fl:
257 4197 267 4223 ι
293 4173 347 4240 Qui
371 4182 453 4245 putat
471 4176 535 4246 ejus
557 4174 690 4244 poteutiae
715 4173 817 4241 Deum,
842 4181 874 4231 ut
890 4188 931 4229 sc·
947 4167 968 4220 tl
984 4175 1033 4246 [cl.
1051 4173 1202 4245 confusus]
1222 4173 1336 4244 penitus
1357 4172 1545 4230 obmutescat.
1572 4173 1661 4230 Juxta
1682 4171 1701 4228 il

87 4263 182 4331 ipsum
198 4263 257 4333 ipse
281 4263 423 4335 genuerit,
440 4278 473 4320 eo
494 4263 558 4333 plus
576 4271 655 4319 errat
668 4262 745 4333 quod
762 4276 820 4318 uon
836 4262 930 4319 solum
985 4271 1042 4321 tem
1075 4263 1150 4319 beati
1190 4262 1336 4320 Nicodemi
1369 4260 1549 4329 sententiam,
1585 4275 1645 4331 qua
1677 4261 1704 4317 li

88 4349 165 4406 Deus
185 4350 225 4405 ita
239 4365 296 4407 non
320 4358 378 4421 est;
404 4351 452 4409 sed
474 4364 526 4407 nce
551 4349 689 4420 spiritalis
710 4359 852 4413 creatura,
877 4365 930 4406 nec
985 4352 1080 4423 ipsum
1097 4351 1218 4407 liberare
1232 4351 1362 4422 enpicns,
1380 4349 1494 4406 aiebat:
1520 4372 1533 4399 l
1549 4348 1688 4420 Nunqnld

87 4438 253 4509 corporalis.
268 4438 353 4496 Nulla
367 4438 443 4495 eninr
467 4438 585 4494 ournioo
599 4451 644 4494 res
656 4445 708 4504 est,
724 4451 791 4509 quae
806 4436 929 4509 seipsam
985 4450 1044 4498 stra
1057 4440 1169 4512 judicat
1184 4438 1337 4506 bominem,
1353 4439 1408 4495 nisi
1424 4438 1548 4495 audierit
1563 4438 1600 4494 ab
1616 4439 1675 4507 ipso
1690 4452 1704 4509 p

88 4527 196 4600 gignat.
215 4548 230 4578 o
245 4528 325 4595 Quod
340 4542 406 4584 cum
422 4526 554 4595 discipuli
568 4526 644 4596 ejus,
660 4527 711 4599 qui
727 4525 862 4593 aderant,
876 4541 929 4583 au·
984 4528 1150 4600 cognoverit
1173 4528 1244 4599 quid
1268 4527 1373 4584 faciat?
1402 4549 1413 4576 »
1439 4529 1528 4595 (Joan.
1554 4541 1603 4592 vn,
1626 4526 1683 4598 nt.)

87 4604 204 4687 dissent,
225 4615 411 4688 obstupefacti
434 4615 653 4673 erubescebant.
678 4619 740 4687 lpse
764 4624 873 4684 autem
896 4625 929 4675 nt
984 4617 1043 4673 dito
1066 4616 1163 4674 statim
1178 4616 1276 4673 amuli
1292 4616 1347 4673 mei
1361 4617 1557 4687 obstrepentes
1572 4615 1704 4672 exclama

761 4773 912 4832 ANDREAE
930 4774 1149 4838 outittcutant
1169 4774 1270 4831 botru

88 4902 163 4960 sedis
183 4900 268 4972 legati
292 4904 475 4971 congregato,
497 4898 533 4956 ab
547 4898 669 4968 egregiis
691 4897 763 4954 viris
784 4904 812 4955 et
836 4898 929 4954 nomi·
984 4912 1050 4954 cum
1074 4912 1159 4967 opere
1180 4913 1242 4959 stin.
1266 4913 1363 4955 eoram
1386 4900 1478 4970 legato
1502 4899 1638 4955 flomaoae
1661 4896 1704 4955 Eo

88 4973 164 5031 uatis
179 4971 323 5042 magistris
339 4970 481 5029 -Alberlco
503 4970 651 5037 lienteriae,
678 4977 706 5025 et
721 4969 857 5026 leutaldo
878 4968 932 5024 No-
1021 4968 1078 5039 (id)
1102 4969 1256 5036 Guusrldus
1281 4971 1454 5027 cornotensis
1477 4973 1631 5039 episcopus.
1654 4996 1689 5012 -

88 5041 225 5108 varicosi,
255 5040 434 5098 sabellianus
467 5041 620 5099 haereticus
646 5040 809 5112 judicatus,
843 5039 931 5094 libros
985 5038 1020 5105 ll,
1047 5041 1142 5096 lvonis
1163 5054 1319 5109 successor,
1346 5040 1565 5111 apostolicaeque
1590 5047 1704 5109 ptlsltttot

88 5127 162 5185 quoe
173 5111 303 5176 ediderat
323 5113 438 5182 propria
462 5124 550 5168 manu
565 5111 601 5167 ab
620 5111 758 5180 episcopis
778 5111 785 5165 i
808 5110 838 5166 oi
861 5109 931 5164 dare
984 5109 1028 5165 dis
1052 5110 1180 5178 lesatus,
1205 5113 1240 5168 de
1268 5127 1327 5183 quo
1351 5114 1434 5181 plura
1457 5118 1575 5166 sanctus
1597 5111 1704 5167 bernar

88 5192 205 5245 euictus
224 5191 274 5243 ¹est
311 5184 393 5239 nulla
421 5182 475 5239 sibl
505 5181 694 5253 respondendi
719 5125 865 5246 raculae,
896 5194 930 5235 eo
985 5180 1036 5249 qui
1058 5180 1144 5237 vitain
1166 5183 1230 5251 ejus
1253 5183 1421 5252 conscripsit
1445 5181 1611 5238 bernardus
1631 5180 1703 5237 alter

88 5255 165 5324 quod
185 5252 363 5324 disceptandi
379 5253 407 5309 iu
422 5268 455 5309 co
476 5254 578 5323 peritia
598 5253 635 5308 ab
649 5253 786 5308 omnilnis
798 5260 930 5320 suspecta
985 5251 1071 5307 llallis
1092 5253 1190 5309 abbas.
1216 5254 1337 5309 Exstant
1356 5254 1442 5309 etiam
1467 5252 1578 5320 aliquot
1603 5250 1705 5309 Gaufri

88 5323 260 5387 baberetur,
292 5337 439 5380 concessa.
473 5345 488 5374 »ι
524 5324 603 5385 Unde
631 5331 660 5379 et
690 5325 832 5381 succincte
865 5322 930 5377 Ber·
984 5321 1147 5379 docinensis
1159 5324 1272 5380 abbatis
1288 5324 1322 5377 ad
1338 5337 1404 5380 cum
1420 5321 1555 5392 epistolae.

88 5396 198 5455 nardus
219 5393 337 5467 epistula
361 5395 398 5450 ad
421 5394 538 5451 ivonem
562 5393 749 5457 cardinalem,
774 5393 809 5449 de
831 5393 929 5450 eodem
1020 5392 1065 5533 {43
1102 5395 1230 5460 Hieron,
1252 5395 1373 5451 Prooem.
1408 5394 1438 5450 in
1463 5392 1563 5459 Quat.
1588 5394 1671 5450 flcbr.

87 5465 247 5526 abalardo.
272 5488 286 5515 e
312 5465 472 5524 Damnatus
493 5474 545 5531 est,
574 5488 588 5512 υ
614 5464 719 5537 iuquit,
743 5484 755 5513 ι
780 5463 930 5521 suessione
1031 5464 1066 5520 li
1090 5465 1187 5522 flerat.
1204 5464 1252 5521 lib.
1268 5478 1288 5519 ιι
1303 5463 1394 5519 Corn.
1413 5464 1460 5522 sd.
1481 5467 1521 5520 to.
