3804 5962
87 180 148 241 ,427
366 187 377 199 ·
395 168 498 229 ruint
516 171 705 230 summunt
724 173 800 229 obv.
821 171 910 230 PARS
926 171 1209 232 lt.-stittlt01ltis
1228 174 1270 232 ii
1288 173 1407 232 OPUSC.
1424 173 1543 232 ASOET.

94 303 245 358 menum
263 298 417 367 cicitatcro,
449 297 498 354 sed
519 298 646 367 [murum
673 299 842 368 inquirimus
856 297 948 370 (liebr.
964 303 989 356 A
1003 312 1071 356 aum
1093 299 1216 358 dicitnr:
1240 302 1277 358 iit
1298 301 1447 372 perimus,
1470 298 1536 355 dura
1564 297 1751 355 retardarem

94 386 161 462 xruf,
186 387 256 462 ll);
278 387 354 447 sieut
378 394 406 445 et
428 387 488 459 ipae
506 386 558 459 qui
577 385 712 444 dicabat:
735 387 822 458 dupio
844 385 940 461 [Vola.
995 388 1073 445 siaa.

90 476 264 537 desiderium
288 476 410 550 babens]
444 475 583 546 absolui,
608 480 634 531 et
666 492 721 532 esse
743 493 804 532 eum
834 478 941 534 cincto
1029 477 1096 535 Sion
1130 492 1213 535 mons
1242 487 1303 547 est,
1329 479 1359 535 in
1390 492 1449 549 quo
1476 476 1577 535 civitas
1604 476 1751 534 ierusalen

91 565 225 639 (Philipp.
251 583 271 633 t,
294 567 353 638 23),
377 567 498 640 gravius
521 564 708 633 sustinemus,
732 573 761 624 et
783 564 941 637 longiorem
995 565 1048 624 Per
1068 567 1147 624 bunc
1173 581 1243 640 ergo
1269 575 1394 624 montem
1415 566 1556 623 celsitudo
1574 579 1708 636 superna
1726 580 1751 637 pa

90 670 180 728 quam
202 655 341 713 vellemus
373 669 462 726 esse,
486 669 553 713 cum
587 654 746 726 querimus
768 662 879 727 quanto
903 653 940 710 ad
995 653 1109 728 inqua
1142 664 1183 712 est
1203 655 1375 724 Jerusalem,
1400 656 1489 713 idest
1521 658 1659 712 continua
1681 654 1751 713 visio

89 742 940 815 illam,quaesineliueest,citiuspervenirecupimusiiec
995 745 1083 817 pacis,
1106 745 1293 816 exprimitur.
1323 745 1415 818 Cuius
1443 743 1583 802 desiderio
1608 744 1705 802 lideles
1735 759 1752 801 a

90 832 185 891 solnm
200 833 276 890 banc
291 832 379 890 vitam
393 832 628 906 peregrinationi,
643 832 843 890 verumetiam
859 839 939 889 tene·
995 833 1031 891 ad
1051 833 1129 891 illam
1148 833 1258 906 jugiter
1281 834 1366 906 qnasi
1387 833 1488 891 tientes
1509 832 1666 904 suspirant,
1682 840 1711 890 et
1735 812 1751 889 ἆ

88 919 149 980 bris
172 934 364 994 comparans,
388 936 447 994 qno
470 921 634 995 graviorem
657 935 721 978 eam
745 921 938 978 demonstret:
994 922 1069 980 valle
1083 922 1428 994 laerymarnmtanqnam
1442 921 1751 994 decaptivitateBabyl

88 1008 243 1081 liabitaui,
279 1011 391 1084 inquit,
425 1027 487 1068 cum
516 1012 704 1067 habitantibus
735 1010 823 1069 cedor
855 1009 938 1081 (Prot.
994 1025 1053 1083 qno
1078 1011 1204 1083 amplius
1226 1012 1417 1069 conscendere
1436 1011 1582 1082 eupiunt,
1602 1009 1751 1069 dillerria

90 1114 169 1171 calx,
186 1100 224 1173 5),
248 1100 302 1159 buc
324 1109 367 1159 est
388 1115 455 1158 cum
477 1100 522 1158 bis
543 1099 640 1172 quiin
666 1098 791 1157 tenebris
812 1112 939 1156 commo·
994 1102 1115 1174 gravius
1129 1111 1259 1174 gemunt.
1280 1102 1356 1160 Ordo
1377 1116 1527 1173 congruus
1545 1101 1626 1172 prius
1648 1101 1746 1157 sedere

87 1196 200 1247 rantur.
217 1189 307 1248 cedar
327 1190 435 1261 quippe
452 1191 659 1261 interpretatur
674 1189 797 1245 tenebra.
813 1187 848 1244 iit
863 1200 939 1245 com
994 1187 1128 1257 tiumina,
1162 1200 1190 1249 et
1212 1191 1394 1262 postmodum
1415 1189 1499 1247 tietus
1520 1189 1685 1246 referuntur
1709 1189 1751 1244 lan

87 1277 236 1352 paratione
256 1292 388 1350 superum
410 1276 560 1344 claritatis,
585 1278 712 1335 tenebrae
734 1276 874 1335 dicendus
897 1284 940 1334 est
994 1280 1065 1350 quia
1091 1293 1176 1337 nemo
1202 1280 1273 1337 dum
1297 1279 1376 1337 vitiis
1401 1279 1577 1351 subiicitur,
1602 1286 1630 1335 et
1649 1277 1749 1350 volnpt

86 1374 180 1425 status
193 1368 261 1424 vitae
283 1367 442 1439 presentis,
460 1375 488 1425 et
502 1381 562 1425 nox
577 1368 672 1439 potins
695 1379 784 1439 quam
807 1364 868 1423 dias
890 1378 939 1437 ap
992 1368 1181 1440 subjugatur,
1199 1369 1310 1441 erigere
1324 1383 1354 1426 se
1370 1383 1419 1440 per
1435 1367 1609 1426 desidorium
1630 1367 1667 1424 ad
1688 1381 1751 1437 supi

87 1455 249 1528 pellandus.
265 1456 346 1515 Unde
366 1463 394 1514 et
407 1455 501 1529 longai
516 1456 757 1530 peregrinationis
781 1468 939 1526 gravamen
992 1457 1069 1514 valet
1088 1459 1252 1516 civitatem:
1275 1472 1329 1514 neo
1344 1458 1399 1514 nisi
1421 1457 1501 1528 prius
1526 1456 1633 1513 amala
1655 1455 1750 1513 declin

87 1544 241 1616 replicans,
262 1544 359 1602 adbuc
383 1545 545 1619 ingemiseit
568 1545 685 1603 dicens:
708 1546 826 1601 Multum
849 1545 939 1600 iacato
994 1543 1076 1604 bonis
1102 1547 1240 1606 iaciendis
1267 1560 1384 1618 operam
1414 1546 1536 1602 damus.
1570 1544 1717 1610 Quantum
1747 1560 1751 1599 a

86 1633 144 1699 tuit
157 1635 251 1690 anima
264 1650 322 1690 mevi
338 1635 418 1705 (ibid.
433 1634 470 1707 6).
486 1636 528 1691 Ac
548 1633 573 1690 si
588 1641 686 1705 aperte
703 1632 797 1690 dicat:
815 1631 938 1691 llultum
954 1608 976 1664 Β
992 1635 1159 1708 voluptates
1180 1634 1280 1693 saculi
1305 1635 1418 1704 lngiant
1441 1633 1533 1701 electi,
1558 1647 1594 1691 nc
1617 1632 1748 1690 lihtdtnth

87 1721 135 1779 bie
153 1730 181 1780 et
205 1723 256 1781 diu
271 1738 316 1781 me
333 1724 512 1798 peregrinari
536 1722 627 1794 doleo,
649 1721 701 1796 qui
723 1721 793 1780 alibi
815 1720 939 1794 patriam
994 1739 1112 1802 pressus
1134 1725 1251 1781 animus
1276 1723 1375 1780 minus
1393 1737 1422 1780 se
1441 1721 1572 1779 attollere
1590 1721 1627 1778 ad
1652 1735 1751 1792 superi

87 1823 271 1885 recognosco.
992 1818 1068 1884 leat,
1093 1813 1245 1885 sequentia
1264 1813 1415 1870 declarant
1438 1828 1445 1868 :
1468 1813 1501 1867 ia
1528 1811 1669 1878 soticibus,
1696 1811 1751 1882 inqu

122 1901 154 1956 in
166 1901 251 1971 cujtts
263 1901 390 1974 proiecto
404 1901 644 1975 peregrinationis
656 1909 684 1958 ct
699 1899 799 1972 patrlae
813 1898 938 1973 figuram
991 1909 1022 1961 ia
1060 1902 1149 1958 medio
1183 1901 1242 1971 ejrts
1272 1901 1466 1971 suspendimus
1498 1915 1604 1968 organa
1635 1904 1731 1955 nostru

88 1988 147 2061 ipae
163 1989 313 2048 israelitici
329 1991 429 2063 papuli
449 1991 534 2063 longe
549 1991 732 2064 postmodum
747 2003 798 2062 per
817 1989 938 2060 Babylo·
992 2009 1097 2062 mxxvi,
1120 1993 1160 2064 i).
1185 1991 1290 2048 Salices
1316 1989 1501 2047 infructuosa
1526 1994 1595 2045 sunt
1619 1986 1746 2054 arbores,

87 2077 150 2135 nias
170 2079 306 2150 captivati
322 2079 545 2152 deplorationem
566 2080 748 2148 describens,
763 2079 802 2136 ait
824 2094 831 2136 :
851 2079 939 2149 Super
992 2081 1147 2141 homidicis
1172 2080 1241 2138 loeis
1264 2080 1426 2143 abundant,
1453 2077 1504 2135 nbi
1526 2075 1668 2143 diabolus,
1692 2087 1751 2147 qua

86 2166 201 2234 pumina
222 2167 372 2239 Bilbilim
403 2169 461 2224 ittic
493 2169 631 2231 sedibilis
656 2173 681 2224 tl
707 2170 847 2237 pavimus,
873 2168 939 2222 dvm
992 2171 1155 2238 immunda,
1171 2170 1325 2227 volutatur
1343 2166 1529 2239 etquiescit3
1555 2164 1683 2237 quiloca
1703 2164 1751 2221 ina

86 2256 293 2313 recordaremur
306 2257 382 2314 Sioa.
399 2259 437 2313 ia
455 2259 587 2314 salicibus
606 2257 739 2313 inmerito
754 2257 814 2328 eius
828 2271 940 2328 suspeu-
996 2260 1202 2334 perambulans
1226 2259 1355 2329 requiem
1378 2271 1437 2314 non
1465 2254 1595 2312 invenit.
1620 2254 1701 2311 Unde
1721 2252 1751 2309 be

86 2344 179 2402 dimus
198 2360 304 2414 organa
329 2352 425 2402 nostra
445 2355 499 2404 etc.
516 2347 602 2419 (Paul.
627 2350 773 2415 cxxxv1‚t
800 2354 829 2405 et
851 2345 937 2417 seg.)-
995 2350 1184 2420 desoriptlone
1208 2348 1342 2404 Bebermt
1362 2346 1491 2404 dicitnr:
1514 2343 1570 2400 Sub
1596 2342 1694 2398 umbra
1712 2341 1751 2398 da

87 2434 158 2492 lium
174 2433 282 2508 quippe
296 2444 365 2492 sunt
378 2434 534 2494 electorum
549 2443 576 2493 et
595 2436 784 2507 reproborum
799 2434 938 2503 civitates,
992 2444 1022 2495 ia
1037 2444 1139 2494 secreto
1165 2437 1276 2505 cummi,
1301 2435 1331 2491 ia
1354 2436 1420 2491 tacis
1436 2433 1609 2490 tumentibus
1629 2432 1696 2505 (iob.
1721 2446 1751 2487 xi

86 2537 154 2595 qum
186 2523 240 2581 boe
268 2523 330 2581 loco
351 2526 407 2582 sub
432 2525 523 2596 speeie
549 2524 706 2582 ierusalem
732 2533 761 2581 et
785 2523 939 2596 Babylonis
992 2528 1184 2584 intructnosae
1209 2527 1306 2596 itaque
1335 2524 1526 2595 reproborum
1551 2529 1684 2591 mentes,
1709 2520 1741 2578 in

87 2612 302 2671 describuntur.
328 2613 426 2672 Altera
451 2614 498 2671 bio
522 2624 728 2686 prosperatur,
753 2628 819 2686 quae
838 2627 937 2684 repro·
992 2615 1155 2673 carnalium
1194 2614 1377 2684 voluptatum
1408 2610 1568 2680 radicatae,
1594 2610 1695 2668 salices
1722 2623 1751 2668 su

87 2700 192 2759 borum
209 2716 261 2773 est,
286 2710 315 2760 et
330 2703 486 2776 Babylonia
506 2702 622 2762 dieitur.
644 2704 741 2761 Altera
760 2704 808 2760 bic
828 2703 938 2775 iugiter
994 2704 1086 2761 medio
1122 2702 1279 2774 Babylonis
1308 2701 1463 2773 plantatae,
1494 2707 1522 2758 et
1551 2698 1676 2757 earnalis
1708 2712 1751 2756 cor

87 2804 138 2861 per
162 2789 244 2848 ilium
259 2791 367 2850 aillicta
392 2801 472 2850 tanto
496 2793 623 2865 amplius
643 2793 678 2848 ad
704 2805 839 2864 superne
859 2791 938 2863 pacis
992 2794 1107 2850 scentia
1132 2792 1210 2848 vitiis
1230 2790 1357 2859 irretita,
1380 2798 1469 2861 atoue
1489 2790 1518 2847 in
1540 2788 1683 2860 protunda
1696 2786 1751 2845 viti

84 2878 225 2936 visionem
248 2880 381 2948 anhelat,
406 2890 517 2952 quanto
542 2882 691 2951 graviores
715 2894 865 2951 pressuras
889 2880 935 2937 bic
951 2880 974 2939 C
991 2882 1068 2953 quod
1085 2880 1238 2952 Babylonis
1254 2880 1436 2951 intelligatur
1449 2879 1588 2947 medium,
1602 2877 1664 2949 iam
1677 2876 1751 2934 subn

84 2967 202 3024 tolerat.
229 2969 270 3024 iic
299 2970 355 3026 bac
383 2969 483 3040 itaque
507 2967 566 3026 vita
596 2967 693 3024 ddeles
711 2968 748 3024 ad
777 2981 932 3038 supernam
988 2972 1067 3028 inter
1094 2970 1163 3027 tales
1192 2969 1274 3027 electi
1307 2978 1535 3034 conversantes,
1567 2964 1700 3038 quandin
1725 2980 1751 3037 pt

85 3056 189 3114 mentis
207 3056 306 3114 oculos
330 3057 488 3128 erigentes,
508 3064 536 3113 ct
555 3063 695 3128 tanquam
715 3056 750 3113 de
776 3055 876 3114 exsilio
896 3057 932 3112 ad
987 3061 1047 3119 vita
1069 3067 1208 3131 tanquam
1223 3072 1292 3115 area
1304 3058 1435 3130 quaedam
1452 3069 1545 3129 grana
1559 3055 1645 3113 simut
1676 3055 1751 3112 conti

83 3146 207 3215 patriam
222 3146 410 3216 suspirantes,
432 3152 459 3202 et
479 3144 514 3202 de
528 3144 693 3216 captivitate
708 3144 881 3217 Babylonica
895 3144 933 3200 li·
987 3149 1094 3221 paleas,
1107 3147 1289 3219 suspendunt
1304 3160 1415 3218 organa
1429 3160 1505 3216 sua3
1530 3145 1600 3202 dnm
1615 3143 1731 3201 fletibus

81 3232 184 3305 bereti,
206 3232 243 3290 ad
267 3232 427 3291 libertatem
447 3233 573 3291 civitatis
595 3248 657 3291 sum
675 3233 834 3291 ierusalem
857 3247 932 3290 sem·
987 3238 1170 3296 calamentis
1192 3245 1351 3306 vacantes,
1374 3249 1392 3292 a
1412 3233 1533 3293 canticis
1556 3232 1751 3291 exsultationi

81 3321 284 3392 peranoelant
307 3321 490 3395 niquarum
509 3323 932 3394 nuncpersonapsalmusiste
991 3334 1076 3396 sant,
1107 3333 1166 3382 tam
1195 3338 1345 3383 erumnas
1368 3338 1438 3381 snas
1458 3321 1505 3380 vel
1533 3322 1696 3381 dilationem
1721 3335 1751 3393 pa

82 3409 271 3482 compositus,
291 3411 369 3483 ipsos
393 3412 430 3468 ad
451 3413 568 3470 modum
592 3411 728 3470 exsulum
751 3412 934 3484 deplorantes
991 3430 1080 3488 qnam
1102 3417 1227 3474 aliorum
1250 3422 1370 3471 mortem
1391 3412 1537 3471 deflentes.
1563 3412 1598 3469 Ut
1621 3419 1749 3469 autemo

81 3499 203 3569 inducit,
219 3514 287 3558 cum
300 3499 339 3557 ait
357 3516 364 3557 :
381 3501 471 3572 Super
483 3504 601 3568 nomino
613 3502 772 3575 babytoais,
788 3510 841 3560 etc.
863 3502 934 3559 iiu-
989 3519 1043 3562 sua
1066 3506 1140 3561 inter
1159 3504 1229 3562 tales
1249 3503 1439 3575 suspendant,
1466 3503 1520 3560 boc
1541 3508 1616 3559 esta
1636 3500 1751 3557 vocibus

80 3584 161 3642 mina
177 3586 331 3657 Babylonis
352 3585 424 3644 vitia
447 3593 525 3655 sunt,
551 3587 660 3658 quibus
680 3587 884 3644 consentiendo
910 3587 935 3643 si
990 3594 1030 3651 dii
1055 3600 1188 3659 cessent,
1215 3607 1251 3650 nc
1276 3592 1343 3649 illas
1374 3591 1404 3648 in
1428 3600 1505 3649 terra
1528 3588 1737 3647 maledictionis

81 3673 197 3745 quisea
216 3675 378 3746 intraverit,
409 3675 445 3733 ad
460 3675 659 3748 Babyloniam,
681 3677 708 3734 id
730 3684 773 3735 est
793 3676 936 3735 conlusio
989 3691 1071 3746 naut,
1093 3695 1167 3754 quas
1190 3681 1371 3753 eoelopotins
1393 3681 1581 3738 reservandas
1616 3679 1749 3750 iudicant

81 3776 148 3820 nent
179 3763 299 3835 delicit,
331 3765 401 3837 qnia
424 3765 640 3823 damnationem
670 3766 812 3824 incurrit.
843 3766 936 3823 liabet
991 3767 1139 3824 inierunt:
1162 3767 1235 3834 Quia
1254 3769 1330 3836 iiiia,
1353 3775 1407 3824 eto.
1436 3767 1496 3824 lioc
1518 3774 1579 3834 est,
1603 3767 1655 3837 qni
1676 3778 1751 3822 nos=

79 3866 199 3925 quoque
214 3853 317 3911 civitas
329 3854 485 3912 electorum
503 3855 620 3927 propria
635 3854 767 3924 llumina,
779 3857 814 3913 de
828 3855 936 3927 quibus
990 3863 1155 3925 vaverant,
1180 3855 1263 3912 nobis
1286 3856 1475 3924 insultantes,
1500 3864 1529 3912 et
1556 3854 1751 3912 solemnitatut

78 3941 315 4013 scriptumest:
341 3944 479 4001 Fluminis
502 3948 621 4015 impetus
648 3946 769 4016 latificat
797 3946 936 3999 ciuitatem
990 3953 1118 4003 strarum
1141 3944 1362 4003 celebrationem
1396 3945 1565 4012 irridentes,
1596 3951 1738 4013 tanquam

76 4030 128 4085 Dei
155 4029 242 4102 (Psoi.
267 4046 334 4100 nav,
364 4033 400 4101 5).
426 4032 460 4089 lit
485 4046 624 4090 rursum:
644 4033 698 4100 oui
720 4031 808 4088 aredii
831 4034 861 4088 ia
883 4048 934 4100 me,
993 4048 1079 4105 quem
1097 4033 1219 4090 colimus
1234 4047 1286 4089 nos
1309 4034 1345 4090 de
1364 4032 1499 4090 manibus
1518 4045 1618 4089 eorum
1640 4030 1751 4088 liberari

73 4120 146 4174 sicut
170 4120 239 4176 uticii
262 4120 436 4191 Scriptura,
461 4123 578 4190 flumina
598 4122 632 4176 de
651 4127 745 4177 uentre
762 4137 823 4192 epus
850 4123 935 4191 fluent
990 4123 1087 4194 possit.
1118 4123 1360 4191 interrogaverunt
1380 4137 1429 4178 aaa
1464 4122 1546 4177 verba
1577 4123 1751 4185 eutitianum,

73 4221 152 4278 aqua
166 4208 235 4264 uiua
249 4207 339 4282 (ioca.
361 4224 410 4276 vn,
427 4210 471 4279 38)
486 4251 492 4265 .
508 4211 550 4267 ad
565 4209 756 4269 diliereotiam
776 4211 867 4283 igitur
882 4211 933 4268 bo·
989 4221 1041 4281 est,
1055 4210 1210 4269 illudentes
1232 4211 1468 4282 improperabant
1490 4210 1582 4279 nobis,
1606 4216 1639 4267 ut
1662 4221 1743 4265 nnnc

72 4308 140 4352 rum
168 4296 313 4355 bonorum
343 4296 512 4370 fluminum,
536 4300 624 4357 noxia
645 4299 769 4359 domina
789 4308 858 4358 sunt
881 4300 934 4358 iia·
988 4315 1046 4373 qne
1071 4307 1256 4358 cantaremus
1280 4313 1359 4357 more
1380 4300 1517 4371 pristino.
1542 4301 1580 4356 Ac
1602 4299 1627 4354 si
1644 4305 1744 4368 aperte

71 4383 185 4456 brionis
208 4386 297 4458 dicta,
322 4388 399 4445 sicut
412 4397 454 4447 est
468 4389 617 4462 gulositas,
642 4389 773 4460 luxuria,
799 4390 931 4460 avaritia,
988 4395 1062 4457 rent,
1082 4402 1201 4446 causam
1226 4388 1315 4460 bujus
1330 4389 1372 4446 rai
1387 4389 1568 4445 maniiestam
1581 4400 1651 4455 essa,
1667 4385 1751 4457 quia<

71 4482 99 4531 et
124 4474 169 4533 bis
183 4474 303 4535 similia.
331 4477 400 4546 Quae
416 4478 517 4551 utique
539 4487 680 4552 tanquam
704 4479 933 4554 lluminaBaby-
986 4476 1106 4532 canticis
1130 4476 1170 4534 illi
1196 4491 1249 4533 nos
1274 4483 1385 4533 constat
1406 4476 1583 4542 deseruisse,
1609 4475 1751 4545 deduius

77 4561 153 4622 lonis
180 4565 277 4624 lideles
299 4568 488 4634 attendentes,
506 4582 694 4642 nequaqnam
717 4569 779 4627 baec
798 4584 848 4641 per
862 4585 931 4628 con-
986 4564 1094 4622 timum
1107 4564 1317 4623 confitebamus
1331 4579 1394 4636 ope.
1424 4564 1504 4624 Unde
1527 4572 1555 4622 et
1577 4564 1630 4621 bas
1652 4562 1751 4620 landes

72 4667 197 4713 sensum
223 4655 335 4715 intrant
359 4675 366 4714 ι
391 4658 441 4716 sed
465 4660 550 4730 qnasi
571 4660 695 4731 desuper
723 4659 849 4717 sedendo
870 4674 933 4732 pre-
986 4667 1039 4710 11³8
1063 4668 1121 4711 tivit
1145 4661 1203 4711 tam
1224 4655 1337 4711 cantica
1361 4667 1450 4726 quam
1474 4651 1751 4723 cantilemelissttl

68 4751 176 4814 munt,
198 4745 269 4804 dum
288 4760 389 4805 eornm
414 4756 510 4806 matus
527 4749 611 4820 qnasi
638 4748 781 4821 quosdam
808 4748 932 4808 intume-
985 4742 1267 4815 quadamjudicaot
1281 4743 1478 4816 appellandas.

74 4841 186 4889 scentes
224 4833 332 4892 ductus
363 4833 394 4892 in
425 4835 527 4907 scipsis
555 4837 745 4908 reprimunt,
779 4839 932 4898 contrariis
1021 4831 1162 4890 satellites
1185 4833 1230 4890 isti
1257 4834 1463 4906 predonesque
1486 4832 1664 4904 babylonici,
1688 4845 1739 4903 per

73 4919 234 4979 virtutibus
257 4923 341 4994 quasi
363 4923 553 4995 quisbusdam
574 4925 684 4998 navigii
708 4927 795 4985 remis
818 4928 879 5000 ipso
894 4942 931 4986 ne
984 4921 1178 4994 captivamur,
1203 4930 1231 4980 et
1253 4924 1288 4981 de
1311 4924 1477 4982 amoenitate
1496 4922 1631 4993 paradisi,
1656 4936 1715 4995 quo
1739 4935 1751 4992 a

75 5009 254 5080 praevaleant
276 5012 487 5072 contendentes.
515 5013 560 5072 Sic
582 5015 672 5089 igitur
694 5029 783 5089 snper
807 5016 931 5075 llnmina
984 5010 1035 5069 rix
1052 5027 1130 5069 unns
1144 5021 1284 5084 tanquam
1306 5012 1340 5071 de
1360 5022 1474 5072 terrena
1487 5012 1645 5071 ierusalem
1660 5010 1691 5067 in
1711 5012 1751 5067 ba

75 5096 211 5167 pestilera
242 5099 397 5168 sedentes,
427 5114 493 5172 quae
523 5107 664 5173 tanquan
688 5102 871 5160 obstaculum
901 5116 930 5166 et
984 5103 1074 5159 serias
1097 5101 1198 5174 dejecti
1222 5117 1346 5171 sumus,
1372 5104 1516 5160 demones
1547 5101 1751 5173 intelliguntur

74 5184 315 5256 impedimentum
329 5191 490 5247 maximnm
505 5189 543 5247 ad
563 5190 718 5248 transitum
740 5192 840 5263 patriar
863 5204 930 5249 con-
984 5190 1093 5263 quibus
1117 5191 1215 5250 adbuc
1235 5192 1398 5252 subditur:
1423 5195 1459 5248 iit
1481 5195 1531 5259 aui
1563 5192 1741 5248 uocauerunt

68 5273 196 5346 spiciunt
221 5290 301 5334 more
320 5280 513 5350 captivorum,
537 5279 567 5337 in
589 5279 788 5340 recordatione
810 5278 889 5339 illins
911 5292 930 5337 a
983 5281 1038 5338 boc
1059 5288 1102 5338 est
1125 5281 1162 5340 ab
1183 5282 1233 5340 illa
1258 5297 1311 5340 nos
1333 5289 1525 5340 excusserunt
1551 5281 1736 5348 emunitate,

70 5374 133 5434 qua
156 5376 187 5421 se
213 5363 311 5426 adbtm
335 5363 446 5425 diderri
474 5365 592 5439 dolent,
617 5367 688 5430 llere
708 5375 928 5440 memorantur,
983 5369 1064 5439 bant,
1090 5370 1251 5434 subaudis:
1273 5372 1413 5442 drauum
1432 5375 1541 5429 amiate
1557 5371 1634 5428 actu
1660 5368 1695 5427 de
1716 5382 1751 5425 ca
