3804 5962
471 212 582 272 sels‘r.
603 217 626 284 l,
648 216 712 273 SEU
733 212 899 273 HISTORIA
918 214 1173 271 minutantur.
1659 228 1709 280 111

79 337 181 395 :dolor
196 349 286 409 qnam
306 338 451 409 praecessit
466 352 557 395 amor.
572 338 631 396 Nee
647 339 676 397 in
696 340 749 397 boc
764 339 801 407 ei,
817 335 923 393 Aoum
940 351 992 409 ego
1011 337 1207 409 cognovissem
1221 340 1289 412 (aa),
1314 342 1462 399 transmisi
1481 357 1544 399 eam
1560 344 1596 400 ad
1616 345 1709 401 abba-

83 426 200 484 iversus
224 428 345 499 agnovit
371 427 509 495 mundus,
529 429 686 500 propneiiae
711 430 803 487 deluit

112 515 188 573 Nato
215 515 315 587 itaque
344 515 464 585 parvulo
490 523 590 573 nostro
618 518 710 575 sorori
734 532 803 575 meze

79 602 157 660 idato
191 602 319 660 Parisius
346 603 456 660 occulto
484 606 666 675 revertimur,
691 613 804 677 etpost

79 692 140 749 dies
157 701 240 749 noete
258 693 374 749 secretis
388 693 545 750 orationem
563 695 670 767 vigiliis
685 696 713 752 in
730 710 803 767 qua-

79 780 180 837 nlesia
215 779 374 845 celebratis,
411 780 518 837 ibidem
556 796 670 839 summo
709 797 803 853 mane,

80 883 101 925 o
120 869 188 940 ejus
209 876 298 940 atque
312 868 490 939 quibusdam
516 872 620 927 uostris
644 872 690 928 vel
715 872 805 943 ipsius

79 957 286 1023 issisieutibus,
306 957 428 1028 nuptiali
449 957 645 1016 benedictione
660 960 805 1018 111111111-

93 1047 224 1118 iloxque
247 1045 359 1102 occulte
384 1045 500 1103 divisim
519 1047 724 1119 abscessimus,
753 1065 807 1107 nee

79 1134 160 1192 erius
185 1134 242 1191 nisi
266 1148 332 1191 raro
354 1134 536 1206 latenterque
560 1136 698 1204 vidimus,
721 1138 805 1195 dissi-

79 1238 101 1281 s
126 1222 288 1295 plurimum
323 1223 400 1294 quod
438 1237 600 1295 egeramus.
637 1228 807 1284 Avunculus

83 1313 176 1385 psius,
197 1320 286 1383 atque
305 1311 451 1368 domestici
466 1313 539 1384 ejus,
561 1314 727 1386 ignominiae
746 1332 807 1374 suro

79 1418 89 1460 i
122 1408 298 1474 quaerentes,
329 1401 434 1458 initum
464 1402 681 1462 matrimonium
714 1406 807 1463 divul-

90 1490 178 1548 ildem
193 1491 266 1548 milii
281 1505 369 1562 super
392 1490 446 1547 boe
460 1491 556 1548 datam
579 1493 689 1550 violare
710 1509 807 1567 coepe-

79 1581 110 1637 la
131 1590 230 1637 autern
245 1586 375 1636 econtra
400 1581 643 1639 anathematizare
667 1584 806 1655 etiurare

79 1668 231 1726 sissimnm
248 1676 332 1726 esset.
355 1668 434 1726 Unde
448 1668 633 1726 vehementer
656 1671 702 1729 ille
725 1687 805 1730 euin-

92 1756 207 1816 erebris
231 1771 295 1814 eam
329 1757 509 1814 contumeliis
536 1758 689 1817 alliciebat.
724 1762 807 1830 Quod

857 424 925 480 tiam
955 428 1112 497 quaindam
1147 429 1410 487 sanctimonialium
1444 445 1533 503 prope
1568 434 1706 504 Parisius,

857 530 923 585 quae
936 517 1138 587 Argeuieolum
1156 516 1330 588 appellatur,
1347 519 1397 575 ubi
1414 520 1473 590 ipsa
1493 521 1561 578 olim
1579 524 1707 593 puellula

857 604 979 660 educata
1000 605 1095 661 luerat
1109 613 1198 676 atque
1217 606 1343 663 erudita.
1373 607 1471 666 Vestes
1487 625 1605 682 quoque
1624 613 1650 669 ei
1664 627 1709 670 re·

858 693 984 764 ligionis,
1010 708 1076 764 quie
1108 697 1287 751 conversioni
1318 694 1366 767 [at.
1401 700 1624 772 conversationi]
1651 716 1708 760 ino

859 785 974 839 nasticin
1001 783 1200 850 convenirent,
1229 795 1348 855 exceptu
1370 786 1444 853 velo,
1473 789 1564 857 aptari
1589 789 1652 857 leci,
1680 807 1709 864 eq

859 871 980 928 hiscam
1008 872 1099 927 indui.
1127 872 1189 937 Quo
1204 873 1314 942 audito,
1343 875 1511 933 avunculus
1533 885 1563 933 et
1588 893 1709 934 consan-

859 961 957 1032 guinei
977 974 1029 1018 seu
1055 960 1157 1015 altines
1180 962 1245 1031 ejus
1267 963 1377 1033 opinati
1396 972 1464 1020 sunt
1488 980 1533 1022 me
1551 981 1631 1024 nune
1653 969 1707 1025 sibi

860 1049 1019 1119 plurimum
1036 1047 1166 1104 illuxisse
1183 1048 1233 1118 [ot.
1261 1049 1418 1121 illussisscl,
1433 1060 1461 1108 et
1483 1054 1520 1110 ab
1535 1068 1569 1109 ea
1588 1056 1706 1112 moniali

860 1138 934 1194 laeta
949 1152 993 1192 ine
1013 1136 1053 1192 sic
1079 1135 1161 1192 lacile
1183 1137 1330 1207 expedire.
1357 1138 1437 1196 Unde
1458 1142 1642 1200 veliementer
1660 1145 1708 1201 iu-

859 1226 982 1298 dignati,
1001 1233 1029 1283 et
1050 1226 1206 1281 adversum
1229 1239 1274 1282 me
1298 1228 1457 1298 conjurari,
1480 1239 1561 1288 noete
1577 1233 1706 1302 quadam

861 1317 1053 1387 quiescentem
1076 1328 1120 1369 me
1145 1322 1233 1384 atquo
1247 1315 1435 1373 dormientem
1460 1318 1489 1374 11
1511 1329 1620 1377 secreta
1641 1322 1706 1380 hos·

860 1405 922 1477 pitii
946 1403 1000 1461 mei
1015 1416 1140 1469 camera,
1156 1402 1283 1473 quodam
1306 1404 1376 1460 inibi
1396 1406 1537 1464 serviente
1557 1423 1608 1478 per
1625 1424 1708 1480 pecu·

861 1497 939 1551 uiam
954 1501 1101 1563 corrupto,
1116 1491 1316 1548 crudelissima
1332 1499 1360 1549 et
1377 1494 1584 1563 pudentissima
1599 1497 1707 1556 ultione

862 1583 1030 1654 punierunt,
1058 1587 1086 1637 et
1113 1594 1201 1651 quam
1228 1595 1343 1637 summa
1365 1582 1558 1641 admiratione
1579 1586 1708 1646 mundus

861 1671 989 1742 excepit:
1017 1670 1074 1740 111)
1099 1670 1141 1724 eis
1168 1669 1300 1725 videlieet
1330 1672 1459 1741 corporis
1488 1673 1543 1729 mei
1576 1675 1708 1744 partibus

862 1759 1027 1832 amputatis,
1057 1758 1166 1829 quibus
1194 1758 1223 1814 id
1247 1758 1324 1828 quod
1353 1759 1528 1831 plangebant
1557 1764 1706 1821 commise-

547 1909 705 1969 ANDREAE
736 1914 966 1979 edendarum
994 1911 1110 1969 NOTAE.

79 2035 236 2091 Transmisi
259 2049 318 2088 eom
345 2032 383 2088 od
408 2033 548 2089 albutium
574 2051 633 2104 qna
659 2037 806 2106 Argenteo-

79 2107 220 2177 ipellntiir.
258 2134 292 2143 -
327 2106 500 2175 argenteoli,
544 2107 605 2162 sive
638 2109 804 2180 argentolii,

79 2185 192 2233 veteres
201 2175 354 2246 appellant,
375 2176 554 2247 argentogili
575 2178 720 2234 abbatiam
737 2180 806 2237 ller-

79 2262 105 2305 is
123 2255 153 2303 et
169 2261 244 2303 uxor
254 2247 318 2316 ejus
332 2247 500 2303 blummanu
515 2247 675 2305 fundarunt
690 2249 720 2304 in
735 2266 807 2322 pago

79 2334 100 2375 o
125 2332 214 2388 super
229 2318 317 2375 liuvio
332 2317 480 2385 Sequanae,
497 2319 681 2390 primumque
705 2336 804 2377 muna-

106 2404 142 2445 ea
171 2395 339 2459 posuerunt.
368 2388 421 2445 Seii
448 2399 545 2458 postea
570 2389 803 2448 Nurinannorum

79 2461 178 2516 inibus
205 2459 380 2516 destructam
413 2459 527 2514 adelais
556 2460 667 2531 regina,
697 2462 806 2532 conjnx

79 2546 88 2588 s
116 2544 152 2587 ac
180 2539 272 2586 mater
307 2528 424 2586 nouerit
451 2543 564 2601 regum.
596 2532 674 2588 illam
700 2546 718 2587 a
746 2534 806 2590 solo

79 2604 154 2667 avit,
172 2609 200 2658 et
214 2601 386 2657 monialibus
405 2600 444 2656 ibi
459 2602 517 2656 ileo
536 2602 592 2657 sub
608 2603 717 2673 lingula
736 2603 806 2660 Sau-

79 2673 161 2731 nlicti
183 2672 365 2729 laniulaturis
387 2671 555 2742 assignavit,
575 2674 614 2729 uti
633 2675 713 2730 docet
737 2675 805 2731 ilel-

79 2788 81 2801 .
113 2742 301 2799 floriacensis
332 2743 502 2808 munacbus,
538 2744 567 2798 in
597 2743 662 2800 Vita
691 2745 804 2802 liuberti

79 2837 87 2859 ¹
106 2814 199 2871 lister
224 2827 341 2884 quoque
364 2812 471 2881 ejus»
498 2813 603 2883 inquit,
635 2816 805 2873 ‹adbelais

79 2887 130 2942 ida
151 2883 221 2940 satis
244 2884 273 2939 11
300 2894 400 2941 saneta
423 2883 573 2940 devotione
602 2886 711 2957 regina,
735 2901 805 2944 oon·

90 2954 298 3012 monasterium
328 2956 357 3009 in
381 2956 523 3010 territurio
548 2956 709 3023 Parisiensi,
736 2959 804 3013 villa

79 3026 156 3085 citur
170 3026 363 3097 argentoilus,
379 3025 430 3082 ubi
452 3040 607 3082 numerum
631 3027 803 3085 ancillarum

96 3096 251 3153 minimum
273 3096 327 3152 sub
348 3110 450 3152 norma
477 3097 573 3152 Sancti
596 3098 740 3154 Benedicti
757 3097 801 3155 vi·

79 3176 155 3224 ratas
169 3168 317 3234 adunavit,
339 3167 375 3222 ad
389 3167 502 3224 laudem
525 3177 553 3224 et
572 3169 692 3239 gloriam
712 3168 802 3225 bono·

863 2038 1008 2110 gentibus.
1022 2035 1066 2092 ild
1082 2035 1134 2091 boc
1148 2034 1328 2098 Cavenoiliis,
1344 2036 1393 2090 ubi
1409 2036 1509 2093 baberi
1523 2039 1706 2100 aestimantur

861 2123 963 2165 mansa
995 2120 1069 2172 xxx,
1089 2120 1156 2161 uum
1182 2105 1301 2161 ecelesia
1327 2106 1355 2161 in
1376 2108 1483 2163 bonore
1510 2112 1599 2167 sancii
1628 2114 1703 2170 Petri

862 2181 937 2237 Villa
952 2192 1071 2250 quoque
1096 2177 1277 2233 llontiliaeus
1298 2192 1365 2232 cuiii
1388 2180 1496 2235 iriensis
1515 2194 1564 2246 vii,
1579 2190 1607 2239 et
1620 2185 1704 2242 eccle.

860 2251 903 2306 sia
931 2251 960 2306 iu
989 2247 1202 2306 bonore'saniiti
1237 2248 1360 2302 llartini.
1388 2249 1421 2303 lu
1447 2252 1589 2308 Aconiaco
1622 2268 1705 2313 vero-

860 2322 924 2378 vieo
950 2332 1051 2377 mansa
1072 2320 1141 2375 iluo.
1157 2318 1189 2373 lu
1218 2317 1355 2374 Otrevilla
1371 2318 1502 2376 similiter
1525 2321 1583 2379 duo
1606 2338 1706 2382 mansa

860 2400 887 2448 et
920 2390 1082 2448 dimidium.
1115 2390 1192 2444 luter
1222 2386 1364 2444 nlnedum
1390 2398 1417 2445 et
1445 2390 1598 2449 bisivillam
1628 2410 1707 2453 man·

860 2477 924 2518 siim
941 2477 960 2518 1.
977 2463 1006 2517 11
1023 2460 1137 2515 Villena
1160 2473 1229 2530 ergo
1250 2473 1382 2516 mansum
1400 2477 1417 2515 i.
1437 2462 1468 2517 lii
1489 2463 1642 2521 Satrovilla
1665 2482 1705 2524 xx

861 2547 962 2589 mansa
980 2546 1047 2589 cum
1062 2531 1178 2586 duabus
1203 2530 1417 2599 piscanoutbus.
1441 2534 1474 2587 lu
1499 2534 1594 2592 insula
1618 2538 1706 2594 berli-

860 2605 930 2668 1111,
944 2611 972 2658 et
987 2603 1016 2658 iii
1030 2602 1088 2671 ipsa
1105 2600 1171 2656 villa
1192 2601 1323 2656 Cornelia
1338 2602 1427 2657 altera
1452 2603 1577 2671 piscatio.
1598 2608 1632 2663 ln
1653 2610 1706 2665 ilr-

860 2673 984 2746 geutolio
1005 2680 1163 2727 mercatum
1178 2678 1205 2725 et
1227 2670 1369 2726 teloneum
1391 2680 1521 2730 rutarum
1540 2684 1628 2746 atique
1644 2686 1703 2736 tun·

859 2753 1022 2801 sementum
1037 2742 1106 2797 vini.
1129 2742 1161 2796 ln
1185 2740 1345 2809 Lupoeurte
1364 2756 1383 2796 v
1403 2755 1513 2799 mansa.
1539 2747 1615 2803 Villa
1636 2749 1704 2805 ‘Fra-

859 2830 911 2886 pas
925 2820 1095 2885 quoquest
1110 2811 1251 2892 quidquid
1267 2811 1302 2865 ad
1317 2825 1380 2892 earu
1396 2814 1517 2882 pertinet
1531 2831 1597 2873 cuni
1612 2821 1705 2877 eecle-

859 2901 911 2942 sia.
927 2884 1179 2943 Anilecortisrero
1193 2882 1269 2947 villa,
1288 2884 1316 2938 el
1331 2884 1474 2954 quidquid
1496 2887 1533 2943 ad
1557 2902 1620 2945 eam
1640 2904 1703 2961 per·

858 2958 928 3014 tinet
951 2971 1018 3013 euni
1045 2954 1178 3034 eeclesia..
1204 2952 1402 3033 burduneiuui
1427 2969 1544 3027 quoque
1566 2958 1645 3028 villa,
1676 2970 1704 3018 et

857 3028 955 3083 omnia
969 3029 1005 3082 ad
1029 3039 1092 3081 earn
1108 3032 1278 3095 pertinentia
1301 3038 1368 3080 eum
1392 3025 1521 3082 eeclesia.
1549 3029 1703 3088 111111111-

858 3099 919 3154 lnm
934 3097 1053 3168 quidem
1070 3096 1137 3151 villa
1161 3107 1226 3149 cum
1249 3094 1377 3151 ecclesia.
1403 3095 1540 3155 Sanctum
1564 3102 1703 3168 boaiiiuin

860 3169 922 3239 [leq.
948 3171 976 3224 S.
999 3166 1130 3238 Soaniusl
1157 3165 1227 3221 villa
1249 3179 1316 3220 euin
1341 3167 1460 3222 ecelesia
1486 3178 1513 3225 ct
1540 3171 1703 3230 molendino

79 3239 180 3295 unium
209 3239 400 3309 inspiratoris,
426 3246 453 3294 et
481 3239 535 3295 sub
561 3238 669 3296 lionore
696 3248 802 3297 sanctie
819 3252 840 3307 c
858 3254 925 3306 uno,
939 3248 966 3295 et
983 3253 1050 3294 curri
1068 3236 1204 3307 arpennis
1227 3241 1375 3305 pratorum
1397 3252 1446 3293 iiii.
1472 3240 1619 3299 Bratbelas
1634 3244 1703 3301 villa

79 3310 202 3367 enitricis
220 3319 249 3366 ct
274 3317 418 3379 perpetue
451 3308 573 3379 virginis
605 3311 711 3376 blariie,
740 3327 804 3367 oin-

79 3384 96 3439 i
128 3381 247 3437 Domino
275 3380 400 3437 dedicari
426 3387 454 3435 et
479 3382 640 3436 consecrari
668 3382 799 3438 voluis·

98 3451 289 3508 ecclesiarum
319 3464 353 3506 ac
380 3449 528 3517 villarum,
559 3465 633 3520 quas
663 3451 803 3521 plurimas

81 3522 207 3579 eontulit
244 3522 426 3584 monasterio,
465 3522 713 3578 conlirinatiuuem
751 3523 804 3579 iin-

99 3606 118 3647 a
141 3593 263 3650 lieberto
283 3606 359 3663 rege.
384 3592 455 3648 Nam
481 3593 511 3647 iu
536 3592 720 3649 Oliariulario
744 3608 804 3650 ma-

79 3674 104 3722 lo
129 3664 224 3721 Sancti
249 3664 385 3732 llionysii,
410 3664 488 3732 quud
511 3663 556 3718 vir
582 3664 734 3734 multiplici
754 3679 803 3721 no·

84 3744 115 3793 et
142 3735 304 3791 eruditione
328 3733 532 3790 celeberrimus
554 3735 679 3791 lacobus
705 3738 804 3803 Augu-

79 3819 173 3863 uanus
195 3812 322 3862 asservat
338 3806 366 3860 in
381 3818 435 3860 sua
458 3804 681 3874 locupletissima
701 3806 802 3862 biblio·

79 3877 121 3934 ile
136 3885 311 3947 preceptum
324 3874 389 3932 inde
409 3875 505 3931 iecisse
519 3889 615 3947 regem
631 3874 694 3947 eius
711 3876 802 3933 filium

87 4056 163 4127 quod
184 4057 251 4124 {ecit
280 4054 415 4180 1111111111Ι
437 4070 488 4109 rea·
511 4055 675 4110 monialibus
696 4054 729 4109 de
747 4056 802 4110 Ar-

313 4142 364 4196 goi
378 4146 393 4180 o
406 4141 441 4181 io.

79 4235 116 4306 ris
137 4249 237 4307 regum
265 4241 341 4291 nutu
368 4234 544 4290 Francorum
570 4246 623 4289 rex
649 4233 799 4301 liebertus,

79 4306 153 4365 »stris
180 4305 314 4362 tidelibus
341 4304 454 4360 cunctis
483 4303 632 4360 catboliois
654 4304 748 4374 palam
773 4305 800 4360 id

79 4392 183 4435 umus.
208 4382 233 4432 A
255 4375 496 4446 predecessorum
520 4382 683 4431 nostrorum
706 4375 798 4441 cultu,

79 4464 138 4506 crae
159 4447 305 4519 religionis
325 4445 395 4517 jnra
419 4445 585 4511 coiistituto‚
610 4458 798 4516 nequaquam

857 3325 925 3367 eum
939 3310 1074 3367 omnibus
1094 3306 1270 3377 appendiciis
1290 3309 1351 3363 suis
1373 3314 1401 3364 et
1414 3309 1558 3375 ecclesiis;
1583 3312 1703 3372 blerlant

857 3394 975 3453 quoque
988 3379 1076 3448 villa;
1091 3378 1218 3436 Carisius
1229 3392 1346 3449 vinoque
1359 3379 1428 3435 villa
1446 3395 1511 3437 cum
1531 3382 1625 3440 tribus
1639 3399 1702 3440 nio-

856 3451 980 3508 lendinis
994 3458 1082 3522 atque
1107 3449 1205 3520 pratis.
1233 3449 1298 3504 llice
1319 3451 1417 3504 omnia
1443 3454 1609 3521 supradicta
1631 3469 1702 3524 prae-

856 3523 939 3580 dietis
961 3520 1134 3578 monialibus
1155 3520 1222 3574 data
1241 3521 1277 3575 ob
1298 3533 1426 3577 amorem
1451 3523 1501 3578 ilci
1515 3533 1543 3579 et
1565 3538 1702 3583 reveren-

857 3595 925 3649 tiam
955 3593 1125 3649 beaitssiuiae
1146 3590 1196 3645 llei
1211 3591 1356 3659 genitricis
1382 3592 1479 3650 blariae
1497 3596 1702 3653 confirmamus

857 3665 1037 3729 auctoritaie,
1053 3671 1198 3742 quatenus
1218 3674 1330 3730 semper
1353 3664 1407 3719 sub
1422 3664 1587 3733 plenissima
1607 3667 1701 3724 delen-

856 3736 945 3799 sione,
967 3742 996 3790 et
1013 3733 1180 3789 emunitatis
1202 3731 1321 3787 tuitione
1346 3739 1408 3788 rata
1435 3744 1630 3805 permaneant.
1659 3739 1701 3794 lta

856 3805 988 3860 videlieet
1002 3811 1035 3859 ut
1050 3803 1148 3858 nullus
1162 3800 1268 3857 abliinc
1288 3803 1324 3857 ad
1344 3818 1447 3859 causas
1469 3806 1635 3877 exigendas,
1650 3815 1701 3865 aut

856 3875 990 3932 lredavel
1008 3873 1125 3939 tributa,
1150 3880 1201 3927 aut
1216 3872 1378 3929 mansiones
1393 3875 1435 3929 vel
1456 3889 1570 3945 paratas
1592 3878 1700 3933 lacien-

856 3947 917 4012 das,
943 3945 988 4001 vel
1013 3944 1194 4015 lldejussores
1221 3941 1370 4009 tollendos,
1396 3954 1446 4000 aut
1477 3946 1607 4003 biimines
1637 3949 1701 4018 ejus

855 4017 989 4073 Ecclesiae
1004 4024 1061 4071 tam
1087 4016 1228 4085 ingenuos
1245 4026 1334 4093 quam
1357 4029 1464 4082 servos,
1488 4026 1698 4086 superterram

855 4101 957 4144 earum
993 4090 1216 4163 conmanentes,
1246 4084 1353 4154 iniuste
1388 4084 1610 4158 distringendos,
1648 4102 1701 4147 neo

856 4158 930 4216 ullos
950 4158 1076 4214 redditus
1104 4164 1155 4213 aut
1185 4155 1297 4211 illicitas
1322 4155 1483 4213 occasiones
1511 4161 1700 4230 requirendas

855 4230 961 4286 nostris
974 4236 1002 4285 et
1015 4227 1121 4284 tuturis
1147 4225 1324 4296 temporibus
1349 4227 1459 4299 ingredi
1476 4230 1591 4299 audeat,
1607 4232 1651 4289 vel
1666 4245 1700 4288 ea

856 4315 921 4370 quae
936 4312 1021 4368 supra
1044 4308 1201 4355 memorata
1221 4306 1289 4354 sunt
1313 4298 1429 4367 exigere
1455 4311 1619 4370 praesumat.
1646 4303 1699 4361 Sed

855 4371 938 4427 liceat
974 4369 1044 4440 ipsis
1079 4368 1244 4439 supradicta
1278 4368 1333 4424 sub
1360 4370 1504 4427 firmitatis
1536 4373 1699 4431 defensione

855 4442 952 4513 quieto
967 4440 1066 4497 oriline
1091 4439 1242 4510 possidere,
1263 4439 1299 4495 ail
1321 4440 1463 4511 stipendia
1483 4455 1583 4499 aarum
1608 4444 1700 4501 linete·

87 4520 223 4586 volentos,
239 4519 390 4573 burtainur
403 4530 503 4573 omnes
517 4515 554 4571 ad
571 4518 657 4572 linem
672 4516 798 4572 beatitu-
816 4536 838 4590 l)
856 4526 911 4568 uus
931 4512 970 4568 ibi
992 4512 1047 4566 lico
1072 4511 1268 4566 militantium.
1292 4510 1325 4565 lit
1342 4511 1416 4567 bane
1436 4514 1646 4579 auctoritatem,
1667 4523 1700 4570 ut

79 4590 204 4654 ndentes,
227 4598 372 4660 quatenus
391 4600 573 4657 summopere
598 4586 627 4642 in
652 4587 799 4656 vigilando
856 4581 968 4639 llrmior
982 4581 1012 4637 in
1029 4580 1078 4636 bei
1095 4581 1210 4636 nomine
1227 4580 1376 4645 lrabeatur,
1395 4596 1411 4637 a
1431 4584 1563 4640 lldelibus
1583 4598 1701 4655 quoquo

79 4660 247 4727 turnebu,
267 4661 302 4716 ad
327 4658 477 4729 privilegia
501 4670 570 4729 erga
587 4670 633 4713 res
657 4658 706 4714 Dei
730 4672 800 4713 sau-

84 4732 153 4803 ejus
177 4729 400 4797 corroboranda,
430 4728 473 4784 uti
503 4728 645 4798 recipiant
675 4728 726 4799 ipsi
752 4743 800 4785 no

97 4802 294 4859 remissionem
323 4799 522 4871 peccaminum
551 4812 602 4866 pro
631 4798 798 4870 bujusmodi

79 4873 289 4944 laxaequenda.
313 4871 451 4927 Precibus
471 4870 575 4926 etenim
590 4877 696 4926 nostra
717 4869 798 4941 geni·

79 4944 176 5003 cilicet
195 4942 342 5002 adelaidis
363 4941 480 5021 reginae·
492 4939 623 5021 insignis,
648 4942 695 4998 cui
712 4954 799 5021 'pror-

79 5016 88 5073 l
103 5016 255 5086 denegare,
279 5027 379 5070 verum
404 5011 576 5069 omnimodis
594 5011 695 5068 devote
711 5024 798 5068 insor-

79 5100 176 5153 cmus,
194 5084 324 5156 promoti,
344 5097 432 5153 super
451 5082 646 5153 quarumdam
663 5080 798 5139 ecclesia·

79 5157 233 5228 larnmque
255 5154 459 5225 astipulatione
479 5152 622 5234 precepti,
647 5167 713 5223 quae
732 5152 795 5234 [teg.

79 5227 234 5285 ionialibus
258 5227 316 5284 beo
334 5224 545 5282 famulantibus
568 5237 597 5280 iu
625 5233 798 5281 munasterio

92 5298 193 5356 larisa
214 5301 254 5354 llr
273 5296 389 5363 1111111,
418 5297 455 5353 ob
476 5294 580 5350 animae
608 5309 679 5362 sua,
707 5295 797 5366 patris

94 5369 198 5434 nostri,
221 5313 352 5425 ciffoliect
375 5365 506 5438 llugonis
526 5365 616 5421 beatas
639 5365 794 5432 memoriae,

79 5448 162 5497 nstra
184 5440 325 5510 requiem,
349 5437 436 5506 dedit,
462 5436 584 5516 libenter
605 5436 669 5507 ejus
691 5436 795 5493 volun-

79 5511 182 5578 rimus,
202 5520 230 5567 et
244 5508 330 5567 dictis
349 5506 490 5574 inventes,
517 5506 682 5577 petitionem
705 5506 796 5578 ipsius

79 5580 188 5641 ratione
245 5580 370 5639 rsolvere
393 5578 571 5637 curavimus.
598 5574 672 5635 Sunt
697 5586 796 5635 autem

79 5660 123 5713 ito
138 5652 193 5711 bn.
256 5650 357 5723 primis
376 5664 410 5708 ea
445 5664 490 5708 uie
510 5645 672 5730 possidebat
686 5648 796 5721 Argen-

79 5740 84 5783 :
109 5722 207 5798 lingo,
223 5722 337 5789 donans
359 5720 408 5780 illa
511 5718 630 5778 sacratis
655 5717 727 5777 inibt
746 5720 795 5777 do·

853 4663 958 4710 sanctae
975 4653 1023 4708 Dei
1044 4651 1175 4708 Ecclesiae
1188 4661 1216 4707 et
1231 4652 1336 4707 nostris
1359 4651 1525 4721 diligentins
1547 4668 1699 4712 conserve·

854 4732 912 4791 tur,
932 4738 1020 4780 niauu
1037 4725 1153 4792 propria
1168 4721 1267 4778 subter
1287 4722 1478 4788 llrmavinins,
1497 4732 1525 4780 et
1543 4724 1630 4796 sigilli
1645 4739 1698 4783 no·

852 4795 905 4852 stri
922 4793 1226 4865 inipressioneslgnari
1239 4791 1390 4862 iussimus.
1416 4795 1524 4851 Actum
1546 4796 1574 4851 in
1589 4797 1698 4853 Pascha

852 4868 931 4938 apud
968 4864 1106 4922 Sanctum
1135 4864 1314 4934 Dionysium,
1346 4876 1422 4919 auno
1451 4878 1491 4921 xii
1530 4867 1612 4938 regni
1646 4868 1699 4924 llo·

852 4938 925 4995 berti
942 4934 1138 5065 gloriosissimi
1150 4935 1224 5007 regis
1236 4935 1425 5001 Francorum,
1441 4933 1541 4992 indict.
1559 4952 1577 4991 ι.
1588 4937 1698 4995 Franco

852 5008 1087 5092 cancelariusex
1102 5008 1182 5079 regio
1194 5015 1335 5077 praecepto
1350 5007 1504 5079 recognovi
1524 5016 1612 5081 atque
1630 5008 1698 5068 sub·

852 5092 907 5137 still
929 5094 963 5136 st.
979 5102 993 5130 ri

889 5094 1017 5216 anllter
1037 5158 1134 5206 autem
1156 5149 1329 5207 monialibus
1352 5150 1408 5208 illis
1424 5150 1563 5223 expulsis,
1589 5154 1699 5227 Argen·

852 5220 911 5277 tolii
927 5221 1133 5278 monasterium
1156 5234 1258 5277 rursus
1272 5222 1308 5277 ad
1325 5224 1478 5281 monachos
1500 5225 1625 5296 redierit,
1652 5226 1699 5283 in-

851 5292 896 5350 ira
910 5292 1043 5360 pluribus
1052 5291 1249 5347 adnotabitur.

888 5362 944 5435 (19)
969 5364 1018 5418 Eis
1044 5361 1168 5417 videlieet
1186 5362 1307 5432 corporis
1333 5366 1386 5418 inci·
1415 5366 1543 5435 portibus
1572 5372 1700 5439 ampute-

851 5436 887 5489 tis
890 5473 950 5490 .....
978 5463 1012 5473 -
1025 5431 1172 5499 Quomodo
1193 5441 1336 5490 castratus
1350 5435 1385 5491 de
1399 5444 1482 5492 nocto
1506 5436 1593 5495 luerit
1616 5439 1700 5499 abre-

850 5504 959 5572 lardus,
984 5511 1013 5563 et
1036 5502 1162 5575 qualiter
1189 5517 1289 5561 omnes
1311 5503 1479 5562 Parisiensis
1503 5506 1628 5568 civitatis
1651 5526 1704 5570 or-

850 5576 931 5633 dines
954 5574 993 5633 ad
1032 5588 1100 5632 eum
1134 5585 1220 5631 mane
1247 5576 1413 5648 congregati
1434 5582 1622 5650 stupuerunt,
1648 5595 1708 5651 aut

850 5652 962 5718 quanta
985 5660 1016 5705 se
1044 5643 1206 5703 afflixerint
1233 5642 1447 5727 lamentatione,-
1480 5647 1597 5729 plagam
1621 5650 1713 5727 iilam

849 5717 978 5791 corporis
991 5717 1054 5791 ejus
1074 5716 1251 5788 plangentes,
1273 5715 1389 5773 lemine
1406 5724 1578 5791 presertim,
1595 5725 1715 5801 optime
