3804 5962
125 162 181 219 ιω
420 152 521 212 PETRI
539 132 729 213 ABAEthissl
742 156 819 213 OPP.
841 157 929 215 PARS
948 157 984 214 11.
1003 183 1040 202 ·-
1056 155 1238 215 sandonus
1257 157 1302 214 ΕΤ
1320 157 1442 215 OPUSC.
1462 158 1580 216 ASCRT.
1822 163 1875 219 ιιθ

121 297 244 346 nosmrs
258 280 406 348 dammim
431 291 521 352 quam
533 291 568 336 ea
587 278 780 351 vindicemus,
801 287 829 338 et
851 295 903 353 per
923 281 1010 353 pah
1026 279 1086 349 dat.
1105 281 1147 340 sic
1166 280 1305 353 precipit,
1325 289 1353 339 et
1368 281 1409 339 sic
1428 280 1544 339 obedire
1562 282 1718 354 compellit.
1742 283 1800 342 Nec
1823 285 1877 342 du·

126 372 256 434 tlsntism
279 369 317 428 sd
330 369 433 427 heram
448 369 600 438 sustinere,
621 382 659 426 ne
681 369 893 442 precipitantur
911 384 972 428 sen·
1025 370 1119 428 bilant
1140 370 1219 427 missi
1246 371 1324 442 quod
1346 370 1387 427 eis
1409 369 1577 442 injungitur
1599 385 1748 444 peragere,
1773 374 1873 431 conlisi

123 462 244 524 tentiam
275 458 433 517 inleramus
458 457 607 515 vindictae.
633 459 714 517 Unde
738 459 810 517 bene
832 459 990 522 hominus,
1025 459 1060 516 de
1074 460 1212 517 mittentis
1225 467 1373 530 potestate.
1390 459 1481 526 Quam
1497 466 1525 516 et
1536 459 1575 516 illi
1590 462 1642 531 qui
1656 460 1731 518 hane
1748 462 1874 519 maxime

126 552 209 627 prius
231 548 396 619 conspicere
410 545 501 604 soluit
522 546 598 603 mala
612 546 716 605 domus
736 562 807 615 suae,
831 561 920 620 quam
939 547 970 604 in
1024 548 1263 621 conspirationem
1295 548 1423 606 fecerant
1452 549 1575 619 experti,
1611 549 1646 606 de
1680 551 1786 621 templo
1815 566 1873 608 non

117 656 161 701 -ea
179 641 358 699 severitatem
387 649 520 694 exercere
540 635 669 708 iustitiae.
690 636 863 694 sicutenim
887 643 914 693 et
935 637 970 695 de
1023 637 1109 695 semel
1130 644 1199 696 sunt
1221 638 1314 709 ejecti,
1335 652 1402 695 cum
1423 637 1474 695 uni
1494 638 1625 696 resistere
1649 652 1707 695 non
1739 641 1869 697 valerent

123 729 185 802 ipso
203 725 320 784 Genesis
339 723 426 781 relert
445 722 520 794 (ders.
546 721 587 793 ιι)
609 723 689 794 quod
711 738 778 782 cum
802 724 969 807 superbiam
1023 726 1117 783 multi.
1141 726 1196 794 Qui
1214 726 1300 784 etiam
1324 734 1386 798 post
1407 727 1483 784 hauc
1504 726 1684 796 ejectionem,
1707 734 1736 785 et
1754 743 1867 797 eurum,

121 814 328 876 aedificantium
350 819 461 870 turrem
480 824 518 868 ex
539 809 707 869 conlusione
722 811 891 884 linguarum
910 814 969 871 vel·
1023 823 1056 873 ut
1079 815 1227 885 diximus,
1260 817 1519 888 conspirationem,
1548 830 1616 874 eum
1642 824 1715 874 esset
1744 818 1872 888 quotidie

120 907 159 967 let
179 904 346 976 reprimere,
373 909 402 958 et
422 901 462 957 sio
485 913 533 957 eos
566 914 617 970 per
639 901 769 972 regiones
793 902 967 973 dispergere,
1022 903 1127 962 docens
1150 905 1181 962 in
1204 905 1326 976 templo,
1351 917 1439 977 quam
1464 905 1626 976 intrepidus
1646 914 1719 963 esset
1740 914 1871 976 patenter

120 996 204 1070 prius
221 991 362 1051 Dominus
382 988 529 1046 descendit
547 994 580 1045 ut
598 988 709 1046 videret
730 989 809 1047 illam
831 991 969 1061 superbo.
1021 993 1198 1063 ostendebat,
1218 997 1265 1051 cui
1280 994 1378 1052 omnia
1393 996 1477 1051 Pater
1499 995 1529 1050 in
1545 1008 1648 1052 manus
1662 995 1788 1052 dederat.
1815 996 1870 1052 lle·

120 1097 187 1143 rum
200 1080 363 1152 stultitiam,
384 1092 474 1151 quam
498 1076 528 1133 in
548 1090 611 1133 eam
626 1076 708 1134 daret
721 1077 903 1135 sententiam.
922 1079 968 1136 Sic
1021 1083 1111 1154 nique
1124 1098 1191 1140 cum
1206 1083 1298 1141 voluit
1313 1084 1472 1141 seeundum
1487 1083 1579 1156 legem
1594 1084 1702 1141 Pascha
1713 1083 1869 1152 celebrare,

119 1180 148 1232 st
171 1181 285 1244 peccata
306 1169 434 1227 Sodoma
453 1174 482 1224 et
510 1165 676 1224 Gomorrha
707 1167 887 1237 puniturus:
910 1171 966 1223 lte·
1021 1171 1052 1228 iu
1068 1174 1130 1243 ipsa
1153 1186 1213 1244 qua
1231 1173 1413 1244 disposuerat
1436 1173 1510 1230 tradi
1529 1180 1622 1241 nocte,
1647 1174 1739 1230 missis
1762 1172 1869 1230 iterum

117 1262 254 1327 scendum,
273 1257 378 1330 inquit,
398 1262 425 1313 et
438 1255 534 1313 udeeo
549 1261 642 1311 utrum
657 1256 804 1312 rumorem
825 1258 873 1327 qui
893 1260 968 1312 venit
1021 1259 1179 1331 discipulis,
1201 1261 1249 1318 ubi
1270 1261 1363 1318 voluit
1378 1261 1498 1319 domum
1516 1262 1571 1319 sihi
1592 1264 1620 1318 in
1636 1275 1695 1333 qua
1713 1262 1741 1318 ιι
1763 1262 1869 1319 laceret

117 1351 209 1408 ιιιιι
230 1364 312 1421 opere
328 1347 529 1417 compleverint,
552 1361 590 1400 an
612 1361 667 1400 non
682 1348 723 1400 est
740 1348 791 1414 ita,
816 1349 847 1400 ut
871 1347 964 1401 sciam.
1020 1349 1051 1406 in
1072 1350 1134 1420 ipsa
1153 1349 1265 1407 civitate
1285 1348 1412 1421 paravit.
1433 1350 1488 1418 Qui
1511 1363 1581 1422 ergo
1605 1351 1687 1408 toties
1709 1351 1738 1407 in
1765 1350 1870 1408 talibus

117 1440 293 1514 (demum,
313 1434 618 1508 neustrasiorum
635 1434 715 1504 prius
736 1434 767 1490 in
789 1432 893 1504 templo
910 1434 966 1490 cir·
1019 1444 1153 1511 potenter
1183 1438 1251 1511 egit,
1280 1452 1360 1494 nunc
1388 1452 1505 1510 quoque
1531 1437 1556 1494 si
1583 1438 1678 1506 vellet,
1699 1438 1869 1510 ubicunqne

117 1527 290 1599 cumspectis
311 1525 385 1583 male
409 1522 572 1597 agentibus,
595 1522 719 1579 ostendit
744 1536 773 1579 se
799 1523 966 1593 cognovisse
981 1573 1004 1633 Β
1022 1525 1094 1583 velle
1118 1540 1221 1597 parare
1251 1527 1403 1597 hospitium
1427 1534 1531 1598 posset,
1561 1540 1614 1583 nec
1640 1529 1669 1582 in
1699 1527 1868 1583 Bethaniam

11 1668 14 1672 .
118 1617 189 1689 quid
215 1615 331 1674 deberet
355 1613 511 1669 vindicare.
531 1611 673 1668 Exhibuit
689 1611 856 1682 patientiam
880 1611 965 1669 dille-
1019 1623 1136 1672 coactus
1150 1615 1265 1673 rediret.
1289 1615 1352 1672 Duo
1366 1615 1466 1686 itaque
1481 1616 1511 1671 in
1537 1614 1591 1671 hoc
1611 1616 1669 1686 egit
1691 1616 1821 1686 provide,
1836 1622 1870 1671 ut

116 1705 208 1764 rendo
229 1704 398 1761 vindictam.
419 1700 517 1759 Noluit
540 1701 698 1757 vindictam
715 1713 856 1769 exercere,
881 1699 967 1771 quasi
1020 1703 1151 1761 videlicet
1166 1704 1230 1762 illos
1251 1719 1325 1777 quos
1341 1706 1451 1761 vitabat
1470 1703 1648 1761 habitatione
1659 1717 1712 1761 sua
1735 1703 1869 1775 indignos

117 1792 284 1866 predictam
305 1792 458 1849 turbarum
480 1789 606 1847 conlisus
625 1803 688 1860 ope,
712 1803 771 1860 quo
792 1789 884 1860 major
901 1790 966 1862 ejus
1019 1792 1191 1863 ostenderet,
1211 1801 1239 1851 et
1258 1793 1368 1850 dilectis
1391 1793 1555 1863 hospitibus
1578 1793 1690 1864 copiam
1705 1794 1750 1850 sui
1767 1794 1797 1849 iu
1816 1807 1867 1849 ex·

117 1891 240 1954 potestas
262 1882 430 1952 appareret,
451 1892 517 1935 cum
540 1878 595 1935 hoo
613 1869 675 1935 sine
695 1878 786 1937 turbis
806 1886 963 1950 perageret.
1020 1880 1119 1939 tremis
1139 1882 1240 1949 daret,
1262 1890 1295 1939 ut
1318 1881 1371 1938 hoc
1394 1881 1488 1953 ipsum
1511 1881 1573 1953 iam
1597 1882 1682 1953 quasi
1707 1882 1867 1940 mercedem

116 1967 197 2027 Solos
220 1969 327 2040 quippe
350 1979 454 2037 pueros
474 1973 545 2022 tunc
569 1965 676 2032 adesse,
702 1972 730 2022 et
752 1965 911 2022 clamantes
934 1965 965 2022 iu
1019 1968 1219 2040 hospitalitatis
1234 1970 1381 2027 baberent.

117 2055 248 2129 templo:
279 2058 410 2112 liosonna
431 2055 488 2125 filio
517 2055 630 2110 Doridi
664 2054 814 2111 llatthoeus
841 2068 964 2111 comme·
1053 2060 1135 2114 ilaue
1148 2063 1239 2113 autem
1264 2061 1349 2128 sacto,
1364 2061 1426 2129 ipse
1445 2074 1507 2113 cum
1521 2059 1665 2130 discipulis
1681 2061 1715 2115 de
1731 2060 1865 2117 Bethania

115 2154 209 2206 morat
224 2146 335 2218 illailla.
349 2158 412 2213 ιιι,
427 2143 482 2214 ιι),
497 2143 575 2201 utin
591 2143 726 2202 laudibus
741 2142 846 2200 horum
858 2156 965 2200 recom-
1019 2147 1216 2218 Jaosotpmom
1239 2151 1376 2202 reuertens
1391 2148 1489 2201 esuriit
1508 2155 1540 2203 ut
1561 2147 1674 2204 Narcus
1698 2148 1738 2204 ait
1761 2146 1864 2219 (Maro.

114 2241 285 2309 pensaretur
309 2233 388 2306 quod
411 2232 594 2291 commiserat
617 2233 646 2288 in
680 2231 784 2289 Elisaeo
808 2244 964 2302 puerorum
1019 2247 1063 2298 ιι,
1077 2235 1111 2290 ιι
1123 2241 1151 2291 ιι
1164 2235 1299 2306 seq.):Et
1308 2235 1431 2290 uidensa
1445 2237 1523 2305 tonqe
1536 2239 1616 2305 psum
1632 2236 1865 2304 habentemsoliu,

114 2325 219 2384 irrisio.
237 2323 362 2394 Vespera
375 2322 460 2392 laeta,
477 2330 509 2380 ut
529 2322 639 2378 dietum
654 2330 706 2391 est,
733 2321 768 2378 de
782 2319 887 2391 templo
909 2320 964 2376 De·
1017 2325 1094 2377 uenit
1108 2339 1231 2394 quaereus
1244 2326 1269 2379 si
1297 2324 1365 2394 quid
1385 2326 1456 2393 sorte
1478 2326 1612 2380 inueniret
1636 2327 1666 2380 in
1682 2340 1724 2393 ea,
1745 2329 1771 2380 et
1794 2324 1864 2381 nihil

113 2415 213 2474 minus
236 2426 387 2485 egressae,
410 2411 440 2468 iu
465 2410 633 2469 Bethaniam
663 2424 731 2468 cum
761 2408 896 2480 apostolis
921 2422 965 2465 re·
1017 2415 1122 2468 incenit
1133 2420 1236 2484 prater
1251 2415 1331 2482 solia.
1348 2416 1408 2471 Non
1432 2416 1585 2470 enituerat
1608 2420 1713 2484 tempus
1736 2413 1861 2485 aarum,

114 2504 182 2574 diit,
207 2511 347 2574 tanquam
375 2501 410 2559 de
439 2500 524 2558 dumo
552 2500 752 2558 inobedientiae
782 2498 820 2555 ad
844 2497 964 2554 domum
1017 2505 1053 2558 Et
1067 2505 1109 2559 ait
1123 2504 1186 2559 s'lli:
1208 2504 1355 2574 Nunquam
1369 2519 1404 2558 eu
1426 2506 1452 2558 le
1470 2505 1578 2572 (ructus
1593 2508 1724 2560 nascatur
1748 2507 1778 2558 in
1797 2519 1865 2574 per·

112 2594 262 2653 conferens
281 2590 468 2650 ohedientia.
490 2590 579 2648 Nemo
604 2590 682 2647 enim
708 2590 798 2646 Deum
827 2586 965 2645 habitato
1013 2596 1146 2663 potuum.
1168 2596 1203 2649 Et
1225 2592 1374 2648 audiebant
1398 2592 1528 2663 discipuli
1559 2592 1643 2663 ejus,
1678 2596 1705 2648 et
1738 2593 1864 2658 arefacta

112 2698 174 2744 rem
194 2690 320 2741 meretur
333 2681 448 2748 habere,
468 2680 592 2751 nisiqui
608 2679 758 2751 preceptis
779 2678 842 2750 ejus
862 2683 963 2748 praesia
1018 2687 1058 2737 est
1088 2684 1217 2738 continuo
1255 2682 1394 2752 ficulnea,
1433 2687 1460 2736 et
1491 2683 1604 2737 veniunt
1639 2683 1863 2754 ierosolymam.

111 2780 155 2830 est
168 2771 303 2830 obedire.
327 2771 367 2825 lle
390 2768 505 2826 civitate
527 2769 565 2824 ad
593 2769 735 2825 modicam
757 2763 884 2838 procedit
906 2763 962 2822 vil·
1016 2773 1052 2827 ιιι
1083 2787 1144 2827 curn
1177 2773 1338 2827 introissent
1370 2772 1527 2841 templum,
1560 2775 1639 2842 capit
1671 2772 1769 2840 ejicere
1800 2785 1864 2826 uen-

111 2861 180 2931 laur,
198 2861 277 2933 quia,
304 2866 336 2916 ut
354 2858 472 2930 ipsemet
494 2857 544 2925 alt,
568 2858 649 2912 Multi
672 2860 761 2912 uocati
780 2859 858 2920 sunl,
879 2855 962 2925 pauci
978 2868 999 2927 c
1016 2859 1109 2916 dentes
1128 2865 1155 2916 et
1174 2867 1289 2916 ementes
1311 2862 1341 2914 in
1361 2860 1472 2930 templo,
1489 2866 1514 2916 et
1538 2875 1645 2916 mensas
1665 2860 1863 2915 nummulario-

110 2966 174 3007 uero
185 2951 262 3006 electi
274 2949 382 3022 (Matri.
395 2946 512 3016 xx,ld).
527 2945 685 3002 Jerusalem
699 2952 726 3001 ei
741 2943 880 3014 temptum
894 2952 960 3001 tan-
1013 2963 1075 3004 rum
1095 2954 1121 3003 et
1141 2948 1284 3004 cathedras
1310 2949 1487 3004 vendentium
1518 2949 1657 3005 columbus
1682 2951 1798 3004 euertit.
1827 2950 1863 3003 El

112 3055 203 3113 quam
216 3038 362 3110 propriam
376 3035 521 3094 civitatem
531 3033 685 3090 etdomum
699 3032 878 3103 relinquens,
893 3047 960 3089 eum
1012 3053 1067 3092 non
1081 3037 1186 3093 sinebat
1200 3044 1230 3093 ut
1245 3040 1392 3109 quisquam
1409 3040 1572 3107 transferret
1587 3053 1636 3093 uas
1650 3053 1701 3108 per
1721 3037 1861 3108 tempium.

111 3129 153 3187 ibi
176 3143 235 3186 non
259 3126 377 3184 haberet
400 3123 450 3181 ubi
474 3129 560 3191 caput
579 3120 731 3178 reclinaret
756 3121 866 3193 (hortu.
889 3121 958 3191 viril,
1013 3128 1049 3182 ut
1062 3141 1123 3181 eum
1147 3142 1260 3197 uespera
1272 3128 1350 3194 foeta
1373 3132 1451 3195 esset,
1468 3127 1659 3196 egrediebatur
1681 3127 1715 3182 de
1739 3128 1860 3181 ciuitate.

111 3217 184 3277 illud
208 3216 286 3289 quod
309 3216 343 3272 de
373 3228 403 3270 se
429 3213 490 3283 ipso
515 3211 655 3281 scriptum
685 3217 727 3266 est
751 3209 960 3281 adimplet31n
1012 3215 1049 3270 Et
1085 3215 1156 3272 abiit
1185 3229 1304 3273 rursum
1347 3216 1376 3272 in
1420 3217 1619 3284 Bethaniam,
1657 3216 1732 3272 sicut
1776 3214 1861 3272 relert

107 3307 226 3378 propria
239 3309 322 3372 venit,
335 3308 361 3359 et
374 3304 418 3359 sui
432 3317 492 3356 eum
505 3315 560 3355 uon
578 3305 737 3369 receperunt
746 3298 836 3371 (ioan.
857 3315 876 3367 1,
895 3300 959 3370 llll
1012 3304 1174 3367 Natthaeus,
1191 3304 1289 3376 ibique
1300 3304 1415 3362 mansit.
1433 3306 1467 3361 Et
1485 3305 1547 3361 ιιι
1567 3304 1695 3362 secunda
1708 3302 1754 3360 die
1768 3317 1786 3360 a
1806 3303 1860 3361 lia·

110 3393 288 3458 Jerusalem,
314 3391 371 3448 imo
391 3390 452 3461 jam
478 3402 536 3445 non
562 3388 739 3456 Jerusalem,
765 3403 832 3460 qum
854 3388 960 3445 dicitur
1013 3390 1068 3449 mis
1084 3392 1280 3459 haimarum,
1306 3393 1360 3450 hoc
1381 3402 1424 3450 est
1443 3393 1488 3450 die
1510 3394 1600 3451 Luuae
1620 3435 1627 3462 ,
1651 3393 1725 3450 sicut
1748 3392 1861 3449 llarcus

109 3486 179 3540 ”⁶⁸1⁰
192 3482 280 3554 eecli,
295 3480 344 3538 sed
362 3479 475 3550 asylum
491 3478 595 3535 laetam
610 3475 781 3548 tyrannidis.
805 3477 868 3533 tam
882 3477 960 3534 enim
1012 3482 1121 3551 scribit,
1138 3490 1217 3554 gesta
1240 3483 1368 3541 luerunt.
1384 3483 1458 3551 Quid
1472 3491 1525 3552 est,
1546 3483 1665 3540 Domine
1682 3483 1759 3551 lesu,
1782 3481 1860 3553 quod

111 3572 142 3631 iu
165 3570 294 3630 sumita
316 3568 464 3627 manileste
485 3567 724 3638 conspiraverant
747 3565 870 3636 majores
890 3566 960 3623 ciri·
1011 3571 1142 3627 esuriens
1160 3584 1254 3640 mane,
1277 3571 1376 3629 cibum
1391 3573 1499 3644 queris
1513 3573 1543 3630 in
1564 3572 1678 3639 arbore,
1695 3584 1784 3642 quam
1799 3584 1860 3642 prm

111 3661 178 3721 tatis
198 3669 231 3718 ιιι
250 3660 280 3717 in
299 3673 334 3716 ea
356 3657 511 3729 hospitium
531 3671 590 3714 non
606 3655 757 3714 inveniret.
781 3654 839 3712 Nec
861 3663 958 3713 tamen
1011 3660 1146 3716 omnihus
1165 3666 1277 3716 constat
1295 3674 1356 3717 esse
1377 3659 1494 3719 solitum
1516 3661 1682 3733 iejunare?
1710 3660 1860 3719 Neminem

110 3749 165 3808 huo
179 3750 244 3823 ejus
265 3749 449 3822 impotentia,
473 3747 521 3805 sed
538 3745 683 3818 patientie
700 3744 886 3803 tribuendum
904 3753 957 3803 est.
1010 3747 1218 3820 discipulorum
1242 3749 1365 3820 legimus
1388 3756 1458 3806 tunc
1482 3751 1610 3819 esurire,
1633 3749 1683 3806 sed
1703 3757 1730 3806 te
1753 3747 1859 3806 salum.

109 3840 222 3909 Posset,
248 3840 305 3897 nisi
329 3838 424 3903 vellet,
449 3851 570 3894 securus
592 3834 753 3907 hospitari,
775 3834 821 3890 cui
848 3841 958 3893 certum
1011 3837 1194 3903 llinistrahas
1216 3838 1280 3895 aliis
1300 3838 1378 3909 quod
1402 3838 1452 3895 tibi
1474 3852 1554 3895 nunc
1577 3837 1758 3909 indulgebas.
1783 3837 1860 3909 leju-

108 3936 151 3988 est
171 3929 317 3986 anemius
339 3942 422 3999 posse
444 3927 503 3983 rim
519 3925 629 3993 inlerri,
655 3924 740 3995 cujus
759 3925 893 3995 potentia
915 3931 958 3982 est
1011 3940 1068 3983 nus
1080 3927 1144 3983 aliis
1168 3926 1363 3993 ministrabas,
1387 3934 1416 3983 et
1429 3925 1559 3983 esuriens
1577 3926 1734 3997 discipulos
1748 3925 1858 3982 reficie-

74 4041 92 4062 ·
107 4019 195 4077 corda
209 4018 360 4076 hominum
375 4015 571 4088 quovoluerit
593 4012 743 4070 inclinare.
760 4013 832 4069 Nam
848 4021 956 4071 etcum
1010 4012 1072 4078 has,
1095 4013 1146 4083 qui
1169 4012 1334 4070 ministrare
1355 4026 1494 4081 veneras,
1517 4028 1575 4070 non
1598 4012 1766 4069 ministrari.
1788 4014 1859 4069 Pau·

108 4107 209 4176 soluit,
234 4107 323 4164 libere
344 4105 450 4162 ihidem
468 4102 613 4174 quidquid
631 4101 795 4159 decreverat
816 4103 884 4174 egit.
911 4104 957 4159 Di·
1009 4115 1090 4172 peres
1112 4100 1249 4168 lortassis,
1266 4101 1318 4159 etsi
1341 4111 1524 4173 spontaneos,
1551 4101 1695 4159 habueras
1718 4101 1857 4172 hospites.

107 4195 233 4265 scipulos
248 4194 317 4251 illue
331 4193 458 4264 dirigens
472 4199 504 4248 ut
517 4189 629 4248 asinam
642 4198 671 4246 et
686 4191 799 4261 pullum
811 4185 1136 4249 solvereutDNimium
1166 4191 1315 4260 reputasti,
1349 4190 1428 4262 quod
1462 4190 1544 4262 larga
1571 4203 1673 4247 eorum
1701 4198 1858 4260 paupertas

107 4291 136 4341 et
151 4281 206 4339 sibi
219 4282 395 4340 adducerent
409 4280 525 4338 nemine
540 4280 763 4347 contradicente,
779 4280 855 4338 sieut
869 4281 954 4338 dixe-
1008 4278 1163 4350 discipulos
1190 4277 1303 4336 reiecit.
1327 4278 1478 4350 Pepercisti
1508 4280 1643 4350 impensae
1665 4279 1744 4336 solus
1770 4278 1858 4334 absti-

107 4379 153 4431 rat
176 4370 322 4442 implerit,
339 4383 407 4427 cum
430 4373 527 4427 tamen
547 4367 579 4424 in
599 4382 629 4425 se
648 4369 889 4439 conspirationem
911 4369 954 4425 la·
1005 4369 1110 4435 nendo,
1127 4381 1178 4440 pro
1193 4382 1252 4440 quo
1267 4367 1396 4439 impensa
1410 4367 1508 4425 omnia
1526 4374 1640 4424 constat
1657 4381 1728 4425 esse.
1751 4356 1854 4424 Cibum

106 4469 183 4519 ctam
197 4474 256 4519 uon
275 4460 439 4533 ignoraret:
456 4458 492 4516 de
515 4472 575 4530 qua
588 4458 642 4526 his,
664 4472 739 4529 quos
755 4458 852 4526 mittit,
867 4457 952 4514 disci-
1005 4457 1130 4530 requiris
1158 4457 1189 4514 in
1212 4455 1332 4525 arbore,
1355 4471 1443 4529 quem
1464 4463 1571 4515 natura
1596 4464 1696 4528 sponte
1718 4455 1853 4527 prebeat,

105 4550 183 4623 pulis
203 4550 263 4608 ait:
297 4549 339 4606 lte
371 4552 402 4604 in
430 4549 573 4604 rostellum
602 4548 676 4615 quod
706 4552 801 4603 contra
834 4562 881 4602 oos
904 4550 953 4603 ‚est
1005 4561 1064 4604 non
1080 4560 1167 4617 quem
1181 4544 1333 4603 hominum
1348 4545 1700 4617 preparetcnraautqni
1713 4545 1854 4617 largiores

106 4640 214 4712 (Nata.
232 4653 295 4707 ιιι,
319 4637 358 4710 2),
382 4641 436 4695 hoo
463 4645 505 4694 est
524 4637 555 4694 in
583 4636 679 4694 locum
705 4637 763 4693 heo
793 4636 901 4707 pariter
923 4642 953 4693 et
1005 4643 1110 4707 augeat
1134 4647 1285 4706 expensas.
1306 4632 1417 4702 Quaeris
1430 4636 1532 4707 utique
1548 4635 1658 4704 cibum,
1683 4634 1733 4692 ubi
1756 4642 1854 4691 certus

104 4727 187 4785 vobis
211 4729 433 4804 adversantem,
459 4740 514 4783 nec
531 4726 593 4797 jam
614 4725 760 4783 civitatem
784 4725 950 4793 dicendum,
1004 4739 1035 4783 es
1055 4737 1242 4797 nequaquam
1258 4723 1357 4781 haheri
1376 4738 1453 4782 eum.
1477 4725 1540 4783 Non
1562 4739 1632 4796 ergo
1653 4724 1682 4780 id
1704 4739 1756 4795 pro
1779 4721 1856 4781 refe-

104 4817 215 4876 hocest
230 4824 405 4874 conventum
420 4815 572 4873 hominum
587 4815 623 4872 ed
635 4815 703 4887 jure
716 4813 885 4884 vivendum,
898 4813 949 4871 sed
1004 4813 1097 4871 ctione
1123 4810 1289 4884 corporali,
1326 4813 1375 4870 sed
1407 4813 1500 4885 magis
1529 4827 1581 4887 pro
1610 4813 1747 4884 mysterio
1780 4814 1854 4885 agis.

104 4906 263 4978 tyrannica
281 4905 450 4963 munitionis
471 4903 630 4962 castellnm.
655 4903 711 4970 lte,
734 4902 841 4974 inquit,
864 4902 952 4959 conh—
1004 4901 1115 4973 Quippe
1138 4916 1205 4960 cum
1227 4916 1288 4959 nou
1310 4901 1436 4974 ignores,
1460 4916 1517 4959 non
1547 4910 1618 4960 tune
1648 4909 1761 4973 tempus
1793 4915 1855 4960 esse

103 4994 204 5054 denter
225 4994 255 5050 in
279 4994 372 5052 locum
391 4994 526 5066 quamvis
548 4992 644 5059 talem,
669 4998 757 5064 atque
781 4991 852 5048 adeo
872 4991 951 5048 vohis
1002 4990 1147 5050 ficorum.
1173 4991 1326 5063 Tanquam
1347 4993 1437 5050 iratus
1459 4991 1606 5048 maledicis
1627 4991 1723 5049 arbori
1744 5032 1752 5060 ,
1776 4991 1854 5064 quod

103 5083 294 5151 contrarium,
312 5091 340 5141 et
354 5083 432 5155 quod
451 5083 587 5154 precipio
600 5081 693 5139 securi
709 5079 847 5153 peragite.
869 5079 950 5138 Unde
1001 5081 1130 5140 lruotum
1151 5096 1209 5138 non
1224 5081 1339 5149 habeat,
1363 5096 1396 5138 eo
1415 5088 1510 5138 tamar
1526 5088 1728 5154 temporeque
1747 5095 1849 5140 secun

101 5176 131 5227 et
144 5170 309 5229 subnectit:
331 5172 372 5228 let
386 5175 412 5229 si
426 5173 489 5243 quis
506 5171 582 5229 uobis
605 5170 715 5243 aliquid
733 5169 846 5238 dicerit,
866 5169 949 5226 datie
1002 5169 1072 5228 dum
1080 5177 1217 5227 naturam
1228 5183 1415 5242 nequaquam
1430 5169 1535 5226 habere
1549 5169 1679 5227 debebat.
1697 5169 1849 5228 ilaledicta

103 5260 173 5329 quia
201 5260 332 5316 Dominus
350 5261 394 5316 itis
413 5275 481 5332 opus
503 5261 595 5329 babet,
619 5266 644 5317 et
662 5262 805 5329 contestim
828 5259 949 5315 dimittet
1002 5259 1099 5317 statim
1120 5259 1226 5327 aruit,
1250 5266 1277 5316 et
1301 5260 1458 5331 potentiam
1477 5257 1673 5317 maledicentis
1696 5259 1852 5318 invisibilis

100 5360 146 5403 sos
160 5345 255 5419 (ibid,
269 5349 309 5420 ³).
323 5347 347 5406 0
361 5348 437 5407 mira
450 5350 584 5421 potentia
597 5348 788 5408 couddeutial
806 5356 947 5422 tanquam
1000 5338 1100 5416 sensit,
1115 5356 1144 5406 et
1169 5347 1254 5420 quasi
1268 5347 1406 5406 damnata
1427 5353 1468 5404 est
1489 5360 1556 5419 quae
1575 5361 1633 5404 non
1652 5347 1768 5406 meruit.
1791 5347 1852 5406 Gur

97 5434 241 5496 θοιιιιιιιι
257 5451 296 5496 ιι
308 5437 429 5511 imperio
441 5438 561 5497 mandat
579 5439 609 5497 id
620 5439 676 5508 eis.
688 5452 762 5512 quos
777 5437 809 5495 in
823 5445 946 5496 mortem
999 5435 1060 5495 ital
1073 5437 1202 5496 Domine.
1223 5434 1418 5512 Nequaquam
1437 5435 1467 5493 ld
1489 5435 1659 5496 erudelitate
1679 5434 1730 5495 sed
1753 5436 1850 5509 magis

98 5535 185 5590 sutas
205 5525 267 5601 iam
286 5527 404 5592 omnmo
433 5526 613 5600 conspirasse
635 5533 764 5590 nerent
787 5525 834 5589 sic
858 5539 945 5588 man·
998 5526 1103 5601 pietate
1127 5524 1264 5590 norlmtu
1288 5533 1403 5600 gestum
1424 5539 1496 5589 esse.
1524 5524 1570 5586 ad
1586 5531 1726 5592 umorem
1751 5525 1853 5588 homi-
