3804 5962
149 221 203 277 299
607 215 713 274 Parni
732 212 925 272 seminant
943 211 1019 270 OPP.
1040 212 1130 271 PARS
1147 216 1170 272 1.
1190 243 1225 257 -
1243 213 1434 274 EPiS'l'OLAE.
1839 221 1894 277 300

147 357 216 402 vero
229 355 427 417 nequaquam,
437 348 471 400 ut
480 353 563 399 nemo
578 337 700 411 piscium
713 351 795 397 ιιιι
810 336 992 397 mundiorem
1008 341 1033 396 d
1047 337 1144 407 inerit,
1170 337 1338 397 nuliatenus
1364 338 1420 398 boc
1450 338 1513 412 ipsa
1541 339 1598 400 nisi
1628 353 1679 412 per
1699 341 1894 402 obedientiam

145 433 202 490 lieo
215 446 304 507 quam
319 430 452 489 carnium
473 429 580 488 credat.
596 426 747 497 Quietiam
762 433 842 485 tanto
856 432 898 485 est
920 440 989 484 one·
1045 435 1211 514 prasumat,
1232 434 1260 486 et
1285 427 1454 487 nullatenus
1474 430 1528 487 boc
1550 430 1576 487 ei
1599 430 1769 504 denegetur,
1791 433 1816 490 si
1839 434 1894 491 boo

145 522 236 582 rosior
256 519 418 593 paupertati
437 519 482 576 vel
506 516 631 586 charior,
660 523 770 588 quanto
788 515 909 587 piscium
938 515 989 571 mi·
1044 532 1101 575 nou
1114 517 1238 588 levitate,
1254 518 1303 575 sed
1320 519 1427 576 virtute
1440 518 1557 576 ridetur
1572 528 1712 591 appetere,
1729 522 1808 593 quod
1828 522 1893 594 ejus

145 626 198 672 nor
224 620 267 669 est
294 608 375 683 eopia
401 621 490 681 quam
515 606 659 676 carnium,
678 612 706 662 et
727 604 824 662 minus
843 604 987 661 inlirmem
1043 607 1189 665 firmitudo
1204 607 1297 665 valeat
1314 607 1445 665 tolerare.
1464 607 1545 667 Nulli
1561 616 1659 666 tamen
1672 625 1803 683 unquam
1823 626 1892 683 per·

143 701 308 759 corroborat
330 705 477 765 naturam,
502 703 534 754 nt
558 695 588 753 ιι
606 695 696 753 altero
714 695 807 767 magis
830 703 940 766 gravet,
958 693 988 749 in
1042 697 1183 766 mittatur,
1203 705 1235 755 ut
1259 710 1310 769 per
1325 697 1381 755 hoc
1390 704 1539 755 conventu
1552 712 1606 755 nec
1620 706 1653 756 ut
1668 699 1809 771 aliquam
1816 700 1892 758 diem

142 790 232 849 altero
246 788 339 863 magis
361 785 524 846 subveniat.
546 785 604 844 Nos
628 785 727 856 itaque
742 784 865 840 iortunae
880 781 988 854 pariter
1041 786 1101 844 siue
1131 786 1194 845 cibo
1227 786 1379 859 transigat.
1417 785 1572 859 sagiminis
1598 787 1781 846 condimento
1807 796 1891 847 sexta

141 887 169 939 et
182 886 296 938 natura
310 877 461 937 hominum
480 874 670 942 consulentes,
686 873 760 931 nibil
781 872 811 930 in
831 871 986 940 alimentis,
1040 874 1112 932 ieria
1134 888 1287 947 nunquam
1316 881 1450 946 utamur,
1475 875 1524 932 sed
1554 875 1797 949 quadragesimali
1824 877 1889 937 cibo

140 976 175 1028 ut
187 968 326 1037 diximus,
341 966 397 1026 nisi
412 965 641 1039 superfluitatem
657 961 866 1021 interdicimus.
888 962 985 1033 ipsum
1039 971 1180 1022 contenta
1193 978 1298 1036 sponso
1320 979 1373 1023 suo
1394 977 1429 1020 ea
1452 964 1499 1022 die
1521 978 1605 1036 passo
1623 962 1753 1036 quadam
1771 978 1887 1037 compa·

139 1057 238 1132 itaque
252 1056 386 1115 carnium
409 1054 471 1112 sive
484 1060 656 1112 caurorum
674 1066 757 1110 ιιιιι
780 1059 984 1123 temperamus,
1040 1053 1151 1111 tiantnr
1166 1053 1349 1112 abstinentia.
1365 1052 1441 1111 liiud
1456 1067 1525 1113 vero
1537 1067 1596 1112 non
1614 1054 1708 1113 seium
1728 1055 1888 1126 probiben-

138 1154 172 1206 ut
186 1147 322 1206 omnibus
343 1143 485 1203 concessis
506 1143 600 1215 major
620 1142 656 1199 sit
679 1140 852 1199 abstinentia
874 1141 986 1198 monia·
1038 1143 1121 1212 dnm,
1149 1143 1199 1200 sed
1227 1142 1413 1200 vehementer
1439 1149 1483 1199 est
1512 1141 1736 1210 abhorrendum,
1757 1145 1836 1215 quoi
1856 1143 1886 1201 ιι

135 1235 219 1307 lium,
243 1251 332 1308 quam
354 1233 529 1307 quibusdam
555 1230 713 1290 interdictis
727 1229 810 1289 modo
832 1229 868 1288 sit
889 1242 987 1288 mona·
1039 1231 1185 1304 plerisque
1198 1232 1379 1290 monasteriis
1393 1230 1441 1303 agi
1459 1231 1540 1300 solet,
1561 1232 1639 1304 quod
1659 1232 1789 1290 videlicet
1803 1242 1886 1305 parte

137 1327 268 1384 chorum.
299 1324 393 1397 igitur
414 1323 509 1395 ipsum
535 1336 652 1393 quoque
673 1319 807 1378 carnium
835 1333 917 1376 esum
945 1318 985 1377 ita
1038 1321 1138 1393 aliqua
1162 1321 1254 1393 panis,
1270 1336 1336 1393 (ιιι
1356 1327 1487 1394 superest
1508 1321 1581 1390 esni,
1603 1329 1632 1380 et
1653 1323 1830 1394 pauperibus
1843 1330 1885 1381 est

137 1413 289 1486 temperari
303 1413 449 1481 volumus,
465 1417 498 1468 ut
517 1424 576 1466 non
597 1408 723 1481 amplius
742 1422 832 1480 qnam
853 1407 938 1465 semel
954 1407 983 1464 in
1037 1411 1223 1478 reservanda,
1243 1424 1349 1476 manus
1363 1417 1391 1468 et
1411 1409 1543 1468 cultellos
1566 1411 1709 1469 mundare
1734 1420 1762 1469 et
1787 1420 1885 1469 exter·

137 1507 182 1564 die
195 1511 322 1575 sumant,
342 1519 395 1561 ιιι
409 1503 523 1560 (ιιιιιιι
538 1501 604 1559 inde
625 1499 839 1558 ierculaeidem
854 1512 983 1572 persona
1037 1513 1104 1572 gere
1126 1501 1226 1568 soient,
1253 1506 1281 1557 et
1307 1507 1339 1557 ut
1366 1499 1479 1571 mappis
1500 1507 1621 1571 parcant
1648 1514 1814 1558 mensarum
1839 1516 1885 1573 pa-

134 1602 289 1668 parentum
309 1607 362 1650 ιιι
380 1606 511 1650 ιιοιιιιι
537 1590 637 1663 aliqua
657 1586 891 1661 superaddantur
915 1591 981 1660 pul·
1036 1603 1102 1646 nem
1117 1589 1252 1661 polluunt
1277 1602 1449 1660 pauperum.
1465 1589 1525 1645 imo
1545 1590 1610 1661 eius
1623 1591 1676 1661 qni
1689 1604 1719 1647 se
1733 1590 1885 1648 attendens

135 1691 243 1753 menta,
257 1699 310 1740 nec
322 1682 469 1740 ullatenus
480 1681 506 1739 ei
522 1680 596 1738 vesci
618 1679 701 1737 liceat
720 1678 875 1751 piusquam
892 1686 934 1735 ter
951 1679 980 1734 in
997 1658 1017 1714 Β
1036 1678 1064 1735 ιι
1081 1678 1258 1749 pauperibus
1271 1678 1312 1735 ιιι
1328 1693 1334 1734 ;
1356 1699 1369 1729 o
1388 1677 1469 1745 Quod
1492 1678 1545 1735 ιιι
1558 1692 1595 1735 ex
1614 1678 1741 1736 minimis
1755 1680 1827 1738 meis
1842 1680 1884 1738 ie-

134 1773 325 1842 hebdomada,
348 1772 442 1844 prima
464 1769 597 1829 videlicet
619 1768 700 1839 teria,
728 1767 813 1826 tertia
835 1776 862 1825 et
878 1768 981 1840 quinta
1032 1767 1120 1836 cistis,
1136 1766 1208 1824 mibi
1223 1766 1327 1824 lecistis
1341 1767 1453 1840 (Metti.
1467 1767 1628 1839 xxviii.»

133 1863 215 1933 ieria,
231 1867 466 1935 quantacunque
483 1859 570 1917 etiam
588 1857 756 1916 iestivitates
772 1857 979 1915 intercurrant.
1068 1858 1109 1913 De
1125 1855 1300 1913 abstinentia
1314 1855 1493 1928 jejuniorum
1508 1856 1652 1928 generalis
1669 1856 1811 1915 institutio
1827 1859 1882 1915 Ec·

133 1952 197 2018 Quo
218 1965 346 2024 namque
372 1948 537 2008 solemnitas
563 1948 656 2020 major
678 1953 731 2018 est,
752 1946 869 2018 majoris
891 1945 979 2004 absti-
1034 1945 1126 2003 clesiae
1142 1945 1199 2003 iliis
1212 1944 1348 2013 snidciat,
1363 1960 1416 2002 nec
1432 1959 1522 2016 supra
1536 1944 1665 2003 ddeiium
1678 1946 1816 2004 laicorum
1836 1962 1881 2004 re-

133 2040 238 2099 nentia
252 2039 401 2098 devotione
415 2046 457 2096 est
472 2038 654 2096 celebranda.
670 2037 712 2093 nd
727 2037 806 2109 quod
824 2050 878 2094 nos
893 2050 979 2109 egre·
1033 2035 1169 2108 ligionem
1187 2033 1218 2091 in
1240 2034 1294 2091 boc
1307 2048 1356 2091 ιιι
1380 2047 1504 2107 gravare
1523 2035 1729 2107 praesuminus,
1755 2051 1807 2093 nec
1821 2037 1881 2094 vir-

132 2129 199 2202 gius
218 2130 317 2186 doctor
331 2127 487 2201 Gregorius
500 2125 698 2184 Naziaurcnns
721 2128 905 2184 venementer
924 2140 979 2182 ex·
1034 2124 1088 2181 tuti
1112 2123 1242 2183 virorum
1266 2137 1368 2181 earnm
1397 2124 1594 2181 inlirmitatem
1614 2126 1644 2182 ιι
1665 2124 1719 2182 boc
1744 2126 1879 2196 praeierro

131 2217 261 2285 hortans,
278 2216 329 2274 lib.
347 2230 377 2274 ιι
400 2216 441 2273 De
455 2213 616 2272 luminibus
639 2214 686 2272 vei
700 2214 836 2271 secundis
850 2214 977 2285 Epipha·
1031 2213 1181 2270 audemus.
1197 2214 1242 2270 Ab
1264 2214 1437 2285 aequinoctio
1460 2227 1529 2270 vero
1551 2213 1715 2271 autumnali
1731 2215 1878 2286 usquead

131 2307 197 2376 niis,
213 2307 253 2363 ιιι
269 2322 276 2361 :
293 2326 308 2357 «
327 2305 409 2363 Diem
425 2304 530 2364 lestum
555 2302 809 2373 celebremusnon
824 2303 920 2361 ventri
936 2303 979 2359 in·
1031 2302 1142 2360 Pascha
1156 2311 1274 2375 propter
1288 2304 1401 2360 dierum
1424 2302 1594 2360 brevitatem
1614 2317 1704 2360 unam
1722 2304 1753 2359 in
1767 2304 1813 2361 die
1830 2318 1877 2362 eo·

129 2394 292 2467 dulgentes,
307 2394 356 2451 sed
376 2392 478 2464 spiritu
500 2392 689 2460 exsultantes,
706 2412 721 2443 »
738 2392 816 2449 idem
831 2391 881 2449 lib.
898 2406 927 2448 ιι
943 2392 978 2450 de
1031 2391 1198 2449 mestionem
1237 2390 1370 2449 sulficere
1399 2392 1561 2450 credamus.
1601 2391 1682 2456 Quod
1715 2392 1786 2463 qnia
1818 2407 1877 2450 non

129 2484 292 2541 Pentecoste
314 2489 342 2537 et
363 2479 472 2552 Spiritu
495 2486 593 2537 sancto
618 2495 625 2535 ι
653 2479 720 2536 «ιιι
741 2479 789 2536 ιιι
814 2488 857 2536 est
880 2488 978 2536 noster
1030 2495 1081 2551 pro
1100 2479 1274 2539 abstinentia
1295 2479 1451 2553 religionis,
1468 2480 1517 2536 sed
1533 2480 1738 2551 probrositate
1755 2481 1877 2540 dicimus

128 2574 219 2631 iestus
244 2573 316 2641 dies,
341 2591 355 2625 u
376 2572 426 2640 ιιι,
450 2591 462 2622 ι
489 2572 518 2627 ιι
543 2571 648 2628 anima
671 2572 821 2628 thesauros
850 2586 975 2643 perenne
1029 2569 1175 2641 temporis,
1196 2569 1278 2626 nulia
1300 2569 1347 2626 bic
1369 2569 1503 2626 ciborum
1523 2583 1630 2642 genera
1651 2569 1875 2641 distinguemus.

127 2661 238 2734 aliquid
253 2669 281 2718 et
296 2668 469 2733 perpetuum
489 2660 689 2717 recondamus.
707 2675 764 2717 non
779 2674 813 2717 ea
828 2675 894 2732 quse
912 2674 975 2731 per·
1065 2659 1198 2716 Pretiosa
1221 2667 1323 2725 vestes,
1343 2671 1417 2730 quas
1435 2659 1552 2715 omnino
1576 2658 1726 2729 scriptura
1745 2657 1875 2726 damnat,

127 2756 280 2810 transeunt
303 2757 331 2808 ct
353 2747 562 2807 dissolvuntur.
589 2748 700 2806 Suidcit
724 2749 839 2820 corpori
865 2748 975 2805 malitia
1027 2762 1212 2820 summopere
1227 2748 1388 2821 fugiantur.
1408 2748 1448 2805 De
1461 2747 1570 2819 quibus
1592 2761 1645 2804 nos
1660 2747 1804 2818 pracipuc
1823 2751 1876 2806 llo·

126 2853 190 2911 sna,
213 2854 271 2896 non
294 2839 404 2910 indiget
433 2837 589 2909 copiosiore
618 2836 749 2905 materia,
778 2851 830 2893 nec
849 2835 973 2895 insolens
1028 2839 1125 2896 minus
1153 2838 1309 2897 dehortans
1333 2844 1362 2895 et
1379 2836 1508 2894 damuati
1533 2834 1630 2893 divitis
1652 2837 1817 2907 superbiam
1840 2839 1875 2895 de

92 2984 100 3004 ,
125 2928 217 2986 bestia
239 2926 501 2985 abundantioribus
523 2926 593 2983 cibis
617 2933 650 2983 ιι
669 2924 836 2983 insolentior
862 2927 921 2996 ssat,
945 2936 972 2984 ct
988 2952 1010 3010 ρ
1027 2926 1063 2984 iis
1075 2933 1202 2996 accusat,
1217 2934 1246 2984 et
1263 2926 1382 2983 loannis
1403 2924 1595 2982 humilitatem
1618 2927 1780 2982 econtrario
1793 2929 1874 2996 ;com-

124 3017 279 3077 violentius
294 3023 405 3088 urgeat.
424 3035 436 3065 ι
453 3015 562 3072 Idcirco
585 3023 682 3072 autem
700 3014 890 3087 spiritualiter
907 3030 971 3073 ma·
1025 3017 1152 3074 mendat.
1181 3015 1263 3084 Quod
1292 3014 1394 3072 beatus
1413 3012 1565 3086 diligenter
1588 3015 1741 3072 attendens
1767 3015 1874 3088 Grcge

124 3108 168 3182 gis
186 3114 229 3163 est
248 3105 361 3178 agenda
382 3103 556 3173 solemnitas,
580 3116 669 3176 quam
691 3111 718 3160 et
741 3103 842 3162 beatus
868 3106 972 3162 Hiero·
1024 3105 1087 3165 rius
1109 3104 1227 3162 homilia
1245 3103 1471 3175 Evangeliornm
1495 3105 1522 3158 ti.
1540 3124 1554 3154 α
1577 3103 1651 3171 Quid
1664 3112 1717 3171 est,
1734 3124 1747 3158 n
1764 3104 1871 3177 inquit,

125 3207 232 3265 nymns
253 3193 317 3265 ejus
340 3191 500 3263 discipulus
521 3200 647 3262 ιιιιιιι,
670 3193 699 3249 ιι
723 3193 844 3264 epistola
859 3208 912 3252 sua
927 3194 970 3263 ,de
1024 3215 1039 3246 ι
1053 3195 1146 3252 dicere
1162 3210 1169 3249 ι
1185 3194 1238 3260 Qua·
1256 3193 1381 3248 mollibus
1401 3195 1566 3261 vestiuntur,
1582 3196 1611 3248 is
1635 3194 1758 3250 domibus
1777 3210 1872 3264 regum

123 3282 247 3354 acceptis
283 3281 456 3340 muneribus
497 3282 536 3338 ita
576 3281 702 3353 quodam
737 3281 798 3339 ioco
840 3282 970 3341 meminit
1023 3288 1088 3341 runt
1115 3282 1224 3354 (Metti.
1246 3296 1288 3347 ιι,
1313 3281 1361 3353 8);
1384 3282 1439 3337 ιιιι
1463 3290 1563 3353 ιιιιιι
1588 3283 1730 3340 sententia
1756 3282 1872 3342 demon·

123 3370 214 3443 (epist.
242 3371 309 3442 lep:
333 3391 344 3420 ι
369 3369 447 3426 unde
467 3368 549 3424 nobis
571 3365 721 3424 sollicitius
745 3367 966 3438 providendum,
1022 3379 1114 3428 strare
1130 3371 1209 3442 quod
1222 3384 1282 3428 non
1298 3369 1415 3438 celesti,
1435 3370 1484 3426 sed
1503 3377 1616 3427 terreno
1631 3385 1719 3442 regno
1733 3370 1868 3440 militant,

119 3465 153 3516 nt
175 3458 330 3516 solemnem
357 3457 432 3514 diem
453 3471 510 3514 non
537 3464 595 3514 tam
622 3456 753 3513 ciborum
777 3455 967 3526 abundantia,
1022 3461 1074 3533 qui
1089 3474 1140 3532 pro
1154 3460 1209 3516 ileo
1234 3459 1343 3531 perpeti
1357 3473 1460 3530 aspera
1482 3458 1611 3531 lugiunt,
1631 3460 1681 3516 sed
1702 3460 1770 3516 solis
1792 3468 1870 3518 exte·

119 3560 209 3619 quarn
236 3546 354 3619 spiritus
379 3545 555 3604 exultatione
579 3543 772 3614 celebremus;
787 3545 866 3619 {qnia
883 3545 967 3602 vaide
1021 3548 1147 3607 rioribus
1169 3549 1259 3607 dediti
1283 3549 1429 3620 presentis
1447 3548 1515 3606 rita
1535 3548 1683 3606 mollitiem
1705 3548 1868 3606 delectatio·

119 3637 280 3697 absurdum
300 3644 342 3694 est
358 3636 449 3693 nimia
467 3635 617 3694 saturitate
637 3637 780 3693 honorare
804 3634 878 3692 velle
891 3648 967 3691 mar·
1020 3653 1146 3710 nemque
1161 3639 1316 3712 qnaerunt‘i
1327 3659 1342 3690 ι
1361 3637 1440 3695 ldem
1456 3637 1572 3694 bomilia
1587 3640 1643 3695 40:
1668 3659 1682 3687 «
1699 3636 1772 3696 Sum
1791 3652 1869 3696 non.

118 3732 211 3798 tyrem
236 3739 323 3798 quem
342 3725 468 3784 sciamus
488 3727 545 3782 Deo
564 3725 706 3797 placuisse
727 3723 857 3796 iejuniis.
876 3742 887 3771 ι
905 3725 966 3780 du·
1020 3728 1105 3798 nulii,
1137 3729 1189 3801 qui
1213 3729 1325 3786 cultum
1358 3727 1509 3785 subtilium
1542 3728 1793 3799 pretiosarumque
1819 3742 1867 3785 ve·

118 3816 254 3889 gustinns
267 3816 307 3872 De
322 3814 497 3887 poenitentiae
506 3814 648 3872 medicina
663 3815 736 3885 (cap.
749 3813 777 3885 4)
793 3827 800 3869 :
818 3835 832 3864 α
844 3811 966 3871 Attouda
1020 3818 1109 3876 stium
1124 3833 1182 3876 non
1200 3825 1305 3890 putant
1331 3831 1392 3875 csse
1412 3824 1571 3888 peccatum.
1592 3817 1673 3885 Quod
1694 3817 1826 3874 videlicet
1841 3817 1865 3874 si

118 3911 158 3964 tot
171 3912 332 3978 martyrum
346 3903 446 3961 millia.
469 3903 528 3960 Cur
542 3904 620 3961 enim
637 3902 769 3959 natalitia
783 3916 884 3960 eorum
900 3916 965 3959 con·
1019 3908 1105 3980 culpa
1128 3921 1186 3965 non
1208 3915 1298 3977 esset,
1317 3920 1505 3978 nequaquam
1526 3920 1621 3964 sermo
1645 3906 1695 3964 Dei
1711 3913 1770 3963 tam
1793 3907 1866 3979 vigi·

116 3993 203 4053 viriis
221 3995 357 4066 turpibus
380 3992 526 4050 celebrare
544 3992 676 4058 delectat,
696 4000 724 4048 et
748 4004 850 4048 eorum
872 3990 965 4048 vitam
1019 3997 1113 4055 lenter
1133 3999 1318 4069 exprimeret,
1343 3996 1421 4068 quod
1440 3995 1531 4062 dives,
1547 3996 1598 4067 qni
1618 3996 1808 4067 torquebatur
1827 3997 1865 4054 ad

116 4083 199 4156 sequi
212 4083 338 4140 honestis
352 4083 481 4139 moribus
501 4095 559 4138 non
578 4081 747 4139 delectati»
763 4079 880 4149 Quoties
895 4095 964 4138 vero
1018 4085 1133 4156 interos,
1157 4085 1241 4156 bysso
1270 4092 1299 4142 et
1327 4098 1460 4156 purpura
1489 4085 1610 4141 indutus
1635 4083 1746 4141 luisset.
1775 4084 1864 4142 Nemo

115 4187 202 4229 carne
231 4173 362 4242 deerunt,
395 4171 453 4228 duo
489 4171 530 4228 eis
566 4170 676 4229 iercuia
711 4169 963 4242 qualiumcunque
1019 4175 1309 4248 quipperestimenta
1328 4174 1475 4246 precipua
1489 4173 1544 4231 nisi
1559 4173 1596 4230 ad
1610 4173 1725 4230 inanem
1741 4173 1863 4246 gloriam

113 4260 331 4333 PulmessiOrilffi
365 4259 559 4329 wssoedimub
596 4274 649 4318 nec
685 4257 840 4332 superaddi
872 4257 963 4329 pisces
978 4249 1001 4305 D
1018 4265 1133 4336 qnaerit,
1153 4263 1285 4322 videlicet
1300 4270 1332 4322 ιι
1354 4262 1551 4320 honorabilior
1570 4263 1680 4320 certeris
1694 4275 1754 4320 esse
1768 4262 1865 4322 videa·

114 4349 310 4422 prohibemus.
325 4348 405 4406 Nulli
424 4363 492 4408 vero
514 4349 630 4421 pretiosi
644 4361 760 4418 mperes
779 4347 849 4405 cibis
871 4361 962 4418 appe·
1017 4360 1075 4410 tur.
1095 4352 1168 4410 Nam
1184 4367 1235 4424 pro
1257 4351 1319 4410 soie
1331 4351 1411 4409 inani
1427 4350 1520 4424 gloria
1541 4349 1746 4409 vestimentum
1763 4351 1854 4422 pretio

113 4446 223 4497 uantur
246 4438 276 4495 in
296 4446 451 4508 conventu,
473 4437 522 4494 sed
546 4436 579 4494 iis
602 4439 743 4493 contenta
762 4435 829 4502 sint,
845 4450 911 4508 qua
931 4437 961 4494 ιι
1016 4456 1082 4501 sum
1097 4440 1249 4514 quaeritur.
1266 4441 1320 4500 iles
1334 4441 1396 4512 ipsa
1411 4447 1543 4510 testatur,
1557 4440 1636 4511 qnod
1650 4454 1735 4497 nemo
1749 4439 1813 4498 ruit
1822 4439 1863 4496 ibi

114 4535 201 4600 terra,
221 4543 310 4600 qnam
336 4527 512 4597 inhabitant,
530 4533 708 4594 nascuntur;
730 4525 875 4584 iructibus
892 4540 960 4584 vero
1015 4531 1147 4603 pretiosis
1162 4531 1289 4591 restibus
1313 4530 1405 4599 indui,
1421 4529 1473 4588 ubi
1494 4531 1530 4587 ab
1550 4529 1614 4588 aliis
1635 4543 1693 4586 non
1708 4528 1797 4599 possit
1818 4529 1864 4587 vi·

112 4619 240 4677 nonnisi
262 4618 291 4675 ιι
314 4631 397 4676 crena
415 4622 579 4675 vescamur.
604 4616 658 4672 Pro
680 4615 887 4673 medicamento
910 4629 961 4673 au.
1014 4619 1076 4677 deri
1099 4621 1121 4691 (l
1137 4622 1209 4677 Pctr.
1231 4619 1284 4691 ιι).
1308 4640 1322 4670 s
1343 4620 1368 4675 A
1389 4632 1449 4691 qno
1469 4627 1497 4676 et
1516 4618 1611 4690 prima
1632 4617 1708 4675 Petri
1731 4618 1862 4692 Epistola

112 4710 169 4766 ιιιι
185 4708 293 4782 quibus
313 4721 386 4778 opus
411 4704 508 4775 fuerit,
533 4703 696 4762 velhcrbas
717 4703 762 4762 rei
782 4704 893 4761 radices
907 4718 958 4762 sen
1013 4708 1166 4767 saculares
1203 4717 1232 4767 et
1250 4708 1421 4781 conjugatas
1454 4709 1574 4766 laminas
1604 4706 1760 4766 dehortans
1794 4707 1858 4767 ait:

110 4797 224 4858 tructus
237 4798 359 4871 aliquot,
380 4795 425 4856 rei
440 4794 497 4853 aiia
511 4793 680 4866 huiusmodi
694 4807 848 4866 nunqnam
861 4794 959 4866 prohi-
1013 4821 1028 4850 α
1043 4798 1179 4856 Similiter
1202 4805 1230 4856 et
1253 4798 1389 4856 mulieres
1414 4798 1537 4856 subdite
1562 4797 1619 4855 sint
1641 4794 1714 4854 viris
1739 4797 1810 4866 snis,
1826 4805 1861 4856 nt

111 4887 213 4947 bemm
231 4888 337 4946 mensis
360 4887 475 4959 apponi.
499 4884 527 4943 Si
543 4899 603 4957 qua
625 4884 697 4942 iorte
721 4885 875 4958 peregrina
898 4900 957 4944 ιιι-
1011 4895 1039 4945 ιι
1052 4890 1077 4945 ιι
1088 4888 1139 4961 ιιι
1154 4902 1212 4946 ιιι
1228 4888 1351 4946 credunt
1364 4888 1454 4947 verbo
1469 4901 1518 4959 per
1532 4887 1688 4945 mulierum
1708 4901 1860 4945 conversa·

109 4976 195 5034 nialis
220 4974 345 5048 bospitio
371 4983 485 5047 recepta
508 4974 616 5032 mensis
642 4973 781 5043 intererit,
801 4971 911 5031 feronio
930 4973 957 5032 ei
1010 4976 1127 5045 tionem,
1152 4977 1214 5035 sine
1235 4977 1325 5036 verbo
1349 4977 1513 5047 lucrifiant3
1535 4975 1751 5033 considerantes
1773 4975 1804 5033 in
1825 4977 1860 5035 ti·

108 5064 208 5138 aliquo
228 5065 412 5136 superaddito
434 5062 584 5122 charitatis
605 5065 708 5122 sentiat
733 5064 954 5123 humanitatem.
1010 5079 1090 5124 more
1117 5073 1226 5125 castam
1249 5067 1494 5126 conversationem
1517 5074 1652 5124 vestram.
1673 5063 1803 5133 Quarum
1820 5067 1859 5126 ιιι

106 5153 147 5212 ιιι
161 5168 220 5227 ιιι
237 5154 354 5225 quidem
370 5154 394 5211 si
408 5154 480 5227 qnid
500 5152 674 5212 distribuere
694 5154 829 5225 volucrit,
846 5152 953 5210 licebit.
1009 5168 1068 5213 non
1090 5156 1271 5214 extrinsecus
1288 5156 1472 5228 capillatura,
1493 5162 1545 5211 ant
1565 5154 1755 5212 circumdatio
1779 5155 1856 5226 auri,

106 5242 175 5300 ilaec
199 5248 308 5312 ιιιιιι,
323 5243 367 5301 ιιι
380 5244 404 5300 si
427 5242 525 5315 plures
548 5242 666 5314 luerint,
683 5244 712 5300 in
726 5243 836 5315 maiore
855 5256 955 5300 mensa
1008 5252 1059 5303 aut
1087 5244 1250 5304 indumenti
1268 5244 1500 5303 vestimentorius
1520 5243 1629 5311 cultus,
1657 5243 1706 5300 sed
1729 5243 1781 5315 qui
1802 5245 1856 5302 ab·

105 5329 282 5401 residebunt,
315 5340 344 5391 et
369 5333 410 5390 eis
436 5332 599 5391 diaconissa
632 5331 817 5390 ministrabit.
852 5333 953 5389 Postea
1008 5333 1156 5392 sconditus
1180 5335 1266 5393 corde
1286 5340 1329 5392 est
1357 5332 1443 5391 bomo
1465 5331 1739 5404 incorruptibilitate
1762 5333 1856 5404 quieti

104 5433 172 5478 cum
196 5420 269 5490 aliis,
299 5436 366 5495 qua
393 5422 499 5479 mensis
522 5420 698 5486 ministrant,
728 5427 900 5480 comestura.
921 5419 952 5478 si
1006 5430 1033 5482 et
1052 5422 1173 5482 modesti
1194 5422 1326 5496 spiritus,
1348 5421 1427 5496 qnod
1444 5430 1487 5481 est
1509 5422 1541 5480 in
1559 5428 1717 5494 conspectu
1739 5422 1856 5481 bomini

104 5521 245 5582 quarere
263 5523 398 5574 sororum
414 5507 539 5583 parciori
557 5509 753 5573 cibocaruem
766 5509 885 5573 domare
898 5523 950 5574 so·
1004 5509 1133 5586 locuples
1157 5513 1180 5584 (ι
1206 5513 1281 5571 Patr.
1314 5525 1358 5586 m,
1391 5509 1433 5586 i).
1456 5533 1472 5568 s
1499 5511 1576 5573 liene
1606 5518 1705 5572 ιιιιιι
1731 5509 1857 5573 eminas
