3804 5962
54 204 102 257 tot
612 168 616 173 ¹
759 202 877 261 shuuo
896 204 1017 261 xxxm.

1754 213 1806 267 om

53 322 219 380 humilians
246 335 275 378 se
299 327 326 378 et
340 320 437 377 diceus
467 336 535 379 curu
557 323 721 395 Propheta:
738 325 796 393 apo
815 328 905 380 cutem
920 331 943 385 A
959 337 989 381 se
1007 325 1043 382 ad
1077 326 1153 382 hanc
1182 324 1463 382 administrationem
1478 325 1642 398 digniorem
1668 328 1802 399 aestimat,

53 426 115 465 sum
128 412 239 476 vermis,
256 416 308 465 etc.
326 409 482 478 (Pschxxv,
498 412 538 482 7.)
553 410 682 479 Qualiter
693 420 790 468 autem
806 414 906 484 quisli-

54 499 155 557 hetdo
177 497 402 570 congregatione
426 510 593 572 assumptus
609 502 772 559 interiorem
793 503 859 559 aliis
875 517 906 559 se

54 589 199 647 estimare
220 593 320 664 potest,
343 595 369 643 et
398 591 535 648 assentire
558 606 591 648 eo
613 591 675 649 loco
691 606 720 649 se
744 592 827 662 poni,
848 606 906 663 quo

54 678 203 737 meliorse
229 681 336 754 dignus
353 683 399 739 sit.
432 684 486 739 Aut
514 682 633 753 quidem
656 681 833 752 perniciosus
853 687 904 750 est,

53 767 171 825 aliosse
191 769 341 829 iuleriores
362 772 513 838 aestlrrrare,
534 778 561 827 et
577 784 634 826 non
660 769 761 827 audire
784 773 904 842 Aposto-

54 857 117 912 lum
132 856 277 916 dicentem
295 877 302 915 :
320 863 359 917 Tu
377 864 438 928 quis
461 876 497 926 cs,
515 863 563 930 qui
578 859 690 929 jctdicus
706 860 828 914 alienum
844 875 902 914 ser·

55 962 120 1000 sura
136 945 248 1017 illlum.
279 963 340 1018 xvv,
357 950 397 1022 ι.)
423 949 548 1007 Maxime
562 963 629 1005 cum
641 955 668 1004 et
679 949 765 1019 jrrxta
785 948 903 1017 Bedavm

56 1049 126 1105 quae
138 1036 231 1093 dubia
246 1047 315 1094 suut
343 1039 373 1094 in
403 1038 549 1095 vireliorem
566 1046 675 1109 partem
691 1036 846 1094 debeamus
861 1037 906 1093 iu·

56 1126 224 1195 terpretari.
254 1147 268 1175 o
303 1126 384 1194 erod
419 1126 570 1197 Apostolus
598 1141 715 1198 qnoque
746 1127 905 1196 attendens,

960 416 1139 486 mirandum,
1155 416 1298 490 valdeque
1322 418 1488 474 mirandum
1507 424 1568 485 est,
1583 418 1609 474 si
1628 416 1664 475 de
1683 431 1737 475 sua
1750 417 1805 476 ele

960 506 1053 562 ctione
1067 508 1178 562 caeteris
1193 507 1351 577 reprobatis
1376 506 1405 563 in
1425 508 1578 564 elationem
1598 522 1656 564 uon
1683 507 1802 564 incidat.

960 594 1100 651 Ut-enim
1138 594 1286 650 rhetoricae
1311 594 1520 665 complexionis
1550 593 1803 666 argumentatione

960 690 1036 752 utar,
1073 697 1161 755 quam
1195 691 1351 739 cornutum
1383 682 1585 755 syllogismum
1608 684 1803 754 Hieronymus

959 779 1052 839 vocat,
1082 772 1206 844 prolecto
1225 780 1277 828 aut
1304 772 1450 829 irreliorem
1471 786 1501 830 se
1520 773 1629 830 cacteris
1643 778 1670 828 et
1689 771 1726 828 ad
1749 771 1805 828 hoe

959 860 1133 933 digniorem,
1163 862 1295 929 aestimat,
1317 868 1441 917 autnon
1466 862 1597 918 aestimat.
1620 860 1648 918 Si
1670 860 1802 929 aestimat,

960 963 1019 1020 quo
1043 951 1136 1023 magis
1164 952 1201 1007 oh
1223 951 1389 1007 bumilitate
1416 951 1551 1008 monachi
1584 950 1702 1017 recedit,
1723 956 1803 1006 unio

960 1038 1089 1095 deterius
1119 1040 1149 1095 in
1164 1039 1317 1096 elationem
1336 1039 1423 1105 cadit,
1444 1046 1470 1095 et
1489 1053 1521 1095 eo
1544 1039 1604 1108 ipso
1625 1052 1684 1110 quo
1698 1050 1728 1093 se
1747 1050 1804 1092 me·

960 1126 1061 1183 liorem
1081 1129 1182 1195 credit,
1203 1128 1372 1185 deteriorem
1387 1128 1473 1184 ellicit
1484 1143 1493 1198 3
1506 1128 1531 1183 si
1550 1141 1607 1183 non
1623 1127 1755 1192 aestimat,
1775 1138 1804 1181 se

57 1226 128 1269 eum
145 1215 344 1285 praemisisset:
361 1215 455 1288 (ibid.)
472 1218 512 1271 Tu
526 1218 632 1284 quises,
649 1218 698 1285 qui
711 1215 823 1285 judicos
840 1215 906 1269 olie—
960 1216 1095 1275 videlicet
1124 1219 1235 1276 caeteris
1259 1218 1295 1274 ad
1323 1217 1376 1273 boc
1393 1230 1455 1273 esse
1490 1216 1655 1283 ureliorem,
1683 1214 1734 1271 sed
1757 1211 1803 1269 vel

58 1318 125 1359 ιιιιιιι
145 1303 278 1359 seruum?
309 1306 483 1360 suoilomt’uo
509 1308 637 1373 stodeat
670 1304 754 1367 cadit,
771 1304 905 1377 adjecit:
961 1306 1101 1377 aequalem
1116 1306 1182 1364 aliis
1208 1307 1255 1363 vel
1281 1305 1456 1374 inferiorem,
1485 1304 1609 1377 prolecto
1629 1300 1804 1359 nonnullum

59 1392 157 1448 Stabit
170 1398 272 1461 cratem,
300 1394 330 1449 in
343 1393 489 1451 meliorem
502 1393 634 1450 videlicet
650 1401 758 1464 partem
783 1393 906 1450 dubium
961 1401 987 1450 et
1007 1395 1037 1450 in
1051 1395 1104 1452 hoe
1114 1395 1278 1468 periculum
1293 1396 1435 1452 occurrit:
1451 1394 1475 1450 si
1486 1394 1565 1450 enim
1579 1391 1723 1464 aequalem
1736 1387 1806 1446 aliis

58 1490 243 1538 convertens.
255 1480 331 1550 Quid
350 1482 475 1554 denique
492 1481 692 1554 periculosius,
711 1490 739 1540 et
754 1483 782 1539 ln
807 1496 907 1553 super·
961 1484 1069 1540 excidit
1087 1499 1104 1540 a
1123 1485 1305 1556 supraposito
1324 1483 1431 1557 regulae
1456 1482 1602 1540 canonicae
1623 1495 1682 1551 quo
1706 1477 1805 1551 praeci·

58 1570 139 1628 biam
155 1571 277 1642 pronius
305 1585 393 1643 quam
422 1570 492 1628 alios
520 1570 669 1627 inferiores
691 1586 721 1628 se
749 1571 904 1637 attendere,
962 1573 1089 1643 piturad
1105 1574 1281 1631 humilitatis
1306 1573 1477 1641 custodiam,
1498 1579 1531 1627 ut
1545 1573 1570 1628 si
1591 1568 1701 1626 caeteris
1732 1565 1804 1624 inle-

56 1660 175 1717 etiamsi
192 1659 338 1716 interiores
366 1666 394 1717 et
417 1660 544 1731 impares
579 1660 690 1716 meritis
724 1660 906 1717 videantur?
962 1662 1067 1718 riorem
1098 1676 1156 1719 uon
1180 1662 1274 1718 solnm
1304 1661 1470 1733 pronuntiet
1499 1673 1696 1728 vocaverunt
1715 1656 1804 1714 etiarn

59 1748 143 1807 Unde
157 1755 185 1804 et
199 1748 362 1804 Pharisaeus
383 1748 573 1819 publicanum
592 1749 850 1820 respicienssratuu
866 1750 906 1806 in·
961 1759 1054 1807 teneat
1077 1752 1107 1807 ln
1127 1751 1212 1807 cordo
1230 1767 1238 1822 ;
1255 1751 1301 1807 sin
1320 1759 1418 1807 erstem
1434 1750 1616 1815 deteriorem,
1635 1753 1667 1803 ut
1682 1750 1802 1816 oportet,

59 1837 182 1905 tumuit,
197 1845 274 1894 etex
289 1838 502 1908 comparatione
522 1838 644 1895 minoris
658 1853 907 1911 magnumseaes·
961 1855 990 1897 se
1022 1840 1153 1908 astituat,
1179 1848 1291 1912 quanta
1310 1841 1348 1897 sit
1377 1838 1561 1910 presumptio
1589 1835 1685 1892 videat
1709 1833 1804 1890 locum

58 1927 258 1997 limans,quae
273 1926 415 1983 habuerat
424 1927 525 1983 merita
536 1928 659 1998 perdidit
668 1945 676 1994 3
685 1929 724 1984 sic
738 1944 754 1985 e
767 1943 906 1986 converso

58 2015 236 2088 publicanus
251 2016 286 2072 de
301 2017 512 2086 comparatione
528 2017 605 2073 illius
629 2024 770 2088 tanquam
792 2018 908 2089 majoris

60 2119 113 2176 per
142 2104 336 2161 humilitatem
351 2107 479 2163 excrevit
508 2105 664 2162 inmeritis
681 2107 756 2173 (Luc.
785 2120 814 2161 x.
835 2109 866 2162 ι8
880 2113 907 2162 et

59 2193 142 2265 seq.)
155 2192 233 2249 Nihil
249 2193 356 2265 quippe
371 2193 407 2249 ad
421 2194 588 2264 superbiam
606 2194 644 2250 ita
654 2209 706 2250 nos
717 2194 816 2261 trabit,
833 2194 908 2251 sicut

61 2281 213 2338 iuleriores
229 2282 378 2352 respicere,
392 2290 420 2338 et
445 2296 511 2353 quae
526 2281 581 2338 illis
592 2283 666 2339 hona
678 2282 783 2340 desunt
804 2283 833 2339 in
852 2283 908 2339 illis

60 2370 219 2428 attendere.
245 2370 321 2427 Nihil
342 2371 381 2427 ita
400 2371 547 2442 proficitad
562 2371 747 2428 obtinendam
771 2372 817 2429 vel
840 2387 907 2430 con·

60 2459 449 2524 servandamhumilitatem,
469 2460 714 2531 quemadmodum
732 2475 781 2517 eos
801 2461 908 2518 intueri

60 2547 114 2619 qni
133 2561 185 2604 nos
200 2548 365 2618 praecedunt
386 2548 547 2616 inmeritis,
567 2556 599 2604 ut
618 2549 745 2605 sciarmrs
756 2549 827 2621 quid
838 2549 909 2606 desit

30 2654 35 2663 ·
61 2637 157 2704 nobis,
177 2651 236 2693 non
268 2636 339 2708 quid
360 2637 433 2693 desit
452 2637 527 2693 aliis.
549 2635 630 2705 erod
659 2637 812 2710 diligenter
834 2642 907 2709 rlpo·

59 2724 154 2782 stolus
184 2725 378 2794 considerans,
407 2727 639 2798 Philippensibus
664 2727 802 2796 scribens,
837 2727 905 2782 ait:

62 2814 184 2883 fratres,
223 2830 270 2883 eqo
295 2832 335 2870 mc
357 2817 478 2871 noudum
514 2817 634 2872 arbitror·
665 2816 905 2887 comprehendisse.

961 1943 1102 2000 occupare
1130 1929 1268 1994 melioris,
1289 1936 1316 1986 et
1336 1943 1386 1999 per
1406 1927 1595 1984 ambitionem
1617 1923 1804 1995 sacrilegium

962 2019 1071 2089 rapinae
1099 2019 1286 2075 committere.
1317 2018 1445 2087 benique
1469 2030 1535 2072 cum
1560 2011 1714 2084 Apostolus
1741 2010 1806 2068 dili-

962 2114 1062 2178 genter
1091 2107 1259 2178 episeopum
1278 2106 1454 2172 describens,
1478 2105 1556 2160 dicat
1576 2118 1582 2158 :
1604 2103 1715 2172 Oportet
1741 2116 1805 2170 erqo

962 2198 1116 2265 episcopum
1157 2196 1422 2265 irreprehensibilem
1450 2209 1516 2261 erse,
1538 2195 1619 2247 unitos
1642 2193 1737 2247 uaeris
1763 2192 1805 2245 ui·

962 2300 1033 2351 ιιιιιι,
1051 2285 1192 2347 doctorem,
1215 2299 1269 2338 nora
1283 2284 1424 2353 cupidum,
1453 2299 1509 2337 suae
1529 2282 1621 2336 domui
1637 2280 1702 2335 bene
1727 2295 1804 2349 prae·

960 2377 1090 2444 positum,
1111 2373 1180 2443 filios
1207 2373 1348 2428 habentem
1363 2372 1486 2427 sabditos
1500 2387 1560 2425 cum
1574 2372 1649 2425 omui
1677 2371 1805 2425 castitate

963 2464 994 2519 st
1023 2465 1083 2533 quis
1111 2468 1200 2517 uutcm
1226 2463 1320 2518 domui
1345 2478 1401 2517 suae
1420 2476 1536 2531 praeesse
1550 2461 1645 2526 nescit,
1674 2456 1806 2527 quomodo

963 2553 1088 2607 Ecclesia
1113 2554 1163 2607 Dei
1193 2551 1366 2620 diligentium
1399 2551 1506 2605 herbebit
1530 2548 1544 2604 ι
1582 2548 1692 2618 Oportet
1715 2550 1806 2601 aulem

963 2641 1040 2695 illum
1055 2645 1081 2695 et
1109 2643 1292 2696 testimouium
1317 2641 1413 2695 lubere
1441 2640 1537 2694 boucam
1555 2638 1588 2692 ub
1603 2639 1644 2691 bis
1663 2639 1711 2703 qui
1735 2637 1806 2703 foris

963 2736 1036 2797 socrat,
1053 2735 1083 2783 ut
1095 2745 1148 2783 uon
1164 2732 1193 2783 in
1208 2729 1384 2797 opprobrium
1398 2729 1503 2783 ineidat
1518 2727 1541 2798 (1
1557 2728 1639 2793 Tim,
1653 2726 1680 2793 ³,
1694 2725 1733 2794 2),
1745 2731 1802 2781 etc.

998 2818 1088 2875 liuha
1104 2819 1130 2873 iu
1148 2816 1440 2888 descriptioneillius,
1462 2817 1513 2888 qni
1532 2814 1688 2885 episcopali
1700 2814 1808 2884 diguus

63 2906 154 2959 diuum
167 2909 270 2975 erotem,
286 2920 346 2974 quae
362 2905 471 2971 quidun
499 2911 571 2959 retro
587 2909 662 2975 sunl,
676 2906 844 2972 obliviscens,
872 2906 908 2961 ud
924 2902 945 2958 C
962 2909 999 2965 sii
1013 2907 1241 2975 electione,cura
1252 2906 1385 2979 diligenti
1400 2904 1525 2977 collegii,
1540 2918 1577 2960 ex
1593 2902 1704 2974 quibus
1714 2915 1807 2973 paueat

61 3008 172 3048 cucero
188 3008 248 3059 qua
277 2998 341 3047 sulit
358 2995 454 3063 priora
474 2993 619 3049 cateridem<
643 2997 785 3064 tueipsttm,
811 2993 847 3048 ud
862 2994 908 3048 ‹le-

60 3084 198 3137 stinutctm
211 3098 362 3153 prosequor
391 3082 516 3137 bronium
541 3098 666 3152 superstas
692 3085 841 3138 coactionis
859 3085 910 3138 Del

42 3166 210 3227 'inchrislo
234 3173 298 3226 Jcsu
314 3170 445 3241 (Philipp.
464 3187 504 3237 ιιι,
524 3171 623 3243 itt-lh).
643 3169 818 3241 Quicumque
840 3185 910 3241 crgo

59 3256 181 3327 perlecti
194 3271 307 3325 sumus,
320 3258 374 3314 hoc
388 3258 558 3315 sentiamus.

95 3345 180 3413 Quod
200 3346 422 3417 ergohominus
437 3347 474 3403 ad
507 3347 719 3418 reprimendam
743 3347 909 3419 superbiam

59 3433 216 3492 consilium
232 3435 360 3504 dederat,
373 3450 539 3508 proponens
551 3437 636 3494 nohis
662 3436 798 3495 Pharisaei
813 3445 841 3495 et
856 3453 910 3508 pu-

59 3523 169 3581 blicani
206 3524 386 3596 parabolam,
411 3525 516 3581 adhoc
544 3525 728 3597 postmodum
759 3527 911 3597 Apostolus

58 3615 179 3685 proprio
201 3613 332 3669 incitavit
356 3614 503 3684 exeruplo,
527 3615 809 3671 dicensseuouduun
833 3616 910 3672 arbi·

60 3700 133 3758 trari
160 3715 191 3757 se
204 3701 453 3771 comprehendisse
467 3703 495 3758 id
510 3703 547 3759 ad
562 3708 639 3775 quol
666 3704 768 3771 tendit,
784 3705 837 3761 hoe
858 3711 909 3772 est,

59 3789 237 3847 nondumse
262 3789 415 3847 illiusesse
442 3791 537 3848 meriti
574 3793 651 3863 quod
676 3793 819 3850 desiderat
854 3793 913 3850 adi-

58 3878 146 3953 pisci.
177 3876 257 3944 huod
274 3878 393 3950 quidem
417 3886 448 3934 ut
463 3878 591 3936 obtineat
605 3879 731 3950 qualitor
754 3880 783 3935 id
813 3879 910 3951 possit,

59 3965 216 4039 diligenter
230 3968 331 4039 aperit,
349 3968 447 4024 dicens
465 3982 494 4025 se
514 3966 543 4023 in
563 3969 616 4024 hoc
634 3984 693 4025 uno
712 3968 859 4039 occupari,
881 3974 913 4023 ut

59 4069 128 4127 quae
140 4061 218 4112 retro
228 4062 297 4111 sunt
308 4054 510 4124 obliviscatur,
527 4056 604 4110 etad
624 4069 658 4110 ea
678 4069 743 4125 quae
756 4063 822 4112 ante
842 4061 911 4111 sunt

59 4144 200 4201 extendat
224 4158 263 4212 se,
285 4143 339 4200 boc
353 4150 395 4200 est
414 4143 490 4200 hane
510 4142 539 4199 in
572 4144 710 4215 operibus
728 4143 774 4200 vel
800 4143 912 4199 meritis

58 4233 216 4291 hominum
235 4233 377 4290 rationem
397 4232 511 4300 habeat,
531 4239 563 4287 ut
582 4248 648 4303 quac
662 4233 803 4305 dignitate
817 4234 912 4303 priora

59 4330 131 4380 sunt
162 4322 201 4378 ad
230 4320 398 4393 exentplum
432 4322 604 4379 imitationis
622 4322 750 4393 aspiciat,
771 4337 828 4379 non
849 4337 914 4393 quio

60 4410 223 4484 posteriora
237 4419 307 4467 suxit
320 4411 465 4483 respiciat.
495 4413 576 4467 Neruo
592 4412 708 4483 quippe,
730 4420 761 4468 ut
780 4413 838 4483 ipse
859 4412 912 4467 llo·

60 4503 173 4570 virinus,
200 4500 250 4570 alt,
278 4504 388 4555 mittens
413 4516 525 4555 retortum
554 4500 592 4555 ud
619 4507 754 4569 orutruru,
781 4506 806 4556 et
828 4502 914 4571 respi-

60 4593 136 4647 ciens
161 4594 245 4657 rctro,
270 4595 408 4661 epitescat
428 4605 511 4659 reguo
535 4592 584 4645 Dei
601 4588 677 4662 (Luc.
703 4605 744 4654 ut,
770 4590 825 4661 bt),
841 4589 914 4661 quia

60 4680 202 4753 quisquis
216 4680 252 4736 ad
272 4678 348 4735 bona
368 4692 454 4748 opera
472 4678 597 4749 festinat,
614 4680 639 4736 si
656 4679 809 4737 deteriores
824 4679 912 4750 respi-

60 4770 119 4826 ciat
140 4783 183 4836 se,
204 4775 231 4824 et
250 4782 308 4825 neu
318 4768 447 4825 meliores
462 4768 599 4847 attendat,
612 4769 693 4841 regni
708 4768 831 4826 coelestis
853 4767 914 4824 adi-

61 4866 126 4915 tum
147 4856 332 4925 sibiclaudit,
348 4856 418 4928 quia
436 4857 471 4914 de
488 4858 699 4930 comparatione
718 4859 867 4914 minorum
883 4857 912 4912 in

60 4948 122 5005 suis
141 4946 256 5003 meritis
270 4947 399 5017 amplius
420 4947 551 5015 conlidit,
567 4948 651 5004 sicuti
668 4946 830 5004 Pharisaeus
855 4945 912 5015 ille,

61 5038 113 5111 qui
134 5051 207 5093 cum
220 5037 370 5093 Abraham
382 5043 409 5093 et
428 5037 592 5107 superiores
612 5037 642 5093 in
672 5035 783 5094 meritis
815 5038 913 5093 Patres

60 5127 193 5199 aspicere
216 5125 374 5195 debuisset,
402 5126 590 5196 publicanum
605 5127 741 5197 respexit,
763 5140 851 5197 quem
873 5125 915 5182 iu·

61 5216 199 5274 leriorem
227 5215 336 5272 meritis
354 5215 517 5273 aestimavit.
544 5218 597 5284 lta,
614 5216 726 5284 iratres,
750 5230 817 5274 cum
848 5214 914 5286 quis

61 5306 96 5362 de
115 5312 196 5362 catu
220 5303 430 5362 monachorum
462 5306 498 5362 ad
530 5307 727 5376 episcopatum
746 5312 915 5375 assumptus

62 5394 222 5452 occatoris
247 5401 389 5466 tanquam
409 5394 594 5453 interioribus
615 5402 776 5468 comparat,
804 5394 914 5467 qulbus

963 2998 992 3053 in
1018 2997 1097 3053 huno
1116 2996 1211 3053 locrrm
1240 2995 1429 3063 contulimus,
1458 2994 1506 3050 sed
1521 3007 1555 3050 ea
1580 3007 1646 3064 qnae
1675 2988 1807 3048 suliicere

962 3086 1108 3143 credimus
1123 3085 1170 3141 bis
1186 3085 1215 3141 iu
1230 3084 1446 3141 excreationem
1466 3084 1514 3138 sni
1534 3080 1729 3152 praetendere,
1755 3078 1807 3151 qui

963 3174 1108 3231 seinvitos
1127 3172 1163 3229 ad
1183 3172 1380 3244 episcopatum
1399 3172 1476 3228 trahi
1490 3170 1672 3243 promentur.
1688 3168 1717 3238 Si
1729 3168 1808 3225 enim

963 3263 1093 3320 dixerint
1119 3262 1173 3331 his,
1199 3262 1346 3334 aquibus
1373 3262 1542 3327 trahuntur,
1567 3274 1596 3316 se
1616 3254 1806 3330 apostolicam

963 3367 1051 3423 super
1068 3352 1120 3409 hec
1134 3353 1306 3408 senteutiam
1322 3352 1395 3408 velle
1407 3351 1521 3416 audire,
1536 3358 1563 3407 et
1587 3347 1703 3420 qualem
1736 3345 1808 3418 eligi

963 3428 1092 3511 oporteat
1105 3441 1273 3511 episcopum
1305 3440 1341 3496 ab
1362 3439 1422 3510 ipso
1442 3452 1623 3510 cognoscere,
1644 3449 1712 3492 cum
1739 3433 1809 3491 reci·

964 3536 1023 3584 tata
1033 3542 1069 3585 ex
1085 3530 1196 3600 integro
1210 3526 1300 3584 hierit
1315 3528 1350 3583 ah
1365 3526 1498 3597 dpostolo
1511 3524 1623 3597 prolata
1640 3521 1805 3594 descriptio,

964 3617 1056 3684 nulla,
1083 3618 1115 3673 ni
1141 3617 1232 3683 lallor,
1258 3615 1392 3687 reperiet,
1413 3616 1521 3687 quihus
1542 3630 1571 3670 se
1597 3610 1809 3670 rationabiliter

964 3705 1067 3775 poterit
1079 3720 1227 3769 excursare,
1243 3720 1303 3776 quo
1318 3705 1411 3776 magis
1439 3702 1618 3775 Apostolum,
1643 3703 1701 3759 imo
1722 3698 1810 3772 spiri·

964 3801 1026 3850 tuur
1049 3793 1100 3849 Dei
1121 3793 1151 3849 iu
1170 3808 1202 3849 eo
1223 3793 1396 3864 loquentem,
1413 3805 1502 3863 quam
1517 3790 1694 3847 coactionem
1721 3786 1811 3845 bomi-

964 3897 1037 3939 num
1058 3883 1142 3953 sequi
1157 3881 1268 3938 debeat.
1291 3882 1365 3947 Quid
1388 3887 1430 3937 est
1448 3880 1527 3937 enlm
1547 3877 1624 3948 quod
1658 3877 1756 3934 statim
1776 3877 1807 3933 iu

966 3972 1027 4041 ipsa
1041 3970 1134 4027 lronte
1153 3968 1355 4040 descriptionis
1376 3962 1809 4039 prauusitirreprehensitttemt

964 4059 1035 4129 Quis
1058 4059 1093 4115 de
1118 4058 1211 4115 saluto
1238 4072 1293 4114 sua
1311 4057 1465 4125 sollicitus,
1503 4056 1557 4112 hoc
1575 4054 1685 4123 audito,
1707 4052 1807 4110 statim

929 4146 1067 4234 „pedem
1098 4161 1156 4204 non
1185 4147 1291 4212 trabat,
1317 4153 1345 4202 et
1374 4159 1433 4202 non
1465 4144 1560 4216 stragis
1590 4141 1661 4198 illud
1686 4140 1808 4198 alterius

967 4235 1087 4307 apostoli
1101 4236 1211 4293 dictum
1224 4235 1351 4292 attendat
1367 4235 1528 4289 :inmeritis
1548 4234 1620 4287 enim
1646 4228 1810 4302 offendimus

967 4324 1076 4381 omnes?
1094 4322 1151 4397 (tua
1179 4339 1219 4392 ιιι,
1235 4325 1275 4396 t.)
1298 4324 1411 4392 eranto
1426 4323 1514 4380 etiam
1530 4322 1701 4394 diligentius
1734 4317 1807 4375 illud

967 4424 1009 4473 est
1027 4414 1243 4483 attendendum,
1264 4413 1341 4486 qnod
1361 4412 1486 4470 secundo
1501 4411 1561 4467 loco
1591 4411 1704 4481 adjecit,
1728 4410 1811 4464 ouius

968 4507 1062 4560 uxoris
1076 4507 1177 4570 circio,
1193 4510 1290 4574 etpost
1304 4502 1420 4558 virodum
1432 4500 1574 4557 rationem
1586 4498 1751 4570 supposuit,
1771 4496 1813 4553 di·
1844 4548 1847 4552 ,

967 4607 1045 4658 cene,
1062 4592 1202 4647 lubentem
1217 4592 1286 4663 filios
1301 4589 1423 4646 subditos
1441 4605 1501 4643 cum
1525 4591 1598 4643 omui
1612 4585 1749 4643 costt'tote.
1779 4584 1813 4639 st

968 4684 1028 4749 quis
1055 4687 1145 4737 uotam
1170 4681 1342 4744 demulsero,
1368 4686 1420 4735 etc.
1438 4677 1595 4735 Consulens
1621 4677 1730 4746 quippe
1748 4686 1812 4745 pro-

968 4770 1049 4827 batas
1063 4771 1093 4827 in
1106 4770 1211 4827 saeculo
1226 4784 1362 4841 personas
1381 4770 1416 4826 de
1431 4767 1594 4823 minoribus
1613 4765 1649 4821 ad
1673 4763 1811 4835 majorem

968 4859 1116 4916 transferri
1132 4859 1221 4931 iuxta
1249 4858 1320 4915 illud
1343 4856 1546 4913 Dominicum:
1568 4855 1622 4921 Qui
1646 4851 1735 4923 fidelis
1760 4854 1814 4907 erit

966 4951 997 5004 iu
1011 4951 1134 5017 ruiuimo,
1157 4948 1245 5018 fidelis
1271 4950 1322 5002 crit
1341 4951 1367 5003 el
1385 4949 1416 5001 iu
1434 4944 1536 5015 majore
1555 4944 1633 5013 (Luc.
1663 4956 1735 5010 xvr,
1751 4940 1810 5013 lo),

967 5038 1022 5094 boc
1034 5037 1215 5109 potissimum
1229 5037 1334 5108 puroet
1354 5034 1561 5101 consilium,ut
1587 5032 1687 5104 quiin
1715 5032 1816 5089 matri·

968 5127 1063 5183 monio
1084 5126 1170 5198 positi
1191 5126 1315 5191 lucrant,
1349 5130 1377 5179 et
1396 5123 1474 5178 circa
1489 5120 1677 5179 domesticam
1706 5133 1811 5178 curam

968 5214 1041 5271 boue
1056 5214 1177 5287 gessisse
1210 5212 1322 5285 probati
1349 5219 1429 5281 sunt,
1455 5211 1540 5282 quasi
1556 5209 1714 5281 spiritalem
1742 5223 1813 5266 uxo·

968 5317 1029 5359 rem
1044 5304 1163 5367 ducant,
1183 5308 1211 5358 et
1222 5299 1380 5356 horuiniean
1395 5300 1500 5355 domus
1515 5313 1616 5357 curam
1635 5298 1808 5369 suscipiant.

969 5391 1049 5457 Quod
1061 5398 1088 5447 et
1115 5390 1174 5461 ipse
1187 5388 1454 5459 hovrriuusproprio
1472 5388 1631 5446 declaravit
1665 5385 1808 5458 exemplo,
