3804 5962
104 196 159 255 408
400 192 502 250 emat
522 188 711 248 summunt
729 187 803 247 01²9.
823 184 914 243 PARS
930 182 968 244 ll.
989 210 1024 231 ··
1040 182 1227 244 SEBHONES
1245 184 1289 242 ET
1306 181 1426 243 OPUSG.
1445 183 1562 243 asem.
1803 180 1858 235 Μ

107 333 231 392 sponsus
250 317 421 375 crucietur?
444 315 525 374 Unde
550 321 626 372 recto
653 312 707 371 hoc
734 326 828 371 unum
856 310 956 369 mortis
971 313 995 366 Δ
1009 319 1058 371 tna
1071 313 1132 370 suis
1145 312 1191 371 vel
1205 311 1307 370 alienis
1324 310 1464 378 vestibus,
1479 318 1507 368 ct
1528 322 1580 382 per
1595 315 1636 369 tot
1650 308 1714 367 lora
1727 315 1787 366 tam
1801 308 1855 364 im·

108 408 282 481 patibulum,
299 420 372 463 crux
388 402 579 462 acrnciando
597 401 782 474 cognoscitur
799 400 918 458 dictum.
1009 402 1056 474 ple
1076 403 1242 468 distractus,
1264 409 1297 459 ut
1320 402 1357 459 ab
1385 400 1521 458 omnibns
1546 397 1639 471 magis
1663 396 1857 454 illuderetur?
1888 395 1897 452 l

143 498 216 555 Ecce
239 496 342 552 seriem
372 493 524 550 beminicae
552 491 705 562 passionis,
736 498 822 562 prout
847 503 955 546 memo·
1010 491 1077 564 quis
1099 491 1225 563 denique
1241 498 1408 548 sanctorum
1434 489 1538 561 ipsum,
1561 502 1621 560 quo
1644 486 1794 544 necandus
1816 500 1859 542 es·

107 587 158 646 vim
182 585 317 650 occurrit,
344 597 381 641 ex
406 580 581 653 evangelicis
614 579 784 652 collegimus
820 579 954 650 scriptis;
1009 588 1063 647 set,
1089 579 1253 652 patibulum
1277 579 1408 651 bajulare
1429 576 1598 648 compulsus
1625 575 1693 632 estl
1716 575 1792 640 Quid
1822 574 1858 631 ad
1893 574 1897 614 ¹

108 691 175 749 qnae
198 687 286 745 super
308 670 434 745 singula,
459 678 492 728 ut
518 669 627 727 dictum
655 676 708 736 est,
731 667 955 735 consideremus,
1009 669 1074 738 boc,
1101 668 1214 737 iratres,
1239 669 1408 740 recogitare,
1441 666 1487 723 vel
1513 666 1608 722 dicere
1634 664 1777 730 valemus,
1803 663 1860 718 nisi

107 778 142 822 sa
164 778 230 835 quae
254 769 374 818 mortem
402 765 610 831 praecesserunt
632 758 693 828 ipsa
717 765 810 814 morte
833 755 956 828 prolecto
1009 757 1081 816 illud
1105 757 1305 830 propheticum
1331 757 1361 812 in
1393 755 1476 812 uobis
1494 767 1606 824 semper
1632 752 1820 826 ingemiscere
1848 767 1856 806 t

108 853 253 929 graviora,
280 849 325 908 vel
353 847 554 914 intolerabilia,
580 846 710 903 luerunt.
738 845 818 903 Unde
843 858 896 901 nec
924 850 957 901 ut
1009 846 1082 913 Quid
1102 848 1253 902 retribuum
1276 846 1386 901 Domino
1407 859 1460 915 pro
1483 843 1608 899 omnibus
1634 857 1696 912 quse
1723 841 1860 896 retribuit

109 948 281 1010 moreretur,
296 939 391 1010 lraugi
405 937 432 994 ei
451 949 540 995 crura
554 936 630 992 sicut
650 933 811 991 latronibus
828 932 875 990 vel
891 932 956 990 lan·
1010 933 1106 991 miii?
1126 935 1211 1007 (Paul.
1232 948 1300 1003 cxv,
1318 934 1361 1004 li)
1374 940 1403 991 et
1425 946 1477 1003 pro
1496 931 1608 989 viribus
1629 930 1785 988 nostrised
1813 928 1858 985 vi·
1892 930 1896 995 l

107 1042 158 1087 cea
172 1027 319 1086 vulnerari
340 1039 455 1083 necesse
480 1024 544 1092 init,
566 1023 618 1095 qni
642 1022 679 1080 ad
698 1021 818 1079 celerem
836 1028 956 1078 mortem
1010 1037 1072 1082 cem
1096 1030 1184 1081 tantae
1206 1021 1355 1079 charitatis
1382 1022 1446 1093 ejus
1469 1019 1644 1078 reddendam
1669 1032 1721 1075 nos
1747 1031 1858 1088 praepa·
1893 1008 1896 1023 '

108 1132 145 1175 ex
160 1125 201 1174 tot
213 1125 241 1174 et
260 1115 358 1182 tantis,
375 1127 441 1186 quae
455 1119 523 1169 unte
536 1125 652 1168 crucem
668 1110 783 1174 tulerat,
800 1111 957 1181 perductus
1011 1126 1086 1181 rare,
1102 1112 1177 1169 sicut
1191 1119 1219 1168 et
1232 1110 1368 1168 subditur
1389 1125 1397 1166 :
1419 1109 1535 1167 Culicem
1556 1110 1688 1164 soluturis
1714 1110 1859 1177 accipiam,

107 1212 158 1264 cst.
185 1203 339 1261 conteram
355 1209 576 1272 martyresque
598 1199 673 1271 passi
698 1205 778 1267 snut,
793 1205 821 1254 et
840 1196 957 1253 videant
1010 1208 1064 1258 etc.
1081 1199 1183 1272 (ibid).
1199 1199 1280 1266 Quod
1301 1198 1372 1270 quia
1397 1198 1504 1255 virium
1529 1205 1693 1255 nostrarum
1720 1209 1779 1253 uon
1805 1203 1857 1263 est,

108 1295 140 1352 in
155 1293 370 1365 comparatione
396 1288 551 1347 Dominicis
574 1285 714 1359 passionis
735 1286 817 1344 nulla
834 1299 895 1343 esse
910 1283 956 1342 vel
1011 1297 1043 1347 ut
1065 1289 1185 1373 calicem
1213 1286 1348 1344 salutaris
1378 1287 1565 1358 accipiamus,
1590 1286 1643 1343 boc
1664 1292 1706 1342 est
1732 1282 1860 1356 passioni

108 1397 200 1456 parva
215 1397 281 1454 quae
295 1379 371 1452 passi
386 1386 465 1436 sunt.
482 1376 563 1436 Unde
576 1384 605 1434 et
619 1376 692 1433 bene
711 1377 740 1432 in
756 1376 820 1446 ejus
834 1387 957 1445 persona
1010 1378 1093 1436 Iesus
1108 1376 1240 1448 patiendo
1263 1376 1523 1442 communicemus,
1539 1383 1566 1432 et
1590 1383 1718 1431 nostram
1740 1385 1860 1445 quoquc

108 1471 282 1543 suspirantis
304 1467 432 1526 Ieremia
457 1465 625 1523 lamentatio
647 1464 805 1536 proclamat
830 1477 837 1519 τ
858 1462 957 1518 Attea·
1010 1480 1125 1524 crucem
1147 1464 1314 1534 bajulando,
1336 1478 1403 1521 eum
1430 1478 1612 1535 sequamur3
1636 1461 1695 1533 ipse
1715 1475 1769 1518 sua
1788 1472 1859 1532 gra-

109 1561 166 1615 dite
189 1563 215 1614 et
241 1558 331 1613 uidete
356 1559 381 1612 si
402 1560 442 1612 est
464 1555 542 1611 dolor
559 1555 658 1610 merallu
679 1557 752 1610 stem
783 1553 861 1609 dolor
881 1557 956 1607 meisa
973 1595 994 1649 Β
1011 1558 1051 1613 tia
1074 1555 1157 1613 nobis
1179 1553 1318 1622 conterat,
1342 1553 1377 1610 ad
1401 1553 1539 1610 honorem
1569 1552 1654 1624 cnjus
1678 1553 1780 1623 ipsam,
1801 1562 1860 1621 qua

110 1647 258 1715 libres-1,
276 1643 330 1715 ¹2).
347 1642 503 1700 attendant
528 1641 583 1698 ¹1⁰⁰
603 1640 750 1708 mulieres.
774 1649 813 1707 0¹,
838 1639 956 1696 11le-
1011 1645 1150 1717 redempti
1176 1655 1288 1711 snmus,
1306 1655 1421 1700 crucem
1444 1641 1490 1699 die
1514 1654 1689 1700 veneramur
1707 1640 1860 1698 hodierna.

109 1735 184 1793 cbiel
199 1733 339 1800 meminit,
355 1733 431 1790 lacta
446 1744 515 1787 voce
529 1743 619 1801 supra
639 1731 866 1795 lirmamentum,
881 1733 958 1784 stent
1011 1736 1115 1792 Amen,

110 1823 256 1889 animalia,
286 1831 314 1880 et
338 1820 511 1878 submittant
534 1819 595 1875 alas
621 1831 690 1876 suas
719 1818 828 1890 (Eaecb.
856 1832 876 1883 1,
900 1819 956 1887 ιι).
1325 1818 1445 1877 sunnio
1464 1820 1537 1875 xiil.

108 1913 181 1979 Quid
198 1920 295 1970 autem
314 1911 527 1968 firmamentum
543 1908 632 1976 aliud,
648 1921 738 1979 quam
760 1905 836 1963 beati
851 1907 956 1979 angeli,
1320 1923 1350 1966 ur
1368 1923 1414 1966 ms
1431 1923 1556 1966 pmcne.

108 2005 217 2060 dublelis
235 1999 440 2058 corruentibus
460 1996 632 2065 confirmati,
648 2003 691 2053 est
709 1994 958 2068 intelligendum?
1046 1998 1194 2067 Quantum
1209 1996 1437 2054 adlevationem
1453 1997 1499 2053 vel
1525 1998 1661 2054 bonorem
1684 1995 1860 2053 feminarum

107 2090 162 2161 Qui
191 2103 258 2148 cum
282 2089 365 2145 nobis
391 2087 488 2144 adbuc
514 2085 684 2142 mortalibus
715 2084 857 2157 dignitate
884 2096 958 2155 qua·
1012 2087 1156 2161 paschalis
1192 2085 1347 2144 exsultatio
1388 2085 1577 2143 solemnitatis
1608 2084 1763 2156 pertineat,
1801 2091 1861 2142 tam

108 2182 176 2239 dam
197 2180 255 2237 sint
278 2177 450 2248 superiores,
474 2175 558 2246 longe
581 2183 677 2232 tamen
699 2187 787 2245 supra
810 2187 859 2230 eos
883 2173 958 2229 licus
1011 2177 1120 2235 Veteris
1146 2189 1234 2247 quam
1266 2175 1336 2232 Novi
1365 2175 1538 2232 Testamenti
1565 2175 1678 2248 paginae
1705 2181 1858 2231 testantur.

109 2270 194 2328 bomo
221 2266 459 2340 presumserit
482 2272 580 2321 autem
603 2262 781 2336 quandoque
800 2262 884 2318 nobis
902 2275 958 2317 vox
1011 2265 1106 2324 Veteri
1121 2264 1230 2338 quippe
1244 2263 1354 2321 Pascha
1374 2264 1403 2319 in
1416 2264 1540 2335 AEgypio
1562 2277 1579 2320 a
1602 2263 1710 2334 populo
1733 2263 1784 2319 Dei
1799 2263 1860 2334 pri·

107 2358 144 2417 de
172 2357 364 2423 tirmamento,
390 2368 457 2412 cum
481 2353 614 2412 videlieet
637 2353 672 2409 de
700 2351 748 2408 illa
781 2351 958 2408 beatitudine
1012 2369 1093 2413 mum
1115 2354 1267 2422 celebrato,
1282 2360 1310 2410 et
1329 2366 1364 2410 ea
1383 2361 1465 2410 necte
1487 2367 1538 2424 per
1560 2352 1786 2410 submersionem
1809 2351 1859 2409 AE·

108 2447 289 2521 angelorum,
307 2457 374 2517 (1¹1ae
400 2443 484 2500 11⁰b18
509 2441 694 2513 ιῑῡῐῐιὶῑῑῑῑῦι,
716 2439 825 2512 aliquid
850 2438 958 2510 lllaedi·
1012 2445 1174 2517 gyptlerum
1200 2440 1337 2498 ildelibns
1362 2440 1500 2507 liberatis,
1524 2442 1668 2499 canticum
1698 2442 1859 2509 gratiarum

108 2544 202 2604 catur,
218 2535 263 2591 vel
283 2532 414 2590 interiori
437 2531 525 2588 verbo
549 2537 644 2587 mente
667 2528 840 2600 concipitur.
864 2529 958 2585 Desu·
1012 2547 1070 2589 non
1085 2532 1179 2590 solnm
1193 2531 1261 2596 viri,
1276 2529 1326 2587 sed
1344 2530 1432 2587 etiam
1456 2531 1580 2597 feminae,
1604 2536 1636 2587 ut
1658 2530 1776 2586 Exodus
1790 2542 1859 2586 nar·

108 2637 161 2697 per
180 2619 469 2680 firmamentumalia
493 2619 525 2676 iit
545 2633 615 2686 vox,
641 2632 708 2675 cum
732 2631 767 2674 ea
790 2630 856 2688 quar
883 2617 959 2674 neus
1010 2630 1065 2691 rat,
1091 2621 1210 2678 Domino
1239 2618 1418 2690 persolvunt.
1444 2619 1587 2691 Scriptum
1613 2619 1720 2690 quippe
1752 2619 1860 2675 ibidem

108 2726 161 2784 pro
184 2712 267 2770 nobis
291 2710 462 2768 humanitus
489 2709 618 2780 gesserit,
634 2706 761 2778 eorporis
783 2705 829 2762 iel
853 2704 958 2762 meniis
1010 2718 1053 2768 cst
1073 2725 1079 2766 :
1099 2711 1174 2766 Turro
1199 2709 1296 2764 reduit
1316 2707 1421 2780 Moyses
1446 2713 1471 2763 et
1493 2708 1547 2779 dlii
1567 2709 1654 2764 lsrael
1676 2723 1785 2763 cormac
1809 2704 1859 2763 boc

108 2800 232 2860 auribus
245 2801 429 2870 concipitur:
447 2798 524 2869 quud
542 2796 666 2868 prolecto
681 2809 748 2852 cum
768 2793 810 2862 dt,
826 2794 910 2865 quasi
927 2795 956 2849 in
1015 2801 1140 2866 Domino,
1169 2802 1195 2853 et
1223 2797 1354 2852 diamant
1386 2816 1397 2852 :
1421 2798 1566 2854 cantemas
1592 2800 1716 2867 Domino,
1743 2798 1860 2866 clericae

109 2890 299 2947 admiratione
314 2887 360 2945 vel
376 2887 406 2942 in
423 2887 524 2942 timore
547 2892 647 2940 saneta
670 2889 747 2939 stant
765 2881 913 2949 animalia,
929 2887 957 2938 et
973 2869 995 2927 0
1010 2891 1092 2956 enim,
1112 2896 1165 2943 etc.
1191 2884 1296 2958 (and.
1312 2899 1360 2951 xv,
1383 2886 1421 2957 l.)
1448 2887 1500 2942 Ubi
1522 2892 1550 2944 et
1572 2886 1608 2942 de
1630 2893 1718 2942 cantu
1740 2899 1859 2957 qnoque

110 2978 171 3035 alas
194 2977 353 3048 deponunt,
378 2972 449 3029 dnm
485 2973 515 3028 in
549 2970 776 3028 consideratione
801 2977 888 3027 tantae
915 2970 956 3026 rei
1009 2976 1184 3034 feminarum
1199 2987 1329 3031 seorsum
1349 2974 1541 3047 adjungitur:
1562 2977 1688 3045 sumpsit
1712 2990 1775 3045 erqo
1797 2977 1859 3032 llu-

110 3067 234 3139 propriae
249 3065 372 3120 virtutes
394 3061 450 3117 illis
464 3060 616 3117 vilescunt.
634 3058 707 3114 Cum
731 3061 827 3115 autem
846 3059 881 3115 de
904 3059 957 3115 lir-
1010 3069 1058 3123 rto
1076 3064 1262 3135 prophetissa,
1286 3077 1363 3120 seror
1390 3063 1494 3130 Aurou,
1522 3067 1682 3132 tympanum
1707 3064 1738 3116 ia
1762 3078 1856 3120 maru.

111 3160 266 3219 memento,
291 3158 324 3208 ut
355 3149 465 3206 dictum
490 3157 543 3215 est,
568 3146 678 3218 aliquid
708 3146 844 3216 audiunt,
872 3146 959 3219 quasi
1010 3157 1184 3225 Egressaequc
1198 3160 1262 3209 suat
1283 3166 1372 3210 omnes
1393 3153 1517 3207 mulieres
1539 3157 1601 3222 post
1622 3167 1690 3220 cum,
1707 3166 1767 3208 cam
1788 3157 1858 3222 tym-

110 3250 220 3300 erectas
234 3239 331 3296 adbtm
351 3238 412 3295 alas
436 3236 552 3304 habent,
568 3238 639 3307 quia
655 3247 706 3304 pro
720 3247 826 3307 magno
840 3234 885 3292 vel
900 3235 958 3292 mi·
1007 3244 1093 3315 portis
1106 3248 1132 3297 ct
1149 3243 1249 3306 altoris,
1263 3243 1361 3312 quibus
1379 3241 1552 3312 praecinebat,
1573 3240 1664 3297 dicem
1682 3256 1689 3295 ι
1706 3243 1856 3296 coaternus

111 3329 196 3388 rabili
221 3342 281 3385 non
304 3328 426 3394 ducunt,
447 3323 525 3396 qnod
549 3337 601 3395 per
620 3331 660 3381 tut
681 3336 790 3396 agones
818 3324 854 3380 ad
878 3323 957 3382 illam
1011 3333 1133 3398 bomine,
1157 3332 1272 3401 gloriose
1293 3334 1374 3397 erim,
1390 3338 1443 3386 etc.
1460 3329 1552 3400 libid,
1570 3331 1624 3401 ιο).
1642 3329 1724 3394 Quod
1740 3330 1857 3400 quidem

111 3417 281 3490 wilelmum
327 3413 536 3472 bfflllffldissssffl
568 3411 751 3484 illivesslssssb
794 3425 883 3484 (luam
916 3412 958 3470 illi
1011 3419 1184 3477 luminatum
1211 3420 1356 3476 canticum
1381 3427 1491 3489 quanto
1520 3418 1654 3489 mysterio
1670 3418 1786 3489 plenum
1808 3419 1858 3475 de-

65 3586 68 3593 ,
112 3519 163 3578 lter
177 3506 224 3562 1)θί
242 3504 365 3578 gratiam
381 3501 545 3560 bumilitate
558 3509 672 3559 servata
685 3509 884 3573 peruenerunt·
1011 3508 1162 3577 scribatur,
1193 3508 1347 3581 diligenter
1369 3507 1516 3564 attendite.
1547 3506 1598 3564 llic
1621 3507 1728 3578 quippe
1756 3507 1858 3578 liaris,

148 3597 221 3654 8⁰00
234 3601 375 3665 martyres
399 3593 491 3648 multa
513 3599 631 3663 prepter
656 3591 746 3648 Dium
770 3590 857 3662 liwir
875 3594 905 3648 ei
927 3590 957 3647 in
1011 3611 1078 3669 quae
1099 3597 1187 3655 cboro
1219 3597 1261 3654 illi
1287 3596 1461 3654 teminorum
1486 3596 1672 3668 praecinebat,
1699 3610 1765 3667 quae
1791 3610 1858 3654 eum

112 3685 227 3759 magnis
248 3682 406 3740 virtutibus
431 3678 554 3753 probati,
574 3679 730 3752 plurimam
746 3679 888 3752 gloriandi
907 3695 959 3738 oc-
1011 3686 1108 3744 virnm
1132 3685 1269 3743 babuisse
1292 3700 1351 3742 non
1378 3685 1502 3758 legatur,
1517 3685 1601 3757 virgo
1620 3684 1801 3756 intelligitur,
1826 3693 1859 3742 ut

112 3776 256 3833 casionem
276 3772 444 3830 viderentur
467 3769 571 3841 adepti,
594 3769 649 3826 nisi
675 3777 839 3827 occurreret
861 3770 959 3829 Domi·
1011 3788 1069 3831 non
1083 3773 1175 3830 solum
1190 3788 1261 3832 voce
1282 3773 1396 3842 cantici,
1413 3773 1461 3830 sed
1481 3772 1568 3831 etiam
1591 3773 1740 3846 privilegio
1761 3773 1859 3845 digni-

111 3879 184 3922 num
208 3863 254 3922 vel
272 3868 352 3919 tanta
375 3860 419 3917 vel
443 3859 555 3931 majora
569 3871 621 3929 pro
643 3858 713 3929 ipsis
726 3856 815 3915 tuisse
829 3872 957 3928 passum.
1011 3862 1078 3920 tatis
1102 3863 1216 3934 praeiret
1247 3862 1366 3931 caeteris,
1399 3877 1457 3919 non
1480 3862 1574 3920 solum
1599 3870 1729 3919 cantasse
1751 3877 1859 3919 memo·

112 3952 193 4022 Quod
209 3951 333 4024 proruero
354 3950 424 4006 uum
448 3945 584 4016 occurris
599 3946 706 4016 esaum,
729 3953 762 4002 ut
784 3946 957 4015 dictumest,
1012 3959 1104 4021 ratur,
1129 3953 1204 4011 sum
1227 3953 1336 4023 moyses
1358 3952 1404 4009 vet
1436 3953 1568 4023 pupulus,
1597 3953 1645 4010 sec
1679 3955 1764 4009 eciam
1792 3966 1858 4024 pro·

112 4042 299 4107 submittunt,
328 4038 398 4104 ³¹³⁸.
423 4051 474 4108 llr0
511 4035 601 4093 nihilo
626 4036 764 4093 ducentes
793 4050 860 4108 tluae
882 4034 959 4107 passi
1012 4043 1112 4113 pbctes
1133 4055 1195 4098 esse
1219 4040 1403 4108 describitur,
1418 4048 1446 4099 et
1469 4049 1638 4113 tympanum
1662 4041 1692 4098 in
1715 4055 1805 4098 manu
1819 4049 1860 4098 te·

112 4138 181 4189 sunt
197 4130 274 4187 servi
300 4125 606 4183 inconsiderationem
631 4123 786 4181 Dominlcm
807 4126 956 4195 passionis.
977 4165 996 4217 lt
1012 4131 1119 4187 nuisse.
1147 4127 1221 4196 Quid
1237 4128 1312 4185 enim
1338 4129 1501 4200 propbetes,
1518 4130 1571 4186 nisi
1597 4131 1697 4187 videns
1718 4130 1859 4200 interpre.

112 4218 182 4288 011ae
196 4225 276 4275 tanto
300 4215 417 4287 gravior
438 4228 472 4270 ³⁰
492 4211 694 4280 miserabilior,
710 4213 957 4286 tl11³11¹⁰ittn0mb
1014 4216 1115 4276 tatnr‘l
1138 4218 1210 4275 cum
1235 4217 1372 4275 visionem
1402 4225 1510 4287 autem,
1539 4218 1566 4273 id
1592 4225 1635 4275 est
1655 4218 1859 4276 revelationem

113 4308 221 4366 niusier
251 4304 393 4362 exstitisse
427 4302 576 4374 probatur.
602 4301 639 4360 Ut
677 4301 754 4359 enim
792 4304 959 4359 emittamus
1012 4313 1120 4376 canui,
1142 4306 1189 4365 cui
1203 4307 1361 4364 verborum
1376 4319 1493 4377 quoque
1508 4310 1643 4378 mysteria
1659 4309 1796 4364 llominus
1810 4320 1861 4364 re·

113 4405 228 4465 caetera,
253 4393 320 4466 quis
343 4400 402 4449 tam
425 4391 558 4462 turpiter,
589 4391 655 4462 quis
680 4398 738 4448 tam
767 4391 817 4447 diu
845 4391 958 4459 illusus,
1012 4397 1108 4464 velat;
1131 4410 1198 4454 enm
1219 4395 1250 4451 in
1276 4395 1325 4452 illa
1349 4395 1482 4452 videlicet
1508 4394 1605 4466 pepuli
1629 4396 1806 4463 liberatione,
1833 4403 1861 4453 et

112 4483 244 4558 utipsei
259 4485 299 4540 De
313 4481 443 4553 captione
460 4482 566 4553 qnippe
589 4480 715 4551 primum
729 4480 765 4536 ad
779 4479 959 4538 ludaeosad·
1013 4484 1137 4542 bostium
1170 4483 1368 4541 submersione
1392 4497 1451 4540 non
1475 4491 1532 4541 tam
1558 4498 1710 4555 corporum
1736 4484 1859 4542 salutem

113 4576 228 4641 ductus,
245 4578 307 4643 post
321 4577 372 4643 ιιοι
398 4568 532 4641 colaphos
555 4570 583 4625 et
597 4568 706 4638 alapas,
723 4582 797 4640 quos
811 4570 904 4626 velata
918 4568 960 4626 ia·
1012 4572 1180 4639 attenderet,
1209 4586 1298 4643 quam
1331 4572 1497 4630 animarum
1530 4573 1652 4646 tigurari
1677 4574 1859 4644 prospiceret,

113 4664 157 4722 cie
178 4660 313 4732 suscepit,
336 4659 433 4729 impiis
465 4656 728 4729 improperantibus
749 4665 781 4715 ut
804 4657 960 4729 propbeta·
1012 4673 1103 4734 quam
1131 4661 1259 4732 quotidie
1286 4663 1316 4718 in
1343 4669 1523 4719 sacramento
1552 4661 1730 4734 baptismatis
1761 4660 1862 4719 dirius

113 4759 168 4822 ret,
181 4754 221 4809 ita
233 4756 276 4808 est
290 4756 448 4818 consputus
461 4755 489 4804 et
503 4749 596 4818 sputis
615 4746 804 4811 delormatus,
818 4754 860 4815 ut,
873 4747 960 4818 juxta
1013 4757 1151 4820 operatur
1166 4750 1268 4822 gratia.
1285 4750 1465 4822 'lympanum
1490 4759 1585 4808 autem
1606 4751 1683 4822 quud
1708 4764 1798 4808 manu
1814 4765 1863 4823 ge·

113 4842 230 4910 lsaiam,
255 4853 312 4896 non
334 4844 408 4894 esset
430 4837 457 4893 ei
489 4836 597 4907 speeies
620 4848 716 4908 neque
735 4834 830 4903 decor,
857 4842 885 4891 et
908 4848 960 4906 pro
1013 4838 1118 4909 stabat,
1140 4839 1388 4897 mortificationem
1417 4840 1513 4897 earnis
1536 4840 1673 4907 insinuat,
1697 4854 1786 4911 quam
1810 4840 1862 4897 ba·

113 4938 195 4991 tants
218 4928 327 4986 vilitate
351 4925 529 4983 novissimus
552 4923 683 4981 omnium
706 4923 854 4981 videretur
878 4923 960 4981 viro-
1014 4927 1100 4985 bebat
1122 4927 1150 4985 iu
1174 4941 1269 4999 opere,
1294 4942 1354 4999 quc
1374 4930 1438 5000 ejus
1463 4928 1607 4986 canticum
1633 4929 1691 4985 Dee
1710 4929 1861 5000 magices·

113 5034 180 5079 rum
207 5016 273 5089 (lau.
303 5030 362 5084 nrrr,
395 5016 434 5087 ι).
457 5014 512 5083 Qui
539 5021 568 5070 et
595 5012 661 5069 inde
692 5011 875 5083 postmodum
912 5012 959 5069 Pi·
1013 5025 1228 5087 setacceptum.
1246 5017 1369 5075 Undeet
1391 5018 1543 5075 Psalmista
1565 5018 1593 5073 in
1617 5025 1754 5089 tyrrtpauo
1771 5019 1862 5075 Deum

114 5111 172 5167 lato
186 5112 385 5178 presentatus,
402 5104 478 5161 banc
492 5115 609 5174 quoquc
625 5101 762 5174 injuriam
781 5114 849 5159 cum
872 5111 960 5158 cate·
1013 5106 1133 5165 laudare
1160 5120 1212 5164 nos
1235 5107 1403 5176 adhortans,
1419 5108 1459 5164 ait
1482 5121 1489 5162 :
1518 5107 1642 5162 Laudare
1663 5122 1723 5162 carn
1743 5109 1774 5162 ira
1790 5113 1862 5177 tum-

113 5199 155 5257 ris
179 5194 283 5252 ibidem
306 5193 454 5250 sustinuit.
478 5191 547 5260 Quis
572 5204 703 5264 unquam
732 5199 893 5261 martyrum
919 5190 960 5248 ita
1012 5201 1163 5266 peraeto.
1181 5194 1266 5266 (Paul.
1282 5209 1326 5266 cc,
1349 5196 1390 5267 ι).
1406 5194 1494 5266 supe,
1516 5204 1612 5253 autem
1637 5203 1808 5267 tympanum
1830 5199 1862 5254 in

114 5283 209 5356 sputis
220 5281 327 5338 oblitus
341 5289 369 5337 et
390 5279 569 5339 deformatus
590 5279 725 5352 injuriari
750 5278 877 5351 legitur?
891 5279 961 5348 Quis
1014 5294 1063 5339 ore
1077 5286 1169 5355 magis
1182 5297 1271 5354 quam
1284 5284 1315 5341 in
1336 5298 1426 5342 mann
1440 5283 1591 5354 babemus,
1608 5297 1675 5341 cum
1695 5293 1862 5343 sanctorum

114 5371 198 5433 tudes
211 5370 317 5430 illusus
341 5368 426 5427 mode
450 5370 528 5442 apud
546 5370 672 5439 lndaeos,
700 5369 785 5428 modo
808 5368 886 5442 apud
909 5369 961 5428 Pi-
1014 5370 1266 5432 mortificationem
1296 5373 1392 5432 carnis
1425 5373 1465 5431 ita
1501 5373 1703 5445 predicamus,
1733 5380 1767 5432 nt
1798 5388 1863 5434 mm

113 5459 208 5520 latum
232 5458 279 5520 rel
291 5456 443 5527 ilsrodsm,
464 5470 545 5517 nunc
562 5457 749 5531 exspoliatus,
770 5471 852 5518 nunc
872 5457 960 5519 indu·
1015 5472 1102 5533 opsrs
1112 5473 1172 5521 nen
1193 5460 1351 5524 imitemur.
1376 5461 1469 5524 danto
1488 5461 1657 5536 diligentius
1674 5461 1776 5523 ilaris
1792 5476 1863 5527 can·
