3804 5962
119 189 168 242 707
410 184 509 240 cuttu
530 184 714 241 neminum
729 182 805 241 OPP.
826 184 916 242 PARS
934 183 972 240 11.
992 212 1027 226 -
1046 182 1232 247 subitonus
1249 184 1295 241 ΕΤ
1314 184 1435 242 OPUSC.
1451 185 1575 243 ASCET.
1812 189 1867 243 voi

118 314 308 370 damnaretur
322 308 484 380 virginitas.
513 306 672 363 Consilium
699 306 797 378 itaque
811 306 871 362 sive
896 319 962 377 per·
976 304 1003 360 A
1017 305 1111 374 certis,
1123 307 1250 378 aliquem
1266 313 1344 363 certa
1369 306 1509 364 sententia
1533 320 1665 378 gravare.
1685 308 1756 365 Cum
1786 311 1865 367 euim

118 401 225 468 suasio,
241 407 284 455 cst
307 399 342 454 de
369 397 528 468 potioribus
561 396 651 464 bonis,
669 395 818 466 permissio
837 410 914 463 vero,
930 395 965 451 de
1019 396 1111 452 iratus
1137 400 1224 466 patet,
1255 395 1289 451 de
1315 395 1423 466 seipsa
1445 410 1490 452 res
1507 395 1628 466 judicat,
1653 406 1768 455 nontu.
1793 401 1868 457 liinc

117 490 288 558 minoribus,
328 489 382 543 ltoo
417 494 468 554 cst,
499 499 565 556 quae
604 485 723 541 minoris
759 492 826 541 sunt
859 485 963 552 meriti,
1018 491 1046 541 et
1069 484 1245 554 Apostolus:
1271 485 1359 539 Nolite
1386 490 1449 538 ante
1471 490 1575 554 tempas
1594 486 1731 555 judicare,
1763 492 1889 554 quood·

119 581 237 655 quando
264 577 416 634 consitium
433 574 656 631 tsemotioribus
685 574 784 644 aliqua
806 572 965 630 difidentia
1018 589 1104 640 usque
1122 578 1214 628 ueniat
1237 576 1380 643 Dominus,
1405 578 1453 643 qui
1475 579 1500 628 cl
1515 573 1685 631 illuminabit
1704 577 1864 634 abscondita

117 672 163 729 ιιι
194 666 405 739 dispensatione
436 679 495 720 non
523 663 690 734 suscipitur.
715 662 784 730 Quae
805 677 875 735 ergo
906 670 965 720 tam
1019 664 1143 718 cordium
1167 664 1193 732 (ι
1214 662 1474 733 concipienti
1497 664 1765 724 Dominusocculta
1789 683 1866 724 reve-

119 760 190 824 iieri,
220 770 310 829 quam
335 753 440 811 dimitti
467 753 542 820 licet,
568 760 742 823 preceptum
771 767 828 809 non
846 753 963 820 habeut,
1019 751 1115 820 lando,
1138 766 1206 808 cum
1230 753 1294 824 ejus
1313 751 1507 821 dispositione,
1529 767 1595 823 quae
1624 752 1760 825 latebant,
1778 771 1866 827 appa-

120 850 168 907 sed
185 845 420 912 admonitionem,
446 850 479 899 ιιι
493 843 610 898 omniuo
628 857 685 898 non
702 843 813 913 jurare,
840 842 883 898 vel
897 854 965 912 per·
1019 852 1093 910 rent,
1109 843 1153 900 vei
1169 857 1235 898 cum
1260 841 1420 898 secundum
1438 839 1530 913 legem
1549 844 1612 913 cius
1638 843 1747 915 aliquid
1769 845 1865 903 discu-

117 937 293 999 missionem,
314 940 347 989 ut
373 933 426 987 boo
455 930 504 986 [iat
519 945 570 1002 pro
587 930 879 1001 necessitate;'veiuti
898 944 965 986 oum
1019 932 1149 989 tiendum
1163 931 1381 1001 investigamus,
1409 930 1454 985 vei
1471 930 1505 986 de
1530 931 1657 1000 probatis
1684 948 1798 1003 poenam
1823 937 1866 991 iu·

118 1026 154 1085 ad
183 1022 400 1096 inquisitionem
422 1020 561 1086 veritatis,
589 1017 709 1074 testibus
729 1031 803 1087 opus
825 1024 877 1073 est.
898 1017 963 1073 Per·
1020 1021 1139 1078 ierimus
1147 1036 1156 1090 3
1176 1029 1202 1077 ιι
1218 1020 1393 1090 tuncpotius
1408 1019 1467 1090 ipso
1480 1020 1601 1090 iudicat,
1616 1021 1661 1076 vei
1677 1024 1760 1093 punit
1776 1028 1865 1094 quain

118 1114 216 1173 missio
236 1120 333 1169 autem
347 1117 399 1179 est,
425 1123 491 1165 cum
507 1106 636 1163 dicitur:
661 1108 853 1180 Unusquisque
867 1106 966 1161 babeat
1020 1124 1081 1166 uos.
1098 1111 1131 1164 In
1145 1125 1198 1181 qao
1213 1110 1284 1163 enim
1301 1109 1408 1177 judicio
1431 1109 1635 1179 judicaveritis,
1657 1112 1864 1180 judicabimini.

118 1217 230 1258 acorem
253 1215 331 1255 suam
357 1201 470 1269 propter
496 1196 707 1262 fornicationem
734 1194 756 1264 (l
773 1193 836 1250 Cor.
852 1208 904 1260 ιιι,
925 1194 964 1264 il,
1020 1202 1059 1254 lto
1073 1199 1096 1253 si
1117 1197 1240 1253 diceret:
1269 1195 1335 1252 idco
1359 1210 1416 1252 non
1435 1196 1542 1252 debetis
1563 1197 1592 1252 iu
1619 1198 1728 1267 iudicio
1756 1214 1866 1269 praesu·

119 1290 273 1365 praeccptio
292 1302 371 1353 vero,
395 1299 462 1343 cum
485 1285 614 1340 dicitur:
642 1284 784 1353 Altinates
811 1297 838 1337 es
860 1282 966 1339 aneu?
1021 1302 1107 1355 mere,
1133 1294 1166 1343 ut
1194 1286 1265 1342 aiios
1294 1287 1433 1356 appetatis
1462 1286 1690 1357 gravarc,‘quia
1718 1290 1866 1347 consimile

120 1384 177 1438 noli
205 1393 325 1451 quarere
348 1377 509 1431 solutionem
535 1373 627 1442 libid,
653 1372 709 1444 tt).
737 1372 966 1429 Persuasiovero
1018 1375 1163 1448 judicium
1185 1375 1363 1446 gravaminis
1395 1374 1547 1430 incurretis
1572 1375 1650 1445 apud
1677 1377 1777 1433 Deum.
1804 1379 1865 1436 Nou

119 1469 246 1538 consilii,
257 1481 324 1524 cum
341 1464 437 1521 statim
448 1462 639 1533 supponitur:
653 1462 802 1518 Solutuses
813 1461 847 1516 ab
860 1459 966 1517 unare?
1021 1467 1061 1522 ait
1085 1465 1221 1535 deniquo,
1251 1479 1287 1520 ne
1312 1463 1458 1535 judicetis,
1479 1465 1545 1520 sed:
1567 1466 1656 1522 Nolite
1677 1467 1818 1535 iudicare,
1837 1477 1867 1525 ut

119 1551 548 1629 notiquaecereucoremlibid).
1021 1568 1079 1611 uon
1104 1554 1157 1610 hoo
1189 1553 1295 1609 scilicet
1323 1561 1422 1622 sponte
1452 1562 1632 1623 appetamus,
1659 1555 1736 1626 quod
1770 1565 1866 1614 tamen

334 1656 481 1701 enoncsun
500 1649 639 1697 uacoissn
660 1653 742 1695 xum.
983 1653 1234 1714 Buonnunquam
1255 1642 1347 1698 iacere
1371 1642 1513 1712 cogimur,
1537 1643 1630 1700 oibcio
1656 1644 1762 1715 judicis
1786 1647 1866 1704 uobis

156 1735 230 1806 Quid
253 1742 295 1791 ιιι
323 1732 353 1789 in
385 1732 483 1788 eodem
514 1730 721 1801 evangelista:
749 1729 840 1786 Nolite
857 1729 967 1784 solliciti
1021 1732 1181 1789 commisso.

120 1843 177 1884 esse
197 1826 326 1891 dicentes,
348 1820 416 1889 quid
437 1817 687 1874 manducabimus?
716 1817 830 1889 (Mattb.
852 1832 892 1887 ιι,
908 1820 966 1887 ii.)
1264 1833 1409 1877 ruoaumnt
1428 1835 1564 1877 uanorssu
1582 1837 1632 1878 xx.

120 1919 157 1974 Et
172 1930 308 1974 rursum:
330 1913 418 1970 Nolite
441 1911 551 1965 solliciti
565 1924 622 1964 esse
644 1912 674 1964 in
697 1911 859 1963 crastinum.
900 1908 966 1965 (lra-
1056 1908 1219 1977 Quaerimus
1238 1917 1265 1966 et
1280 1909 1351 1966 iilud
1366 1910 1444 1980 quod
1459 1911 1487 1964 in
1512 1912 1699 1981 sequentibus
1712 1915 1865 1988 adjungit:

121 2011 210 2064 siinus
236 2009 307 2061 onim
322 2003 379 2057 dies
393 2000 526 2056 sollicitus
540 2001 592 2068 erit
609 2000 736 2069 sibiipsi.
760 1999 871 2069 Sufficit
896 2000 967 2051 enim
1021 1998 1118 2054 Omnia
1141 2013 1205 2066 erqo
1229 2013 1394 2064 quaecunque
1419 1998 1504 2051 cultis
1517 1999 1548 2051 ul
1565 2002 1673 2064 saciant
1687 2003 1762 2057 oobis
1778 2005 1867 2059 borni·
1895 2016 1896 2027 ¹

120 2098 177 2153 diei
189 2095 298 2151 malitia
313 2091 468 2162 sua(ibicl.,
486 2088 539 2160 ab).
563 2088 704 2159 Nunquid
723 2089 799 2144 enim
817 2086 968 2159 provideo·
1020 2103 1077 2155 nes,
1094 2093 1119 2143 ct
1141 2102 1186 2142 cos
1200 2089 1284 2155 tacite
1305 2089 1371 2142 illis,
1392 2089 1455 2143 Haec
1470 2092 1511 2143 est
1527 2093 1597 2144 enim
1615 2092 1668 2160 lca,
1693 2097 1718 2146 el
1746 2094 1868 2164 propbe-

120 2188 190 2245 tiam
206 2184 338 2256 probibet
362 2176 710 2248 tnturornmtrtunquio
735 2185 761 2234 et
789 2178 849 2247 ipse
876 2175 967 2232 bomi—
1022 2182 1055 2232 ta
1079 2175 1185 2246 (blatii.
1212 2191 1261 2245 vu,
1291 2175 1328 2246 i).
1351 2177 1377 2232 si
1403 2179 1469 2249 quis
1494 2181 1570 2236 enim
1591 2181 1654 2237 vult
1679 2188 1710 2237 ut
1735 2182 1764 2238 iu
1791 2184 1868 2240 nralo

120 2288 263 2332 nuscum
286 2271 336 2341 qui
360 2277 469 2325 turrem
498 2266 561 2324 vuit
580 2267 731 2335 aediilcaro,
754 2266 788 2321 de
803 2265 968 2335 sumptibus
1022 2265 1076 2322 sibi
1091 2265 1247 2336 quisquam
1275 2266 1443 2332 consentiat,
1474 2268 1606 2340 nunquid
1631 2270 1713 2327 debet
1734 2270 1776 2326 iili
1794 2286 1867 2342 prae-

123 2363 251 2434 cogitare
263 2359 420 2415 admonet?
432 2354 628 2425 EtApostolus
644 2371 650 2408 :
672 2353 725 2419 (lai
737 2359 846 2424 preest,
862 2354 967 2425 inquit,
1021 2354 1088 2412 bere
1107 2353 1323 2433 consensum'iu
1339 2370 1369 2411 re
1384 2355 1553 2414 consimili?

120 2456 151 2507 in
170 2449 357 2506 sollicitudine
383 2448 470 2519 (Nom.
497 2459 548 2513 xta,
572 2445 600 2515 8)
620 2461 627 2511 ;
644 2443 717 2500 sicut
744 2452 772 2499 et
798 2443 858 2513 ipse
883 2442 967 2498 iaoie·
1296 2444 1585 2504 sommonobriam.

121 2540 181 2607 bat,
203 2540 238 2595 de
264 2539 355 2606 seipso
380 2535 476 2591 dicens
501 2549 508 2587 :
541 2534 762 2586 instantiamea
792 2531 967 2602 quotidiana,
1056 2531 1204 2603 buolegis
1224 2533 1367 2588 naturalis
1394 2542 1535 2604 praecepta
1561 2542 1629 2592 sunl
1645 2537 1722 2594 circa
1738 2537 1864 2596 dilectio

104 2627 404 2685 .soilicitudooinniam
419 2623 602 2678 Ecclesiarum
616 2621 652 2692 (tt
663 2621 721 2677 Gor.
737 2635 779 2689 ιιι,
795 2622 853 2692 28).
1021 2636 1087 2678 nem
1110 2621 1246 2691 proximi,
1272 2631 1363 2678 uuum
1384 2623 1503 2692 scilicet,
1525 2625 1602 2695 quod
1620 2626 1673 2682 hoo
1694 2627 1754 2683 loco
1780 2628 1866 2698 poni·
1894 2646 1896 2655 ¹

384 2726 496 2768 sounrro
517 2725 675 2767 nunciam.
1022 2718 1081 2778 tur,
1099 2711 1223 2768 aiterum
1239 2712 1315 2781 quod
1333 2711 1361 2768 iu
1381 2712 1470 2768 Tabia
1491 2713 1622 2784 legimus,
1640 2716 1698 2785 ipso
1715 2717 1751 2773 ad
1774 2717 1866 2775 titium

157 2804 384 2865 Sollicitudinem
411 2800 526 2872 proprie
553 2800 691 2857 [lominus
710 2797 778 2855 dicit
788 2797 967 2870 superfluam
1022 2798 1132 2855 dicente
1150 2816 1156 2853 :
1174 2798 1250 2864 Quod
1262 2799 1296 2854 ab
1316 2800 1370 2854 alio
1385 2800 1513 2870 adispici
1528 2800 1589 2868 tibi,
1607 2801 1669 2856 uide
1692 2801 1725 2856 ne
1738 2806 1822 2860 altari
1838 2810 1867 2860 tu

119 2912 221 2955 euram
247 2896 282 2950 do
308 2890 423 2957 tuturis,
453 2890 570 2960 quando
591 2888 721 2944 videlicet
745 2901 796 2957 pro
820 2885 967 2956 aliquibus
982 2936 1007 2995 c
1022 2889 1171 2954 aliquanda
1186 2890 1276 2955 iacias
1292 2888 1366 2960 (Tob.
1383 2902 1421 2957 ιι,
1447 2889 1499 2958 to).
1515 2888 1593 2945 Sicut
1620 2904 1689 2961 crgo
1717 2892 1743 2947 id
1760 2893 1796 2949 de
1811 2908 1868 2950 ma·

120 2983 328 3058 praeparandis,
354 2979 446 3049 magis
474 2978 645 3033 neccssaria
662 2975 859 3043 dimittuntur,
885 2981 918 3031 ut
943 2976 966 3031 si
1011 2975 1065 3046 ιιι,
1083 2977 1121 3033 ιιι
1137 2977 1208 3034 illud
1232 2979 1267 3035 de
1291 2978 1374 3034 bouis
1393 2977 1658 3048 accipiundumst,
1675 2981 1866 3050 utvideiicet,

121 3089 172 3146 pro
202 3081 345 3144 apparatu
371 3066 564 3123 crastinorum
591 3064 732 3130 ciborum,
766 3063 966 3133 praetermina·
1021 3067 1095 3122 sicut
1119 3065 1443 3124 malanoiumusnobis
1469 3067 1579 3136 inferri,
1604 3069 1645 3124 sio
1672 3084 1725 3126 uec
1749 3070 1867 3127 aliisin·

121 3160 311 3219 musorando
342 3153 715 3226 quaerereaiieoregnum
735 3153 965 3216 suumbooest.
1020 3153 1163 3211 ieramus:
1195 3163 1222 3212 et
1246 3155 1433 3222 econtrario,
1463 3154 1548 3223 bona,
1570 3173 1635 3228 quac
1651 3159 1733 3214 uobis
1749 3159 1785 3215 ab
1803 3159 1866 3216 aliis

120 3251 192 3307 tates
218 3262 271 3303 nos
300 3245 402 3311 iacere,
432 3251 464 3298 nt
483 3242 512 3297 in
538 3240 621 3296 nobis
642 3241 712 3310 ipse,
737 3255 795 3296 non
817 3247 967 3310 peccatum
1020 3245 1157 3301 volumus
1191 3244 1324 3312 conferri,
1355 3244 1417 3300 aliis
1446 3244 1613 3317 impendere
1645 3248 1736 3304 simus
1761 3249 1864 3318 parati.

120 3345 230 3410 regnet.
253 3335 401 3392 Crastinus
428 3333 505 3388 euim
527 3338 559 3388 ut
586 3340 726 3402 tanquam
741 3331 764 3387 si
785 3331 909 3387 diceret:
925 3330 966 3387 No
1020 3332 1092 3390 Gum
1107 3348 1175 3404 ergo
1194 3333 1316 3389 dicitur:
1341 3332 1404 3398 Qua
1425 3336 1508 3389 uultis
1535 3341 1564 3390 ut
1591 3339 1698 3402 saciant
1725 3337 1801 3392 uobis
1822 3339 1866 3392 bo-

121 3425 257 3496 alitigitis
275 3438 327 3481 vos
342 3421 499 3492 superfluis
522 3419 610 3488 euris,
635 3434 687 3490 pro
711 3428 836 3490 tempore
855 3419 966 3487 tuturo,
1020 3427 1114 3489 mines,
1143 3421 1197 3478 talc
1218 3429 1285 3478 cst:
1320 3423 1400 3488 Quod
1436 3425 1602 3494 approbatis
1635 3426 1663 3482 ιιι
1692 3427 1865 3483 conscientia

121 3524 279 3585 antequam
305 3512 414 3577 veniat,
444 3510 514 3582 quia
542 3524 609 3566 oum
640 3510 734 3580 ipsum
763 3507 967 3575 t·encrit,satis
1020 3520 1116 3569 vestra
1133 3511 1214 3567 vobis
1234 3510 1301 3566 aliis
1317 3512 1421 3568 debere
1439 3513 1507 3570 beri.
1528 3515 1629 3571 Nullus
1650 3516 1727 3572 onim
1747 3516 1775 3570 in
1796 3530 1865 3572 cou-

120 3600 434 3661 soiiicitudinisaileret
459 3615 494 3656 ex
526 3614 557 3655 se
584 3598 654 3669 ipso,
669 3598 734 3664 illis,
752 3598 802 3668 qui
824 3598 859 3654 de
872 3611 967 3654 neces·
1020 3599 1139 3656 scientia
1154 3601 1294 3671 approbat
1318 3601 1371 3657 sibi
1390 3603 1626 3659 consentiendum
1643 3619 1703 3660 esse
1726 3605 1756 3660 iu
1778 3605 1864 3673 malo,

121 3693 206 3768 seriis
231 3693 330 3749 miuus
351 3690 380 3746 in
403 3689 523 3746 Domino
550 3688 791 3754 confidunt,·non
819 3687 967 3744 attenden·
1020 3689 1070 3745 sed
1094 3689 1124 3745 in
1143 3689 1197 3756 bis,
1221 3705 1286 3762 quae
1306 3692 1381 3748 bonu
1403 3692 1533 3760 aestimat,
1555 3701 1583 3748 et
1610 3693 1671 3749 sieri
1695 3693 1794 3764 digua.
1821 3693 1866 3749 Sic

120 3791 162 3840 tes
190 3782 261 3840 iliud
289 3781 458 3852 Prophetis:
489 3782 676 3848 iactasuper
699 3781 845 3834 Dominum
872 3792 967 3832 curant
1019 3784 1047 3833 et
1073 3778 1235 3848 Apostolus,
1268 3794 1336 3836 cum
1368 3780 1431 3837 ait:
1459 3783 1518 3839 Non
1539 3782 1610 3851 quod
1635 3782 1703 3846 caio,
1734 3783 1781 3837 boc
1816 3797 1866 3852 oqo

120 3877 208 3940 laam,
225 3876 252 3927 et
265 3873 323 3941 ipse
339 3876 364 3924 te
378 3871 497 3925 enutriet
512 3868 598 3938 (Psal.
614 3881 670 3937 civ,
686 3868 741 3937 23).
768 3868 879 3936 Suspicit
895 3868 966 3921 enim
1022 3865 1108 3939 (Nom.
1131 3882 1181 3936 ιιι,
1206 3868 1268 3939 iil:
1296 3869 1360 3926 volo
1390 3869 1473 3933 dixit,
1496 3885 1547 3940 pro
1566 3870 1628 3927 beri
1658 3872 1794 3942 approbo.
1814 3870 1867 3926 Sed

120 3963 186 4025 diei,
203 3969 256 4019 eto.
287 3960 346 4016 Hoc
369 3967 422 4026 cst,
442 3957 604 4028 unicuique
632 3957 754 4027 tempori
782 3956 848 4013 vitae
877 3953 966 4025 hujus
1021 3957 1147 4027 quidest
1167 3955 1247 4028 quod
1268 3957 1317 4026 ait,
1342 3961 1434 4013 omnia
1461 3974 1629 4029 quecunque
1657 3958 1761 4015 nciliis?
1785 3958 1867 4018 ιιιιιιι

119 4064 299 4116 aerumnose,
320 4062 380 4103 suae
399 4046 601 4102 sollicitudinis
619 4060 704 4116 poena
728 4045 858 4102 sulficere
872 4044 964 4114 debet,
1021 4046 1129 4117 quippe
1150 4061 1200 4118 pro
1221 4047 1370 4119 dignitate,
1403 4047 1447 4105 ιιι
1471 4049 1637 4106 diversitate
1666 4064 1866 4121 personarum,

120 4153 210 4212 quam
224 4136 355 4194 videlicet
379 4134 461 4192 ailert
475 4135 559 4191 nobis
582 4148 619 4191 en
645 4135 801 4206 superfluis
816 4136 894 4192 curis
914 4148 965 4205 pro
1022 4135 1114 4192 muita
1141 4136 1197 4192 sibi
1224 4136 1327 4194 debere
1353 4137 1413 4193 beri
1437 4147 1562 4207 censent,
1588 4155 1654 4210 quae
1680 4153 1869 4211 nequaquam

120 4226 335 4297 temporalibus,
369 4224 439 4280 dum
468 4238 519 4294 pro
546 4223 591 4279 his
618 4231 794 4280 {eternorum
822 4223 967 4280 oblivisci·
983 4254 1006 4308 D
1023 4225 1086 4281 aliis
1100 4240 1130 4282 se
1147 4225 1249 4282 debere
1273 4235 1493 4297 recognoscunt,
1513 4235 1544 4284 ut
1562 4228 1869 4299 inpraeiatisvidemus

119 4329 197 4373 mur.
217 4313 445 4372 Sollicitudinem
467 4327 535 4370 vero
560 4313 589 4369 in
610 4313 697 4382 bono,
711 4312 755 4368 vel
779 4312 810 4368 in
830 4312 884 4382 bis,
902 4327 967 4383 quaa
1022 4323 1049 4371 ιι
1067 4315 1212 4386 subjectis,
1230 4329 1296 4371 oum
1309 4313 1354 4371 isti
1375 4316 1466 4372 multa
1484 4317 1605 4389 exigant
1621 4318 1657 4373 ab
1680 4318 1746 4383 iilis,
1770 4325 1802 4374 ut
1815 4316 1870 4375 sibi

121 4405 157 4462 ad
172 4412 310 4462 aeternam
330 4400 473 4473 pertinent
501 4403 601 4465 vitam,
627 4401 696 4458 dicit
723 4400 877 4471 Apostolus
902 4415 967 4471 pro·
1022 4403 1104 4470 fiant,
1128 4418 1194 4474 quae
1213 4417 1401 4475 nequaquam
1418 4403 1473 4461 iliis
1493 4405 1585 4463 iacere
1598 4405 1712 4462 debent.
1730 4406 1784 4462 Sed
1804 4421 1869 4478 pro·

120 4495 290 4562 videntium,
306 4493 360 4549 hoc
375 4500 417 4548 ιιι
441 4491 641 4549 rationabilem
654 4490 688 4546 de
708 4489 815 4546 tuturis
837 4491 883 4546 vel
898 4505 967 4560 pro·
1022 4492 1094 4549 lecto
1124 4492 1165 4547 sic
1182 4500 1223 4548 cst
1246 4492 1456 4563 accipiendum,
1485 4501 1517 4550 at
1545 4510 1729 4567 quaecunque
1750 4496 1812 4551 beri
1828 4495 1872 4552 de

120 4581 355 4648 tuturisouram,
381 4581 404 4637 si
421 4580 552 4637 videlicet
576 4578 745 4649 temporalia
765 4577 968 4648 provideamus
1022 4581 1089 4639 bere
1113 4580 1196 4637 nobis
1225 4581 1262 4637 ab
1292 4578 1458 4639 bominibus
1485 4583 1629 4641 credimus
1649 4600 1657 4654 3
1680 4584 1774 4654 parati
1798 4598 1870 4641 csse

122 4682 240 4745 propter
253 4681 371 4739 aeterua,
388 4678 420 4727 ut
433 4670 478 4726 bis
497 4675 695 4737 sustententur
720 4667 848 4739 quodam
863 4667 967 4724 viatico
1022 4684 1089 4726 mus
1104 4676 1132 4726 et
1147 4669 1202 4726 iltis
1222 4669 1324 4739 iacere,
1346 4685 1404 4726 uon
1424 4671 1542 4743 quidem
1563 4673 1802 4745 quibuscunque,
1822 4672 1871 4730 sed

122 4762 286 4820 necessario
300 4761 351 4833 qui
364 4759 400 4815 ad
416 4758 464 4814 iila
480 4757 626 4814 festinant.
1024 4760 1113 4816 nostri
1124 4759 1276 4824 similibus,
1299 4759 1352 4816 boc
1364 4767 1417 4828 est,
1434 4761 1484 4831 qui
1501 4762 1560 4817 beo
1585 4776 1602 4816 a
1621 4763 1704 4818 nobis
1724 4763 1871 4833 suscipere

352 4862 499 4906 ιιοιιιιιιι
518 4860 658 4903 usaorssu
673 4859 734 4903 rar.
767 4880 773 4890 ·
1022 4848 1103 4920 digni
1124 4855 1228 4918 essent,
1255 4848 1331 4906 siout
1348 4864 1400 4906 uos
1419 4850 1456 4906 ab
1484 4850 1549 4906 illis.
1579 4851 1654 4907 iliud
1676 4866 1798 4924 quoque
1819 4852 1871 4907 To·

158 4940 233 5008 Quid
264 4940 335 4997 iilud
360 4946 412 5007 est,
444 4936 519 5008 quod
544 4938 695 5007 sequitur:
717 4935 807 4991 Nolite
827 4934 966 5004 judicare,
1022 4938 1097 4996 biae:
1124 4937 1200 5003 Quod
1222 4938 1256 4992 ab
1277 4940 1332 4994 alio
1354 4939 1413 4993 odis
1434 4942 1495 5010 ficri
1514 4941 1573 5005 libi,
1598 4942 1661 4995 aide
1686 4957 1719 4995 ne
1746 4942 1871 4996 atteriia

122 5035 154 5084 ut
168 5046 221 5085 non
233 5029 409 5099 judicemini.
434 5028 464 5081 ln
483 5041 536 5096 quo
559 5025 746 5095 enimjudicio
761 5024 967 5094 judicaveritis,
1024 5027 1173 5094 aliquando
1196 5029 1295 5096 facias,
1319 5028 1451 5084 nonnihil
1480 5029 1564 5085 babet
1597 5031 1774 5100 quaestionis
1805 5043 1872 5086 oum

117 5117 334 5189 judicabimini?
363 5116 473 5184 (Mutii.
503 5131 553 5186 ιιι,
588 5115 624 5187 t).
645 5114 719 5182 Quid
743 5115 820 5171 enim
842 5114 866 5170 si
895 5115 970 5186 inju-
1024 5117 1238 5188 issoiiicct,qui
1259 5117 1350 5174 alium
1369 5125 1484 5187 propter
1501 5117 1645 5188 justitiam
1664 5118 1778 5185 occidit,
1799 5133 1873 5175 nun·

123 5216 201 5264 stum
223 5207 375 5265 iccerimus
405 5206 570 5280 judicium?
604 5204 742 5278 nunquid
771 5204 863 5261 simile
900 5203 970 5262 reci·
1025 5220 1114 5279 quam
1140 5205 1175 5262 ab
1202 5205 1257 5262 aiio
1281 5206 1309 5264 id
1330 5210 1470 5263 sustinere
1502 5207 1575 5263 vatic
1607 5209 1704 5278 possit.
1728 5207 1782 5263 Sed
1801 5206 1873 5278 quia

123 5295 257 5367 picmus‘i
395 5361 399 5368 ¹
1024 5311 1092 5354 oum
1115 5295 1181 5367 quis
1206 5295 1350 5368 justitiam
1377 5304 1492 5369 propter
1518 5299 1609 5354 ileum
1635 5298 1874 5364 exerce131leus

407 5400 524 5444 ιοιιιιιο
543 5397 702 5443 munaum.
1024 5385 1121 5458 potius
1146 5383 1179 5441 id
1201 5399 1291 5458 qaam
1319 5385 1366 5443 ilie
1392 5385 1470 5455 iacit,
1498 5386 1573 5444 sicat
1601 5387 1714 5444 dudum
1738 5386 1873 5458 superius

159 5472 247 5531 Nolite
271 5472 407 5545 iuduere,
435 5475 488 5534 troo
510 5481 562 5545 est,
596 5489 632 5532 ne
656 5474 901 5549 praenuntiabo
928 5474 970 5534 iu-
1026 5475 1164 5549 diximus,
1183 5475 1353 5549 precipitur
1372 5484 1405 5537 ut
1422 5476 1501 5549 quod
1518 5475 1578 5537 odit
1596 5475 1659 5535 tisri
1675 5476 1731 5534 sibi
1757 5475 1818 5550 ipse
1832 5474 1873 5533 al·
