<?xml version="1.0" encoding="UTF-8"?>
<!DOCTYPE html PUBLIC "-//W3C//DTD XHTML 1.0 Transitional//EN"
    "http://www.w3.org/TR/xhtml1/DTD/xhtml1-transitional.dtd">
<html xmlns="http://www.w3.org/1999/xhtml" xml:lang="en" lang="en">
 <head>
  <title>
</title>
<meta http-equiv="Content-Type" content="text/html;charset=utf-8" />
  <meta name='ocr-system' content='tesseract 3.04.00' />
  <meta name='ocr-capabilities' content='ocr_page ocr_carea ocr_par ocr_line ocrx_word'/>
</head>
<body>
  <div class='ocr_page' id='page_1' title='image "./patrologiaecurs53unkngoog_0041.png"; bbox 0 0 3804 5962; ppageno 0'>
   <div class='ocr_carea' id='block_1_1' title="bbox 736 90 1118 149">
    <p class='ocr_par' dir='ltr' id='par_1_1' title="bbox 736 90 1118 149">
     <span class='ocr_line' id='line_1_1' title="bbox 736 90 1118 149; baseline -0.013 0"><span class='ocrx_word' id='word_1_1' title='bbox 736 92 873 149; x_wconf 76' lang='lat' dir='ltr'><strong>PETRUS</strong></span> <span class='ocrx_word' id='word_1_2' title='bbox 892 90 1118 148; x_wconf 74' lang='lat' dir='ltr'><strong>ABAELARDUS.</strong></span> 
     </span>
    </p>
   </div>
   <div class='ocr_carea' id='block_1_2' title="bbox 198 367 1699 546">
    <p class='ocr_par' dir='ltr' id='par_1_2' title="bbox 198 367 1699 546">
     <span class='ocr_line' id='line_1_2' title="bbox 198 367 1699 546; baseline 0 -3"><span class='ocrx_word' id='word_1_3' title='bbox 198 368 1011 546; x_wconf 77' lang='lat' dir='ltr'><strong>APOLOGETIGA</strong></span> <span class='ocrx_word' id='word_1_4' title='bbox 1075 367 1699 543; x_wconf 77' lang='lat' dir='ltr'><strong>PRAEPATIO</strong></span> 
     </span>
    </p>
   </div>
   <div class='ocr_carea' id='block_1_3' title="bbox 594 835 1304 972">
    <p class='ocr_par' dir='ltr' id='par_1_3' title="bbox 594 835 1304 972">
     <span class='ocr_line' id='line_1_3' title="bbox 594 835 1304 972; baseline 0.001 -26"><span class='ocrx_word' id='word_1_5' title='bbox 594 835 827 948; x_wconf 85' lang='lat' dir='ltr'><strong>PETRO</strong></span> <span class='ocrx_word' id='word_1_6' title='bbox 872 835 1304 972; x_wconf 81' lang='lat' dir='ltr'><strong>ABAELARDO,</strong></span> 
     </span>
    </p>
   </div>
   <div class='ocr_carea' id='block_1_4' title="bbox 52 1026 1824 1293">
    <p class='ocr_par' dir='ltr' id='par_1_4' title="bbox 52 1026 1824 1293">
     <span class='ocr_line' id='line_1_4' title="bbox 71 1026 1824 1115; baseline -0.006 -11"><span class='ocrx_word' id='word_1_7' title='bbox 71 1035 123 1115; x_wconf 72' lang='lat' dir='ltr'><strong>Ad</strong></span> <span class='ocrx_word' id='word_1_8' title='bbox 151 1034 421 1103; x_wconf 90' lang='lat' dir='ltr'><strong>illustrissimum</strong></span> <span class='ocrx_word' id='word_1_9' title='bbox 455 1050 493 1097; x_wconf 93' lang='lat' dir='ltr'><strong>ac</strong></span> <span class='ocrx_word' id='word_1_10' title='bbox 513 1029 806 1114; x_wconf 88' lang='lat' dir='ltr'><strong>sapientissimum</strong></span> <span class='ocrx_word' id='word_1_11' title='bbox 826 1028 1003 1094; x_wconf 91' lang='lat' dir='ltr'><strong>dominum</strong></span> <span class='ocrx_word' id='word_1_12' title='bbox 1013 1028 1049 1094; x_wconf 88' lang='lat' dir='ltr'><strong>D.</strong></span> <span class='ocrx_word' id='word_1_13' title='bbox 1076 1028 1252 1094; x_wconf 82' lang='lat' dir='ltr'><strong>Nicolaum</strong></span> <span class='ocrx_word' id='word_1_14' title='bbox 1272 1028 1488 1110; x_wconf 76' lang='lat' dir='ltr'><strong>Bastarnas,</strong></span> <span class='ocrx_word' id='word_1_15' title='bbox 1515 1029 1679 1111; x_wconf 80' lang='lat' dir='ltr'>equitem,</span> <span class='ocrx_word' id='word_1_16' title='bbox 1703 1026 1824 1095; x_wconf 88' lang='lat' dir='ltr'><strong>Sillerii</strong></span> 
     </span>
     <span class='ocr_line' id='line_1_5' title="bbox 139 1117 1759 1203; baseline -0.006 -11"><span class='ocrx_word' id='word_1_17' title='bbox 139 1127 330 1203; x_wconf 89' lang='lat' dir='ltr'><strong>dominum,</strong></span> <span class='ocrx_word' id='word_1_18' title='bbox 352 1123 563 1188; x_wconf 89' lang='lat' dir='ltr'><strong>ltlarinarum</strong></span> <span class='ocrx_word' id='word_1_19' title='bbox 582 1121 760 1196; x_wconf 90' lang='lat' dir='ltr'><strong>baronem,</strong></span> <span class='ocrx_word' id='word_1_20' title='bbox 786 1118 937 1184; x_wconf 83' lang='lat' dir='ltr'><strong>Franciae</strong></span> <span class='ocrx_word' id='word_1_21' title='bbox 952 1122 986 1183; x_wconf 82' lang='lat' dir='ltr'><strong>et</strong></span> <span class='ocrx_word' id='word_1_22' title='bbox 999 1117 1157 1184; x_wconf 85' lang='lat' dir='ltr'><strong>Navarrae</strong></span> <span class='ocrx_word' id='word_1_23' title='bbox 1172 1119 1422 1184; x_wconf 90' lang='lat' dir='ltr'><strong>cancellarium.</strong></span> <span class='ocrx_word' id='word_1_24' title='bbox 1450 1118 1515 1183; x_wconf 90' lang='lat' dir='ltr'><strong>Per</strong></span> <span class='ocrx_word' id='word_1_25' title='bbox 1539 1117 1759 1183; x_wconf 85' lang='lat' dir='ltr'><strong>Franciseum</strong></span> 
     </span>
     <span class='ocr_line' id='line_1_6' title="bbox 52 1205 1587 1293; baseline -0.005 -13"><span class='ocrx_word' id='word_1_26' title='bbox 52 1217 54 1220; x_wconf 81' lang='grc'><strong>’</strong></span> <span class='ocrx_word' id='word_1_27' title='bbox 305 1212 542 1291; x_wconf 75' lang='lat' dir='ltr'><strong>Ambrosium,</strong></span> <span class='ocrx_word' id='word_1_28' title='bbox 560 1211 723 1293; x_wconf 80' lang='lat' dir='ltr'>equitem,</span> <span class='ocrx_word' id='word_1_29' title='bbox 748 1209 844 1291; x_wconf 75' lang='lat' dir='ltr'><strong>regis</strong></span> <span class='ocrx_word' id='word_1_30' title='bbox 869 1208 905 1272; x_wconf 96' lang='lat' dir='ltr'><strong>in</strong></span> <span class='ocrx_word' id='word_1_31' title='bbox 926 1209 1095 1274; x_wconf 89' lang='lat' dir='ltr'><strong>sanctiore</strong></span> <span class='ocrx_word' id='word_1_32' title='bbox 1118 1210 1324 1273; x_wconf 88' lang='lat' dir='ltr'><strong>consistorio</strong></span> <span class='ocrx_word' id='word_1_33' title='bbox 1343 1205 1587 1273; x_wconf 83' lang='lat' dir='ltr'><strong>consiliarium.</strong></span> 
     </span>
    </p>
   </div>
   <div class='ocr_carea' id='block_1_5' title="bbox 31 1465 1825 1753">
    <p class='ocr_par' dir='ltr' id='par_1_5' title="bbox 31 1465 1825 1753">
     <span class='ocr_line' id='line_1_7' title="bbox 70 1465 1825 1541; baseline -0.006 -10"><span class='ocrx_word' id='word_1_34' title='bbox 70 1472 150 1531; x_wconf 79' lang='lat' dir='ltr'><strong>Petri</strong></span> <span class='ocrx_word' id='word_1_35' title='bbox 170 1470 314 1528; x_wconf 69' lang='lat' dir='ltr'><strong>abelardi</strong></span> <span class='ocrx_word' id='word_1_36' title='bbox 342 1470 439 1541; x_wconf 60' lang='lat' dir='ltr'><strong>filosofi</strong></span> <span class='ocrx_word' id='word_1_37' title='bbox 468 1466 530 1540; x_wconf 90' lang='lat' dir='ltr'><strong>(sic)</strong></span> <span class='ocrx_word' id='word_1_38' title='bbox 564 1471 590 1523; x_wconf 87' lang='lat' dir='ltr'><strong>et</strong></span> <span class='ocrx_word' id='word_1_39' title='bbox 619 1467 745 1536; x_wconf 79' lang='lat' dir='ltr'><strong>tbcetoqi,</strong></span> <span class='ocrx_word' id='word_1_40' title='bbox 770 1465 878 1522; x_wconf 86' lang='lat' dir='ltr'><strong>abbatis</strong></span> <span class='ocrx_word' id='word_1_41' title='bbox 900 1466 1044 1534; x_wconf 82' lang='lat' dir='ltr'><strong>Ruqensis,</strong></span> <span class='ocrx_word' id='word_1_42' title='bbox 1073 1469 1099 1521; x_wconf 85' lang='lat' dir='ltr'><strong>et</strong></span> <span class='ocrx_word' id='word_1_43' title='bbox 1121 1465 1251 1521; x_wconf 86' lang='lat' dir='ltr'><strong>llctoisse</strong></span> <span class='ocrx_word' id='word_1_44' title='bbox 1275 1466 1401 1536; x_wconf 81' lang='lat' dir='ltr'><strong>coajcqis</strong></span> <span class='ocrx_word' id='word_1_45' title='bbox 1425 1466 1485 1535; x_wconf 82' lang='lat' dir='ltr'><strong>ejus</strong></span> <span class='ocrx_word' id='word_1_46' title='bbox 1507 1466 1604 1536; x_wconf 63' lang='lat' dir='ltr'><strong>emme</strong></span> <span class='ocrx_word' id='word_1_47' title='bbox 1630 1465 1825 1522; x_wconf 82' lang='lat' dir='ltr'><strong>Paraclilcnsis</strong></span> 
     </span>
     <span class='ocr_line' id='line_1_8' title="bbox 31 1537 1823 1612; baseline -0.005 -13"><span class='ocrx_word' id='word_1_48' title='bbox 31 1583 33 1587; x_wconf 19' lang='grc' dir='ltr'>ι</span> <span class='ocrx_word' id='word_1_49' title='bbox 106 1542 257 1599; x_wconf 72' lang='lat' dir='ltr'><strong>abbatisse</strong></span> <span class='ocrx_word' id='word_1_50' title='bbox 289 1542 390 1612; x_wconf 75' lang='lat' dir='ltr'><strong>opera,</strong></span> <span class='ocrx_word' id='word_1_51' title='bbox 419 1555 492 1596; x_wconf 83' lang='lat' dir='ltr'><strong>nunc</strong></span> <span class='ocrx_word' id='word_1_52' title='bbox 515 1540 636 1610; x_wconf 62' lang='lat' dir='ltr'><strong>pereum</strong></span> <span class='ocrx_word' id='word_1_53' title='bbox 659 1539 735 1594; x_wconf 87' lang='lat' dir='ltr'><strong>edita</strong></span> <span class='ocrx_word' id='word_1_54' title='bbox 762 1554 796 1594; x_wconf 80' lang='lat' dir='ltr'><strong>ee</strong></span> <span class='ocrx_word' id='word_1_55' title='bbox 819 1552 884 1593; x_wconf 85' lang='lat' dir='ltr'><strong>mss.</strong></span> <span class='ocrx_word' id='word_1_56' title='bbox 911 1537 992 1593; x_wconf 86' lang='lat' dir='ltr'><strong>codd.</strong></span> <span class='ocrx_word' id='word_1_57' title='bbox 1015 1540 1069 1593; x_wconf 85' lang='lat' dir='ltr'><strong>at&#39;ri</strong></span> <span class='ocrx_word' id='word_1_58' title='bbox 1095 1538 1201 1592; x_wconf 78' lang='lat' dir='ltr'><strong>illustr.</strong></span> <span class='ocrx_word' id='word_1_59' title='bbox 1223 1539 1363 1593; x_wconf 79' lang='lat' dir='ltr'><strong>Francisci</strong></span> <span class='ocrx_word' id='word_1_60' title='bbox 1388 1539 1538 1604; x_wconf 81' lang='lat' dir='ltr'><strong>Amboesv&#39;i,</strong></span> <span class='ocrx_word' id='word_1_61' title='bbox 1558 1540 1674 1609; x_wconf 85' lang='lat' dir='ltr'><strong>equitis,</strong></span> <span class='ocrx_word' id='word_1_62' title='bbox 1699 1540 1772 1606; x_wconf 74' lang='lat' dir='ltr'><strong>repis</strong></span> <span class='ocrx_word' id='word_1_63' title='bbox 1793 1539 1823 1590; x_wconf 88' lang='lat' dir='ltr'><strong>in</strong></span> 
     </span>
     <span class='ocr_line' id='line_1_9' title="bbox 110 1608 1823 1679; baseline -0.005 -9"><span class='ocrx_word' id='word_1_64' title='bbox 110 1615 249 1671; x_wconf 80' lang='lat' dir='ltr'><strong>sanctiore</strong></span> <span class='ocrx_word' id='word_1_65' title='bbox 272 1615 433 1669; x_wconf 83' lang='lat' dir='ltr'><strong>consistorio</strong></span> <span class='ocrx_word' id='word_1_66' title='bbox 457 1613 633 1678; x_wconf 82' lang='lat' dir='ltr'><strong>consiliarii,</strong></span> <span class='ocrx_word' id='word_1_67' title='bbox 660 1610 770 1666; x_wconf 85' lang='lat' dir='ltr'><strong>baronis</strong></span> <span class='ocrx_word' id='word_1_68' title='bbox 792 1610 931 1674; x_wconf 76' lang='lat' dir='ltr'><strong>chartre,</strong></span> <span class='ocrx_word' id='word_1_69' title='bbox 952 1616 1024 1676; x_wconf 87' lang='lat' dir='ltr'><strong>ele.;</strong></span> <span class='ocrx_word' id='word_1_70' title='bbox 1051 1625 1113 1663; x_wconf 83' lang='lat' dir='ltr'><strong>cem</strong></span> <span class='ocrx_word' id='word_1_71' title='bbox 1138 1608 1259 1677; x_wconf 81' lang='lat' dir='ltr'><strong>ejusdcm</strong></span> <span class='ocrx_word' id='word_1_72' title='bbox 1279 1611 1446 1679; x_wconf 78' lang='lat' dir='ltr'><strong>prefatione</strong></span> <span class='ocrx_word' id='word_1_73' title='bbox 1468 1610 1636 1679; x_wconf 84' lang='lat' dir='ltr'><strong>apolopctica</strong></span> <span class='ocrx_word' id='word_1_74' title='bbox 1659 1614 1684 1664; x_wconf 84' lang='lat' dir='ltr'><strong>et</strong></span> <span class='ocrx_word' id='word_1_75' title='bbox 1711 1624 1823 1664; x_wconf 80' lang='lat' dir='ltr'><strong>censere</strong></span> 
     </span>
     <span class='ocr_line' id='line_1_10' title="bbox 115 1679 1613 1753; baseline -0.003 -12"><span class='ocrx_word' id='word_1_76' title='bbox 115 1687 262 1743; x_wconf 78' lang='lat' dir='ltr'><strong>Doctorum</strong></span> <span class='ocrx_word' id='word_1_77' title='bbox 276 1685 482 1742; x_wconf 83' lang='lat' dir='ltr'><strong>Parisicnsiam.</strong></span> <span class='ocrx_word' id='word_1_78' title='bbox 496 1713 524 1725; x_wconf 91' lang='lat'>-</span> <span class='ocrx_word' id='word_1_79' title='bbox 546 1683 671 1751; x_wconf 90' lang='lat' dir='ltr'><strong>Parisiis,</strong></span> <span class='ocrx_word' id='word_1_80' title='bbox 686 1680 852 1753; x_wconf 89' lang='lat' dir='ltr'><strong>sumptibus</strong></span> <span class='ocrx_word' id='word_1_81' title='bbox 861 1679 972 1738; x_wconf 87' lang='lat' dir='ltr'><strong>Nicolai</strong></span> <span class='ocrx_word' id='word_1_82' title='bbox 986 1679 1078 1749; x_wconf 84' lang='lat' dir='ltr'><strong>Euan,</strong></span> <span class='ocrx_word' id='word_1_83' title='bbox 1095 1682 1174 1748; x_wconf 76' lang='lat' dir='ltr'><strong>lale,</strong></span> <span class='ocrx_word' id='word_1_84' title='bbox 1190 1679 1267 1736; x_wconf 77' lang='grc' dir='ltr'><strong>ιιι-ιο</strong></span> <span class='ocrx_word' id='word_1_85' title='bbox 1282 1695 1349 1738; x_wconf 91' lang='lat' dir='ltr'><strong>cum</strong></span> <span class='ocrx_word' id='word_1_86' title='bbox 1362 1681 1516 1753; x_wconf 79' lang='lat' dir='ltr'><strong>priuilegio</strong></span> <span class='ocrx_word' id='word_1_87' title='bbox 1529 1682 1613 1752; x_wconf 77' lang='lat' dir='ltr'><strong>regis.</strong></span> 
     </span>
    </p>
   </div>
   <div class='ocr_carea' id='block_1_6' title="bbox 106 1933 1824 2008">
    <p class='ocr_par' dir='ltr' id='par_1_6' title="bbox 106 1933 1824 2008">
     <span class='ocr_line' id='line_1_11' title="bbox 106 1933 1824 2008; baseline -0.002 -9"><span class='ocrx_word' id='word_1_88' title='bbox 106 1940 178 1999; x_wconf 86' lang='lat' dir='ltr'><strong>Cum</strong></span> <span class='ocrx_word' id='word_1_89' title='bbox 195 1937 316 1997; x_wconf 73' lang='lat' dir='ltr'><strong>studiosi</strong></span> <span class='ocrx_word' id='word_1_90' title='bbox 340 1937 408 1995; x_wconf 88' lang='lat' dir='ltr'><strong>vivs</strong></span> <span class='ocrx_word' id='word_1_91' title='bbox 428 1950 499 1994; x_wconf 87' lang='lat' dir='ltr'><strong>voce</strong></span> <span class='ocrx_word' id='word_1_92' title='bbox 529 1943 736 2008; x_wconf 73' lang='lat' dir='ltr'><strong>preceptorum</strong></span> <span class='ocrx_word' id='word_1_93' title='bbox 762 1935 919 2006; x_wconf 72' lang='lat' dir='ltr'><strong>sepissime</strong></span> <span class='ocrx_word' id='word_1_94' title='bbox 935 1938 957 1991; x_wconf 84' lang='lat' dir='ltr'><strong>ll</strong></span> <span class='ocrx_word' id='word_1_95' title='bbox 974 1933 1029 1993; x_wconf 88' lang='lat' dir='ltr'><strong>ille</strong></span> <span class='ocrx_word' id='word_1_96' title='bbox 1052 1934 1126 1992; x_wconf 90' lang='lat' dir='ltr'><strong>inter</strong></span> <span class='ocrx_word' id='word_1_97' title='bbox 1146 1934 1277 2006; x_wconf 90' lang='lat' dir='ltr'><strong>publicas</strong></span> <span class='ocrx_word' id='word_1_98' title='bbox 1299 1942 1328 1993; x_wconf 90' lang='lat' dir='ltr'><strong>et</strong></span> <span class='ocrx_word' id='word_1_99' title='bbox 1342 1935 1475 1994; x_wconf 88' lang='lat' dir='ltr'><strong>cedrinas</strong></span> <span class='ocrx_word' id='word_1_100' title='bbox 1498 1935 1612 1995; x_wconf 89' lang='lat' dir='ltr'><strong>tabulas</strong></span> <span class='ocrx_word' id='word_1_101' title='bbox 1629 1938 1666 1995; x_wconf 92' lang='lat' dir='ltr'><strong>ab</strong></span> <span class='ocrx_word' id='word_1_102' title='bbox 1688 1938 1824 1997; x_wconf 87' lang='lat' dir='ltr'><strong>omnibus</strong></span> 
     </span>
    </p>
   </div>
   <div class='ocr_carea' id='block_1_7' title="bbox 26 2008 921 3286">
    <p class='ocr_par' dir='ltr' id='par_1_7' title="bbox 26 2008 921 3214">
     <span class='ocr_line' id='line_1_12' title="bbox 70 2008 918 2081; baseline -0.006 -11"><span class='ocrx_word' id='word_1_103' title='bbox 70 2011 179 2070; x_wconf 86' lang='lat' dir='ltr'><strong>inerint</strong></span> <span class='ocrx_word' id='word_1_104' title='bbox 193 2009 331 2078; x_wconf 88' lang='lat' dir='ltr'><strong>destituti,</strong></span> <span class='ocrx_word' id='word_1_105' title='bbox 355 2015 407 2065; x_wconf 92' lang='lat' dir='ltr'><strong>aut</strong></span> <span class='ocrx_word' id='word_1_106' title='bbox 427 2023 475 2066; x_wconf 90' lang='lat' dir='ltr'><strong>eos</strong></span> <span class='ocrx_word' id='word_1_107' title='bbox 490 2009 591 2080; x_wconf 88' lang='lat' dir='ltr'><strong>quales</strong></span> <span class='ocrx_word' id='word_1_108' title='bbox 605 2010 762 2065; x_wconf 90' lang='lat' dir='ltr'><strong>voluerunt</strong></span> <span class='ocrx_word' id='word_1_109' title='bbox 786 2008 918 2081; x_wconf 83' lang='lat' dir='ltr'><strong>adprime</strong></span> 
     </span>
     <span class='ocr_line' id='line_1_13' title="bbox 70 2078 917 2151; baseline -0.006 -11"><span class='ocrx_word' id='word_1_110' title='bbox 70 2083 211 2149; x_wconf 89' lang='lat' dir='ltr'><strong>eruditos,</strong></span> <span class='ocrx_word' id='word_1_111' title='bbox 232 2095 291 2138; x_wconf 92' lang='lat' dir='ltr'><strong>non</strong></span> <span class='ocrx_word' id='word_1_112' title='bbox 313 2081 352 2136; x_wconf 91' lang='lat' dir='ltr'><strong>ita</strong></span> <span class='ocrx_word' id='word_1_113' title='bbox 373 2080 455 2137; x_wconf 90' lang='lat' dir='ltr'><strong>lacile</strong></span> <span class='ocrx_word' id='word_1_114' title='bbox 481 2089 509 2136; x_wconf 92' lang='lat' dir='ltr'><strong>et</strong></span> <span class='ocrx_word' id='word_1_115' title='bbox 532 2081 562 2136; x_wconf 91' lang='lat' dir='ltr'><strong>in</strong></span> <span class='ocrx_word' id='word_1_116' title='bbox 589 2087 725 2151; x_wconf 91' lang='lat' dir='ltr'><strong>promptu</strong></span> <span class='ocrx_word' id='word_1_117' title='bbox 750 2078 917 2142; x_wconf 86' lang='lat' dir='ltr'><strong>habuerint,</strong></span> 
     </span>
     <span class='ocr_line' id='line_1_14' title="bbox 69 2149 920 2222; baseline -0.007 -11"><span class='ocrx_word' id='word_1_118' title='bbox 69 2153 179 2212; x_wconf 83' lang='lat' dir='ltr'><strong>tactam</strong></span> <span class='ocrx_word' id='word_1_119' title='bbox 199 2159 243 2210; x_wconf 90' lang='grc' dir='ltr'><strong>ιιι</strong></span> <span class='ocrx_word' id='word_1_120' title='bbox 258 2159 290 2209; x_wconf 89' lang='grc' dir='ltr'><strong>ιιι</strong></span> <span class='ocrx_word' id='word_1_121' title='bbox 306 2151 485 2209; x_wconf 75' lang='lat' dir='ltr'><strong>bibliothece</strong></span> <span class='ocrx_word' id='word_1_122' title='bbox 501 2150 537 2208; x_wconf 91' lang='lat' dir='ltr'><strong>ab</strong></span> <span class='ocrx_word' id='word_1_123' title='bbox 551 2153 748 2222; x_wconf 84' lang='lat' dir='ltr'><strong>optimatibus,</strong></span> <span class='ocrx_word' id='word_1_124' title='bbox 766 2160 816 2208; x_wconf 91' lang='lat' dir='ltr'><strong>aut</strong></span> <span class='ocrx_word' id='word_1_125' title='bbox 833 2149 920 2207; x_wconf 91' lang='lat' dir='ltr'><strong>claris</strong></span> 
     </span>
     <span class='ocr_line' id='line_1_15' title="bbox 70 2221 918 2295; baseline -0.008 -13"><span class='ocrx_word' id='word_1_126' title='bbox 70 2231 99 2282; x_wconf 85' lang='lat' dir='ltr'><strong>et</strong></span> <span class='ocrx_word' id='word_1_127' title='bbox 123 2223 314 2295; x_wconf 91' lang='lat' dir='ltr'><strong>locupletibus</strong></span> <span class='ocrx_word' id='word_1_128' title='bbox 334 2237 406 2280; x_wconf 89' lang='lat' dir='ltr'><strong>virts</strong></span> <span class='ocrx_word' id='word_1_129' title='bbox 425 2231 483 2279; x_wconf 85' lang='lat' dir='ltr'><strong>sint</strong></span> <span class='ocrx_word' id='word_1_130' title='bbox 499 2230 648 2290; x_wconf 83' lang='lat' dir='ltr'><strong>institute,</strong></span> <span class='ocrx_word' id='word_1_131' title='bbox 672 2222 702 2278; x_wconf 91' lang='lat' dir='ltr'><strong>in</strong></span> <span class='ocrx_word' id='word_1_132' title='bbox 726 2221 836 2294; x_wconf 91' lang='lat' dir='ltr'><strong>quihus</strong></span> <span class='ocrx_word' id='word_1_133' title='bbox 857 2231 918 2276; x_wconf 92' lang='lat' dir='ltr'><strong>tan-</strong></span> 
     </span>
     <span class='ocr_line' id='line_1_16' title="bbox 70 2294 918 2368; baseline -0.006 -16"><span class='ocrx_word' id='word_1_134' title='bbox 70 2307 160 2368; x_wconf 88' lang='lat' dir='ltr'><strong>quam</strong></span> <span class='ocrx_word' id='word_1_135' title='bbox 176 2294 279 2366; x_wconf 90' lang='lat' dir='ltr'><strong>promi,</strong></span> <span class='ocrx_word' id='word_1_136' title='bbox 295 2294 378 2350; x_wconf 91' lang='lat' dir='ltr'><strong>condi</strong></span> <span class='ocrx_word' id='word_1_137' title='bbox 393 2306 525 2362; x_wconf 89' lang='lat' dir='ltr'><strong>munere,</strong></span> <span class='ocrx_word' id='word_1_138' title='bbox 540 2296 712 2364; x_wconf 90' lang='lat' dir='ltr'><strong>optimorum</strong></span> <span class='ocrx_word' id='word_1_139' title='bbox 736 2301 763 2349; x_wconf 92' lang='grc' dir='ltr'><strong>ιι</strong></span> <span class='ocrx_word' id='word_1_140' title='bbox 788 2300 918 2349; x_wconf 90' lang='lat' dir='ltr'><strong>veterum</strong></span> 
     </span>
     <span class='ocr_line' id='line_1_17' title="bbox 70 2362 919 2435; baseline -0.005 -13"><span class='ocrx_word' id='word_1_141' title='bbox 70 2374 223 2423; x_wconf 86' lang='lat' dir='ltr'><strong>auctarum</strong></span> <span class='ocrx_word' id='word_1_142' title='bbox 248 2366 313 2421; x_wconf 92' lang='lat' dir='ltr'><strong>libri</strong></span> <span class='ocrx_word' id='word_1_143' title='bbox 333 2365 448 2435; x_wconf 88' lang='lat' dir='ltr'><strong>repositi</strong></span> <span class='ocrx_word' id='word_1_144' title='bbox 468 2371 697 2431; x_wconf 79' lang='lat' dir='ltr'><strong>asservarentur,</strong></span> <span class='ocrx_word' id='word_1_145' title='bbox 720 2372 747 2420; x_wconf 92' lang='lat' dir='ltr'><strong>et</strong></span> <span class='ocrx_word' id='word_1_146' title='bbox 769 2377 786 2420; x_wconf 93' lang='lat' dir='ltr'><strong>a</strong></span> <span class='ocrx_word' id='word_1_147' title='bbox 811 2362 919 2434; x_wconf 90' lang='lat' dir='ltr'><strong>quihus</strong></span> 
     </span>
     <span class='ocr_line' id='line_1_18' title="bbox 70 2434 919 2509; baseline -0.006 -15"><span class='ocrx_word' id='word_1_148' title='bbox 70 2442 212 2509; x_wconf 87' lang='lat' dir='ltr'><strong>tauquam</strong></span> <span class='ocrx_word' id='word_1_149' title='bbox 235 2436 353 2493; x_wconf 90' lang='lat' dir='ltr'><strong>adivite</strong></span> <span class='ocrx_word' id='word_1_150' title='bbox 368 2449 444 2507; x_wconf 93' lang='lat' dir='ltr'><strong>penu</strong></span> <span class='ocrx_word' id='word_1_151' title='bbox 459 2435 645 2491; x_wconf 83' lang='lat' dir='ltr'><strong>scientiarum</strong></span> <span class='ocrx_word' id='word_1_152' title='bbox 662 2434 760 2504; x_wconf 90' lang='lat' dir='ltr'><strong>cupidi</strong></span> <span class='ocrx_word' id='word_1_153' title='bbox 778 2448 832 2490; x_wconf 90' lang='lat' dir='ltr'><strong>suo</strong></span> <span class='ocrx_word' id='word_1_154' title='bbox 848 2442 919 2490; x_wconf 90' lang='lat' dir='ltr'><strong>tem·</strong></span> 
     </span>
     <span class='ocr_line' id='line_1_19' title="bbox 70 2505 919 2580; baseline -0.004 -17"><span class='ocrx_word' id='word_1_155' title='bbox 70 2520 140 2580; x_wconf 88' lang='lat' dir='ltr'><strong>pore</strong></span> <span class='ocrx_word' id='word_1_156' title='bbox 163 2505 361 2564; x_wconf 87' lang='lat' dir='ltr'><strong>doctrinarum</strong></span> <span class='ocrx_word' id='word_1_157' title='bbox 382 2507 541 2576; x_wconf 81' lang='lat' dir='ltr'><strong>exquisitos</strong></span> <span class='ocrx_word' id='word_1_158' title='bbox 561 2507 712 2562; x_wconf 90' lang='lat' dir='ltr'><strong>thesauros</strong></span> <span class='ocrx_word' id='word_1_159' title='bbox 735 2513 830 2575; x_wconf 91' lang='lat' dir='ltr'><strong>petere</strong></span> <span class='ocrx_word' id='word_1_160' title='bbox 854 2518 919 2574; x_wconf 93' lang='lat' dir='ltr'><strong>pos·</strong></span> 
     </span>
     <span class='ocr_line' id='line_1_20' title="bbox 70 2575 919 2646; baseline -0.007 -10"><span class='ocrx_word' id='word_1_161' title='bbox 70 2587 144 2636; x_wconf 86' lang='lat' dir='ltr'><strong>sent.</strong></span> <span class='ocrx_word' id='word_1_162' title='bbox 172 2577 244 2634; x_wconf 81' lang='lat' dir='ltr'><strong>ilinc</strong></span> <span class='ocrx_word' id='word_1_163' title='bbox 258 2576 440 2633; x_wconf 78' lang='lat' dir='ltr'><strong>Atheniensis</strong></span> <span class='ocrx_word' id='word_1_164' title='bbox 464 2575 640 2644; x_wconf 82' lang='lat' dir='ltr'><strong>Pisistratus,</strong></span> <span class='ocrx_word' id='word_1_165' title='bbox 656 2577 801 2634; x_wconf 81' lang='lat' dir='ltr'><strong>Eumenes</strong></span> <span class='ocrx_word' id='word_1_166' title='bbox 823 2577 919 2646; x_wconf 82' lang='lat' dir='ltr'><strong>Perga·</strong></span> 
     </span>
     <span class='ocr_line' id='line_1_21' title="bbox 70 2648 920 2718; baseline -0.004 -12"><span class='ocrx_word' id='word_1_167' title='bbox 70 2661 184 2716; x_wconf 88' lang='lat' dir='ltr'><strong>manus,</strong></span> <span class='ocrx_word' id='word_1_168' title='bbox 208 2649 377 2705; x_wconf 70' lang='lat' dir='ltr'><strong>Ptolemaeus</strong></span> <span class='ocrx_word' id='word_1_169' title='bbox 396 2648 551 2705; x_wconf 80' lang='lat' dir='ltr'><strong>Filadellus</strong></span> <span class='ocrx_word' id='word_1_170' title='bbox 574 2649 622 2718; x_wconf 76' lang='grc' dir='ltr'>(ιι),</span> <span class='ocrx_word' id='word_1_171' title='bbox 643 2648 720 2718; x_wconf 90' lang='lat' dir='ltr'><strong>quod</strong></span> <span class='ocrx_word' id='word_1_172' title='bbox 744 2648 920 2717; x_wconf 83' lang='lat' dir='ltr'><strong>conquisitos</strong></span> 
     </span>
     <span class='ocr_line' id='line_1_22' title="bbox 70 2717 920 2790; baseline -0.005 -13"><span class='ocrx_word' id='word_1_173' title='bbox 70 2719 107 2777; x_wconf 87' lang='lat' dir='ltr'><strong>ad</strong></span> <span class='ocrx_word' id='word_1_174' title='bbox 130 2721 256 2776; x_wconf 85' lang='lat' dir='ltr'><strong>ducenta</strong></span> <span class='ocrx_word' id='word_1_175' title='bbox 272 2719 330 2776; x_wconf 88' lang='lat' dir='ltr'><strong>lere</strong></span> <span class='ocrx_word' id='word_1_176' title='bbox 351 2719 431 2776; x_wconf 92' lang='lat' dir='ltr'><strong>milia</strong></span> <span class='ocrx_word' id='word_1_177' title='bbox 455 2718 543 2775; x_wconf 90' lang='lat' dir='ltr'><strong>libros</strong></span> <span class='ocrx_word' id='word_1_178' title='bbox 562 2733 599 2775; x_wconf 88' lang='lat' dir='ltr'><strong>ex</strong></span> <span class='ocrx_word' id='word_1_179' title='bbox 622 2719 773 2790; x_wconf 78' lang='lat' dir='ltr'><strong>autogralo</strong></span> <span class='ocrx_word' id='word_1_180' title='bbox 795 2717 920 2775; x_wconf 90' lang='lat' dir='ltr'><strong>describi</strong></span> 
     </span>
     <span class='ocr_line' id='line_1_23' title="bbox 69 2788 921 2862; baseline -0.002 -15"><span class='ocrx_word' id='word_1_181' title='bbox 69 2802 178 2862; x_wconf 81' lang='lat' dir='ltr'><strong>magua</strong></span> <span class='ocrx_word' id='word_1_182' title='bbox 195 2791 323 2861; x_wconf 91' lang='lat' dir='ltr'><strong>impensa</strong></span> <span class='ocrx_word' id='word_1_183' title='bbox 346 2797 506 2856; x_wconf 88' lang='lat' dir='ltr'><strong>curassent,</strong></span> <span class='ocrx_word' id='word_1_184' title='bbox 528 2790 600 2847; x_wconf 88' lang='lat' dir='ltr'><strong>hanc</strong></span> <span class='ocrx_word' id='word_1_185' title='bbox 620 2789 655 2847; x_wconf 93' lang='lat' dir='ltr'><strong>de</strong></span> <span class='ocrx_word' id='word_1_186' title='bbox 679 2788 843 2860; x_wconf 86' lang='lat' dir='ltr'><strong>posteritate</strong></span> <span class='ocrx_word' id='word_1_187' title='bbox 863 2803 921 2845; x_wconf 90' lang='lat' dir='ltr'><strong>me·</strong></span> 
     </span>
     <span class='ocr_line' id='line_1_24' title="bbox 69 2858 920 2919; baseline -0.004 -1"><span class='ocrx_word' id='word_1_188' title='bbox 69 2861 118 2918; x_wconf 88' lang='lat' dir='ltr'><strong>riti</strong></span> <span class='ocrx_word' id='word_1_189' title='bbox 137 2874 243 2919; x_wconf 91' lang='lat' dir='ltr'><strong>nomeu</strong></span> <span class='ocrx_word' id='word_1_190' title='bbox 265 2875 352 2918; x_wconf 91' lang='lat' dir='ltr'><strong>suum</strong></span> <span class='ocrx_word' id='word_1_191' title='bbox 375 2861 583 2918; x_wconf 88' lang='lat' dir='ltr'><strong>immortalitati</strong></span> <span class='ocrx_word' id='word_1_192' title='bbox 616 2869 832 2917; x_wconf 90' lang='lat' dir='ltr'><strong>consecrarunt.</strong></span> <span class='ocrx_word' id='word_1_193' title='bbox 863 2858 920 2915; x_wconf 88' lang='lat' dir='ltr'><strong>Nec</strong></span> 
     </span>
     <span class='ocr_line' id='line_1_25' title="bbox 26 2930 920 3003; baseline -0.006 -13"><span class='ocrx_word' id='word_1_194' title='bbox 26 2967 32 2974; x_wconf 90' lang='lat'><em>-</em></span> <span class='ocrx_word' id='word_1_195' title='bbox 70 2933 211 2990; x_wconf 88' lang='lat' dir='ltr'><strong>minorem</strong></span> <span class='ocrx_word' id='word_1_196' title='bbox 225 2931 307 3003; x_wconf 90' lang='lat' dir='ltr'><strong>apud</strong></span> <span class='ocrx_word' id='word_1_197' title='bbox 330 2933 474 2989; x_wconf 83' lang='lat' dir='ltr'><strong>Romanos</strong></span> <span class='ocrx_word' id='word_1_198' title='bbox 489 2932 520 2989; x_wconf 87' lang='lat' dir='ltr'><strong>L.</strong></span> <span class='ocrx_word' id='word_1_199' title='bbox 547 2931 697 2997; x_wconf 86' lang='lat' dir='ltr'><strong>Lucullus,</strong></span> <span class='ocrx_word' id='word_1_200' title='bbox 712 2932 830 2987; x_wconf 80' lang='lat' dir='ltr'><strong>Asinius</strong></span> <span class='ocrx_word' id='word_1_201' title='bbox 852 2930 920 2986; x_wconf 92' lang='lat' dir='ltr'><strong>Pol-</strong></span> 
     </span>
     <span class='ocr_line' id='line_1_26' title="bbox 69 3001 921 3073; baseline -0.002 -14"><span class='ocrx_word' id='word_1_202' title='bbox 69 3001 119 3071; x_wconf 92' lang='lat' dir='ltr'><strong>llo,</strong></span> <span class='ocrx_word' id='word_1_203' title='bbox 149 3002 302 3073; x_wconf 77' lang='lat' dir='ltr'><strong>Traianus,</strong></span> <span class='ocrx_word' id='word_1_204' title='bbox 335 3004 364 3057; x_wconf 86' lang='lat' dir='ltr'><strong>C.</strong></span> <span class='ocrx_word' id='word_1_205' title='bbox 388 3002 510 3072; x_wconf 89' lang='lat' dir='ltr'><strong>Plinius,</strong></span> <span class='ocrx_word' id='word_1_206' title='bbox 541 3002 657 3059; x_wconf 82' lang='lat' dir='ltr'><strong>Tacitus</strong></span> <span class='ocrx_word' id='word_1_207' title='bbox 682 3006 715 3058; x_wconf 78' lang='lat' dir='ltr'><strong>h.</strong></span> <span class='ocrx_word' id='word_1_208' title='bbox 748 3001 921 3073; x_wconf 87' lang='lat' dir='ltr'><strong>comparatis</strong></span> 
     </span>
     <span class='ocr_line' id='line_1_27' title="bbox 69 3071 918 3139; baseline -0.006 -8"><span class='ocrx_word' id='word_1_209' title='bbox 69 3086 293 3131; x_wconf 88' lang='lat' dir='ltr'><strong>numerosarum</strong></span> <span class='ocrx_word' id='word_1_210' title='bbox 317 3072 501 3129; x_wconf 89' lang='lat' dir='ltr'><strong>voluminum</strong></span> <span class='ocrx_word' id='word_1_211' title='bbox 516 3072 708 3129; x_wconf 88' lang='lat' dir='ltr'><strong>ornatissimis</strong></span> <span class='ocrx_word' id='word_1_212' title='bbox 729 3071 918 3139; x_wconf 85' lang='lat' dir='ltr'><strong>bibliothecis,</strong></span> 
     </span>
     <span class='ocr_line' id='line_1_28' title="bbox 69 3141 918 3214; baseline -0.004 -14"><span class='ocrx_word' id='word_1_213' title='bbox 69 3143 230 3200; x_wconf 89' lang='lat' dir='ltr'><strong>slendoris</strong></span> <span class='ocrx_word' id='word_1_214' title='bbox 255 3157 289 3199; x_wconf 92' lang='lat' dir='ltr'><strong>ac</strong></span> <span class='ocrx_word' id='word_1_215' title='bbox 312 3143 534 3214; x_wconf 79' lang='lat' dir='ltr'><strong>magnificentie</strong></span> <span class='ocrx_word' id='word_1_216' title='bbox 558 3144 673 3200; x_wconf 90' lang='lat' dir='ltr'><strong>laudem</strong></span> <span class='ocrx_word' id='word_1_217' title='bbox 694 3152 763 3201; x_wconf 91' lang='lat' dir='ltr'><strong>sunt</strong></span> <span class='ocrx_word' id='word_1_218' title='bbox 785 3141 918 3200; x_wconf 88' lang='lat' dir='ltr'><strong>assecuti.</strong></span> 
     </span>
    </p>

    <p class='ocr_par' dir='ltr' id='par_1_8' title="bbox 94 3213 920 3286">
     <span class='ocr_line' id='line_1_29' title="bbox 94 3213 920 3286; baseline -0.002 -16"><span class='ocrx_word' id='word_1_219' title='bbox 94 3215 150 3270; x_wconf 91' lang='lat' dir='ltr'><strong>uod</strong></span> <span class='ocrx_word' id='word_1_220' title='bbox 165 3214 189 3269; x_wconf 92' lang='lat' dir='ltr'><strong>si</strong></span> <span class='ocrx_word' id='word_1_221' title='bbox 213 3215 242 3268; x_wconf 92' lang='lat' dir='ltr'><strong>iu</strong></span> <span class='ocrx_word' id='word_1_222' title='bbox 258 3213 304 3269; x_wconf 90' lang='lat' dir='ltr'><strong>his</strong></span> <span class='ocrx_word' id='word_1_223' title='bbox 317 3222 479 3285; x_wconf 89' lang='lat' dir='ltr'><strong>poetarum,</strong></span> <span class='ocrx_word' id='word_1_224' title='bbox 496 3215 701 3286; x_wconf 82' lang='lat' dir='ltr'><strong>filosophoruru</strong></span> <span class='ocrx_word' id='word_1_225' title='bbox 718 3216 872 3280; x_wconf 82' lang='lat' dir='ltr'><strong>duntaxat,</strong></span> <span class='ocrx_word' id='word_1_226' title='bbox 892 3220 920 3269; x_wconf 90' lang='lat' dir='ltr'><strong>et</strong></span> 
     </span>
    </p>
   </div>
   <div class='ocr_carea' id='block_1_8' title="bbox 973 2007 1826 3284">
    <p class='ocr_par' dir='ltr' id='par_1_9' title="bbox 973 2007 1826 3284">
     <span class='ocr_line' id='line_1_30' title="bbox 976 2007 1825 2078; baseline 0.005 -15"><span class='ocrx_word' id='word_1_227' title='bbox 976 2007 1162 2078; x_wconf 90' lang='lat' dir='ltr'><strong>impostorum</strong></span> <span class='ocrx_word' id='word_1_228' title='bbox 1186 2007 1297 2064; x_wconf 90' lang='lat' dir='ltr'><strong>insidiis</strong></span> <span class='ocrx_word' id='word_1_229' title='bbox 1320 2008 1426 2074; x_wconf 83' lang='lat' dir='ltr'><strong>illese,</strong></span> <span class='ocrx_word' id='word_1_230' title='bbox 1448 2010 1489 2065; x_wconf 90' lang='lat' dir='ltr'><strong>ita</strong></span> <span class='ocrx_word' id='word_1_231' title='bbox 1512 2017 1545 2065; x_wconf 92' lang='lat' dir='ltr'><strong>ut</strong></span> <span class='ocrx_word' id='word_1_232' title='bbox 1571 2009 1643 2066; x_wconf 92' lang='lat' dir='ltr'><strong>nihil</strong></span> <span class='ocrx_word' id='word_1_233' title='bbox 1670 2011 1699 2065; x_wconf 91' lang='lat' dir='ltr'><strong>in</strong></span> <span class='ocrx_word' id='word_1_234' title='bbox 1722 2011 1767 2066; x_wconf 89' lang='lat' dir='ltr'><strong>his</strong></span> <span class='ocrx_word' id='word_1_235' title='bbox 1788 2013 1825 2067; x_wconf 90' lang='lat' dir='ltr'><strong>sit</strong></span> 
     </span>
     <span class='ocr_line' id='line_1_31' title="bbox 974 2080 1826 2151; baseline 0.004 -16"><span class='ocrx_word' id='word_1_236' title='bbox 974 2086 1145 2150; x_wconf 90' lang='lat' dir='ltr'><strong>repertum;</strong></span> <span class='ocrx_word' id='word_1_237' title='bbox 1173 2092 1232 2148; x_wconf 93' lang='lat' dir='ltr'><strong>quo</strong></span> <span class='ocrx_word' id='word_1_238' title='bbox 1260 2093 1342 2135; x_wconf 91' lang='lat' dir='ltr'><strong>suam</strong></span> <span class='ocrx_word' id='word_1_239' title='bbox 1364 2080 1467 2148; x_wconf 75' lang='lat' dir='ltr'><strong>Arias,</strong></span> <span class='ocrx_word' id='word_1_240' title='bbox 1498 2080 1642 2151; x_wconf 83' lang='lat' dir='ltr'><strong>Eutyches</strong></span> <span class='ocrx_word' id='word_1_241' title='bbox 1677 2080 1826 2138; x_wconf 87' lang='lat' dir='ltr'><strong>Nestorius</strong></span> 
     </span>
     <span class='ocr_line' id='line_1_32' title="bbox 973 2147 1826 2221; baseline 0.004 -16"><span class='ocrx_word' id='word_1_242' title='bbox 973 2163 1091 2206; x_wconf 90' lang='lat' dir='ltr'><strong>causam</strong></span> <span class='ocrx_word' id='word_1_243' title='bbox 1114 2147 1216 2205; x_wconf 89' lang='lat' dir='ltr'><strong>luleire</strong></span> <span class='ocrx_word' id='word_1_244' title='bbox 1229 2157 1357 2221; x_wconf 85' lang='lat' dir='ltr'><strong>posseut;</strong></span> <span class='ocrx_word' id='word_1_245' title='bbox 1373 2160 1401 2207; x_wconf 90' lang='grc' dir='ltr'><strong>ιι</strong></span> <span class='ocrx_word' id='word_1_246' title='bbox 1415 2165 1482 2207; x_wconf 92' lang='lat' dir='ltr'><strong>cum</strong></span> <span class='ocrx_word' id='word_1_247' title='bbox 1501 2150 1684 2208; x_wconf 82' lang='lat' dir='ltr'><strong>sardicenses</strong></span> <span class='ocrx_word' id='word_1_248' title='bbox 1698 2165 1826 2209; x_wconf 87' lang='lat' dir='ltr'><strong>canones</strong></span> 
     </span>
     <span class='ocr_line' id='line_1_33' title="bbox 973 2219 1824 2346; baseline 0.002 -71"><span class='ocrx_word' id='word_1_249' title='bbox 973 2233 1026 2346; x_wconf 65' lang='lat' dir='ltr'><strong>fm</strong></span> <span class='ocrx_word' id='word_1_250' title='bbox 1050 2219 1174 2278; x_wconf 84' lang='lat' dir='ltr'><strong>Nicenis</strong></span> <span class='ocrx_word' id='word_1_251' title='bbox 1206 2220 1360 2279; x_wconf 86' lang='lat' dir='ltr'><strong>obtrudere</strong></span> <span class='ocrx_word' id='word_1_252' title='bbox 1389 2222 1505 2292; x_wconf 91' lang='lat' dir='ltr'><strong>quidem</strong></span> <span class='ocrx_word' id='word_1_253' title='bbox 1537 2223 1611 2278; x_wconf 92' lang='lat' dir='ltr'><strong>male</strong></span> <span class='ocrx_word' id='word_1_254' title='bbox 1641 2222 1735 2279; x_wconf 89' lang='lat' dir='ltr'><strong>leriati</strong></span> <span class='ocrx_word' id='word_1_255' title='bbox 1760 2223 1824 2279; x_wconf 91' lang='lat' dir='ltr'><strong>ausi</strong></span> 
     </span>
     <span class='ocr_line' id='line_1_34' title="bbox 988 2291 1825 2375; baseline 0.005 -29"><span class='ocrx_word' id='word_1_256' title='bbox 988 2293 1106 2357; x_wconf 85' lang='lat' dir='ltr'><strong>cissent,</strong></span> <span class='ocrx_word' id='word_1_257' title='bbox 1118 2292 1248 2348; x_wconf 92' lang='lat' dir='ltr'><strong>detersus</strong></span> <span class='ocrx_word' id='word_1_258' title='bbox 1261 2298 1303 2348; x_wconf 90' lang='lat' dir='ltr'><strong>est</strong></span> <span class='ocrx_word' id='word_1_259' title='bbox 1315 2299 1391 2348; x_wconf 90' lang='lat' dir='ltr'><strong>totus</strong></span> <span class='ocrx_word' id='word_1_260' title='bbox 1408 2293 1454 2348; x_wconf 86' lang='lat' dir='ltr'><strong>llic</strong></span> <span class='ocrx_word' id='word_1_261' title='bbox 1466 2291 1550 2349; x_wconf 88' lang='lat' dir='ltr'><strong>lucus</strong></span> <span class='ocrx_word' id='word_1_262' title='bbox 1565 2306 1616 2364; x_wconf 90' lang='lat' dir='ltr'><strong>per</strong></span> <span class='ocrx_word' id='word_1_263' title='bbox 1640 2293 1825 2375; x_wconf 85' lang='lat' dir='ltr'><strong>incorruptos</strong></span> 
     </span>
     <span class='ocr_line' id='line_1_35' title="bbox 974 2361 1823 2434; baseline 0.002 -16"><span class='ocrx_word' id='word_1_264' title='bbox 974 2376 1120 2419; x_wconf 90' lang='lat' dir='ltr'><strong>canonum</strong></span> <span class='ocrx_word' id='word_1_265' title='bbox 1151 2361 1334 2419; x_wconf 85' lang='lat' dir='ltr'><strong>Nicenorum</strong></span> <span class='ocrx_word' id='word_1_266' title='bbox 1355 2363 1476 2429; x_wconf 82' lang='lat' dir='ltr'><strong>radices,</strong></span> <span class='ocrx_word' id='word_1_267' title='bbox 1501 2363 1552 2434; x_wconf 91' lang='lat' dir='ltr'><strong>qui</strong></span> <span class='ocrx_word' id='word_1_268' title='bbox 1578 2365 1770 2434; x_wconf 83' lang='lat' dir='ltr'><strong>manuscripti</strong></span> <span class='ocrx_word' id='word_1_269' title='bbox 1793 2366 1823 2420; x_wconf 93' lang='lat' dir='ltr'><strong>in</strong></span> 
     </span>
     <span class='ocr_line' id='line_1_36' title="bbox 975 2433 1824 2503; baseline 0.001 -13"><span class='ocrx_word' id='word_1_270' title='bbox 975 2433 1154 2490; x_wconf 88' lang='lat' dir='ltr'><strong>bibliothecis</strong></span> <span class='ocrx_word' id='word_1_271' title='bbox 1177 2433 1432 2503; x_wconf 83' lang='lat' dir='ltr'><strong>Constantinopoli,</strong></span> <span class='ocrx_word' id='word_1_272' title='bbox 1453 2433 1634 2490; x_wconf 77' lang='lat' dir='ltr'><strong>alexandrie</strong></span> <span class='ocrx_word' id='word_1_273' title='bbox 1657 2441 1685 2491; x_wconf 92' lang='grc' dir='ltr'><strong>ιι</strong></span> <span class='ocrx_word' id='word_1_274' title='bbox 1718 2435 1824 2491; x_wconf 81' lang='lat' dir='ltr'><strong>Antio·</strong></span> 
     </span>
     <span class='ocr_line' id='line_1_37' title="bbox 974 2503 1826 2573; baseline 0.001 -13"><span class='ocrx_word' id='word_1_275' title='bbox 974 2505 1047 2561; x_wconf 87' lang='lat' dir='ltr'><strong>chle</strong></span> <span class='ocrx_word' id='word_1_276' title='bbox 1061 2511 1129 2561; x_wconf 91' lang='lat' dir='ltr'><strong>sunt</strong></span> <span class='ocrx_word' id='word_1_277' title='bbox 1145 2504 1258 2573; x_wconf 90' lang='lat' dir='ltr'><strong>reperti.</strong></span> <span class='ocrx_word' id='word_1_278' title='bbox 1275 2503 1405 2561; x_wconf 87' lang='lat' dir='ltr'><strong>iletninit</strong></span> <span class='ocrx_word' id='word_1_279' title='bbox 1425 2507 1512 2562; x_wconf 89' lang='lat' dir='ltr'><strong>etiam</strong></span> <span class='ocrx_word' id='word_1_280' title='bbox 1532 2506 1672 2562; x_wconf 78' lang='lat' dir='ltr'><strong>Eusebius</strong></span> <span class='ocrx_word' id='word_1_281' title='bbox 1692 2505 1826 2562; x_wconf 86' lang='lat' dir='ltr'><strong>Hieroso·</strong></span> 
     </span>
     <span class='ocr_line' id='line_1_38' title="bbox 974 2575 1825 2634; baseline 0 -2"><span class='ocrx_word' id='word_1_282' title='bbox 974 2575 1112 2632; x_wconf 86' lang='lat' dir='ltr'><strong>limitane</strong></span> <span class='ocrx_word' id='word_1_283' title='bbox 1127 2579 1154 2632; x_wconf 91' lang='grc' dir='ltr'><strong>ιι</strong></span> <span class='ocrx_word' id='word_1_284' title='bbox 1172 2575 1354 2632; x_wconf 67' lang='lat' dir='ltr'><strong>Caesariensis</strong></span> <span class='ocrx_word' id='word_1_285' title='bbox 1370 2576 1556 2633; x_wconf 85' lang='lat' dir='ltr'><strong>bibliothece.</strong></span> <span class='ocrx_word' id='word_1_286' title='bbox 1584 2578 1618 2634; x_wconf 94' lang='lat' dir='ltr'><strong>Et</strong></span> <span class='ocrx_word' id='word_1_287' title='bbox 1640 2577 1746 2633; x_wconf 88' lang='lat' dir='ltr'><strong>harum</strong></span> <span class='ocrx_word' id='word_1_288' title='bbox 1767 2591 1825 2633; x_wconf 92' lang='lat' dir='ltr'><strong>om·</strong></span> 
     </span>
     <span class='ocr_line' id='line_1_39' title="bbox 974 2646 1825 2718; baseline 0 -15"><span class='ocrx_word' id='word_1_289' title='bbox 974 2650 1057 2704; x_wconf 90' lang='lat' dir='ltr'><strong>nium</strong></span> <span class='ocrx_word' id='word_1_290' title='bbox 1084 2647 1242 2703; x_wconf 88' lang='lat' dir='ltr'><strong>imitatione</strong></span> <span class='ocrx_word' id='word_1_291' title='bbox 1266 2646 1396 2703; x_wconf 77' lang='lat' dir='ltr'><strong>Ecclesiae</strong></span> <span class='ocrx_word' id='word_1_292' title='bbox 1420 2646 1608 2703; x_wconf 89' lang='lat' dir='ltr'><strong>occidentales</strong></span> <span class='ocrx_word' id='word_1_293' title='bbox 1636 2647 1766 2718; x_wconf 90' lang='lat' dir='ltr'><strong>publicas</strong></span> <span class='ocrx_word' id='word_1_294' title='bbox 1797 2655 1825 2704; x_wconf 94' lang='lat' dir='ltr'><strong>et</strong></span> 
     </span>
     <span class='ocr_line' id='line_1_40' title="bbox 974 2717 1822 2788; baseline 0 -14"><span class='ocrx_word' id='word_1_295' title='bbox 974 2720 1103 2788; x_wconf 88' lang='lat' dir='ltr'><strong>privatas</strong></span> <span class='ocrx_word' id='word_1_296' title='bbox 1123 2719 1209 2774; x_wconf 90' lang='lat' dir='ltr'><strong>etiam</strong></span> <span class='ocrx_word' id='word_1_297' title='bbox 1230 2725 1406 2784; x_wconf 71' lang='lat' dir='ltr'><strong>erexerant</strong></span> <span class='ocrx_word' id='word_1_298' title='bbox 1428 2718 1471 2773; x_wconf 91' lang='lat' dir='ltr'><strong>his</strong></span> <span class='ocrx_word' id='word_1_299' title='bbox 1496 2720 1536 2773; x_wconf 91' lang='lat' dir='ltr'><strong>uti</strong></span> <span class='ocrx_word' id='word_1_300' title='bbox 1562 2717 1619 2774; x_wconf 88' lang='lat' dir='ltr'><strong>lrui</strong></span> <span class='ocrx_word' id='word_1_301' title='bbox 1643 2717 1751 2784; x_wconf 90' lang='lat' dir='ltr'><strong>liceret,</strong></span> <span class='ocrx_word' id='word_1_302' title='bbox 1779 2717 1822 2787; x_wconf 91' lang='lat' dir='ltr'><strong>iis,</strong></span> 
     </span>
     <span class='ocr_line' id='line_1_41' title="bbox 975 2787 1823 2859; baseline 0 -14"><span class='ocrx_word' id='word_1_303' title='bbox 975 2789 1025 2859; x_wconf 92' lang='lat' dir='ltr'><strong>qui</strong></span> <span class='ocrx_word' id='word_1_304' title='bbox 1047 2787 1137 2845; x_wconf 89' lang='lat' dir='ltr'><strong>sacris</strong></span> <span class='ocrx_word' id='word_1_305' title='bbox 1157 2787 1291 2843; x_wconf 87' lang='lat' dir='ltr'><strong>initiandi</strong></span> <span class='ocrx_word' id='word_1_306' title='bbox 1306 2802 1365 2843; x_wconf 84' lang='lat' dir='ltr'><strong>sese</strong></span> <span class='ocrx_word' id='word_1_307' title='bbox 1386 2796 1458 2843; x_wconf 92' lang='lat' dir='ltr'><strong>totos</strong></span> <span class='ocrx_word' id='word_1_308' title='bbox 1481 2787 1636 2845; x_wconf 86' lang='lat' dir='ltr'><strong>bibliorum</strong></span> <span class='ocrx_word' id='word_1_309' title='bbox 1657 2797 1685 2846; x_wconf 91' lang='grc' dir='ltr'><strong>ιι</strong></span> <span class='ocrx_word' id='word_1_310' title='bbox 1706 2790 1823 2846; x_wconf 84' lang='lat' dir='ltr'><strong>Petrum</strong></span> 
     </span>
     <span class='ocr_line' id='line_1_42' title="bbox 974 2858 1824 2931; baseline -0.002 -14"><span class='ocrx_word' id='word_1_311' title='bbox 974 2859 1089 2917; x_wconf 91' lang='lat' dir='ltr'><strong>lectioni</strong></span> <span class='ocrx_word' id='word_1_312' title='bbox 1103 2859 1278 2925; x_wconf 85' lang='lat' dir='ltr'><strong>addicerent,</strong></span> <span class='ocrx_word' id='word_1_313' title='bbox 1305 2858 1506 2929; x_wconf 90' lang='lat' dir='ltr'><strong>curabautquc</strong></span> <span class='ocrx_word' id='word_1_314' title='bbox 1518 2860 1642 2930; x_wconf 87' lang='lat' dir='ltr'><strong>episcopi</strong></span> <span class='ocrx_word' id='word_1_315' title='bbox 1654 2868 1686 2917; x_wconf 92' lang='lat' dir='ltr'><strong>ut</strong></span> <span class='ocrx_word' id='word_1_316' title='bbox 1699 2859 1824 2931; x_wconf 90' lang='lat' dir='ltr'><strong>quisque</strong></span> 
     </span>
     <span class='ocr_line' id='line_1_43' title="bbox 974 2927 1824 2999; baseline 0.002 -13"><span class='ocrx_word' id='word_1_317' title='bbox 974 2929 1063 2987; x_wconf 92' lang='lat' dir='ltr'><strong>libros</strong></span> <span class='ocrx_word' id='word_1_318' title='bbox 1082 2944 1129 2986; x_wconf 90' lang='lat' dir='ltr'><strong>eos</strong></span> <span class='ocrx_word' id='word_1_319' title='bbox 1153 2927 1273 2985; x_wconf 84' lang='lat' dir='ltr'><strong>fideliter</strong></span> <span class='ocrx_word' id='word_1_320' title='bbox 1293 2928 1449 2999; x_wconf 89' lang='lat' dir='ltr'><strong>descriptos</strong></span> <span class='ocrx_word' id='word_1_321' title='bbox 1472 2930 1549 2986; x_wconf 93' lang='lat' dir='ltr'><strong>domi</strong></span> <span class='ocrx_word' id='word_1_322' title='bbox 1575 2931 1701 2999; x_wconf 89' lang='lat' dir='ltr'><strong>haberet,</strong></span> <span class='ocrx_word' id='word_1_323' title='bbox 1725 2939 1753 2988; x_wconf 88' lang='lat' dir='ltr'><strong>et</strong></span> <span class='ocrx_word' id='word_1_324' title='bbox 1775 2944 1824 2988; x_wconf 82' lang='lat' dir='ltr'><strong>no</strong></span> 
     </span>
     <span class='ocr_line' id='line_1_44' title="bbox 974 3001 1824 3073; baseline -0.001 -16"><span class='ocrx_word' id='word_1_325' title='bbox 974 3010 1079 3058; x_wconf 90' lang='lat' dir='ltr'><strong>cturna</strong></span> <span class='ocrx_word' id='word_1_326' title='bbox 1090 3001 1256 3069; x_wconf 88' lang='lat' dir='ltr'><strong>diurnaque</strong></span> <span class='ocrx_word' id='word_1_327' title='bbox 1271 3014 1362 3056; x_wconf 90' lang='lat' dir='ltr'><strong>manu</strong></span> <span class='ocrx_word' id='word_1_328' title='bbox 1376 3009 1512 3057; x_wconf 89' lang='lat' dir='ltr'><strong>versaret.</strong></span> <span class='ocrx_word' id='word_1_329' title='bbox 1528 3002 1564 3057; x_wconf 92' lang='lat' dir='ltr'><strong>Et</strong></span> <span class='ocrx_word' id='word_1_330' title='bbox 1578 3002 1613 3058; x_wconf 93' lang='lat' dir='ltr'><strong>ad</strong></span> <span class='ocrx_word' id='word_1_331' title='bbox 1635 3002 1661 3058; x_wconf 91' lang='lat' dir='ltr'><strong>id</strong></span> <span class='ocrx_word' id='word_1_332' title='bbox 1682 3001 1824 3073; x_wconf 89' lang='lat' dir='ltr'><strong>paraban-</strong></span> 
     </span>
     <span class='ocr_line' id='line_1_45' title="bbox 974 3069 1822 3144; baseline -0.001 -15"><span class='ocrx_word' id='word_1_333' title='bbox 974 3080 1024 3130; x_wconf 92' lang='lat' dir='ltr'><strong>tur</strong></span> <span class='ocrx_word' id='word_1_334' title='bbox 1043 3070 1205 3144; x_wconf 82' lang='lat' dir='ltr'><strong>diligenteis</strong></span> <span class='ocrx_word' id='word_1_335' title='bbox 1225 3069 1335 3126; x_wconf 88' lang='lat' dir='ltr'><strong>librarii</strong></span> <span class='ocrx_word' id='word_1_336' title='bbox 1359 3077 1494 3127; x_wconf 91' lang='lat' dir='ltr'><strong>notarum</strong></span> <span class='ocrx_word' id='word_1_337' title='bbox 1518 3080 1545 3128; x_wconf 87' lang='lat' dir='ltr'><strong>et</strong></span> <span class='ocrx_word' id='word_1_338' title='bbox 1567 3072 1707 3144; x_wconf 82' lang='lat' dir='ltr'><strong>siglarum</strong></span> <span class='ocrx_word' id='word_1_339' title='bbox 1730 3073 1822 3144; x_wconf 90' lang='lat' dir='ltr'><strong>periti,</strong></span> 
     </span>
     <span class='ocr_line' id='line_1_46' title="bbox 975 3140 1822 3214; baseline 0.001 -15"><span class='ocrx_word' id='word_1_340' title='bbox 975 3157 1049 3214; x_wconf 92' lang='lat' dir='ltr'><strong>quos</strong></span> <span class='ocrx_word' id='word_1_341' title='bbox 1064 3144 1191 3200; x_wconf 85' lang='lat' dir='ltr'><strong>lreneus</strong></span> <span class='ocrx_word' id='word_1_342' title='bbox 1215 3140 1416 3212; x_wconf 71' lang='lat' dir='ltr'><strong>Lugdunensis</strong></span> <span class='ocrx_word' id='word_1_343' title='bbox 1439 3150 1466 3198; x_wconf 91' lang='lat' dir='ltr'><strong>et</strong></span> <span class='ocrx_word' id='word_1_344' title='bbox 1491 3142 1540 3198; x_wconf 90' lang='lat' dir='ltr'><strong>alii</strong></span> <span class='ocrx_word' id='word_1_345' title='bbox 1555 3144 1662 3200; x_wconf 91' lang='lat' dir='ltr'><strong>cordati</strong></span> <span class='ocrx_word' id='word_1_346' title='bbox 1682 3145 1822 3210; x_wconf 90' lang='lat' dir='ltr'><strong>doctores,</strong></span> 
     </span>
     <span class='ocr_line' id='line_1_47' title="bbox 974 3212 1825 3284; baseline -0.002 -13"><span class='ocrx_word' id='word_1_347' title='bbox 974 3228 1041 3271; x_wconf 90' lang='lat' dir='ltr'><strong>cum</strong></span> <span class='ocrx_word' id='word_1_348' title='bbox 1057 3214 1145 3271; x_wconf 88' lang='lat' dir='ltr'><strong>libros</strong></span> <span class='ocrx_word' id='word_1_349' title='bbox 1166 3213 1279 3283; x_wconf 89' lang='lat' dir='ltr'><strong>aliquos</strong></span> <span class='ocrx_word' id='word_1_350' title='bbox 1300 3212 1426 3280; x_wconf 91' lang='lat' dir='ltr'><strong>ederent,</strong></span> <span class='ocrx_word' id='word_1_351' title='bbox 1448 3226 1523 3283; x_wconf 83' lang='lat' dir='ltr'><strong>sepe</strong></span> <span class='ocrx_word' id='word_1_352' title='bbox 1547 3228 1596 3284; x_wconf 89' lang='lat' dir='ltr'><strong>per</strong></span> <span class='ocrx_word' id='word_1_353' title='bbox 1620 3215 1718 3270; x_wconf 91' lang='lat' dir='ltr'><strong>omnia</strong></span> <span class='ocrx_word' id='word_1_354' title='bbox 1742 3227 1825 3271; x_wconf 91' lang='lat' dir='ltr'><strong>sacra</strong></span> 
     </span>
    </p>
   </div>
   <div class='ocr_carea' id='block_1_9' title="bbox 69 3283 1823 3356">
    <p class='ocr_par' dir='ltr' id='par_1_10' title="bbox 69 3283 1823 3356">
     <span class='ocr_line' id='line_1_48' title="bbox 69 3283 1823 3356; baseline 0 -15"><span class='ocrx_word' id='word_1_355' title='bbox 69 3283 274 3341; x_wconf 87' lang='lat' dir='ltr'><strong>historicorum</strong></span> <span class='ocrx_word' id='word_1_356' title='bbox 306 3284 438 3355; x_wconf 87' lang='lat' dir='ltr'><strong>reliquiis</strong></span> <span class='ocrx_word' id='word_1_357' title='bbox 461 3287 666 3356; x_wconf 80' lang='lat' dir='ltr'><strong>conquirendis</strong></span> <span class='ocrx_word' id='word_1_358' title='bbox 690 3292 718 3343; x_wconf 92' lang='lat' dir='ltr'><strong>et</strong></span> <span class='ocrx_word' id='word_1_359' title='bbox 750 3283 919 3356; x_wconf 78' lang='lat' dir='ltr'><strong>colligendis</strong></span> <span class='ocrx_word' id='word_1_360' title='bbox 935 3288 957 3342; x_wconf 88' lang='lat' dir='ltr'>B</span> <span class='ocrx_word' id='word_1_361' title='bbox 974 3294 1042 3341; x_wconf 89' lang='lat' dir='ltr'><strong>sunt</strong></span> <span class='ocrx_word' id='word_1_362' title='bbox 1056 3286 1199 3350; x_wconf 87' lang='lat' dir='ltr'><strong>obtestati,</strong></span> <span class='ocrx_word' id='word_1_363' title='bbox 1214 3291 1246 3340; x_wconf 92' lang='lat' dir='ltr'><strong>ut</strong></span> <span class='ocrx_word' id='word_1_364' title='bbox 1267 3283 1343 3353; x_wconf 95' lang='lat' dir='ltr'><strong>quod</strong></span> <span class='ocrx_word' id='word_1_365' title='bbox 1361 3283 1390 3338; x_wconf 93' lang='grc' dir='ltr'><strong>ιιι</strong></span> <span class='ocrx_word' id='word_1_366' title='bbox 1405 3283 1560 3355; x_wconf 91' lang='lat' dir='ltr'><strong>archetypo</strong></span> <span class='ocrx_word' id='word_1_367' title='bbox 1576 3293 1649 3341; x_wconf 90' lang='lat' dir='ltr'><strong>esset</strong></span> <span class='ocrx_word' id='word_1_368' title='bbox 1662 3285 1823 3356; x_wconf 84' lang='lat' dir='ltr'><strong>exemplari</strong></span> 
     </span>
    </p>
   </div>
   <div class='ocr_carea' id='block_1_10' title="bbox 69 3355 921 4631">
    <p class='ocr_par' dir='ltr' id='par_1_11' title="bbox 69 3355 921 4631">
     <span class='ocr_line' id='line_1_49' title="bbox 69 3355 921 3427; baseline -0.002 -15"><span class='ocrx_word' id='word_1_369' title='bbox 69 3363 181 3412; x_wconf 87' lang='lat' dir='ltr'><strong>tautam</strong></span> <span class='ocrx_word' id='word_1_370' title='bbox 194 3369 294 3412; x_wconf 90' lang='lat' dir='ltr'><strong>curam</strong></span> <span class='ocrx_word' id='word_1_371' title='bbox 311 3356 497 3413; x_wconf 83' lang='lat' dir='ltr'><strong>adhibuerint</strong></span> <span class='ocrx_word' id='word_1_372' title='bbox 512 3357 609 3413; x_wconf 91' lang='lat' dir='ltr'><strong>adhuc</strong></span> <span class='ocrx_word' id='word_1_373' title='bbox 625 3356 747 3427; x_wconf 89' lang='lat' dir='ltr'><strong>prolani,</strong></span> <span class='ocrx_word' id='word_1_374' title='bbox 763 3365 790 3413; x_wconf 92' lang='lat' dir='ltr'><strong>et</strong></span> <span class='ocrx_word' id='word_1_375' title='bbox 804 3355 921 3412; x_wconf 86' lang='lat' dir='ltr'><strong>cecita-</strong></span> 
     </span>
     <span class='ocr_line' id='line_1_50' title="bbox 70 3425 919 3498; baseline -0.002 -15"><span class='ocrx_word' id='word_1_376' title='bbox 70 3425 107 3484; x_wconf 87' lang='lat' dir='ltr'><strong>tls</strong></span> <span class='ocrx_word' id='word_1_377' title='bbox 124 3426 281 3493; x_wconf 89' lang='lat' dir='ltr'><strong>errorlhus,</strong></span> <span class='ocrx_word' id='word_1_378' title='bbox 306 3426 446 3498; x_wconf 88' lang='lat' dir='ltr'><strong>loedisqua</strong></span> <span class='ocrx_word' id='word_1_379' title='bbox 468 3428 634 3485; x_wconf 78' lang='lat' dir='ltr'><strong>demonum</strong></span> <span class='ocrx_word' id='word_1_380' title='bbox 657 3428 782 3484; x_wconf 88' lang='lat' dir='ltr'><strong>tenebris</strong></span> <span class='ocrx_word' id='word_1_381' title='bbox 797 3435 824 3483; x_wconf 90' lang='grc' dir='ltr'><strong>ιι</strong></span> <span class='ocrx_word' id='word_1_382' title='bbox 848 3439 919 3496; x_wconf 81' lang='lat' dir='ltr'><strong>pras-</strong></span> 
     </span>
     <span class='ocr_line' id='line_1_51' title="bbox 69 3497 921 3569; baseline -0.004 -14"><span class='ocrx_word' id='word_1_383' title='bbox 69 3497 164 3568; x_wconf 76' lang='lat' dir='ltr'><strong>stigiis</strong></span> <span class='ocrx_word' id='word_1_384' title='bbox 183 3497 317 3564; x_wconf 90' lang='lat' dir='ltr'><strong>involuti,</strong></span> <span class='ocrx_word' id='word_1_385' title='bbox 351 3499 423 3568; x_wconf 92' lang='lat' dir='ltr'><strong>quid</strong></span> <span class='ocrx_word' id='word_1_386' title='bbox 446 3500 622 3556; x_wconf 90' lang='lat' dir='ltr'><strong>censendum</strong></span> <span class='ocrx_word' id='word_1_387' title='bbox 649 3506 786 3569; x_wconf 91' lang='lat' dir='ltr'><strong>putamus</strong></span> <span class='ocrx_word' id='word_1_388' title='bbox 810 3497 845 3553; x_wconf 93' lang='lat' dir='ltr'><strong>de</strong></span> <span class='ocrx_word' id='word_1_389' title='bbox 873 3497 921 3567; x_wconf 91' lang='lat' dir='ltr'><strong>pia</strong></span> 
     </span>
     <span class='ocr_line' id='line_1_52' title="bbox 70 3566 920 3627; baseline -0.004 -2"><span class='ocrx_word' id='word_1_390' title='bbox 70 3567 192 3626; x_wconf 88' lang='lat' dir='ltr'><strong>heroum</strong></span> <span class='ocrx_word' id='word_1_391' title='bbox 216 3568 360 3624; x_wconf 89' lang='lat' dir='ltr'><strong>nascentis</strong></span> <span class='ocrx_word' id='word_1_392' title='bbox 375 3569 507 3625; x_wconf 85' lang='lat' dir='ltr'><strong>Ecclesiae</strong></span> <span class='ocrx_word' id='word_1_393' title='bbox 531 3569 723 3627; x_wconf 91' lang='lat' dir='ltr'><strong>sollicitudine</strong></span> <span class='ocrx_word' id='word_1_394' title='bbox 745 3571 775 3625; x_wconf 93' lang='lat' dir='ltr'><strong>ln</strong></span> <span class='ocrx_word' id='word_1_395' title='bbox 791 3582 822 3625; x_wconf 91' lang='lat' dir='ltr'><strong>re</strong></span> <span class='ocrx_word' id='word_1_396' title='bbox 841 3566 920 3623; x_wconf 93' lang='lat' dir='ltr'><strong>haud</strong></span> 
     </span>
     <span class='ocr_line' id='line_1_53' title="bbox 69 3638 920 3710; baseline -0.001 -16"><span class='ocrx_word' id='word_1_397' title='bbox 69 3638 210 3709; x_wconf 84' lang='lat' dir='ltr'><strong>absimili;</strong></span> <span class='ocrx_word' id='word_1_398' title='bbox 232 3647 342 3710; x_wconf 89' lang='lat' dir='ltr'><strong>quanto</strong></span> <span class='ocrx_word' id='word_1_399' title='bbox 356 3654 456 3696; x_wconf 91' lang='lat' dir='ltr'><strong>corum</strong></span> <span class='ocrx_word' id='word_1_400' title='bbox 472 3640 536 3698; x_wconf 92' lang='lat' dir='ltr'><strong>laus</strong></span> <span class='ocrx_word' id='word_1_401' title='bbox 547 3642 662 3710; x_wconf 80' lang='lat' dir='ltr'><strong>justior,</strong></span> <span class='ocrx_word' id='word_1_402' title='bbox 678 3640 757 3710; x_wconf 91' lang='lat' dir='ltr'><strong>quod</strong></span> <span class='ocrx_word' id='word_1_403' title='bbox 781 3651 920 3709; x_wconf 88' lang='lat' dir='ltr'><strong>propenso</strong></span> 
     </span>
     <span class='ocr_line' id='line_1_54' title="bbox 70 3707 920 3781; baseline -0.005 -15"><span class='ocrx_word' id='word_1_404' title='bbox 70 3710 167 3766; x_wconf 84' lang='lat' dir='ltr'><strong>auimo</strong></span> <span class='ocrx_word' id='word_1_405' title='bbox 181 3709 209 3765; x_wconf 91' lang='lat' dir='ltr'><strong>iu</strong></span> <span class='ocrx_word' id='word_1_406' title='bbox 226 3710 301 3766; x_wconf 89' lang='lat' dir='ltr'><strong>hanc</strong></span> <span class='ocrx_word' id='word_1_407' title='bbox 324 3724 424 3767; x_wconf 89' lang='lat' dir='ltr'><strong>curam</strong></span> <span class='ocrx_word' id='word_1_408' title='bbox 440 3711 640 3780; x_wconf 87' lang='lat' dir='ltr'><strong>incubuerint,</strong></span> <span class='ocrx_word' id='word_1_409' title='bbox 661 3719 814 3781; x_wconf 85' lang='lat' dir='ltr'><strong>postquam</strong></span> <span class='ocrx_word' id='word_1_410' title='bbox 828 3707 920 3764; x_wconf 92' lang='lat' dir='ltr'><strong>divini</strong></span> 
     </span>
     <span class='ocr_line' id='line_1_55' title="bbox 69 3779 920 3853; baseline -0.001 -16"><span class='ocrx_word' id='word_1_411' title='bbox 69 3779 152 3837; x_wconf 83' lang='lat' dir='ltr'><strong>verbi</strong></span> <span class='ocrx_word' id='word_1_412' title='bbox 167 3779 278 3837; x_wconf 89' lang='lat' dir='ltr'><strong>semina</strong></span> <span class='ocrx_word' id='word_1_413' title='bbox 302 3787 359 3837; x_wconf 91' lang='lat' dir='ltr'><strong>tolo</strong></span> <span class='ocrx_word' id='word_1_414' title='bbox 380 3782 449 3839; x_wconf 91' lang='lat' dir='ltr'><strong>orbe</strong></span> <span class='ocrx_word' id='word_1_415' title='bbox 465 3782 593 3853; x_wconf 84' lang='lat' dir='ltr'><strong>dispersa</strong></span> <span class='ocrx_word' id='word_1_416' title='bbox 617 3789 696 3848; x_wconf 89' lang='lat' dir='ltr'><strong>sunl,</strong></span> <span class='ocrx_word' id='word_1_417' title='bbox 725 3789 757 3836; x_wconf 96' lang='lat' dir='ltr'><strong>ut</strong></span> <span class='ocrx_word' id='word_1_418' title='bbox 777 3779 920 3850; x_wconf 86' lang='lat' dir='ltr'><strong>proletice</strong></span> 
     </span>
     <span class='ocr_line' id='line_1_56' title="bbox 70 3850 921 3924; baseline -0.002 -16"><span class='ocrx_word' id='word_1_419' title='bbox 70 3851 276 3923; x_wconf 87' lang='lat' dir='ltr'><strong>canoniceque</strong></span> <span class='ocrx_word' id='word_1_420' title='bbox 298 3852 423 3923; x_wconf 89' lang='lat' dir='ltr'><strong>primum</strong></span> <span class='ocrx_word' id='word_1_421' title='bbox 448 3852 612 3924; x_wconf 77' lang='lat' dir='ltr'><strong>Scriptura,</strong></span> <span class='ocrx_word' id='word_1_422' title='bbox 628 3851 731 3908; x_wconf 91' lang='lat' dir='ltr'><strong>deinde</strong></span> <span class='ocrx_word' id='word_1_423' title='bbox 753 3850 921 3907; x_wconf 84' lang='lat' dir='ltr'><strong>orthodoxe</strong></span> 
     </span>
     <span class='ocr_line' id='line_1_57' title="bbox 69 3920 920 3994; baseline -0.004 -14"><span class='ocrx_word' id='word_1_424' title='bbox 69 3934 136 3980; x_wconf 90' lang='lat' dir='ltr'><strong>rum</strong></span> <span class='ocrx_word' id='word_1_425' title='bbox 168 3923 319 3980; x_wconf 92' lang='lat' dir='ltr'><strong>conciones</strong></span> <span class='ocrx_word' id='word_1_426' title='bbox 354 3932 382 3980; x_wconf 91' lang='lat' dir='ltr'><strong>ct</strong></span> <span class='ocrx_word' id='word_1_427' title='bbox 412 3924 663 3994; x_wconf 87' lang='lat' dir='ltr'><strong>interpretationes</strong></span> <span class='ocrx_word' id='word_1_428' title='bbox 692 3936 750 3977; x_wconf 93' lang='lat' dir='ltr'><strong>non</strong></span> <span class='ocrx_word' id='word_1_429' title='bbox 777 3920 920 3978; x_wconf 90' lang='lat' dir='ltr'><strong>incuriose</strong></span> 
     </span>
     <span class='ocr_line' id='line_1_58' title="bbox 70 3992 921 4066; baseline -0.002 -17"><span class='ocrx_word' id='word_1_430' title='bbox 70 3993 229 4064; x_wconf 83' lang='lat' dir='ltr'><strong>descripte,</strong></span> <span class='ocrx_word' id='word_1_431' title='bbox 253 3994 282 4049; x_wconf 93' lang='lat' dir='ltr'><strong>iu</strong></span> <span class='ocrx_word' id='word_1_432' title='bbox 304 3994 477 4066; x_wconf 90' lang='lat' dir='ltr'><strong>templorum</strong></span> <span class='ocrx_word' id='word_1_433' title='bbox 499 3996 592 4066; x_wconf 88' lang='lat' dir='ltr'><strong>adytis</strong></span> <span class='ocrx_word' id='word_1_434' title='bbox 615 4001 643 4051; x_wconf 90' lang='lat' dir='ltr'><strong>et</strong></span> <span class='ocrx_word' id='word_1_435' title='bbox 670 3993 806 4049; x_wconf 90' lang='lat' dir='ltr'><strong>sacrariis</strong></span> <span class='ocrx_word' id='word_1_436' title='bbox 831 3992 921 4048; x_wconf 89' lang='lat' dir='ltr'><strong>collo-</strong></span> 
     </span>
     <span class='ocr_line' id='line_1_59' title="bbox 70 4063 921 4136; baseline -0.002 -16"><span class='ocrx_word' id='word_1_437' title='bbox 70 4071 217 4132; x_wconf 89' lang='lat' dir='ltr'><strong>carentur,</strong></span> <span class='ocrx_word' id='word_1_438' title='bbox 236 4072 376 4136; x_wconf 89' lang='lat' dir='ltr'><strong>tauquam</strong></span> <span class='ocrx_word' id='word_1_439' title='bbox 391 4065 420 4122; x_wconf 93' lang='lat' dir='ltr'><strong>iu</strong></span> <span class='ocrx_word' id='word_1_440' title='bbox 435 4065 668 4123; x_wconf 86' lang='lat' dir='ltr'><strong>armamentariis</strong></span> <span class='ocrx_word' id='word_1_441' title='bbox 682 4079 718 4121; x_wconf 82' lang='lat' dir='ltr'><strong>ex</strong></span> <span class='ocrx_word' id='word_1_442' title='bbox 734 4063 843 4135; x_wconf 90' lang='lat' dir='ltr'><strong>quihus</strong></span> <span class='ocrx_word' id='word_1_443' title='bbox 861 4076 921 4118; x_wconf 90' lang='lat' dir='ltr'><strong>cer-</strong></span> 
     </span>
     <span class='ocr_line' id='line_1_60' title="bbox 69 4132 921 4207; baseline -0.005 -15"><span class='ocrx_word' id='word_1_444' title='bbox 69 4134 180 4192; x_wconf 86' lang='lat' dir='ltr'><strong>tissima</strong></span> <span class='ocrx_word' id='word_1_445' title='bbox 202 4135 369 4205; x_wconf 82' lang='lat' dir='ltr'><strong>tclapararl</strong></span> <span class='ocrx_word' id='word_1_446' title='bbox 385 4140 501 4207; x_wconf 90' lang='lat' dir='ltr'><strong>possent</strong></span> <span class='ocrx_word' id='word_1_447' title='bbox 522 4137 661 4192; x_wconf 90' lang='lat' dir='ltr'><strong>adversus</strong></span> <span class='ocrx_word' id='word_1_448' title='bbox 675 4135 843 4206; x_wconf 83' lang='lat' dir='ltr'><strong>ingruentes</strong></span> <span class='ocrx_word' id='word_1_449' title='bbox 864 4132 921 4189; x_wconf 86' lang='lat' dir='ltr'><strong>be·</strong></span> 
     </span>
     <span class='ocr_line' id='line_1_61' title="bbox 70 4203 920 4264; baseline -0.004 -1"><span class='ocrx_word' id='word_1_450' title='bbox 70 4217 171 4263; x_wconf 88' lang='lat' dir='ltr'><strong>reseca</strong></span> <span class='ocrx_word' id='word_1_451' title='bbox 186 4205 322 4263; x_wconf 90' lang='lat' dir='ltr'><strong>insultus.</strong></span> <span class='ocrx_word' id='word_1_452' title='bbox 339 4207 466 4264; x_wconf 77' lang='lat' dir='ltr'><strong>Adnisus</strong></span> <span class='ocrx_word' id='word_1_453' title='bbox 488 4214 531 4263; x_wconf 87' lang='lat' dir='ltr'><strong>est</strong></span> <span class='ocrx_word' id='word_1_454' title='bbox 545 4219 599 4262; x_wconf 91' lang='lat' dir='ltr'><strong>sua</strong></span> <span class='ocrx_word' id='word_1_455' title='bbox 611 4212 694 4261; x_wconf 86' lang='lat' dir='ltr'><strong>etate</strong></span> <span class='ocrx_word' id='word_1_456' title='bbox 714 4203 920 4262; x_wconf 84' lang='lat' dir='ltr'><strong>Constantinus</strong></span> 
     </span>
     <span class='ocr_line' id='line_1_62' title="bbox 70 4274 918 4350; baseline -0.007 -16"><span class='ocrx_word' id='word_1_457' title='bbox 70 4275 196 4347; x_wconf 75' lang='lat' dir='ltr'><strong>llagnus</strong></span> <span class='ocrx_word' id='word_1_458' title='bbox 226 4290 336 4350; x_wconf 76' lang='lat' dir='ltr'><strong>magua</strong></span> <span class='ocrx_word' id='word_1_459' title='bbox 365 4277 537 4350; x_wconf 82' lang='lat' dir='ltr'><strong>diligentia,</strong></span> <span class='ocrx_word' id='word_1_460' title='bbox 567 4275 685 4346; x_wconf 86' lang='lat' dir='ltr'><strong>zeloque</strong></span> <span class='ocrx_word' id='word_1_461' title='bbox 707 4274 918 4340; x_wconf 88' lang='lat' dir='ltr'><strong>ardentissimo,</strong></span> 
     </span>
     <span class='ocr_line' id='line_1_63' title="bbox 70 4345 919 4417; baseline -0.004 -14"><span class='ocrx_word' id='word_1_462' title='bbox 70 4360 184 4417; x_wconf 83' lang='lat' dir='ltr'><strong>suaque</strong></span> <span class='ocrx_word' id='word_1_463' title='bbox 205 4348 377 4405; x_wconf 87' lang='lat' dir='ltr'><strong>auctoritate</strong></span> <span class='ocrx_word' id='word_1_464' title='bbox 392 4347 519 4417; x_wconf 83' lang='lat' dir='ltr'><strong>perlecti,</strong></span> <span class='ocrx_word' id='word_1_465' title='bbox 535 4352 568 4403; x_wconf 92' lang='lat' dir='ltr'><strong>ut</strong></span> <span class='ocrx_word' id='word_1_466' title='bbox 586 4348 752 4403; x_wconf 90' lang='lat' dir='ltr'><strong>authentica</strong></span> <span class='ocrx_word' id='word_1_467' title='bbox 773 4345 919 4415; x_wconf 84' lang='lat' dir='ltr'><strong>exempla-</strong></span> 
     </span>
     <span class='ocr_line' id='line_1_64' title="bbox 70 4415 919 4489; baseline -0.002 -15"><span class='ocrx_word' id='word_1_468' title='bbox 70 4417 115 4474; x_wconf 83' lang='lat' dir='ltr'><strong>ria</strong></span> <span class='ocrx_word' id='word_1_469' title='bbox 131 4417 168 4474; x_wconf 91' lang='lat' dir='ltr'><strong>ab</strong></span> <span class='ocrx_word' id='word_1_470' title='bbox 190 4418 260 4489; x_wconf 90' lang='lat' dir='ltr'><strong>ipsis</strong></span> <span class='ocrx_word' id='word_1_471' title='bbox 282 4417 409 4475; x_wconf 88' lang='lat' dir='ltr'><strong>lontibus</strong></span> <span class='ocrx_word' id='word_1_472' title='bbox 432 4425 644 4488; x_wconf 84' lang='lat' dir='ltr'><strong>repeterentur3</strong></span> <span class='ocrx_word' id='word_1_473' title='bbox 661 4415 836 4488; x_wconf 86' lang='lat' dir='ltr'><strong>prolatarum</strong></span> <span class='ocrx_word' id='word_1_474' title='bbox 859 4430 919 4473; x_wconf 91' lang='lat' dir='ltr'><strong>mo·</strong></span> 
     </span>
     <span class='ocr_line' id='line_1_65' title="bbox 70 4487 920 4560; baseline -0.004 -14"><span class='ocrx_word' id='word_1_475' title='bbox 70 4488 200 4546; x_wconf 88' lang='lat' dir='ltr'><strong>nimenta</strong></span> <span class='ocrx_word' id='word_1_476' title='bbox 222 4489 350 4556; x_wconf 85' lang='lat' dir='ltr'><strong>llehrea,</strong></span> <span class='ocrx_word' id='word_1_477' title='bbox 373 4489 567 4558; x_wconf 88' lang='lat' dir='ltr'><strong>apostolorum</strong></span> <span class='ocrx_word' id='word_1_478' title='bbox 598 4487 697 4544; x_wconf 75' lang='lat' dir='ltr'><strong>Graeca</strong></span> <span class='ocrx_word' id='word_1_479' title='bbox 722 4489 833 4560; x_wconf 73' lang='lat' dir='ltr'><strong>linqua,</strong></span> <span class='ocrx_word' id='word_1_480' title='bbox 860 4500 920 4558; x_wconf 90' lang='lat' dir='ltr'><strong>qua</strong></span> 
     </span>
     <span class='ocr_line' id='line_1_66' title="bbox 69 4557 919 4631; baseline -0.001 -15"><span class='ocrx_word' id='word_1_481' title='bbox 69 4560 179 4630; x_wconf 91' lang='lat' dir='ltr'><strong>scripta</strong></span> <span class='ocrx_word' id='word_1_482' title='bbox 200 4561 326 4629; x_wconf 91' lang='lat' dir='ltr'><strong>primum</strong></span> <span class='ocrx_word' id='word_1_483' title='bbox 347 4557 455 4615; x_wconf 90' lang='lat' dir='ltr'><strong>luerint</strong></span> <span class='ocrx_word' id='word_1_484' title='bbox 487 4559 516 4614; x_wconf 92' lang='lat' dir='ltr'><strong>in</strong></span> <span class='ocrx_word' id='word_1_485' title='bbox 539 4559 682 4615; x_wconf 89' lang='lat' dir='ltr'><strong>mundum</strong></span> <span class='ocrx_word' id='word_1_486' title='bbox 707 4559 919 4631; x_wconf 77' lang='lat' dir='ltr'><strong>redigerentur,</strong></span> 
     </span>
    </p>
   </div>
   <div class='ocr_carea' id='block_1_11' title="bbox 974 3354 1826 4348">
    <p class='ocr_par' dir='ltr' id='par_1_12' title="bbox 974 3354 1826 4348">
     <span class='ocr_line' id='line_1_67' title="bbox 976 3354 1822 3425; baseline -0.001 -12"><span class='ocrx_word' id='word_1_487' title='bbox 976 3356 1052 3413; x_wconf 83' lang='lat' dir='ltr'><strong>boue</strong></span> <span class='ocrx_word' id='word_1_488' title='bbox 1074 3356 1129 3413; x_wconf 91' lang='lat' dir='ltr'><strong>llde</strong></span> <span class='ocrx_word' id='word_1_489' title='bbox 1157 3354 1369 3422; x_wconf 89' lang='lat' dir='ltr'><strong>describerent,</strong></span> <span class='ocrx_word' id='word_1_490' title='bbox 1395 3355 1527 3425; x_wconf 81' lang='lat' dir='ltr'><strong>nihilque</strong></span> <span class='ocrx_word' id='word_1_491' title='bbox 1556 3356 1601 3412; x_wconf 88' lang='lat' dir='ltr'><strong>vel</strong></span> <span class='ocrx_word' id='word_1_492' title='bbox 1630 3356 1822 3423; x_wconf 88' lang='lat' dir='ltr'><strong>detraherent,</strong></span> 
     </span>
     <span class='ocr_line' id='line_1_68' title="bbox 976 3425 1824 3498; baseline 0 -15"><span class='ocrx_word' id='word_1_493' title='bbox 976 3427 1021 3483; x_wconf 89' lang='lat' dir='ltr'><strong>vel</strong></span> <span class='ocrx_word' id='word_1_494' title='bbox 1036 3426 1183 3495; x_wconf 85' lang='lat' dir='ltr'><strong>adderent,</strong></span> <span class='ocrx_word' id='word_1_495' title='bbox 1199 3425 1244 3481; x_wconf 90' lang='lat' dir='ltr'><strong>vel</strong></span> <span class='ocrx_word' id='word_1_496' title='bbox 1257 3425 1453 3482; x_wconf 88' lang='lat' dir='ltr'><strong>immutarent.</strong></span> <span class='ocrx_word' id='word_1_497' title='bbox 1466 3427 1518 3482; x_wconf 89' lang='lat' dir='ltr'><strong>Sed</strong></span> <span class='ocrx_word' id='word_1_498' title='bbox 1534 3426 1631 3494; x_wconf 88' lang='lat' dir='ltr'><strong>nocuit</strong></span> <span class='ocrx_word' id='word_1_499' title='bbox 1641 3428 1824 3498; x_wconf 89' lang='lat' dir='ltr'><strong>sequentium</strong></span> 
     </span>
     <span class='ocr_line' id='line_1_69' title="bbox 975 3496 1823 3624; baseline -0.001 -70"><span class='ocrx_word' id='word_1_500' title='bbox 975 3505 1136 3624; x_wconf 59' lang='lat' dir='ltr'><strong>temporum</strong></span> <span class='ocrx_word' id='word_1_501' title='bbox 1157 3496 1314 3562; x_wconf 86' lang='lat' dir='ltr'><strong>harbaries,</strong></span> <span class='ocrx_word' id='word_1_502' title='bbox 1332 3510 1398 3566; x_wconf 83' lang='lat' dir='ltr'><strong>quae</strong></span> <span class='ocrx_word' id='word_1_503' title='bbox 1418 3496 1544 3554; x_wconf 89' lang='lat' dir='ltr'><strong>librariis</strong></span> <span class='ocrx_word' id='word_1_504' title='bbox 1558 3512 1611 3554; x_wconf 91' lang='lat' dir='ltr'><strong>usa</strong></span> <span class='ocrx_word' id='word_1_505' title='bbox 1625 3505 1667 3554; x_wconf 90' lang='lat' dir='ltr'><strong>est</strong></span> <span class='ocrx_word' id='word_1_506' title='bbox 1691 3498 1823 3562; x_wconf 87' lang='lat' dir='ltr'><strong>indoctis,</strong></span> 
     </span>
     <span class='ocr_line' id='line_1_70' title="bbox 975 3567 1823 3638; baseline -0.001 -13"><span class='ocrx_word' id='word_1_507' title='bbox 975 3570 1025 3625; x_wconf 92' lang='grc' dir='ltr'><strong>ιιι</strong></span> <span class='ocrx_word' id='word_1_508' title='bbox 1049 3568 1123 3637; x_wconf 86' lang='grc' dir='ltr'>ιοιιι,</span> <span class='ocrx_word' id='word_1_509' title='bbox 1142 3569 1315 3638; x_wconf 90' lang='lat' dir='ltr'><strong>plerumque</strong></span> <span class='ocrx_word' id='word_1_510' title='bbox 1333 3567 1419 3623; x_wconf 89' lang='lat' dir='ltr'><strong>etiam</strong></span> <span class='ocrx_word' id='word_1_511' title='bbox 1439 3568 1598 3635; x_wconf 88' lang='lat' dir='ltr'><strong>coenobitis,</strong></span> <span class='ocrx_word' id='word_1_512' title='bbox 1619 3582 1693 3638; x_wconf 91' lang='lat' dir='ltr'><strong>quos</strong></span> <span class='ocrx_word' id='word_1_513' title='bbox 1714 3568 1760 3627; x_wconf 87' lang='lat' dir='ltr'><strong>sui</strong></span> <span class='ocrx_word' id='word_1_514' title='bbox 1775 3567 1823 3624; x_wconf 90' lang='lat' dir='ltr'><strong>ab·</strong></span> 
     </span>
     <span class='ocr_line' id='line_1_71' title="bbox 975 3638 1823 3706; baseline 0.001 -12"><span class='ocrx_word' id='word_1_515' title='bbox 975 3638 1065 3706; x_wconf 89' lang='lat' dir='ltr'><strong>halas,</strong></span> <span class='ocrx_word' id='word_1_516' title='bbox 1090 3654 1126 3695; x_wconf 91' lang='lat' dir='ltr'><strong>ne</strong></span> <span class='ocrx_word' id='word_1_517' title='bbox 1148 3643 1204 3696; x_wconf 92' lang='lat' dir='ltr'><strong>otio</strong></span> <span class='ocrx_word' id='word_1_518' title='bbox 1220 3647 1433 3705; x_wconf 85' lang='lat' dir='ltr'><strong>marcesserent,</strong></span> <span class='ocrx_word' id='word_1_519' title='bbox 1449 3640 1484 3695; x_wconf 91' lang='lat' dir='ltr'><strong>ad</strong></span> <span class='ocrx_word' id='word_1_520' title='bbox 1497 3639 1530 3706; x_wconf 74' lang='lat' dir='ltr'><strong>:id</strong></span> <span class='ocrx_word' id='word_1_521' title='bbox 1544 3654 1576 3696; x_wconf 89' lang='lat' dir='ltr'><strong>co</strong></span> <span class='ocrx_word' id='word_1_522' title='bbox 1598 3640 1693 3700; x_wconf 89' lang='lat' dir='ltr'><strong>ebant.</strong></span> <span class='ocrx_word' id='word_1_523' title='bbox 1712 3646 1745 3695; x_wconf 92' lang='lat' dir='ltr'><strong>ut</strong></span> <span class='ocrx_word' id='word_1_524' title='bbox 1767 3639 1823 3696; x_wconf 88' lang='lat' dir='ltr'><strong>ali·</strong></span> 
     </span>
     <span class='ocr_line' id='line_1_72' title="bbox 977 3655 1824 3781; baseline 0.001 -16"><span class='ocrx_word' id='word_1_525' title='bbox 977 3718 1047 3780; x_wconf 91' lang='lat' dir='ltr'><strong>quot</strong></span> <span class='ocrx_word' id='word_1_526' title='bbox 1060 3710 1146 3766; x_wconf 88' lang='lat' dir='ltr'><strong>horas</strong></span> <span class='ocrx_word' id='word_1_527' title='bbox 1159 3709 1357 3766; x_wconf 82' lang='lat' dir='ltr'><strong>exscribendis</strong></span> <span class='ocrx_word' id='word_1_528' title='bbox 1377 3709 1457 3766; x_wconf 92' lang='lat' dir='ltr'><strong>libris</strong></span> <span class='ocrx_word' id='word_1_529' title='bbox 1477 3655 1692 3780; x_wconf 57' lang='lat' dir='ltr'><strong>impedierant:</strong></span> <span class='ocrx_word' id='word_1_530' title='bbox 1709 3709 1782 3781; x_wconf 91' lang='lat' dir='ltr'><strong>qnin</strong></span> <span class='ocrx_word' id='word_1_531' title='bbox 1796 3716 1824 3766; x_wconf 90' lang='lat' dir='ltr'><strong>et</strong></span> 
     </span>
     <span class='ocr_line' id='line_1_73' title="bbox 976 3780 1823 3850; baseline 0.002 -15"><span class='ocrx_word' id='word_1_532' title='bbox 976 3781 1011 3836; x_wconf 91' lang='lat' dir='ltr'><strong>ad</strong></span> <span class='ocrx_word' id='word_1_533' title='bbox 1034 3780 1062 3837; x_wconf 92' lang='lat' dir='ltr'><strong>id</strong></span> <span class='ocrx_word' id='word_1_534' title='bbox 1085 3781 1264 3837; x_wconf 85' lang='lat' dir='ltr'><strong>muliercule</strong></span> <span class='ocrx_word' id='word_1_535' title='bbox 1284 3787 1312 3836; x_wconf 88' lang='grc' dir='ltr'><strong>ιι</strong></span> <span class='ocrx_word' id='word_1_536' title='bbox 1338 3780 1440 3850; x_wconf 84' lang='lat' dir='ltr'><strong>puelle</strong></span> <span class='ocrx_word' id='word_1_537' title='bbox 1462 3794 1562 3850; x_wconf 91' lang='lat' dir='ltr'><strong>operas</strong></span> <span class='ocrx_word' id='word_1_538' title='bbox 1587 3795 1656 3838; x_wconf 91' lang='lat' dir='ltr'><strong>suas</strong></span> <span class='ocrx_word' id='word_1_539' title='bbox 1678 3780 1823 3845; x_wconf 90' lang='lat' dir='ltr'><strong>locarunt,</strong></span> 
     </span>
     <span class='ocr_line' id='line_1_74' title="bbox 976 3850 1825 3923; baseline 0 -16"><span class='ocrx_word' id='word_1_540' title='bbox 976 3865 1083 3923; x_wconf 84' lang='lat' dir='ltr'><strong>magno</strong></span> <span class='ocrx_word' id='word_1_541' title='bbox 1107 3852 1148 3909; x_wconf 92' lang='lat' dir='ltr'><strong>rei</strong></span> <span class='ocrx_word' id='word_1_542' title='bbox 1164 3850 1309 3908; x_wconf 78' lang='lat' dir='ltr'><strong>litterariae</strong></span> <span class='ocrx_word' id='word_1_543' title='bbox 1332 3851 1501 3908; x_wconf 89' lang='lat' dir='ltr'><strong>detrimento</strong></span> <span class='ocrx_word' id='word_1_544' title='bbox 1524 3861 1551 3909; x_wconf 90' lang='lat' dir='ltr'><strong>et</strong></span> <span class='ocrx_word' id='word_1_545' title='bbox 1566 3851 1712 3920; x_wconf 87' lang='lat' dir='ltr'><strong>dedecore,</strong></span> <span class='ocrx_word' id='word_1_546' title='bbox 1730 3853 1825 3922; x_wconf 91' lang='lat' dir='ltr'><strong>prius·</strong></span> 
     </span>
     <span class='ocr_line' id='line_1_75' title="bbox 977 3922 1825 3995; baseline -0.001 -17"><span class='ocrx_word' id='word_1_547' title='bbox 977 3936 1065 3994; x_wconf 91' lang='lat' dir='ltr'><strong>quam</strong></span> <span class='ocrx_word' id='word_1_548' title='bbox 1080 3923 1222 3995; x_wconf 83' lang='lat' dir='ltr'><strong>singulari</strong></span> <span class='ocrx_word' id='word_1_549' title='bbox 1237 3923 1284 3978; x_wconf 86' lang='lat' dir='ltr'><strong>Del</strong></span> <span class='ocrx_word' id='word_1_550' title='bbox 1300 3922 1436 3978; x_wconf 84' lang='lat' dir='ltr'><strong>beneficio</strong></span> <span class='ocrx_word' id='word_1_551' title='bbox 1452 3935 1500 3977; x_wconf 90' lang='lat' dir='ltr'><strong>ars</strong></span> <span class='ocrx_word' id='word_1_552' title='bbox 1515 3923 1691 3994; x_wconf 76' lang='lat' dir='ltr'><strong>typograbca</strong></span> <span class='ocrx_word' id='word_1_553' title='bbox 1706 3925 1825 3979; x_wconf 89' lang='lat' dir='ltr'><strong>inventa</strong></span> 
     </span>
     <span class='ocr_line' id='line_1_76' title="bbox 976 3992 1826 4064; baseline -0.002 -14"><span class='ocrx_word' id='word_1_554' title='bbox 976 4001 1018 4050; x_wconf 90' lang='grc' dir='ltr'><strong>ιιι</strong></span> <span class='ocrx_word' id='word_1_555' title='bbox 1043 4001 1108 4050; x_wconf 92' lang='lat' dir='ltr'><strong>ante</strong></span> <span class='ocrx_word' id='word_1_556' title='bbox 1128 3995 1217 4051; x_wconf 90' lang='lat' dir='ltr'><strong>seculi</strong></span> <span class='ocrx_word' id='word_1_557' title='bbox 1236 3993 1339 4050; x_wconf 90' lang='lat' dir='ltr'><strong>decimi</strong></span> <span class='ocrx_word' id='word_1_558' title='bbox 1362 3993 1458 4062; x_wconf 90' lang='lat' dir='ltr'><strong>quinti</strong></span> <span class='ocrx_word' id='word_1_559' title='bbox 1474 3993 1569 4049; x_wconf 90' lang='lat' dir='ltr'><strong>initia.</strong></span> <span class='ocrx_word' id='word_1_560' title='bbox 1585 3996 1686 4064; x_wconf 86' lang='lat' dir='ltr'><strong>ltaque</strong></span> <span class='ocrx_word' id='word_1_561' title='bbox 1709 4007 1745 4050; x_wconf 87' lang='lat' dir='ltr'><strong>ex</strong></span> <span class='ocrx_word' id='word_1_562' title='bbox 1768 3992 1826 4049; x_wconf 92' lang='lat' dir='ltr'><strong>illis</strong></span> 
     </span>
     <span class='ocr_line' id='line_1_77' title="bbox 976 4064 1824 4136; baseline 0 -16"><span class='ocrx_word' id='word_1_563' title='bbox 976 4064 1100 4134; x_wconf 91' lang='lat' dir='ltr'><strong>scriptis,</strong></span> <span class='ocrx_word' id='word_1_564' title='bbox 1116 4080 1183 4136; x_wconf 89' lang='lat' dir='ltr'><strong>que</strong></span> <span class='ocrx_word' id='word_1_565' title='bbox 1202 4073 1312 4120; x_wconf 88' lang='lat' dir='ltr'><strong>veteres</strong></span> <span class='ocrx_word' id='word_1_566' title='bbox 1329 4064 1525 4136; x_wconf 88' lang='lat' dir='ltr'><strong>reliquerunt;</strong></span> <span class='ocrx_word' id='word_1_567' title='bbox 1538 4079 1553 4121; x_wconf 92' lang='lat' dir='ltr'><strong>c</strong></span> <span class='ocrx_word' id='word_1_568' title='bbox 1568 4065 1676 4132; x_wconf 90' lang='lat' dir='ltr'><strong>multis,</strong></span> <span class='ocrx_word' id='word_1_569' title='bbox 1695 4078 1759 4135; x_wconf 82' lang='lat' dir='ltr'><strong>que</strong></span> <span class='ocrx_word' id='word_1_570' title='bbox 1774 4064 1824 4120; x_wconf 93' lang='lat' dir='ltr'><strong>ad-</strong></span> 
     </span>
     <span class='ocr_line' id='line_1_78' title="bbox 974 4134 1825 4206; baseline 0 -15"><span class='ocrx_word' id='word_1_571' title='bbox 974 4136 1105 4206; x_wconf 89' lang='lat' dir='ltr'><strong>jumento</strong></span> <span class='ocrx_word' id='word_1_572' title='bbox 1126 4137 1161 4192; x_wconf 92' lang='lat' dir='ltr'><strong>ad</strong></span> <span class='ocrx_word' id='word_1_573' title='bbox 1177 4136 1266 4192; x_wconf 85' lang='lat' dir='ltr'><strong>vitem</strong></span> <span class='ocrx_word' id='word_1_574' title='bbox 1292 4143 1368 4191; x_wconf 88' lang='lat' dir='ltr'><strong>recte</strong></span> <span class='ocrx_word' id='word_1_575' title='bbox 1385 4135 1600 4203; x_wconf 87' lang='lat' dir='ltr'><strong>instituendam,</strong></span> <span class='ocrx_word' id='word_1_576' title='bbox 1620 4143 1648 4192; x_wconf 89' lang='lat' dir='ltr'><strong>ct</strong></span> <span class='ocrx_word' id='word_1_577' title='bbox 1667 4135 1703 4191; x_wconf 92' lang='lat' dir='ltr'><strong>ad</strong></span> <span class='ocrx_word' id='word_1_578' title='bbox 1728 4134 1825 4206; x_wconf 91' lang='lat' dir='ltr'><strong>pluri-</strong></span> 
     </span>
     <span class='ocr_line' id='line_1_79' title="bbox 975 4206 1825 4278; baseline -0.001 -16"><span class='ocrx_word' id='word_1_579' title='bbox 975 4220 1090 4262; x_wconf 90' lang='lat' dir='ltr'><strong>marum</strong></span> <span class='ocrx_word' id='word_1_580' title='bbox 1124 4207 1231 4264; x_wconf 90' lang='lat' dir='ltr'><strong>artium</strong></span> <span class='ocrx_word' id='word_1_581' title='bbox 1262 4206 1452 4278; x_wconf 80' lang='lat' dir='ltr'><strong>coguitionem</strong></span> <span class='ocrx_word' id='word_1_582' title='bbox 1482 4220 1543 4262; x_wconf 90' lang='lat' dir='ltr'><strong>esse</strong></span> <span class='ocrx_word' id='word_1_583' title='bbox 1572 4213 1698 4278; x_wconf 89' lang='lat' dir='ltr'><strong>possent,</strong></span> <span class='ocrx_word' id='word_1_584' title='bbox 1731 4219 1825 4275; x_wconf 91' lang='lat' dir='ltr'><strong>pauca</strong></span> 
     </span>
     <span class='ocr_line' id='line_1_80' title="bbox 976 4277 1825 4348; baseline 0 -15"><span class='ocrx_word' id='word_1_585' title='bbox 976 4287 1089 4333; x_wconf 87' lang='lat' dir='ltr'><strong>servata</strong></span> <span class='ocrx_word' id='word_1_586' title='bbox 1115 4287 1207 4344; x_wconf 80' lang='lat' dir='ltr'><strong>suut3</strong></span> <span class='ocrx_word' id='word_1_587' title='bbox 1232 4277 1279 4333; x_wconf 92' lang='lat' dir='ltr'><strong>sed</strong></span> <span class='ocrx_word' id='word_1_588' title='bbox 1303 4279 1341 4334; x_wconf 92' lang='lat' dir='ltr'><strong>ita</strong></span> <span class='ocrx_word' id='word_1_589' title='bbox 1362 4277 1520 4348; x_wconf 83' lang='lat' dir='ltr'><strong>depravata</strong></span> <span class='ocrx_word' id='word_1_590' title='bbox 1542 4285 1569 4334; x_wconf 90' lang='lat' dir='ltr'><strong>et</strong></span> <span class='ocrx_word' id='word_1_591' title='bbox 1590 4277 1700 4345; x_wconf 87' lang='lat' dir='ltr'><strong>mutila,</strong></span> <span class='ocrx_word' id='word_1_592' title='bbox 1719 4284 1752 4333; x_wconf 92' lang='lat' dir='ltr'><strong>ut</strong></span> <span class='ocrx_word' id='word_1_593' title='bbox 1772 4277 1825 4333; x_wconf 84' lang='lat' dir='ltr'><strong>vix</strong></span> 
     </span>
    </p>
   </div>
   <div class='ocr_carea' id='block_1_12' title="bbox 976 4346 1824 4475">
    <p class='ocr_par' dir='ltr' id='par_1_13' title="bbox 976 4346 1824 4475">
     <span class='ocr_line' id='line_1_81' title="bbox 976 4346 1824 4475; baseline -0.002 -71"><span class='ocrx_word' id='word_1_594' title='bbox 976 4346 1043 4420; x_wconf 82' lang='lat' dir='ltr'><strong>legi,</strong></span> <span class='ocrx_word' id='word_1_595' title='bbox 1058 4357 1085 4405; x_wconf 87' lang='grc' dir='ltr'><strong>ιι</strong></span> <span class='ocrx_word' id='word_1_596' title='bbox 1108 4348 1227 4475; x_wconf 56' lang='grc' dir='ltr'>ιιιιιιιιῗι</span> <span class='ocrx_word' id='word_1_597' title='bbox 1248 4354 1362 4418; x_wconf 89' lang='lat' dir='ltr'><strong>possent</strong></span> <span class='ocrx_word' id='word_1_598' title='bbox 1385 4357 1413 4404; x_wconf 93' lang='lat' dir='ltr'><strong>et</strong></span> <span class='ocrx_word' id='word_1_599' title='bbox 1428 4348 1509 4406; x_wconf 91' lang='lat' dir='ltr'><strong>brevi</strong></span> <span class='ocrx_word' id='word_1_600' title='bbox 1524 4355 1649 4419; x_wconf 89' lang='lat' dir='ltr'><strong>tempore</strong></span> <span class='ocrx_word' id='word_1_601' title='bbox 1673 4361 1723 4418; x_wconf 89' lang='lat' dir='ltr'><strong>per</strong></span> <span class='ocrx_word' id='word_1_602' title='bbox 1744 4347 1824 4403; x_wconf 87' lang='lat' dir='ltr'><strong>altal-</strong></span> 
     </span>
    </p>
   </div>
   <div class='ocr_carea' id='block_1_13' title="bbox 976 4418 1826 4631">
    <p class='ocr_par' dir='ltr' id='par_1_14' title="bbox 976 4418 1826 4631">
     <span class='ocr_line' id='line_1_82' title="bbox 976 4418 1825 4490; baseline -0.001 -15"><span class='ocrx_word' id='word_1_603' title='bbox 976 4419 1107 4490; x_wconf 80' lang='lat' dir='ltr'><strong>cogralos</strong></span> <span class='ocrx_word' id='word_1_604' title='bbox 1141 4421 1170 4477; x_wconf 94' lang='lat' dir='ltr'><strong>in</strong></span> <span class='ocrx_word' id='word_1_605' title='bbox 1215 4433 1295 4476; x_wconf 90' lang='lat' dir='ltr'><strong>ucem</strong></span> <span class='ocrx_word' id='word_1_606' title='bbox 1331 4419 1427 4490; x_wconf 91' lang='lat' dir='ltr'><strong>erupit</strong></span> <span class='ocrx_word' id='word_1_607' title='bbox 1457 4419 1599 4488; x_wconf 89' lang='lat' dir='ltr'><strong>stupenda</strong></span> <span class='ocrx_word' id='word_1_608' title='bbox 1625 4419 1685 4475; x_wconf 93' lang='lat' dir='ltr'><strong>sine</strong></span> <span class='ocrx_word' id='word_1_609' title='bbox 1713 4418 1825 4475; x_wconf 89' lang='lat' dir='ltr'><strong>delectu</strong></span> 
     </span>
     <span class='ocr_line' id='line_1_83' title="bbox 977 4487 1825 4560; baseline 0 -15"><span class='ocrx_word' id='word_1_610' title='bbox 977 4498 1127 4547; x_wconf 88' lang='lat' dir='ltr'><strong>auctorum</strong></span> <span class='ocrx_word' id='word_1_611' title='bbox 1144 4491 1243 4557; x_wconf 90' lang='lat' dir='ltr'><strong>moles,</strong></span> <span class='ocrx_word' id='word_1_612' title='bbox 1265 4490 1318 4560; x_wconf 92' lang='lat' dir='ltr'><strong>qui</strong></span> <span class='ocrx_word' id='word_1_613' title='bbox 1329 4490 1380 4547; x_wconf 94' lang='lat' dir='ltr'><strong>diu</strong></span> <span class='ocrx_word' id='word_1_614' title='bbox 1402 4504 1467 4546; x_wconf 91' lang='lat' dir='ltr'><strong>cum</strong></span> <span class='ocrx_word' id='word_1_615' title='bbox 1484 4487 1581 4547; x_wconf 87' lang='lat' dir='ltr'><strong>blattis</strong></span> <span class='ocrx_word' id='word_1_616' title='bbox 1594 4498 1621 4547; x_wconf 90' lang='lat' dir='ltr'><strong>et</strong></span> <span class='ocrx_word' id='word_1_617' title='bbox 1644 4488 1728 4546; x_wconf 89' lang='lat' dir='ltr'><strong>tineis</strong></span> <span class='ocrx_word' id='word_1_618' title='bbox 1741 4495 1825 4546; x_wconf 91' lang='lat' dir='ltr'><strong>erant</strong></span> 
     </span>
     <span class='ocr_line' id='line_1_84' title="bbox 977 4559 1826 4631; baseline 0.001 -17"><span class='ocrx_word' id='word_1_619' title='bbox 977 4561 1093 4628; x_wconf 71' lang='lat' dir='ltr'><strong>luctati,</strong></span> <span class='ocrx_word' id='word_1_620' title='bbox 1118 4564 1166 4618; x_wconf 92' lang='lat' dir='ltr'><strong>sed</strong></span> <span class='ocrx_word' id='word_1_621' title='bbox 1183 4563 1275 4618; x_wconf 90' lang='lat' dir='ltr'><strong>mullo</strong></span> <span class='ocrx_word' id='word_1_622' title='bbox 1300 4561 1398 4631; x_wconf 91' lang='lat' dir='ltr'><strong>plures</strong></span> <span class='ocrx_word' id='word_1_623' title='bbox 1411 4559 1470 4617; x_wconf 88' lang='lat' dir='ltr'><strong>fato</strong></span> <span class='ocrx_word' id='word_1_624' title='bbox 1484 4568 1635 4618; x_wconf 90' lang='lat' dir='ltr'><strong>auctorum</strong></span> <span class='ocrx_word' id='word_1_625' title='bbox 1654 4563 1683 4616; x_wconf 89' lang='lat' dir='ltr'><strong>in</strong></span> <span class='ocrx_word' id='word_1_626' title='bbox 1705 4560 1752 4616; x_wconf 92' lang='lat' dir='ltr'><strong>illo</strong></span> <span class='ocrx_word' id='word_1_627' title='bbox 1766 4572 1826 4615; x_wconf 91' lang='lat' dir='ltr'><strong>ma-</strong></span> 
     </span>
    </p>
   </div>
   <div class='ocr_carea' id='block_1_14' title="bbox 69 4629 1826 4703">
    <p class='ocr_par' dir='ltr' id='par_1_15' title="bbox 69 4629 1826 4703">
     <span class='ocr_line' id='line_1_85' title="bbox 69 4629 1826 4703; baseline -0.001 -16"><span class='ocrx_word' id='word_1_628' title='bbox 69 4629 238 4703; x_wconf 82' lang='lat' dir='ltr'><strong>apocrylaa</strong></span> <span class='ocrx_word' id='word_1_629' title='bbox 262 4630 418 4695; x_wconf 89' lang='lat' dir='ltr'><strong>canonicis,</strong></span> <span class='ocrx_word' id='word_1_630' title='bbox 441 4643 508 4701; x_wconf 86' lang='lat' dir='ltr'><strong>que</strong></span> <span class='ocrx_word' id='word_1_631' title='bbox 532 4629 648 4686; x_wconf 90' lang='lat' dir='ltr'><strong>llelitou</strong></span> <span class='ocrx_word' id='word_1_632' title='bbox 675 4638 702 4685; x_wconf 92' lang='lat' dir='ltr'><strong>et</strong></span> <span class='ocrx_word' id='word_1_633' title='bbox 724 4629 862 4702; x_wconf 82' lang='lat' dir='ltr'><strong>Origenes</strong></span> <span class='ocrx_word' id='word_1_634' title='bbox 881 4630 1189 4702; x_wconf 83' lang='lat' dir='ltr'><strong>adcauscrlptcran</strong></span> <span class='ocrx_word' id='word_1_635' title='bbox 1222 4632 1342 4703; x_wconf 81' lang='lat' dir='ltr'><strong>pulvere</strong></span> <span class='ocrx_word' id='word_1_636' title='bbox 1370 4639 1399 4687; x_wconf 91' lang='lat' dir='ltr'><strong>et</strong></span> <span class='ocrx_word' id='word_1_637' title='bbox 1429 4633 1487 4689; x_wconf 93' lang='lat' dir='ltr'><strong>situ</strong></span> <span class='ocrx_word' id='word_1_638' title='bbox 1507 4632 1703 4696; x_wconf 89' lang='lat' dir='ltr'><strong>delituerunt,</strong></span> <span class='ocrx_word' id='word_1_639' title='bbox 1734 4631 1826 4687; x_wconf 91' lang='lat' dir='ltr'><strong>donec</strong></span> 
     </span>
    </p>
   </div>
   <div class='ocr_carea' id='block_1_15' title="bbox 68 4700 919 5481">
    <p class='ocr_par' dir='ltr' id='par_1_16' title="bbox 68 4700 919 5481">
     <span class='ocr_line' id='line_1_86' title="bbox 71 4700 919 4769; baseline -0.001 -11"><span class='ocrx_word' id='word_1_640' title='bbox 71 4710 206 4758; x_wconf 91' lang='lat' dir='ltr'><strong>notarum</strong></span> <span class='ocrx_word' id='word_1_641' title='bbox 228 4702 264 4753; x_wconf 73' lang='grc' dir='ltr'><strong>ιι</strong></span> <span class='ocrx_word' id='word_1_642' title='bbox 287 4712 443 4757; x_wconf 90' lang='lat' dir='ltr'><strong>numerum</strong></span> <span class='ocrx_word' id='word_1_643' title='bbox 467 4701 636 4769; x_wconf 88' lang='lat' dir='ltr'><strong>retulerant,</strong></span> <span class='ocrx_word' id='word_1_644' title='bbox 663 4700 702 4756; x_wconf 90' lang='lat' dir='ltr'><strong>ita</strong></span> <span class='ocrx_word' id='word_1_645' title='bbox 726 4701 919 4758; x_wconf 90' lang='lat' dir='ltr'><strong>discerneren-</strong></span> 
     </span>
     <span class='ocr_line' id='line_1_87' title="bbox 69 4769 918 4841; baseline -0.004 -12"><span class='ocrx_word' id='word_1_646' title='bbox 69 4780 119 4829; x_wconf 89' lang='lat' dir='ltr'><strong>tur</strong></span> <span class='ocrx_word' id='word_1_647' title='bbox 140 4778 172 4828; x_wconf 89' lang='grc' dir='ltr'><strong>ιιι</strong></span> <span class='ocrx_word' id='word_1_648' title='bbox 187 4784 258 4826; x_wconf 92' lang='lat' dir='ltr'><strong>suus</strong></span> <span class='ocrx_word' id='word_1_649' title='bbox 272 4769 377 4841; x_wconf 90' lang='lat' dir='ltr'><strong>cuique</strong></span> <span class='ocrx_word' id='word_1_650' title='bbox 402 4771 494 4828; x_wconf 90' lang='lat' dir='ltr'><strong>honos</strong></span> <span class='ocrx_word' id='word_1_651' title='bbox 513 4782 609 4829; x_wconf 84' lang='lat' dir='ltr'><strong>sertus</strong></span> <span class='ocrx_word' id='word_1_652' title='bbox 633 4780 724 4829; x_wconf 88' lang='lat' dir='ltr'><strong>tectus</strong></span> <span class='ocrx_word' id='word_1_653' title='bbox 748 4779 918 4838; x_wconf 90' lang='lat' dir='ltr'><strong>remaneret,</strong></span> 
     </span>
     <span class='ocr_line' id='line_1_88' title="bbox 70 4840 919 4914; baseline -0.004 -14"><span class='ocrx_word' id='word_1_654' title='bbox 70 4855 166 4912; x_wconf 89' lang='lat' dir='ltr'><strong>neque</strong></span> <span class='ocrx_word' id='word_1_655' title='bbox 189 4840 342 4897; x_wconf 90' lang='lat' dir='ltr'><strong>adulterini</strong></span> <span class='ocrx_word' id='word_1_656' title='bbox 359 4856 411 4913; x_wconf 92' lang='lat' dir='ltr'><strong>pro</strong></span> <span class='ocrx_word' id='word_1_657' title='bbox 435 4843 521 4911; x_wconf 89' lang='lat' dir='ltr'><strong>veris,</strong></span> <span class='ocrx_word' id='word_1_658' title='bbox 541 4842 680 4900; x_wconf 92' lang='lat' dir='ltr'><strong>carbones</strong></span> <span class='ocrx_word' id='word_1_659' title='bbox 701 4857 752 4914; x_wconf 94' lang='lat' dir='ltr'><strong>pro</strong></span> <span class='ocrx_word' id='word_1_660' title='bbox 776 4842 919 4899; x_wconf 88' lang='lat' dir='ltr'><strong>thesauris</strong></span> 
     </span>
     <span class='ocr_line' id='line_1_89' title="bbox 69 4913 919 4992; baseline 0.006 -26"><span class='ocrx_word' id='word_1_661' title='bbox 69 4920 312 4992; x_wconf 83' lang='lat' dir='ltr'><strong>supponerentur.</strong></span> <span class='ocrx_word' id='word_1_662' title='bbox 328 4913 373 4970; x_wconf 84' lang='lat' dir='ltr'><strong>Er</strong></span> <span class='ocrx_word' id='word_1_663' title='bbox 397 4928 457 4986; x_wconf 94' lang='lat' dir='ltr'><strong>quo</strong></span> <span class='ocrx_word' id='word_1_664' title='bbox 479 4917 555 4970; x_wconf 89' lang='lat' dir='ltr'><strong>certe</strong></span> <span class='ocrx_word' id='word_1_665' title='bbox 574 4914 706 4970; x_wconf 87' lang='lat' dir='ltr'><strong>ellectum</strong></span> <span class='ocrx_word' id='word_1_666' title='bbox 731 4914 867 4978; x_wconf 85' lang='lat' dir='ltr'><strong>vidimus,</strong></span> <span class='ocrx_word' id='word_1_667' title='bbox 885 4921 919 4971; x_wconf 87' lang='lat' dir='ltr'><strong>ut</strong></span> 
     </span>
     <span class='ocr_line' id='line_1_90' title="bbox 70 4983 916 5056; baseline -0.001 -15"><span class='ocrx_word' id='word_1_668' title='bbox 70 4983 208 5041; x_wconf 79' lang='lat' dir='ltr'><strong>doctrine</strong></span> <span class='ocrx_word' id='word_1_669' title='bbox 228 4983 348 5052; x_wconf 89' lang='lat' dir='ltr'><strong>puritas,</strong></span> <span class='ocrx_word' id='word_1_670' title='bbox 372 4988 479 5051; x_wconf 92' lang='lat' dir='ltr'><strong>unitas,</strong></span> <span class='ocrx_word' id='word_1_671' title='bbox 508 4985 678 5056; x_wconf 90' lang='lat' dir='ltr'><strong>antiquitas,</strong></span> <span class='ocrx_word' id='word_1_672' title='bbox 704 4985 916 5051; x_wconf 88' lang='lat' dir='ltr'><strong>universalitas,</strong></span> 
     </span>
     <span class='ocr_line' id='line_1_91' title="bbox 70 5053 919 5124; baseline -0.002 -12"><span class='ocrx_word' id='word_1_673' title='bbox 70 5053 167 5112; x_wconf 86' lang='lat' dir='ltr'><strong>nullas</strong></span> <span class='ocrx_word' id='word_1_674' title='bbox 189 5055 331 5110; x_wconf 89' lang='lat' dir='ltr'><strong>novitates</strong></span> <span class='ocrx_word' id='word_1_675' title='bbox 354 5057 527 5124; x_wconf 87' lang='lat' dir='ltr'><strong>admitteret,</strong></span> <span class='ocrx_word' id='word_1_676' title='bbox 553 5056 634 5113; x_wconf 92' lang='lat' dir='ltr'><strong>nulla</strong></span> <span class='ocrx_word' id='word_1_677' title='bbox 659 5070 689 5111; x_wconf 92' lang='lat' dir='ltr'><strong>se</strong></span> <span class='ocrx_word' id='word_1_678' title='bbox 705 5057 732 5111; x_wconf 92' lang='lat' dir='ltr'><strong>in</strong></span> <span class='ocrx_word' id='word_1_679' title='bbox 751 5054 848 5112; x_wconf 82' lang='lat' dir='ltr'><strong>frusta</strong></span> <span class='ocrx_word' id='word_1_680' title='bbox 867 5056 919 5110; x_wconf 90' lang='lat' dir='ltr'><strong>mi·</strong></span> 
     </span>
     <span class='ocr_line' id='line_1_92' title="bbox 70 5123 918 5198; baseline 0.001 -17"><span class='ocrx_word' id='word_1_681' title='bbox 70 5123 195 5182; x_wconf 89' lang='lat' dir='ltr'><strong>nutatim</strong></span> <span class='ocrx_word' id='word_1_682' title='bbox 214 5126 303 5182; x_wconf 89' lang='lat' dir='ltr'><strong>secari</strong></span> <span class='ocrx_word' id='word_1_683' title='bbox 328 5125 457 5184; x_wconf 87' lang='lat' dir='ltr'><strong>sineret:</strong></span> <span class='ocrx_word' id='word_1_684' title='bbox 485 5139 559 5198; x_wconf 91' lang='lat' dir='ltr'><strong>quas</strong></span> <span class='ocrx_word' id='word_1_685' title='bbox 584 5126 757 5184; x_wconf 86' lang='lat' dir='ltr'><strong>certissimas</strong></span> <span class='ocrx_word' id='word_1_686' title='bbox 782 5141 842 5182; x_wconf 91' lang='lat' dir='ltr'><strong>esse</strong></span> <span class='ocrx_word' id='word_1_687' title='bbox 867 5126 918 5182; x_wconf 92' lang='lat' dir='ltr'><strong>Ec-</strong></span> 
     </span>
     <span class='ocr_line' id='line_1_93' title="bbox 68 5193 917 5272; baseline 0.001 -21"><span class='ocrx_word' id='word_1_688' title='bbox 68 5193 161 5252; x_wconf 88' lang='lat' dir='ltr'><strong>clesie</strong></span> <span class='ocrx_word' id='word_1_689' title='bbox 184 5206 276 5256; x_wconf 89' lang='lat' dir='ltr'><strong>notas.</strong></span> <span class='ocrx_word' id='word_1_690' title='bbox 304 5204 364 5253; x_wconf 90' lang='lat' dir='ltr'><strong>tum</strong></span> <span class='ocrx_word' id='word_1_691' title='bbox 390 5198 463 5254; x_wconf 87' lang='lat' dir='ltr'><strong>Petri</strong></span> <span class='ocrx_word' id='word_1_692' title='bbox 485 5193 694 5272; x_wconf 76' lang='grc' dir='ltr'>προτοκαιειρια</span> <span class='ocrx_word' id='word_1_693' title='bbox 713 5197 821 5253; x_wconf 87' lang='lat' dir='ltr'><strong>indicat</strong></span> <span class='ocrx_word' id='word_1_694' title='bbox 843 5197 917 5253; x_wconf 84' lang='lat' dir='ltr'><strong>Liri-</strong></span> 
     </span>
     <span class='ocr_line' id='line_1_94' title="bbox 69 5265 917 5338; baseline 0 -15"><span class='ocrx_word' id='word_1_695' title='bbox 69 5265 182 5333; x_wconf 86' lang='lat' dir='ltr'><strong>nensis;</strong></span> <span class='ocrx_word' id='word_1_696' title='bbox 205 5274 233 5323; x_wconf 86' lang='lat' dir='ltr'><strong>et</strong></span> <span class='ocrx_word' id='word_1_697' title='bbox 251 5274 283 5323; x_wconf 92' lang='lat' dir='ltr'><strong>ut</strong></span> <span class='ocrx_word' id='word_1_698' title='bbox 307 5266 385 5338; x_wconf 90' lang='lat' dir='ltr'><strong>quod</strong></span> <span class='ocrx_word' id='word_1_699' title='bbox 403 5268 527 5325; x_wconf 88' lang='lat' dir='ltr'><strong>hlarcioa</strong></span> <span class='ocrx_word' id='word_1_700' title='bbox 543 5271 679 5326; x_wconf 92' lang='lat' dir='ltr'><strong>similisve</strong></span> <span class='ocrx_word' id='word_1_701' title='bbox 702 5267 803 5324; x_wconf 85' lang='lat' dir='ltr'><strong>larinae</strong></span> <span class='ocrx_word' id='word_1_702' title='bbox 826 5268 917 5324; x_wconf 91' lang='lat' dir='ltr'><strong>homi-</strong></span> 
     </span>
     <span class='ocr_line' id='line_1_95' title="bbox 69 5337 918 5409; baseline 0.002 -16"><span class='ocrx_word' id='word_1_703' title='bbox 69 5349 121 5393; x_wconf 91' lang='lat' dir='ltr'><strong>ues</strong></span> <span class='ocrx_word' id='word_1_704' title='bbox 136 5343 327 5404; x_wconf 88' lang='lat' dir='ltr'><strong>tentaverant,</strong></span> <span class='ocrx_word' id='word_1_705' title='bbox 354 5337 384 5392; x_wconf 91' lang='lat' dir='ltr'><strong>in</strong></span> <span class='ocrx_word' id='word_1_706' title='bbox 408 5339 498 5396; x_wconf 90' lang='lat' dir='ltr'><strong>scedis</strong></span> <span class='ocrx_word' id='word_1_707' title='bbox 513 5340 714 5397; x_wconf 87' lang='lat' dir='ltr'><strong>sacratissimis</strong></span> <span class='ocrx_word' id='word_1_708' title='bbox 733 5353 918 5409; x_wconf 89' lang='lat' dir='ltr'><strong>corrumpen-</strong></span> 
     </span>
     <span class='ocr_line' id='line_1_96' title="bbox 69 5405 917 5481; baseline 0.002 -17"><span class='ocrx_word' id='word_1_709' title='bbox 69 5405 124 5475; x_wconf 77' lang='lat' dir='ltr'><strong>dis,</strong></span> <span class='ocrx_word' id='word_1_710' title='bbox 148 5407 177 5464; x_wconf 94' lang='lat' dir='ltr'><strong>id</strong></span> <span class='ocrx_word' id='word_1_711' title='bbox 198 5408 312 5466; x_wconf 87' lang='lat' dir='ltr'><strong>laudem</strong></span> <span class='ocrx_word' id='word_1_712' title='bbox 332 5409 515 5466; x_wconf 89' lang='lat' dir='ltr'><strong>successibus</strong></span> <span class='ocrx_word' id='word_1_713' title='bbox 535 5412 672 5479; x_wconf 90' lang='lat' dir='ltr'><strong>caruerit,</strong></span> <span class='ocrx_word' id='word_1_714' title='bbox 697 5412 917 5481; x_wconf 90' lang='lat' dir='ltr'><strong>manserintque</strong></span> 
     </span>
    </p>
   </div>
   <div class='ocr_carea' id='block_1_16' title="bbox 971 4702 1825 5483">
    <p class='ocr_par' dir='ltr' id='par_1_17' title="bbox 971 4702 1825 5483">
     <span class='ocr_line' id='line_1_97' title="bbox 972 4702 1823 4774; baseline -0.002 -17"><span class='ocrx_word' id='word_1_715' title='bbox 972 4702 1111 4774; x_wconf 85' lang='lat' dir='ltr'><strong>paulatim</strong></span> <span class='ocrx_word' id='word_1_716' title='bbox 1131 4702 1263 4774; x_wconf 84' lang='lat' dir='ltr'><strong>diligenti</strong></span> <span class='ocrx_word' id='word_1_717' title='bbox 1282 4702 1399 4759; x_wconf 87' lang='lat' dir='ltr'><strong>solertia</strong></span> <span class='ocrx_word' id='word_1_718' title='bbox 1421 4703 1603 4760; x_wconf 88' lang='lat' dir='ltr'><strong>curiosorum</strong></span> <span class='ocrx_word' id='word_1_719' title='bbox 1641 4708 1823 4758; x_wconf 85' lang='lat' dir='ltr'><strong>eruerentur.</strong></span> 
     </span>
     <span class='ocr_line' id='line_1_98' title="bbox 973 4771 1824 4855; baseline -0.004 -25"><span class='ocrx_word' id='word_1_720' title='bbox 973 4774 1093 4838; x_wconf 83' lang='lat' dir='ltr'><strong>Quodsi</strong></span> <span class='ocrx_word' id='word_1_721' title='bbox 1119 4773 1276 4845; x_wconf 90' lang='lat' dir='ltr'><strong>quisquam</strong></span> <span class='ocrx_word' id='word_1_722' title='bbox 1299 4780 1351 4840; x_wconf 91' lang='lat' dir='ltr'><strong>est,</strong></span> <span class='ocrx_word' id='word_1_723' title='bbox 1374 4774 1421 4830; x_wconf 92' lang='lat' dir='ltr'><strong>cui</strong></span> <span class='ocrx_word' id='word_1_724' title='bbox 1442 4776 1519 4830; x_wconf 92' lang='lat' dir='ltr'><strong>cordi</strong></span> <span class='ocrx_word' id='word_1_725' title='bbox 1540 4787 1652 4855; x_wconf 87' lang='lat' dir='ltr'><strong>semper</strong></span> <span class='ocrx_word' id='word_1_726' title='bbox 1668 4772 1753 4829; x_wconf 88' lang='lat' dir='ltr'><strong>luerit</strong></span> <span class='ocrx_word' id='word_1_727' title='bbox 1778 4771 1824 4828; x_wconf 88' lang='lat' dir='ltr'><strong>hi-</strong></span> 
     </span>
     <span class='ocr_line' id='line_1_99' title="bbox 973 4842 1824 4916; baseline -0.002 -16"><span class='ocrx_word' id='word_1_728' title='bbox 973 4844 1129 4901; x_wconf 91' lang='lat' dir='ltr'><strong>hliothecas</strong></span> <span class='ocrx_word' id='word_1_729' title='bbox 1150 4845 1214 4900; x_wconf 92' lang='lat' dir='ltr'><strong>illas</strong></span> <span class='ocrx_word' id='word_1_730' title='bbox 1239 4852 1368 4900; x_wconf 87' lang='lat' dir='ltr'><strong>veterum</strong></span> <span class='ocrx_word' id='word_1_731' title='bbox 1391 4845 1569 4916; x_wconf 89' lang='lat' dir='ltr'><strong>perquirere,</strong></span> <span class='ocrx_word' id='word_1_732' title='bbox 1601 4844 1750 4914; x_wconf 89' lang='lat' dir='ltr'><strong>inspicere,</strong></span> <span class='ocrx_word' id='word_1_733' title='bbox 1784 4842 1824 4898; x_wconf 92' lang='lat' dir='ltr'><strong>ri·</strong></span> 
     </span>
     <span class='ocr_line' id='line_1_100' title="bbox 973 4912 1825 4986; baseline -0.005 -14"><span class='ocrx_word' id='word_1_734' title='bbox 973 4917 1058 4983; x_wconf 91' lang='lat' dir='ltr'><strong>mari,</strong></span> <span class='ocrx_word' id='word_1_735' title='bbox 1076 4918 1105 4971; x_wconf 91' lang='lat' dir='ltr'><strong>ln</strong></span> <span class='ocrx_word' id='word_1_736' title='bbox 1127 4915 1171 4971; x_wconf 91' lang='lat' dir='ltr'><strong>his</strong></span> <span class='ocrx_word' id='word_1_737' title='bbox 1191 4915 1314 4986; x_wconf 84' lang='lat' dir='ltr'><strong>prolecto</strong></span> <span class='ocrx_word' id='word_1_738' title='bbox 1330 4930 1434 4972; x_wconf 81' lang='lat' dir='ltr'><strong>noman</strong></span> <span class='ocrx_word' id='word_1_739' title='bbox 1457 4930 1553 4972; x_wconf 85' lang='lat' dir='ltr'><strong>areum</strong></span> <span class='ocrx_word' id='word_1_740' title='bbox 1569 4928 1679 4984; x_wconf 90' lang='lat' dir='ltr'><strong>semper</strong></span> <span class='ocrx_word' id='word_1_741' title='bbox 1700 4915 1736 4970; x_wconf 92' lang='lat' dir='ltr'><strong>ab</strong></span> <span class='ocrx_word' id='word_1_742' title='bbox 1752 4912 1825 4969; x_wconf 89' lang='lat' dir='ltr'><strong>ado·</strong></span> 
     </span>
     <span class='ocr_line' id='line_1_101' title="bbox 973 4984 1825 5056; baseline -0.004 -13"><span class='ocrx_word' id='word_1_743' title='bbox 973 4984 1109 5044; x_wconf 88' lang='lat' dir='ltr'><strong>lescentia</strong></span> <span class='ocrx_word' id='word_1_744' title='bbox 1134 5000 1198 5042; x_wconf 90' lang='lat' dir='ltr'><strong>sam</strong></span> <span class='ocrx_word' id='word_1_745' title='bbox 1224 4986 1380 5056; x_wconf 86' lang='lat' dir='ltr'><strong>protessus,</strong></span> <span class='ocrx_word' id='word_1_746' title='bbox 1412 4988 1472 5043; x_wconf 91' lang='lat' dir='ltr'><strong>sive</strong></span> <span class='ocrx_word' id='word_1_747' title='bbox 1503 4999 1633 5042; x_wconf 89' lang='lat' dir='ltr'><strong>meorum</strong></span> <span class='ocrx_word' id='word_1_748' title='bbox 1666 4984 1825 5056; x_wconf 87' lang='lat' dir='ltr'><strong>equalium</strong></span> 
     </span>
     <span class='ocr_line' id='line_1_102' title="bbox 972 5055 1823 5183; baseline -0.002 -71"><span class='ocrx_word' id='word_1_749' title='bbox 972 5058 1114 5127; x_wconf 86' lang='lat' dir='ltr'><strong>exemplo,</strong></span> <span class='ocrx_word' id='word_1_750' title='bbox 1137 5065 1168 5113; x_wconf 91' lang='lat' dir='ltr'><strong>ut</strong></span> <span class='ocrx_word' id='word_1_751' title='bbox 1181 5061 1323 5128; x_wconf 82' lang='lat' dir='ltr'><strong>jacentem</strong></span> <span class='ocrx_word' id='word_1_752' title='bbox 1347 5058 1526 5115; x_wconf 90' lang='lat' dir='ltr'><strong>literatorum</strong></span> <span class='ocrx_word' id='word_1_753' title='bbox 1553 5057 1668 5113; x_wconf 90' lang='lat' dir='ltr'><strong>laudem</strong></span> <span class='ocrx_word' id='word_1_754' title='bbox 1676 5070 1735 5183; x_wconf 61' lang='lat' dir='ltr'><strong>1fro</strong></span> <span class='ocrx_word' id='word_1_755' title='bbox 1752 5055 1823 5111; x_wconf 82' lang='lat' dir='ltr'><strong>riri·</strong></span> 
     </span>
     <span class='ocr_line' id='line_1_103' title="bbox 972 5128 1825 5198; baseline -0.002 -13"><span class='ocrx_word' id='word_1_756' title='bbox 972 5129 1029 5185; x_wconf 91' lang='lat' dir='ltr'><strong>hus</strong></span> <span class='ocrx_word' id='word_1_757' title='bbox 1053 5129 1236 5185; x_wconf 84' lang='lat' dir='ltr'><strong>sublevarem</strong></span> <span class='ocrx_word' id='word_1_758' title='bbox 1260 5129 1384 5185; x_wconf 90' lang='lat' dir='ltr'><strong>maculis</strong></span> <span class='ocrx_word' id='word_1_759' title='bbox 1411 5143 1512 5186; x_wconf 88' lang='lat' dir='ltr'><strong>eorum</strong></span> <span class='ocrx_word' id='word_1_760' title='bbox 1537 5128 1672 5198; x_wconf 68' lang='lat' dir='ltr'><strong>detergeo</strong></span> <span class='ocrx_word' id='word_1_761' title='bbox 1697 5128 1739 5194; x_wconf 90' lang='lat' dir='ltr'><strong>is,</strong></span> <span class='ocrx_word' id='word_1_762' title='bbox 1763 5128 1825 5183; x_wconf 91' lang='lat' dir='ltr'><strong>slve</strong></span> 
     </span>
     <span class='ocr_line' id='line_1_104' title="bbox 973 5196 1825 5270; baseline -0.001 -15"><span class='ocrx_word' id='word_1_763' title='bbox 973 5199 1052 5269; x_wconf 91' lang='lat' dir='ltr'><strong>quod</strong></span> <span class='ocrx_word' id='word_1_764' title='bbox 1068 5200 1196 5256; x_wconf 90' lang='lat' dir='ltr'><strong>criticam</strong></span> <span class='ocrx_word' id='word_1_765' title='bbox 1222 5199 1288 5269; x_wconf 93' lang='lat' dir='ltr'><strong>plus</strong></span> <span class='ocrx_word' id='word_1_766' title='bbox 1303 5214 1387 5270; x_wconf 85' lang='lat' dir='ltr'><strong>equo</strong></span> <span class='ocrx_word' id='word_1_767' title='bbox 1400 5199 1520 5256; x_wconf 85' lang='lat' dir='ltr'><strong>tortasse</strong></span> <span class='ocrx_word' id='word_1_768' title='bbox 1534 5198 1742 5264; x_wconf 88' lang='lat' dir='ltr'><strong>adamaverim,</strong></span> <span class='ocrx_word' id='word_1_769' title='bbox 1763 5196 1825 5254; x_wconf 88' lang='lat' dir='ltr'><strong>sive</strong></span> 
     </span>
     <span class='ocr_line' id='line_1_105' title="bbox 973 5269 1824 5342; baseline -0.005 -16"><span class='ocrx_word' id='word_1_770' title='bbox 973 5270 1051 5340; x_wconf 91' lang='lat' dir='ltr'><strong>quod</strong></span> <span class='ocrx_word' id='word_1_771' title='bbox 1082 5270 1165 5326; x_wconf 88' lang='lat' dir='ltr'><strong>varia</strong></span> <span class='ocrx_word' id='word_1_772' title='bbox 1194 5269 1244 5326; x_wconf 92' lang='lat' dir='ltr'><strong>illa</strong></span> <span class='ocrx_word' id='word_1_773' title='bbox 1277 5278 1304 5327; x_wconf 91' lang='grc' dir='ltr'><strong>ιι</strong></span> <span class='ocrx_word' id='word_1_774' title='bbox 1337 5272 1501 5342; x_wconf 90' lang='lat' dir='ltr'><strong>promiscua</strong></span> <span class='ocrx_word' id='word_1_775' title='bbox 1539 5270 1658 5327; x_wconf 84' lang='lat' dir='ltr'><strong>lectione</strong></span> <span class='ocrx_word' id='word_1_776' title='bbox 1689 5269 1824 5326; x_wconf 87' lang='lat' dir='ltr'><strong>delector.</strong></span> 
     </span>
     <span class='ocr_line' id='line_1_106' title="bbox 971 5339 1825 5411; baseline -0.002 -15"><span class='ocrx_word' id='word_1_777' title='bbox 971 5345 1065 5411; x_wconf 78' lang='lat' dir='ltr'><strong>atque</strong></span> <span class='ocrx_word' id='word_1_778' title='bbox 1081 5340 1120 5396; x_wconf 90' lang='lat' dir='ltr'><strong>ita</strong></span> <span class='ocrx_word' id='word_1_779' title='bbox 1134 5340 1248 5409; x_wconf 89' lang='lat' dir='ltr'><strong>accidit,</strong></span> <span class='ocrx_word' id='word_1_780' title='bbox 1266 5349 1299 5398; x_wconf 93' lang='lat' dir='ltr'><strong>ut</strong></span> <span class='ocrx_word' id='word_1_781' title='bbox 1322 5342 1353 5398; x_wconf 93' lang='lat' dir='ltr'><strong>in</strong></span> <span class='ocrx_word' id='word_1_782' title='bbox 1375 5356 1480 5399; x_wconf 88' lang='lat' dir='ltr'><strong>manus</strong></span> <span class='ocrx_word' id='word_1_783' title='bbox 1497 5356 1574 5398; x_wconf 91' lang='lat' dir='ltr'><strong>meas</strong></span> <span class='ocrx_word' id='word_1_784' title='bbox 1594 5340 1746 5398; x_wconf 83' lang='lat' dir='ltr'><strong>inciderint</strong></span> <span class='ocrx_word' id='word_1_785' title='bbox 1766 5339 1825 5395; x_wconf 92' lang='lat' dir='ltr'><strong>ali·</strong></span> 
     </span>
     <span class='ocr_line' id='line_1_107' title="bbox 971 5409 1825 5483; baseline -0.001 -14"><span class='ocrx_word' id='word_1_786' title='bbox 971 5418 1042 5483; x_wconf 90' lang='lat' dir='ltr'><strong>quot</strong></span> <span class='ocrx_word' id='word_1_787' title='bbox 1061 5412 1188 5483; x_wconf 85' lang='lat' dir='ltr'><strong>epistole</strong></span> <span class='ocrx_word' id='word_1_788' title='bbox 1209 5413 1365 5470; x_wconf 90' lang='lat' dir='ltr'><strong>doctissimi</strong></span> <span class='ocrx_word' id='word_1_789' title='bbox 1388 5413 1463 5469; x_wconf 88' lang='lat' dir='ltr'><strong>Petri</strong></span> <span class='ocrx_word' id='word_1_790' title='bbox 1485 5413 1640 5480; x_wconf 80' lang='lat' dir='ltr'><strong>hbelardi‚</strong></span> <span class='ocrx_word' id='word_1_791' title='bbox 1664 5418 1692 5469; x_wconf 91' lang='lat' dir='ltr'><strong>et</strong></span> <span class='ocrx_word' id='word_1_792' title='bbox 1707 5409 1825 5468; x_wconf 81' lang='lat' dir='ltr'><strong>lieloise</strong></span> 
     </span>
    </p>
   </div>
   <div class='ocr_carea' id='block_1_17' title="bbox 39 5521 1410 5613">
    <p class='ocr_par' dir='ltr' id='par_1_18' title="bbox 39 5521 1410 5613">
     <span class='ocr_line' id='line_1_108' title="bbox 39 5521 1410 5613; baseline 0.007 -25"><span class='ocrx_word' id='word_1_793' title='bbox 39 5521 48 5540; x_wconf 89' lang='lat'>&#39;</span> <span class='ocrx_word' id='word_1_794' title='bbox 104 5531 144 5606; x_wconf 77' lang='grc' dir='ltr'><strong>(ι)</strong></span> <span class='ocrx_word' id='word_1_795' title='bbox 162 5532 208 5594; x_wconf 86' lang='lat' dir='ltr'><strong>sic</strong></span> <span class='ocrx_word' id='word_1_796' title='bbox 221 5535 400 5598; x_wconf 88' lang='lat' dir='ltr'><strong>Pretationls</strong></span> <span class='ocrx_word' id='word_1_797' title='bbox 411 5543 514 5598; x_wconf 88' lang='lat' dir='ltr'><strong>auctor</strong></span> <span class='ocrx_word' id='word_1_798' title='bbox 524 5537 644 5611; x_wconf 84' lang='lat' dir='ltr'><strong>ubique.</strong></span> <span class='ocrx_word' id='word_1_799' title='bbox 658 5538 678 5607; x_wconf 79' lang='lat' dir='ltr'><strong>r</strong></span> <span class='ocrx_word' id='word_1_800' title='bbox 694 5552 745 5612; x_wconf 81' lang='lat' dir='ltr'><strong>pra</strong></span> <span class='ocrx_word' id='word_1_801' title='bbox 756 5539 806 5612; x_wconf 83' lang='lat' dir='ltr'><strong>pit,</strong></span> <span class='ocrx_word' id='word_1_802' title='bbox 822 5537 901 5613; x_wconf 91' lang='lat' dir='ltr'><strong>qaod</strong></span> <span class='ocrx_word' id='word_1_803' title='bbox 917 5545 1031 5600; x_wconf 72' lang='lat' dir='ltr'><strong>maere</strong></span> <span class='ocrx_word' id='word_1_804' title='bbox 1046 5539 1203 5601; x_wconf 89' lang='lat' dir='ltr'><strong>noluimus.</strong></span> <span class='ocrx_word' id='word_1_805' title='bbox 1217 5540 1298 5599; x_wconf 84' lang='lat' dir='ltr'><strong>Ean.</strong></span> <span class='ocrx_word' id='word_1_806' title='bbox 1323 5540 1410 5599; x_wconf 80' lang='lat' dir='ltr'><strong>Para.</strong></span> 
     </span>
    </p>
   </div>
   <div class='ocr_carea' id='block_1_18' title="bbox 0 0 1906 5962">
    <p class='ocr_par' dir='ltr' id='par_1_19' title="bbox 0 0 1906 5962">
     <span class='ocr_line' id='line_1_109' title="bbox 0 0 1906 5962; baseline 0 0"><span class='ocrx_word' id='word_1_807' title='bbox 0 0 1906 5962; x_wconf 95' lang='lat' dir='ltr'><strong> </strong></span> 
     </span>
    </p>
   </div>
  </div>
 </body>
</html>
