3804 5962
781 245 901 307 SERHO
919 249 964 304 hl.
1701 255 1755 312 462

81 415 92 444 ‚
119 381 147 432 et
163 372 372 446 correptionem
396 372 540 431 malorum
561 381 675 447 gutum
688 379 731 430 est
750 374 780 429 in
804 386 853 429 ar·
867 375 892 430 h
906 377 965 442 poti
976 378 1055 429 sont:
1066 372 1322 444 iuquitbiatthaens
1336 373 1529 445 (iiottbxxrr,
1543 374 1603 445 ιιι)
1614 375 1756 447 principes

87 462 168 534 quod
192 462 352 535 gerendum
376 470 439 518 erat
456 461 485 518 in
497 463 613 520 homine
630 502 637 518 .
658 461 795 519 Exhibita
811 468 853 520 est
906 463 1084 528 sacerdotum,
1113 469 1139 519 ct
1151 467 1267 519 seniores
1279 462 1379 534 papali
1393 463 1537 520 consilinm
1560 465 1683 531 feceram
1701 506 1709 532 ,
1724 469 1757 523 ιιι

79 552 245 621 spctemiae
267 550 297 608 in
313 549 610 623 reinsensibilicujus
632 549 852 608 oliensaoaveri
906 554 998 607 desan
1032 552 1092 607 doto
1120 556 1239 608 tenerent
1256 552 1466 608 ctocciderent.
1499 539 1630 621 Dicebant
1643 558 1754 610 antem:

81 640 105 698 it
121 655 138 697 a
155 640 298 697 rationali.
318 641 410 698 Factis
429 631 526 703 terret,
542 639 638 697 verbis
652 641 733 697 docet
761 640 854 697 incre·
908 643 968 698 Non
987 641 1017 696 in
1032 641 1076 697 dic
1098 642 1168 709 sesto
1184 682 1191 708 ,
1206 640 1371 699 subaudis:
1399 640 1454 697 hoc
1477 640 1644 698 iaciendum
1671 655 1755 701 esse:

79 743 105 785 m
130 729 261 800 plebem,
291 743 327 786 ne
350 728 380 785 in
409 743 463 786 sua
485 729 595 786 malitia
620 736 725 800 pereat,
763 743 852 801 quam
907 732 1024 797 nefarie
1039 732 1259 802 tnnottnsytzret
1273 730 1436 802 tnpoputo:
1462 730 1572 787 honest
1595 744 1632 788 ne
1647 731 1754 796 turba,

79 834 87 874 ι
116 818 225 875 crebris
237 817 448 875 miraculorum
482 816 627 875 beneflciis
653 818 688 873 ad
713 817 851 888 poenlteu-
909 818 1068 892 quaillum
1084 835 1151 877 cum
1170 819 1364 878 exsultatione
1379 827 1584 891 susceperant,
1612 819 1657 878 rel
1680 820 1757 880 siout

101 907 216 965 inritat.
240 906 303 977 lpse
331 906 460 978 Angelus
487 905 599 963 consilii
627 905 736 977 quibus
761 912 853 977 potest
909 907 1081 980 prophetant
1108 908 1264 977 habebant,
1296 908 1326 965 in
1352 922 1400 965 eos
1427 915 1704 978 commoverentur,
1727 918 1755 968 et

79 1011 95 1053 s
111 1010 147 1053 ue
162 1002 298 1067 pereant,
322 994 448 1052 consulit
482 995 629 1066 perituris,
654 1002 687 1052 ut
702 998 747 1052 vel
762 994 853 1066 poni·
908 999 1004 1069 ipsum
1025 997 1213 1068 eriperento
1233 997 1300 1054 caeci
1312 1004 1339 1054 et
1355 995 1491 1068 pessimi!
1509 996 1577 1054 Dolo
1604 1011 1673 1055 eum
1691 998 1756 1056 rul-

79 1099 94 1141 s
108 1085 269 1153 satuentes,
284 1083 330 1141 rel
345 1083 554 1141 inexcusabiles
564 1083 696 1139 damnari
721 1096 853 1160 merean—
908 1087 944 1144 tis
959 1094 1065 1154 tenere,
1085 1095 1226 1158 tanquam
1241 1087 1377 1159 ignarum
1394 1085 1615 1144 machinationis
1628 1094 1756 1158 restrae,

79 1175 111 1230 ht
125 1174 187 1230 haec
201 1174 318 1245 quidem
330 1174 358 1229 in
373 1173 500 1230 secunda
519 1181 598 1244 gesta
612 1180 679 1228 suut
691 1171 771 1229 laria.
908 1176 1004 1233 necin
1019 1175 1063 1233 dia
1093 1175 1162 1233 testo
1184 1175 1262 1234 istud
1292 1175 1446 1247 perlicere,
1476 1189 1534 1232 non
1562 1176 1679 1248 quidem
1703 1191 1757 1250 pro

79 1271 198 1321 sautem
220 1262 302 1319 tertio
319 1303 326 1329 ,
344 1261 418 1319 sicut
430 1262 544 1319 Marcus
566 1269 594 1318 et
619 1261 768 1318 blatthaeus
782 1260 854 1318 rele-
909 1264 1070 1322 reverentia
1084 1264 1138 1322 diei
1153 1307 1161 1333 ,
1177 1264 1226 1321 sod
1241 1278 1293 1335 pro
1307 1271 1387 1320 metu
1402 1277 1488 1334 quem
1505 1262 1634 1322 diximus
1646 1264 1755 1336 populi.

83 1367 179 1420 ,oum
205 1350 373 1408 asscthania
402 1351 507 1408 rediret
526 1350 755 1420 ierosolymam,
777 1349 855 1406 vide
909 1355 989 1411 Diem
1019 1353 1122 1411 testum
1147 1353 1215 1410 dicit
1247 1353 1374 1423 primum
1403 1352 1482 1409 diem
1501 1365 1667 1424 azymorum
1694 1361 1758 1425 post

95 1441 232 1512 discipuli
257 1440 412 1499 arelactam
435 1438 599 1496 ficulneam.
626 1439 661 1495 Et
686 1438 854 1495 recordatus
910 1443 1029 1499 Pascha.
1049 1442 1159 1499 Pascha
1173 1441 1280 1514 quippe
1296 1440 1410 1513 proprie
1436 1449 1558 1499 vocatur
1585 1442 1614 1498 iu
1633 1450 1758 1514 quarm·

78 1544 106 1586 rs
121 1529 196 1586 dixit
220 1529 256 1586 ad
272 1529 370 1585 tasum
390 1544 396 1583 :
414 1527 517 1596 Rabbt,
532 1544 588 1583 ecce
599 1530 667 1598 icoo
681 1530 727 1583 coi
740 1526 853 1583 moledi-
909 1532 1021 1589 decima
1035 1531 1129 1600 luna,
1146 1530 1198 1588 uht
1218 1530 1374 1587 immolatio
1389 1529 1475 1587 tiebat
1490 1530 1526 1587 ad
1541 1543 1695 1601 vesperum
1713 1531 1757 1588 ,Α

79 1622 156 1675 erait
172 1619 317 1688 (Morcus,
328 1617 385 1690 it).
404 1619 439 1674 Et
453 1632 519 1674 cum
536 1617 660 1675 venisset
672 1616 702 1673 in
716 1616 853 1688 templum
870 1659 891 1714 B
911 1623 1013 1694 quinta
1027 1636 1096 1679 vero
1110 1620 1278 1678 diedecima
1292 1627 1430 1692 sequente
1448 1633 1541 1691 usque
1555 1619 1592 1676 ad
1604 1620 1759 1691 septimum

79 1717 188 1766 serunt
203 1708 239 1764 ad
255 1721 322 1764 cum
338 1706 484 1763 docentem
503 1705 647 1778 principes
661 1707 853 1776 sacerdotum,
909 1710 983 1767 diem
994 1717 1077 1767 erant
1092 1709 1153 1767 dies
1161 1721 1338 1780 azymorum,
1355 1709 1432 1781 quod
1447 1708 1580 1766 videlieet
1595 1717 1658 1780 post
1682 1708 1758 1766 diem

79 1796 188 1855 euiores
222 1795 343 1867 populi.
373 1795 484 1862 Quibus
520 1795 580 1866 ipse
621 1795 706 1866 plura
747 1796 776 1851 ln
801 1809 855 1868 pa·
909 1799 1028 1857 Paschae
1047 1806 1155 1870 septem
1177 1798 1278 1856 diebus
1304 1798 1411 1869 azymis
1424 1807 1626 1856 vescerentur.
1644 1798 1677 1855 in
1691 1797 1757 1869 qui·

79 1887 111 1943 is
123 1884 262 1952 locutus,
289 1892 316 1941 ιι
331 1884 423 1941 multa
443 1883 484 1940 eis
500 1885 700 1955 improperans
712 1893 852 1956 peccata,
910 1888 965 1945 bus
998 1888 1114 1960 quidem
1142 1887 1274 1945 videlicet
1302 1887 1402 1944 diebus
1428 1900 1619 1958 azymorum,
1647 1887 1760 1957 primus

79 1975 134 2033 iter
162 1989 211 2031 cos
235 1982 334 2031 contra
350 1988 380 2030 so
409 1973 584 2042 commovit,
609 1974 686 2044 qnod
710 1975 856 2031 maturius
910 1975 1121 2034 dieseorumet
1142 1977 1281 2045 septimus
1296 1975 1465 2033 celebriores
1488 1981 1571 2033 erant
1597 1974 1707 2032 catoris
1730 1981 1760 2031 ιι

79 2073 176 2124 serent
200 2064 279 2137 quod
293 2067 328 2122 de
339 2073 429 2122 morte
441 2064 532 2136 ipsius
548 2071 745 2122 tractaverant
774 2064 826 2135 qui
844 2079 852 2119 ι
910 2066 1067 2134 solemnes,
1094 2079 1161 2123 cum
1177 2065 1237 2136 ipse
1251 2065 1312 2122 dies
1327 2065 1443 2122 Pascha
1466 2064 1577 2122 nullam
1593 2064 1758 2122 solemnita-

79 2170 140 2228 :eps
168 2169 235 2211 cum
251 2168 385 2226 egressus
417 2153 451 2210 de
467 2154 572 2225 templo
599 2153 652 2211 iret
675 2152 705 2209 in
730 2162 856 2210 montom
910 2156 946 2212 tis
960 2155 1130 2228 dignitatem
1144 2169 1180 2211 ex
1195 2154 1365 2211 auctoritate
1385 2153 1456 2225 legis
1467 2153 1604 2210 obtineat.
1634 2153 1708 2210 Hinc
1727 2153 1758 2210 iu

79 2253 112 2302 et
141 2243 266 2311 oliveti,
284 2243 360 2300 sicut
379 2242 531 2300 blatthaens
553 2250 580 2299 et
592 2242 704 2299 herous
727 2249 857 2313 patenter
910 2245 1010 2303 Exodo
1028 2244 1168 2314 scriptum
1183 2243 1331 2314 estu-ised.
1347 2258 1397 2311 ιιι,
1423 2243 1462 2312 ld)
1475 2242 1509 2299 de
1520 2241 1564 2299 his
1581 2251 1689 2314 septem
1704 2241 1761 2300 dle-

80 2340 172 2400 uant,
196 2330 373 2389 adnectendo
397 2331 529 2389 videlicet
543 2333 621 2403 quod
645 2332 684 2389 ihi
700 2333 800 2389 sedens
812 2331 857 2388 di·
910 2334 965 2392 bns
985 2347 1152 2405 azymorum
1167 2349 1174 2390 ε
1189 2333 1252 2388 Dies
1266 2333 1357 2403 prino
1382 2333 1435 2387 crit
1454 2336 1551 2387 sanctu
1565 2335 1647 2399 otone
1661 2332 1761 2388 solem·

78 2422 134 2479 dos
158 2421 290 2484 doceret,
307 2434 384 2476 unns
398 2419 607 2491 discipulerum
627 2420 667 2476 ait
682 2419 722 2477 ilii
742 2435 749 2474 τ
765 2422 857 2488 daei·
910 2425 963 2492 nis,
980 2428 1005 2479 et
1020 2423 1079 2479 dies
1089 2424 1207 2493 septima
1222 2423 1315 2478 eaden
1329 2423 1480 2491 testivitate
1490 2422 1664 2478 venenosus.
1680 2420 1760 2480 Nittt

93 2513 191 2580 aspice
205 2510 299 2579 quales
325 2508 429 2578 lapides
444 2512 470 2563 ιι
485 2510 580 2579 quoles
595 2513 740 2564 structurae
757 2508 854 2579 (dicre.
910 2514 1001 2584 operis
1020 2513 1130 2578 societis
1146 2514 1175 2568 in
1196 2512 1245 2574 eis,
1274 2513 1392 2582 exceptis
1409 2511 1452 2568 his
1477 2526 1537 2581 quac
1550 2511 1760 2567 odoesccndurn

83 2601 130 2671 ι).
149 2598 202 2656 Cui
223 2598 370 2668 respondit
387 2598 494 2654 iesus:
514 2598 597 2653 Vides
617 2600 667 2653 bns
700 2613 857 2653 omnesne·
908 2599 1170 2673 pertinent.lllum
1190 2613 1258 2671 ergo
1280 2599 1498 2671 primumdiem
1526 2613 1691 2671 azymorum
1712 2601 1760 2656 iu-

87 2688 284 2759 aediytcotiones
299 2690 314 2742 P
335 2688 393 2744 Non
405 2690 574 2754 relinquetur
591 2687 662 2758 lepis
688 2703 771 2757 snper
790 2687 858 2757 lapi·
911 2691 1063 2762 telllgunt‚
1087 2702 1154 2746 oum
1169 2687 1281 2757 dicunt,
1293 2705 1347 2744 non
1362 2691 1392 2743 in
1407 2688 1452 2744 die
1464 2691 1535 2756 testo
1552 2731 1559 2744 .
1583 2688 1666 2745 Tunc
1681 2688 1761 2746 euim

87 2783 138 2849 qni
162 2793 217 2834 non
240 2776 399 2832 destrantur
426 2776 536 2848 (blattis.
552 2792 614 2831 xxm
631 2819 638 2846 ,
655 2775 682 2849 z)
707 2816 713 2830 .
741 2776 858 2833 Deinde·
911 2777 1128 2849 omnespariter
1150 2777 1310 2834 secundum
1327 2776 1418 2850 legem
1436 2776 1473 2834 ab
1500 2777 1636 2847 operibus
1649 2790 1760 2835 racan-

79 2867 203 2926 sctusad
220 2874 346 2923 montem
359 2865 474 2933 Oliveti,
495 2880 561 2923 cum
576 2865 614 2922 ibi
634 2866 743 2922 sederet
760 2905 767 2930 ,
783 2864 859 2921 sicut
913 2873 955 2922 tes
977 2866 1144 2938 congregati
1169 2866 1198 2923 in
1219 2867 1331 2923 civitate
1352 2908 1359 2936 ,
1388 2864 1501 2922 facilius
1518 2865 1675 2924 tumultum
1700 2879 1761 2924 ore·

79 2957 161 3016 heus
174 2956 281 3024 scribit,
304 2961 487 3012 accesserunt
502 2955 537 3010 ad
550 2969 617 3010 eum
634 2953 768 3025 discipuli
783 2954 856 3024 ejus,
875 2949 896 3007 C
913 2955 1058 3013 debantnr
1084 2956 1226 3012 excitare.
1243 2954 1325 3024 Quod
1344 2968 1413 3012 vero
1437 2954 1586 3012 llatthaeus
1608 2954 1670 3011 ait:
1689 2957 1763 3011 lianc

79 3057 115 3104 tto
154 3044 281 3103 dicentes
310 3061 317 3100 :
350 3047 397 3100 iiic
425 3045 505 3099 nobis
531 3043 640 3115 qnando
667 3043 721 3098 bac
753 3046 857 3113 erunt,
914 3047 1073 3114 conpresso·
1087 3049 1167 3114 sant,
1184 3051 1237 3102 ele.
1252 3085 1261 3114 ,
1279 3043 1351 3101 illud
1366 3049 1439 3112 tnnc,
1456 3043 1638 3101 referendum
1653 3051 1696 3101 est
1724 3043 1761 3101 ad

81 3136 258 3193 mareoticae
287 3133 394 3191 scilicet
407 3132 578 3201 Jerusalem,
607 3137 633 3189 et
661 3132 733 3200 qood
750 3135 859 3202 sipnocn
915 3134 1080 3204 praedictam
1107 3132 1207 3190 leriam
1235 3133 1372 3202 tertiam,
1395 3132 1513 3204 quaudo
1535 3131 1575 3189 ait
1598 3132 1761 3190 hominus:

90 3224 227 3280 monens
256 3227 297 3278 tni
326 3220 448 3293 (blattis.
474 3238 556 3290 xmo,
580 3220 631 3291 il,
658 3222 687 3279 iu
717 3222 774 3278 leue
802 3221 860 3279 sci·
914 3222 1293 3295 sncmqnoposcbidunn.

86 3313 218 3378 mundi,
243 3319 270 3369 et
291 3312 380 3382 ipsius
408 3311 666 3369 consummationis
683 3310 782 3368 saeculi
797 3354 803 3367 .
821 3311 861 3367 De
959 3312 1033 3379 Quid
1059 3321 1154 3370 autem
1185 3314 1243 3382 ipse
1272 3311 1413 3370 Dominus
1442 3317 1540 3383 postea
1555 3311 1645 3384 egerit
1668 3310 1697 3366 in
1713 3310 1764 3369 ilia

80 3402 252 3472 complura
268 3401 408 3457 [ironicus
434 3401 638 3472 praedixisset,
663 3409 690 3458 et
710 3402 859 3472 prolixum
915 3402 999 3460 tertia
1025 3401 1084 3472 die,
1102 3401 1146 3459 vel
1162 3401 1191 3458 in
1223 3410 1331 3474 quarta
1355 3409 1517 3474 mouente,
1538 3415 1596 3459 uon
1624 3399 1765 3471 exprimit

79 3504 240 3548 sermonem
265 3490 431 3558 habuisset,
457 3490 609 3561 subjungit
637 3491 809 3547 Mattheus:
825 3492 862 3546 iit
916 3490 1065 3563 Scriptura
1090 3490 1259 3548 manifeste.
1282 3490 1433 3548 credimus
1447 3498 1543 3548 autem
1561 3497 1593 3548 ut
1615 3487 1671 3546 hoc
1690 3488 1764 3547 dell-

79 3595 114 3636 on
143 3584 196 3646 est,
226 3594 285 3633 cnm
301 3584 512 3634 consummasset
540 3581 617 3634 tosus
651 3593 784 3634 sormones
814 3578 861 3635 hos
916 3580 1010 3636 nilum
1036 3578 1190 3636 eonsilium
1208 3579 1375 3637 iudaeorum
1389 3580 1519 3647 evitaret,
1536 3592 1590 3636 nec
1603 3578 1644 3636 eis
1670 3577 1766 3635 iacul-

79 3683 100 3725 ιι
114 3711 122 3736 ,
138 3667 215 3722 dicit
235 3665 380 3738 discipulis
412 3670 470 3723 sois
496 3668 600 3725 :Scitis
629 3671 696 3739 quin
722 3672 784 3740 pest
819 3669 861 3724 bt·
915 3678 1003 3728 tatem
1027 3670 1197 3741 peragendae
1217 3669 1333 3727 malitiae
1354 3669 1491 3739 preberet
1505 3709 1514 3732 ‚
1529 3666 1681 3724 antediem
1707 3674 1767 3725 tra·

79 3757 218 3813 cPosclo
242 3759 288 3826 ιιι
305 3761 349 3823 ,et
362 3757 449 3812 Pilius
470 3758 587 3812 bominis
614 3757 740 3812 tradetur
754 3761 785 3812 nt
798 3772 860 3812 nn·
916 3759 1034 3817 ditionis
1062 3759 1123 3816 siva
1149 3759 1290 3831 passionis
1308 3759 1373 3831 ejus
1388 3755 1561 3831 congruam.
1593 3758 1674 3828 Quod
1695 3773 1765 3817 vero

79 3849 142 3900 ztan
161 3845 271 3914 lunato.
297 3843 477 3915 xxv1,l,i).
502 3847 565 3902 Post
594 3845 728 3913 biduum,
743 3845 797 3902 hoc
819 3851 862 3902 est
917 3849 1023 3923 adjecit
1046 3848 1247 3920 evangelista:
1278 3849 1345 3906 Gan
1371 3850 1632 3904 antecessetiesns
1665 3850 1696 3903 in
1718 3850 1767 3904 itc-

79 3933 240 4005 nequiutae
269 3933 494 4005 adaquando
520 3940 590 3991 tune
609 3934 757 4006 oportebat
780 3942 862 3990 retus
919 3939 1060 3993 tinnioin
1095 3936 1173 3991 domo
1208 3936 1327 3992 simonis
1365 3936 1475 4006 leprosi,
1510 3942 1561 4004 et,
1589 3941 1623 3991 ut
1649 3934 1767 3992 blarcus

79 4022 122 4080 ha
148 4021 288 4078 celebrari
297 4022 331 4078 de
351 4021 546 4079 immolatione
568 4025 636 4096 agni
659 4038 708 4080 seu
726 4022 800 4081 haedi
825 4023 861 4079 ad
917 4028 966 4095 ait,
990 4026 1092 4082 ibidem
1119 4026 1284 4082 recumberet
1310 4025 1419 4096 (Marc.
1446 4023 1564 4095 xrv,3),
1591 4026 1703 4079 occcsnt
1729 4021 1769 4079 nd
1801 4055 1814 4072 ·

79 4114 185 4170 eremi
201 4111 261 4168 Hoc
290 4110 368 4168 enim
391 4111 501 4169 Pascha
516 4113 570 4170 hoc
595 4112 656 4170 loco
680 4112 767 4178 dicit,
783 4112 861 4184 quod
917 4113 1439 4176 cammuliertnbensalabastronetc.
1466 4112 1659 4184 (cratonum,
1675 4115 1702 4179 6,
1719 4113 1767 4199 ’τις

79 4199 170 4258 ndum
185 4199 276 4270 legem
290 4200 426 4259 omnihus
438 4210 498 4259 erat
515 4210 615 4260 notum
631 4247 638 4260 .
654 4203 749 4259 Tertia
764 4202 862 4273 itaque
878 4232 901 4286 D
917 4203 1061 4262 incertum
1079 4212 1122 4262 est
1143 4212 1242 4263 utrum
1263 4203 1317 4260 hoc
1346 4202 1427 4260 deret
1441 4201 1471 4259 iu
1488 4201 1682 4274 praedicendis
1710 4208 1767 4260 ter-

79 4330 94 4359 ,
109 4288 165 4346 hoc
180 4298 221 4346 est
244 4289 289 4346 die
309 4290 415 4358 biartis,
432 4305 594 4348 sermonem
610 4291 692 4348 illum
714 4291 817 4348 habuit
832 4290 863 4347 iu
918 4294 968 4361 tia,
992 4307 1031 4350 an
1054 4294 1084 4350 in
1108 4299 1213 4365 quarta
1242 4301 1380 4364 mouente
1396 4290 1554 4349 .Nonnulli
1578 4300 1676 4349 tamen
1690 4290 1769 4350 istud

79 4385 108 4436 lo
132 4376 247 4444 Oliveti,
261 4385 289 4435 et
308 4393 341 4436 eo
363 4379 445 4437 linito
466 4380 562 4448 ,dixit
590 4379 761 4451 discipulis,
791 4379 862 4450 quia
917 4382 1084 4440 recumbere
1110 4382 1141 4440 in
1164 4382 1250 4439 domo
1276 4379 1422 4449 Simonis,
1448 4387 1553 4452 putant
1576 4380 1655 4437 illam
1680 4379 1769 4438 tuisse

88 4466 216 4525 biduum
234 4467 346 4524 Pascha
361 4468 417 4526 liet.
432 4469 514 4526 Tunc
527 4469 634 4540 quippe
656 4469 703 4526 illo
719 4483 795 4527 anno
815 4482 862 4525 ac·
917 4487 1054 4542 emnam,
1080 4471 1114 4528 de
1142 4484 1201 4543 qua
1227 4471 1351 4527 ioannes
1368 4469 1407 4525 ait
1422 4485 1428 4525 :
1446 4469 1517 4537 onio
1540 4475 1603 4525 onte
1626 4483 1674 4524 sec
1710 4469 1770 4525 dics

79 4599 87 4622 ,
103 4563 138 4614 ut
152 4565 216 4627 post
231 4556 303 4614 illud
319 4557 457 4629 biduum,
470 4559 499 4614 in
519 4558 622 4630 quinta
636 4600 644 4629 ,
660 4564 693 4616 ut
709 4558 861 4630 diximus,
917 4561 1028 4618 Pascha
1040 4561 1204 4617 oenitJesus
1216 4560 1390 4627 bethoniam,
1418 4560 1543 4625 fecerant
1557 4562 1648 4614 antean
1663 4559 1690 4613 ei
1717 4573 1767 4614 coc·

79 4685 92 4715 ,
109 4646 331 4717 quanadeotma
346 4647 475 4705 eveniret
488 4648 580 4717 luna,
602 4656 634 4704 ut
647 4663 680 4706 eo
699 4648 794 4705 dicad
810 4662 864 4705 re·
917 4666 981 4707 nom
994 4652 1046 4718 ibi,
1062 4655 1088 4705 et
1109 4648 1220 4706 Martha
1237 4647 1438 4717 ministrabat,
1458 4654 1510 4704 etc.
1527 4647 1622 4717 (deors.
1640 4661 1695 4713 ιιι,
1712 4649 1723 4701 i
1741 4653 1771 4705 et

79 4748 133 4792 um
154 4736 317 4794 secuudum
341 4735 432 4809 legem
447 4739 553 4795 veteris
577 4738 692 4796 Paschae
720 4737 864 4822 lieretsa-
918 4739 986 4812 ιιι).
1003 4739 1038 4796 Et
1057 4738 1174 4811 quidem
1193 4738 1242 4805 illi,
1267 4738 1319 4809 qui
1338 4737 1560 4804 hannonem,
1581 4748 1670 4807 quam
1696 4735 1770 4793 biat-

79 4823 165 4882 nnm.
181 4823 243 4891 Quo
269 4826 385 4897 quidem
400 4827 480 4884 tlnito
497 4869 505 4894 ,
521 4827 611 4885 veteri
626 4827 732 4885 scilicet
746 4828 864 4885 Pascha
918 4830 1013 4886 chaus
1026 4835 1054 4886 et
1079 4828 1194 4886 hiarcus
1208 4833 1435 4884 commemorant
1449 4867 1456 4893 ‚
1471 4821 1549 4881 illam
1567 4823 1697 4880 eamdem
1710 4836 1771 4882 esse

79 4912 153 4970 idcio
169 4913 200 4970 in
225 4915 511 4974 carnibushaedirei
527 4916 678 4989 egricum
700 4915 808 4987 azymis
835 4921 865 4974 ιι
918 4918 1032 4988 volunt,
1047 4932 1136 4990 quam
1152 4917 1277 4973 ioannes
1300 4922 1366 4972 ante
1385 4927 1435 4970 sex
1448 4912 1506 4970 dies
1530 4912 1647 4970 Pascha
1666 4912 1771 4971 iactam

78 5003 136 5060 ucis
163 5005 350 5075 agrestibus,
380 5005 474 5062 statim
501 5007 560 5077 ipse
584 5006 724 5063 Dominus
753 5018 865 5062 novum
919 5006 1042 5076 asserit,
1079 5007 1180 5063 dicunt
1206 5018 1270 5063 earn
1310 5015 1497 5075 nequaquam
1532 5001 1693 5060 secuudum
1723 5015 1772 5062 or·

79 5092 125 5149 ha
144 5106 213 5150 cum
237 5093 335 5151 iecerit
359 5094 388 5151 in
411 5102 590 5152 sacramento
612 5094 866 5166 corporisetsau·
920 5097 1016 5153 dinem
1027 5095 1066 5151 rei
1094 5101 1179 5166 gesta
1207 5092 1244 5148 ab
1272 5089 1457 5164 evangelistis
1484 5091 1616 5148 narrari:
1639 5092 1687 5149 sed
1707 5099 1773 5151 tau·

79 5181 110 5238 ‚is
126 5180 194 5252 sui,
212 5188 240 5238 et
253 5181 389 5240 sicretus
410 5183 519 5240 Pascha
543 5183 717 5241 terminarit.
921 5197 1010 5254 quam
1035 5181 1100 5238 inde
1125 5181 1207 5253 prius
1220 5181 1325 5238 laetam
1344 5179 1381 5238 ad
1408 5181 1577 5237 memoriam
1599 5181 1698 5240 reduci
1714 5224 1724 5254 ‚
1738 5188 1773 5240 ut

79 5269 325 5342 ompletisautem
355 5275 511 5346 utriusque
524 5273 641 5331 Pasehae
665 5271 866 5337 sacramentis,
921 5270 1054 5329 videlicet
1081 5269 1238 5327 innuerent
1263 5268 1330 5326 inde
1356 5270 1460 5326 ludam
1488 5268 1664 5327 occasionem
1691 5283 1773 5328 acce·

79 5373 111 5418 ιιι
141 5365 227 5417 noete
238 5370 280 5418 cst
296 5361 420 5421 traditus
433 5364 468 5420 ad
484 5363 656 5435 passionem.
671 5362 711 5420 De
726 5375 786 5434 qna
798 5374 869 5419 oon·
925 5360 998 5431 pisse
1021 5357 1165 5416 vendendi
1193 5357 1374 5426 moinum,
1397 5357 1481 5432 qnasi
1504 5357 1559 5416 boc
1586 5357 1677 5430 pretio
1700 5357 1775 5417 illud

79 5454 171 5510 enter
199 5450 354 5510 traditione
377 5452 530 5528 subiungit
557 5458 591 5511 ut
612 5451 722 5510 dictum
747 5457 789 5509 est
806 5450 871 5508 :dt
923 5461 1011 5509 snum
1032 5448 1173 5508 damnum
1197 5454 1394 5507 restauraret.
1411 5447 1450 5506 at
1477 5462 1546 5508 vero
1574 5449 1598 5505 si
1619 5447 1774 5521 diligenter

79 5537 234 5600 omnnio
256 5541 428 5599 tordsnnnt
443 5544 643 5615 annnam.
668 5542 742 5602 inno
759 5555 870 5613 noere-
925 5540 1003 5600 hanc
1016 5546 1045 5599 et
1069 5537 1150 5600 iilam
1181 5550 1295 5601 ooeuom
1308 5537 1363 5598 sibi
1388 5535 1590 5606 deploramus,
1609 5536 1774 5595 videbimus
