<?xml version="1.0" encoding="UTF-8"?>
<!DOCTYPE html PUBLIC "-//W3C//DTD XHTML 1.0 Transitional//EN"
    "http://www.w3.org/TR/xhtml1/DTD/xhtml1-transitional.dtd">
<html xmlns="http://www.w3.org/1999/xhtml" xml:lang="en" lang="en">
 <head>
  <title>
</title>
<meta http-equiv="Content-Type" content="text/html;charset=utf-8" />
  <meta name='ocr-system' content='tesseract 3.04.00' />
  <meta name='ocr-capabilities' content='ocr_page ocr_carea ocr_par ocr_line ocrx_word'/>
</head>
<body>
  <div class='ocr_page' id='page_1' title='image "./patrologiaecurs53unkngoog_0179.png"; bbox 0 0 3804 5962; ppageno 0'>
   <div class='ocr_carea' id='block_1_1' title="bbox 107 217 1856 282">
    <p class='ocr_par' dir='ltr' id='par_1_1' title="bbox 107 217 1856 282">
     <span class='ocr_line' id='line_1_1' title="bbox 107 217 1856 282; baseline -0.001 -1"><span class='ocrx_word' id='word_1_1' title='bbox 107 223 161 281; x_wconf 73' lang='grc'><strong>347</strong></span> <span class='ocrx_word' id='word_1_2' title='bbox 552 222 657 281; x_wconf 76' lang='lat' dir='ltr'><strong>reret</strong></span> <span class='ocrx_word' id='word_1_3' title='bbox 675 219 868 280; x_wconf 70' lang='lat' dir='ltr'><strong>summunt</strong></span> <span class='ocrx_word' id='word_1_4' title='bbox 886 220 962 281; x_wconf 83' lang='lat' dir='ltr'><strong>OPP.</strong></span> <span class='ocrx_word' id='word_1_5' title='bbox 982 219 1075 282; x_wconf 72' lang='lat' dir='ltr'><strong>PARS</strong></span> <span class='ocrx_word' id='word_1_6' title='bbox 1091 220 1113 278; x_wconf 93' lang='lat' dir='ltr'><strong>l.</strong></span> <span class='ocrx_word' id='word_1_7' title='bbox 1133 249 1168 262; x_wconf 91' lang='lat'><em>-</em></span> <span class='ocrx_word' id='word_1_8' title='bbox 1186 217 1379 279; x_wconf 72' lang='lat' dir='ltr'><strong>EPISTOLAE.</strong></span> <span class='ocrx_word' id='word_1_9' title='bbox 1802 221 1856 279; x_wconf 68' lang='grc'><strong>348</strong></span> 
     </span>
    </p>
   </div>
   <div class='ocr_carea' id='block_1_2' title="bbox 106 344 1897 5572">
    <p class='ocr_par' dir='ltr' id='par_1_2' title="bbox 106 344 1897 5572">
     <span class='ocr_line' id='line_1_2' title="bbox 109 344 1857 420; baseline 0.001 -15"><span class='ocrx_word' id='word_1_10' title='bbox 109 347 240 418; x_wconf 82' lang='lat' dir='ltr'><strong>Elisens,</strong></span> <span class='ocrx_word' id='word_1_11' title='bbox 261 347 351 406; x_wconf 89' lang='lat' dir='ltr'><strong>nostri</strong></span> <span class='ocrx_word' id='word_1_12' title='bbox 372 347 460 407; x_wconf 89' lang='lat' dir='ltr'><strong>duces</strong></span> <span class='ocrx_word' id='word_1_13' title='bbox 482 346 536 405; x_wconf 89' lang='lat' dir='ltr'><strong>dlii</strong></span> <span class='ocrx_word' id='word_1_14' title='bbox 561 346 777 419; x_wconf 89' lang='lat' dir='ltr'><strong>prophetarum,</strong></span> <span class='ocrx_word' id='word_1_15' title='bbox 804 346 857 420; x_wconf 86' lang='lat' dir='ltr'><strong>qui</strong></span> <span class='ocrx_word' id='word_1_16' title='bbox 877 346 958 407; x_wconf 90' lang='lat' dir='ltr'><strong>habi·</strong></span> <span class='ocrx_word' id='word_1_17' title='bbox 972 349 996 405; x_wconf 82' lang='lat' dir='ltr'><strong>it</strong></span> <span class='ocrx_word' id='word_1_18' title='bbox 1011 347 1042 406; x_wconf 91' lang='lat' dir='ltr'><strong>iu</strong></span> <span class='ocrx_word' id='word_1_19' title='bbox 1055 344 1151 408; x_wconf 85' lang='lat' dir='ltr'><strong>Veteri</strong></span> <span class='ocrx_word' id='word_1_20' title='bbox 1164 346 1345 404; x_wconf 77' lang='lat' dir='ltr'><strong>Tesmmento</strong></span> <span class='ocrx_word' id='word_1_21' title='bbox 1368 345 1502 420; x_wconf 78' lang='lat' dir='ltr'><strong>legimns,</strong></span> <span class='ocrx_word' id='word_1_22' title='bbox 1528 345 1711 406; x_wconf 73' lang='lat' dir='ltr'><strong>edificabant</strong></span> <span class='ocrx_word' id='word_1_23' title='bbox 1735 347 1788 406; x_wconf 90' lang='lat' dir='ltr'><strong>sibi</strong></span> <span class='ocrx_word' id='word_1_24' title='bbox 1809 360 1857 406; x_wconf 90' lang='lat' dir='ltr'><strong>ca·</strong></span> 
     </span>
     <span class='ocr_line' id='line_1_3' title="bbox 108 435 1897 510; baseline -0.001 -14"><span class='ocrx_word' id='word_1_25' title='bbox 108 438 210 496; x_wconf 92' lang='lat' dir='ltr'><strong>tabant</strong></span> <span class='ocrx_word' id='word_1_26' title='bbox 228 437 259 494; x_wconf 91' lang='lat' dir='ltr'><strong>in</strong></span> <span class='ocrx_word' id='word_1_27' title='bbox 286 438 364 510; x_wconf 90' lang='lat' dir='ltr'><strong>agris</strong></span> <span class='ocrx_word' id='word_1_28' title='bbox 393 445 421 496; x_wconf 92' lang='lat' dir='ltr'><strong>et</strong></span> <span class='ocrx_word' id='word_1_29' title='bbox 443 436 657 505; x_wconf 85' lang='lat' dir='ltr'><strong>solitudinibus,</strong></span> <span class='ocrx_word' id='word_1_30' title='bbox 682 443 710 494; x_wconf 89' lang='lat' dir='ltr'><strong>ct</strong></span> <span class='ocrx_word' id='word_1_31' title='bbox 732 436 876 495; x_wconf 82' lang='lat' dir='ltr'><strong>iaciebant</strong></span> <span class='ocrx_word' id='word_1_32' title='bbox 899 436 954 495; x_wconf 91' lang='lat' dir='ltr'><strong>sibi</strong></span> <span class='ocrx_word' id='word_1_33' title='bbox 1008 451 1056 494; x_wconf 91' lang='lat' dir='ltr'><strong>sas</strong></span> <span class='ocrx_word' id='word_1_34' title='bbox 1070 443 1184 509; x_wconf 90' lang='lat' dir='ltr'><strong>propter</strong></span> <span class='ocrx_word' id='word_1_35' title='bbox 1205 435 1314 494; x_wconf 86' lang='lat' dir='ltr'><strong>fluenta</strong></span> <span class='ocrx_word' id='word_1_36' title='bbox 1330 435 1462 493; x_wconf 79' lang='lat' dir='ltr'><strong>iomanis</strong></span> <span class='ocrx_word' id='word_1_37' title='bbox 1485 442 1534 493; x_wconf 74' lang='lat' dir='ltr'><strong>zet</strong></span> <span class='ocrx_word' id='word_1_38' title='bbox 1552 436 1647 494; x_wconf 91' lang='lat' dir='ltr'><strong>turbis</strong></span> <span class='ocrx_word' id='word_1_39' title='bbox 1675 436 1793 495; x_wconf 91' lang='lat' dir='ltr'><strong>urbium</strong></span> <span class='ocrx_word' id='word_1_40' title='bbox 1808 437 1857 495; x_wconf 89' lang='lat' dir='ltr'><strong>de·</strong></span> <span class='ocrx_word' id='word_1_41' title='bbox 1895 467 1897 471; x_wconf 33' lang='lat'><strong>¹</strong></span> 
     </span>
     <span class='ocr_line' id='line_1_4' title="bbox 108 523 1850 598; baseline -0.006 -11"><span class='ocrx_word' id='word_1_42' title='bbox 108 526 296 587; x_wconf 88' lang='lat' dir='ltr'><strong>tabemacnia</strong></span> <span class='ocrx_word' id='word_1_43' title='bbox 322 541 410 598; x_wconf 90' lang='lat' dir='ltr'><strong>prope</strong></span> <span class='ocrx_word' id='word_1_44' title='bbox 434 526 545 584; x_wconf 80' lang='lat' dir='ltr'><strong>tinente</strong></span> <span class='ocrx_word' id='word_1_45' title='bbox 568 525 737 583; x_wconf 80' lang='lat' dir='ltr'><strong>iordanis.»</strong></span> <span class='ocrx_word' id='word_1_46' title='bbox 762 527 800 583; x_wconf 84' lang='lat' dir='ltr'><strong>lie</strong></span> <span class='ocrx_word' id='word_1_47' title='bbox 814 527 860 584; x_wconf 92' lang='lat' dir='ltr'><strong>his</strong></span> <span class='ocrx_word' id='word_1_48' title='bbox 885 532 954 584; x_wconf 89' lang='lat' dir='ltr'><strong>eunt</strong></span> <span class='ocrx_word' id='word_1_49' title='bbox 1008 526 1123 595; x_wconf 90' lang='lat' dir='ltr'><strong>relictis,</strong></span> <span class='ocrx_word' id='word_1_50' title='bbox 1146 524 1260 596; x_wconf 90' lang='lat' dir='ltr'><strong>polenta</strong></span> <span class='ocrx_word' id='word_1_51' title='bbox 1273 532 1301 582; x_wconf 92' lang='lat' dir='ltr'><strong>et</strong></span> <span class='ocrx_word' id='word_1_52' title='bbox 1319 523 1417 581; x_wconf 81' lang='lat' dir='ltr'><strong>herbis</strong></span> <span class='ocrx_word' id='word_1_53' title='bbox 1440 524 1604 595; x_wconf 76' lang='lat' dir='ltr'><strong>agrestibus</strong></span> <span class='ocrx_word' id='word_1_54' title='bbox 1631 525 1811 583; x_wconf 76' lang='lat' dir='ltr'><strong>victitabant.</strong></span> <span class='ocrx_word' id='word_1_55' title='bbox 1838 547 1850 576; x_wconf 70' lang='grc' dir='ltr'>ι</span> 
     </span>
     <span class='ocr_line' id='line_1_5' title="bbox 108 613 1857 688; baseline -0.002 -12"><span class='ocrx_word' id='word_1_56' title='bbox 108 625 136 676; x_wconf 89' lang='lat' dir='ltr'><strong>et</strong></span> <span class='ocrx_word' id='word_1_57' title='bbox 151 616 190 674; x_wconf 93' lang='lat' dir='ltr'><strong>illi</strong></span> <span class='ocrx_word' id='word_1_58' title='bbox 207 615 258 673; x_wconf 85' lang='lat' dir='ltr'><strong>titii</strong></span> <span class='ocrx_word' id='word_1_59' title='bbox 278 616 402 684; x_wconf 83' lang='lat' dir='ltr'><strong>Rerhab,</strong></span> <span class='ocrx_word' id='word_1_60' title='bbox 426 616 476 686; x_wconf 88' lang='lat' dir='ltr'><strong>qui</strong></span> <span class='ocrx_word' id='word_1_61' title='bbox 491 616 594 673; x_wconf 81' lang='lat' dir='ltr'><strong>vinnm</strong></span> <span class='ocrx_word' id='word_1_62' title='bbox 608 621 636 672; x_wconf 90' lang='lat' dir='ltr'><strong>et</strong></span> <span class='ocrx_word' id='word_1_63' title='bbox 649 614 770 672; x_wconf 88' lang='lat' dir='ltr'><strong>siceram</strong></span> <span class='ocrx_word' id='word_1_64' title='bbox 797 629 856 673; x_wconf 91' lang='lat' dir='ltr'><strong>non</strong></span> <span class='ocrx_word' id='word_1_65' title='bbox 871 614 954 673; x_wconf 91' lang='lat' dir='ltr'><strong>bibe·</strong></span> <span class='ocrx_word' id='word_1_66' title='bbox 1009 616 1049 673; x_wconf 86' lang='lat' dir='ltr'><strong>De</strong></span> <span class='ocrx_word' id='word_1_67' title='bbox 1080 615 1193 688; x_wconf 33' lang='lat' dir='ltr'><strong>quihus·</strong></span> <span class='ocrx_word' id='word_1_68' title='bbox 1203 621 1230 671; x_wconf 91' lang='lat' dir='ltr'><strong>et</strong></span> <span class='ocrx_word' id='word_1_69' title='bbox 1245 613 1315 671; x_wconf 89' lang='lat' dir='ltr'><strong>alibi</strong></span> <span class='ocrx_word' id='word_1_70' title='bbox 1331 613 1471 683; x_wconf 86' lang='lat' dir='ltr'><strong>meminit,</strong></span> <span class='ocrx_word' id='word_1_71' title='bbox 1490 633 1505 664; x_wconf 80' lang='grc' dir='ltr'><strong>ε</strong></span> <span class='ocrx_word' id='word_1_72' title='bbox 1520 613 1610 687; x_wconf 90' lang='lat' dir='ltr'><strong>Virgo</strong></span> <span class='ocrx_word' id='word_1_73' title='bbox 1632 614 1721 682; x_wconf 82' lang='lat' dir='ltr'><strong>Elias,</strong></span> <span class='ocrx_word' id='word_1_74' title='bbox 1736 616 1857 673; x_wconf 79' lang='lat' dir='ltr'><strong>Elisaens</strong></span> 
     </span>
     <span class='ocr_line' id='line_1_6' title="bbox 109 702 1856 778; baseline -0.001 -14"><span class='ocrx_word' id='word_1_75' title='bbox 109 706 189 773; x_wconf 85' lang='lat' dir='ltr'><strong>bant,</strong></span> <span class='ocrx_word' id='word_1_76' title='bbox 203 705 254 778; x_wconf 87' lang='lat' dir='ltr'><strong>qui</strong></span> <span class='ocrx_word' id='word_1_77' title='bbox 269 704 460 762; x_wconf 85' lang='lat' dir='ltr'><strong>morabantur</strong></span> <span class='ocrx_word' id='word_1_78' title='bbox 474 703 503 760; x_wconf 93' lang='lat' dir='ltr'><strong>in</strong></span> <span class='ocrx_word' id='word_1_79' title='bbox 519 703 657 771; x_wconf 89' lang='lat' dir='ltr'><strong>tentoriis,</strong></span> <span class='ocrx_word' id='word_1_80' title='bbox 680 702 731 775; x_wconf 85' lang='lat' dir='ltr'><strong>qni</strong></span> <span class='ocrx_word' id='word_1_81' title='bbox 745 703 794 759; x_wconf 87' lang='lat' dir='ltr'><strong>uei</strong></span> <span class='ocrx_word' id='word_1_82' title='bbox 811 716 861 774; x_wconf 93' lang='lat' dir='ltr'><strong>per</strong></span> <span class='ocrx_word' id='word_1_83' title='bbox 876 703 955 760; x_wconf 84' lang='lat' dir='ltr'><strong>lere·</strong></span> <span class='ocrx_word' id='word_1_84' title='bbox 1008 704 1102 776; x_wconf 83' lang='lat' dir='ltr'><strong>virgo,</strong></span> <span class='ocrx_word' id='word_1_85' title='bbox 1117 703 1246 775; x_wconf 86' lang='lat' dir='ltr'><strong>virgines</strong></span> <span class='ocrx_word' id='word_1_86' title='bbox 1260 703 1311 760; x_wconf 80' lang='lat' dir='ltr'><strong>tilii</strong></span> <span class='ocrx_word' id='word_1_87' title='bbox 1329 703 1542 774; x_wconf 89' lang='lat' dir='ltr'><strong>prophetarum.</strong></span> <span class='ocrx_word' id='word_1_88' title='bbox 1567 724 1578 753; x_wconf 75' lang='grc' dir='ltr'>ι</span> <span class='ocrx_word' id='word_1_89' title='bbox 1604 702 1679 771; x_wconf 86' lang='lat' dir='ltr'><strong>Quid</strong></span> <span class='ocrx_word' id='word_1_90' title='bbox 1700 712 1752 772; x_wconf 91' lang='lat' dir='ltr'><strong>est,</strong></span> <span class='ocrx_word' id='word_1_91' title='bbox 1775 706 1856 762; x_wconf 90' lang='lat' dir='ltr'><strong>obse-</strong></span> 
     </span>
     <span class='ocr_line' id='line_1_7' title="bbox 107 791 1854 864; baseline -0.001 -12"><span class='ocrx_word' id='word_1_92' title='bbox 107 795 196 852; x_wconf 92' lang='lat' dir='ltr'><strong>miam</strong></span> <span class='ocrx_word' id='word_1_93' title='bbox 211 808 279 852; x_wconf 88' lang='lat' dir='ltr'><strong>voce</strong></span> <span class='ocrx_word' id='word_1_94' title='bbox 293 793 460 859; x_wconf 89' lang='lat' dir='ltr'><strong>laudantur,</strong></span> <span class='ocrx_word' id='word_1_95' title='bbox 486 800 513 848; x_wconf 90' lang='lat' dir='ltr'><strong>ct</strong></span> <span class='ocrx_word' id='word_1_96' title='bbox 528 791 705 863; x_wconf 82' lang='lat' dir='ltr'><strong>promittitur</strong></span> <span class='ocrx_word' id='word_1_97' title='bbox 722 792 772 856; x_wconf 89' lang='lat' dir='ltr'><strong>cis,</strong></span> <span class='ocrx_word' id='word_1_98' title='bbox 795 792 874 864; x_wconf 81' lang='lat' dir='ltr'><strong>qnod</strong></span> <span class='ocrx_word' id='word_1_99' title='bbox 894 806 955 851; x_wconf 91' lang='lat' dir='ltr'><strong>non</strong></span> <span class='ocrx_word' id='word_1_100' title='bbox 1008 807 1083 860; x_wconf 90' lang='lat' dir='ltr'><strong>oro,</strong></span> <span class='ocrx_word' id='word_1_101' title='bbox 1113 792 1223 860; x_wconf 86' lang='lat' dir='ltr'><strong>irater,</strong></span> <span class='ocrx_word' id='word_1_102' title='bbox 1253 791 1331 864; x_wconf 86' lang='lat' dir='ltr'><strong>quod</strong></span> <span class='ocrx_word' id='word_1_103' title='bbox 1359 792 1504 849; x_wconf 87' lang='lat' dir='ltr'><strong>electurus</strong></span> <span class='ocrx_word' id='word_1_104' title='bbox 1531 791 1674 862; x_wconf 87' lang='lat' dir='ltr'><strong>apostolos</strong></span> <span class='ocrx_word' id='word_1_105' title='bbox 1697 794 1854 861; x_wconf 85' lang='lat' dir='ltr'><strong>Dominus,</strong></span> 
     </span>
     <span class='ocr_line' id='line_1_8' title="bbox 110 879 1856 953; baseline -0.002 -12"><span class='ocrx_word' id='word_1_106' title='bbox 110 882 224 941; x_wconf 84' lang='lat' dir='ltr'><strong>deliciet</strong></span> <span class='ocrx_word' id='word_1_107' title='bbox 238 882 273 939; x_wconf 96' lang='lat' dir='ltr'><strong>de</strong></span> <span class='ocrx_word' id='word_1_108' title='bbox 295 882 382 953; x_wconf 90' lang='lat' dir='ltr'><strong>stirpe</strong></span> <span class='ocrx_word' id='word_1_109' title='bbox 407 895 507 939; x_wconf 92' lang='lat' dir='ltr'><strong>eorum</strong></span> <span class='ocrx_word' id='word_1_110' title='bbox 526 879 573 936; x_wconf 86' lang='lat' dir='ltr'><strong>vir</strong></span> <span class='ocrx_word' id='word_1_111' title='bbox 599 887 679 938; x_wconf 91' lang='lat' dir='ltr'><strong>stans</strong></span> <span class='ocrx_word' id='word_1_112' title='bbox 701 894 799 937; x_wconf 89' lang='lat' dir='ltr'><strong>coram</strong></span> <span class='ocrx_word' id='word_1_113' title='bbox 821 881 952 939; x_wconf 83' lang='lat' dir='ltr'><strong>homino.</strong></span> <span class='ocrx_word' id='word_1_114' title='bbox 1008 893 1195 952; x_wconf 86' lang='lat' dir='ltr'><strong>nequaquam</strong></span> <span class='ocrx_word' id='word_1_115' title='bbox 1211 880 1246 937; x_wconf 91' lang='lat' dir='ltr'><strong>de</strong></span> <span class='ocrx_word' id='word_1_116' title='bbox 1266 894 1362 937; x_wconf 92' lang='lat' dir='ltr'><strong>eremo</strong></span> <span class='ocrx_word' id='word_1_117' title='bbox 1389 879 1492 937; x_wconf 88' lang='lat' dir='ltr'><strong>accivit</strong></span> <span class='ocrx_word' id='word_1_118' title='bbox 1519 881 1669 951; x_wconf 80' lang='lat' dir='ltr'><strong>loannem,</strong></span> <span class='ocrx_word' id='word_1_119' title='bbox 1698 895 1751 938; x_wconf 92' lang='lat' dir='ltr'><strong>nec</strong></span> <span class='ocrx_word' id='word_1_120' title='bbox 1771 882 1807 938; x_wconf 94' lang='lat' dir='ltr'><strong>ab</strong></span> <span class='ocrx_word' id='word_1_121' title='bbox 1822 896 1856 938; x_wconf 93' lang='lat' dir='ltr'><strong>eo</strong></span> 
     </span>
     <span class='ocr_line' id='line_1_9' title="bbox 107 967 1855 1042; baseline -0.003 -11"><span class='ocrx_word' id='word_1_122' title='bbox 107 969 454 1042; x_wconf 68' lang='lat' dir='ltr'><strong>recentiorumque</strong></span> <span class='ocrx_word' id='word_1_123' title='bbox 471 970 500 1026; x_wconf 93' lang='lat' dir='ltr'><strong>in</strong></span> <span class='ocrx_word' id='word_1_124' title='bbox 515 969 636 1041; x_wconf 84' lang='lat' dir='ltr'><strong>antiquo</strong></span> <span class='ocrx_word' id='word_1_125' title='bbox 657 969 762 1041; x_wconf 91' lang='lat' dir='ltr'><strong>popule</strong></span> <span class='ocrx_word' id='word_1_126' title='bbox 780 976 878 1027; x_wconf 90' lang='lat' dir='ltr'><strong>tantus</strong></span> <span class='ocrx_word' id='word_1_127' title='bbox 892 968 954 1026; x_wconf 90' lang='lat' dir='ltr'><strong>eni·</strong></span> <span class='ocrx_word' id='word_1_128' title='bbox 1009 969 1207 1041; x_wconf 78' lang='lat' dir='ltr'><strong>baptizandus,</strong></span> <span class='ocrx_word' id='word_1_129' title='bbox 1225 969 1321 1040; x_wconf 94' lang='lat' dir='ltr'><strong>ipsum</strong></span> <span class='ocrx_word' id='word_1_130' title='bbox 1344 982 1362 1025; x_wconf 87' lang='lat' dir='ltr'><strong>a</strong></span> <span class='ocrx_word' id='word_1_131' title='bbox 1389 968 1553 1038; x_wconf 89' lang='lat' dir='ltr'><strong>solitudine,</strong></span> <span class='ocrx_word' id='word_1_132' title='bbox 1568 967 1614 1025; x_wconf 84' lang='lat' dir='ltr'><strong>vel</strong></span> <span class='ocrx_word' id='word_1_133' title='bbox 1640 968 1678 1025; x_wconf 91' lang='lat' dir='ltr'><strong>ad</strong></span> <span class='ocrx_word' id='word_1_134' title='bbox 1694 970 1795 1026; x_wconf 88' lang='lat' dir='ltr'><strong>horam</strong></span> <span class='ocrx_word' id='word_1_135' title='bbox 1811 983 1855 1026; x_wconf 92' lang='lat' dir='ltr'><strong>re·</strong></span> 
     </span>
     <span class='ocr_line' id='line_1_10' title="bbox 108 1057 1853 1130; baseline -0.005 -9"><span class='ocrx_word' id='word_1_136' title='bbox 108 1060 173 1130; x_wconf 86' lang='lat' dir='ltr'><strong>tuit,</strong></span> <span class='ocrx_word' id='word_1_137' title='bbox 198 1060 279 1118; x_wconf 89' lang='lat' dir='ltr'><strong>utin</strong></span> <span class='ocrx_word' id='word_1_138' title='bbox 300 1059 404 1117; x_wconf 86' lang='lat' dir='ltr'><strong>coelum</strong></span> <span class='ocrx_word' id='word_1_139' title='bbox 436 1059 521 1115; x_wconf 84' lang='lat' dir='ltr'><strong>vivus</strong></span> <span class='ocrx_word' id='word_1_140' title='bbox 542 1059 653 1116; x_wconf 86' lang='lat' dir='ltr'><strong>sustolli</strong></span> <span class='ocrx_word' id='word_1_141' title='bbox 685 1067 853 1126; x_wconf 90' lang='lat' dir='ltr'><strong>mereretur,</strong></span> <span class='ocrx_word' id='word_1_142' title='bbox 880 1058 955 1115; x_wconf 88' lang='lat' dir='ltr'><strong>inter</strong></span> <span class='ocrx_word' id='word_1_143' title='bbox 1008 1059 1122 1115; x_wconf 83' lang='lat' dir='ltr'><strong>vocavit</strong></span> <span class='ocrx_word' id='word_1_144' title='bbox 1141 1072 1148 1113; x_wconf 82' lang='grc' dir='ltr'>ι</span> <span class='ocrx_word' id='word_1_145' title='bbox 1165 1058 1213 1115; x_wconf 89' lang='lat' dir='ltr'><strong>sed</strong></span> <span class='ocrx_word' id='word_1_146' title='bbox 1233 1058 1308 1115; x_wconf 88' lang='lat' dir='ltr'><strong>siout</strong></span> <span class='ocrx_word' id='word_1_147' title='bbox 1329 1058 1425 1115; x_wconf 86' lang='lat' dir='ltr'><strong>caeteri</strong></span> <span class='ocrx_word' id='word_1_148' title='bbox 1448 1058 1599 1114; x_wconf 92' lang='lat' dir='ltr'><strong>hominum</strong></span> <span class='ocrx_word' id='word_1_149' title='bbox 1622 1057 1743 1129; x_wconf 85' lang='lat' dir='ltr'><strong>adeum</strong></span> <span class='ocrx_word' id='word_1_150' title='bbox 1764 1059 1853 1126; x_wconf 86' lang='lat' dir='ltr'><strong>veuit,</strong></span> 
     </span>
     <span class='ocr_line' id='line_1_11' title="bbox 107 1145 1860 1219; baseline -0.002 -13"><span class='ocrx_word' id='word_1_151' title='bbox 107 1156 220 1207; x_wconf 92' lang='lat' dir='ltr'><strong>nostros</strong></span> <span class='ocrx_word' id='word_1_152' title='bbox 253 1148 359 1206; x_wconf 85' lang='lat' dir='ltr'><strong>mirere</strong></span> <span class='ocrx_word' id='word_1_153' title='bbox 380 1148 523 1219; x_wconf 89' lang='lat' dir='ltr'><strong>principes</strong></span> <span class='ocrx_word' id='word_1_154' title='bbox 548 1163 555 1203; x_wconf 91' lang='lat'>:</span> <span class='ocrx_word' id='word_1_155' title='bbox 582 1161 681 1205; x_wconf 85' lang='lat' dir='ltr'><strong>rerum</strong></span> <span class='ocrx_word' id='word_1_156' title='bbox 705 1147 793 1204; x_wconf 90' lang='lat' dir='ltr'><strong>etiam</strong></span> <span class='ocrx_word' id='word_1_157' title='bbox 814 1147 954 1205; x_wconf 85' lang='lat' dir='ltr'><strong>loannem</strong></span> <span class='ocrx_word' id='word_1_158' title='bbox 1009 1145 1084 1203; x_wconf 90' lang='lat' dir='ltr'><strong>inter</strong></span> <span class='ocrx_word' id='word_1_159' title='bbox 1105 1154 1221 1204; x_wconf 85' lang='lat' dir='ltr'><strong>caeteros</strong></span> <span class='ocrx_word' id='word_1_160' title='bbox 1244 1154 1271 1203; x_wconf 90' lang='lat' dir='ltr'><strong>et</strong></span> <span class='ocrx_word' id='word_1_161' title='bbox 1291 1148 1352 1218; x_wconf 92' lang='lat' dir='ltr'><strong>ipse</strong></span> <span class='ocrx_word' id='word_1_162' title='bbox 1374 1146 1563 1217; x_wconf 86' lang='lat' dir='ltr'><strong>baptizandus</strong></span> <span class='ocrx_word' id='word_1_163' title='bbox 1578 1159 1595 1201; x_wconf 88' lang='lat' dir='ltr'><strong>a</strong></span> <span class='ocrx_word' id='word_1_164' title='bbox 1610 1147 1761 1216; x_wconf 89' lang='lat' dir='ltr'><strong>monacho,</strong></span> <span class='ocrx_word' id='word_1_165' title='bbox 1781 1147 1860 1203; x_wconf 90' lang='lat' dir='ltr'><strong>siout</strong></span> 
     </span>
     <span class='ocr_line' id='line_1_12' title="bbox 107 1234 1857 1310; baseline -0.001 -16"><span class='ocrx_word' id='word_1_166' title='bbox 107 1237 256 1309; x_wconf 92' lang='lat' dir='ltr'><strong>inspiritu</strong></span> <span class='ocrx_word' id='word_1_167' title='bbox 282 1238 346 1310; x_wconf 85' lang='lat' dir='ltr'><strong>ejus</strong></span> <span class='ocrx_word' id='word_1_168' title='bbox 370 1238 542 1305; x_wconf 86' lang='lat' dir='ltr'><strong>venientem,</strong></span> <span class='ocrx_word' id='word_1_169' title='bbox 553 1243 581 1293; x_wconf 91' lang='lat' dir='ltr'><strong>et</strong></span> <span class='ocrx_word' id='word_1_170' title='bbox 597 1235 682 1307; x_wconf 85' lang='lat' dir='ltr'><strong>quasi</strong></span> <span class='ocrx_word' id='word_1_171' title='bbox 696 1234 820 1293; x_wconf 88' lang='lat' dir='ltr'><strong>alterum</strong></span> <span class='ocrx_word' id='word_1_172' title='bbox 848 1235 952 1305; x_wconf 84' lang='lat' dir='ltr'><strong>Eliam,</strong></span> <span class='ocrx_word' id='word_1_173' title='bbox 1008 1237 1147 1308; x_wconf 90' lang='lat' dir='ltr'><strong>scriptum</strong></span> <span class='ocrx_word' id='word_1_174' title='bbox 1171 1246 1237 1295; x_wconf 91' lang='lat' dir='ltr'><strong>est:</strong></span> <span class='ocrx_word' id='word_1_175' title='bbox 1261 1259 1275 1288; x_wconf 82' lang='lat'>«</span> <span class='ocrx_word' id='word_1_176' title='bbox 1298 1239 1417 1295; x_wconf 86' lang='lat' dir='ltr'><strong>Factum</strong></span> <span class='ocrx_word' id='word_1_177' title='bbox 1431 1245 1473 1293; x_wconf 91' lang='lat' dir='ltr'><strong>est</strong></span> <span class='ocrx_word' id='word_1_178' title='bbox 1498 1250 1564 1294; x_wconf 89' lang='lat' dir='ltr'><strong>eum</strong></span> <span class='ocrx_word' id='word_1_179' title='bbox 1584 1235 1777 1307; x_wconf 81' lang='lat' dir='ltr'><strong>baptizaretur</strong></span> <span class='ocrx_word' id='word_1_180' title='bbox 1790 1250 1857 1293; x_wconf 92' lang='lat' dir='ltr'><strong>om-</strong></span> 
     </span>
     <span class='ocr_line' id='line_1_13' title="bbox 107 1324 1858 1398; baseline -0.002 -14"><span class='ocrx_word' id='word_1_181' title='bbox 107 1326 156 1384; x_wconf 90' lang='lat' dir='ltr'><strong>cni</strong></span> <span class='ocrx_word' id='word_1_182' title='bbox 192 1326 332 1383; x_wconf 87' lang='lat' dir='ltr'><strong>ltominus</strong></span> <span class='ocrx_word' id='word_1_183' title='bbox 361 1333 471 1383; x_wconf 90' lang='lat' dir='ltr'><strong>tautum</strong></span> <span class='ocrx_word' id='word_1_184' title='bbox 508 1324 702 1382; x_wconf 86' lang='lat' dir='ltr'><strong>testimonium</strong></span> <span class='ocrx_word' id='word_1_185' title='bbox 733 1324 821 1392; x_wconf 92' lang='lat' dir='ltr'><strong>dedit,</strong></span> <span class='ocrx_word' id='word_1_186' title='bbox 850 1331 882 1381; x_wconf 93' lang='lat' dir='ltr'><strong>nt</strong></span> <span class='ocrx_word' id='word_1_187' title='bbox 903 1338 954 1396; x_wconf 91' lang='lat' dir='ltr'><strong>pro</strong></span> <span class='ocrx_word' id='word_1_188' title='bbox 1008 1325 1054 1382; x_wconf 90' lang='lat' dir='ltr'><strong>uis</strong></span> <span class='ocrx_word' id='word_1_189' title='bbox 1080 1325 1226 1398; x_wconf 87' lang='lat' dir='ltr'><strong>populus,</strong></span> <span class='ocrx_word' id='word_1_190' title='bbox 1253 1334 1281 1384; x_wconf 90' lang='lat' dir='ltr'><strong>et</strong></span> <span class='ocrx_word' id='word_1_191' title='bbox 1307 1328 1376 1384; x_wconf 82' lang='lat' dir='ltr'><strong>lesu</strong></span> <span class='ocrx_word' id='word_1_192' title='bbox 1405 1326 1558 1396; x_wconf 79' lang='lat' dir='ltr'><strong>baptisato,</strong></span> <span class='ocrx_word' id='word_1_193' title='bbox 1587 1345 1599 1377; x_wconf 74' lang='lat' dir='ltr'><strong>s</strong></span> <span class='ocrx_word' id='word_1_194' title='bbox 1629 1325 1789 1394; x_wconf 74' lang='lat' dir='ltr'><strong>etobnid,</strong></span> <span class='ocrx_word' id='word_1_195' title='bbox 1814 1325 1858 1381; x_wconf 88' lang='lat' dir='ltr'><strong>in·</strong></span> 
     </span>
     <span class='ocr_line' id='line_1_14' title="bbox 107 1412 1859 1487; baseline -0.002 -13"><span class='ocrx_word' id='word_1_196' title='bbox 107 1415 343 1474; x_wconf 80' lang='lat' dir='ltr'><strong>eminentiavitae</strong></span> <span class='ocrx_word' id='word_1_197' title='bbox 366 1415 470 1486; x_wconf 91' lang='lat' dir='ltr'><strong>ipsum,</strong></span> <span class='ocrx_word' id='word_1_198' title='bbox 487 1428 523 1471; x_wconf 84' lang='lat' dir='ltr'><strong>ex</strong></span> <span class='ocrx_word' id='word_1_199' title='bbox 545 1412 705 1471; x_wconf 89' lang='lat' dir='ltr'><strong>testimonio</strong></span> <span class='ocrx_word' id='word_1_200' title='bbox 729 1413 884 1484; x_wconf 81' lang='lat' dir='ltr'><strong>propbeta,</strong></span> <span class='ocrx_word' id='word_1_201' title='bbox 899 1426 966 1473; x_wconf 45' lang='lat' dir='ltr'><strong>ana</strong></span> <span class='ocrx_word' id='word_1_202' title='bbox 1010 1428 1110 1486; x_wconf 87' lang='lat' dir='ltr'><strong>qnam,</strong></span> <span class='ocrx_word' id='word_1_203' title='bbox 1138 1415 1194 1472; x_wconf 91' lang='lat' dir='ltr'><strong>uisi</strong></span> <span class='ocrx_word' id='word_1_204' title='bbox 1222 1415 1303 1487; x_wconf 86' lang='lat' dir='ltr'><strong>qnia,</strong></span> <span class='ocrx_word' id='word_1_205' title='bbox 1328 1423 1362 1472; x_wconf 95' lang='lat' dir='ltr'><strong>ut</strong></span> <span class='ocrx_word' id='word_1_206' title='bbox 1387 1415 1470 1482; x_wconf 78' lang='lat' dir='ltr'><strong>dixit,</strong></span> <span class='ocrx_word' id='word_1_207' title='bbox 1500 1421 1610 1486; x_wconf 78' lang='lat' dir='ltr'><strong>partem</strong></span> <span class='ocrx_word' id='word_1_208' title='bbox 1637 1415 1734 1472; x_wconf 75' lang='lat' dir='ltr'><strong>bieria</strong></span> <span class='ocrx_word' id='word_1_209' title='bbox 1762 1414 1859 1484; x_wconf 86' lang='lat' dir='ltr'><strong>praeie-</strong></span> 
     </span>
     <span class='ocr_line' id='line_1_15' title="bbox 108 1501 1858 1578; baseline -0.001 -17"><span class='ocrx_word' id='word_1_210' title='bbox 108 1503 205 1578; x_wconf 91' lang='lat' dir='ltr'><strong>gelum</strong></span> <span class='ocrx_word' id='word_1_211' title='bbox 238 1510 430 1574; x_wconf 81' lang='lat' dir='ltr'><strong>nuncuparet,</strong></span> <span class='ocrx_word' id='word_1_212' title='bbox 464 1517 517 1560; x_wconf 89' lang='lat' dir='ltr'><strong>nec</strong></span> <span class='ocrx_word' id='word_1_213' title='bbox 539 1502 633 1559; x_wconf 87' lang='lat' dir='ltr'><strong>solum</strong></span> <span class='ocrx_word' id='word_1_214' title='bbox 665 1502 818 1573; x_wconf 85' lang='lat' dir='ltr'><strong>prophetis,</strong></span> <span class='ocrx_word' id='word_1_215' title='bbox 851 1515 954 1559; x_wconf 87' lang='lat' dir='ltr'><strong>verum</strong></span> <span class='ocrx_word' id='word_1_216' title='bbox 1009 1503 1129 1561; x_wconf 90' lang='lat' dir='ltr'><strong>rendam</strong></span> <span class='ocrx_word' id='word_1_217' title='bbox 1143 1505 1256 1563; x_wconf 89' lang='lat' dir='ltr'><strong>censuit</strong></span> <span class='ocrx_word' id='word_1_218' title='bbox 1273 1504 1349 1575; x_wconf 88' lang='lat' dir='ltr'><strong>parti</strong></span> <span class='ocrx_word' id='word_1_219' title='bbox 1380 1504 1508 1572; x_wconf 86' lang='lat' dir='ltr'><strong>llartbae,</strong></span> <span class='ocrx_word' id='word_1_220' title='bbox 1524 1503 1649 1573; x_wconf 85' lang='lat' dir='ltr'><strong>quietem</strong></span> <span class='ocrx_word' id='word_1_221' title='bbox 1669 1501 1858 1560; x_wconf 84' lang='lat' dir='ltr'><strong>scilicetcon·</strong></span> 
     </span>
     <span class='ocr_line' id='line_1_16' title="bbox 107 1590 1859 1687; baseline -0.001 -39"><span class='ocrx_word' id='word_1_222' title='bbox 107 1593 194 1650; x_wconf 88' lang='lat' dir='ltr'><strong>etiam</strong></span> <span class='ocrx_word' id='word_1_223' title='bbox 222 1591 365 1649; x_wconf 82' lang='lat' dir='ltr'><strong>universis</strong></span> <span class='ocrx_word' id='word_1_224' title='bbox 397 1591 562 1649; x_wconf 90' lang='lat' dir='ltr'><strong>hominibus</strong></span> <span class='ocrx_word' id='word_1_225' title='bbox 587 1590 750 1648; x_wconf 89' lang='lat' dir='ltr'><strong>anteierret.</strong></span> <span class='ocrx_word' id='word_1_226' title='bbox 781 1591 821 1648; x_wconf 85' lang='lat' dir='ltr'><strong>De</strong></span> <span class='ocrx_word' id='word_1_227' title='bbox 853 1605 912 1662; x_wconf 87' lang='lat' dir='ltr'><strong>qno</strong></span> <span class='ocrx_word' id='word_1_228' title='bbox 926 1596 954 1648; x_wconf 93' lang='lat' dir='ltr'><strong>et</strong></span> <span class='ocrx_word' id='word_1_229' title='bbox 970 1632 992 1687; x_wconf 74' lang='lat' dir='ltr'>B</span> <span class='ocrx_word' id='word_1_230' title='bbox 1010 1592 1213 1663; x_wconf 85' lang='lat' dir='ltr'><strong>temptationis.</strong></span> <span class='ocrx_word' id='word_1_231' title='bbox 1244 1592 1432 1652; x_wconf 84' lang='lat' dir='ltr'><strong>sollicitudini</strong></span> <span class='ocrx_word' id='word_1_232' title='bbox 1447 1600 1476 1648; x_wconf 90' lang='lat' dir='ltr'><strong>et</strong></span> <span class='ocrx_word' id='word_1_233' title='bbox 1503 1591 1612 1649; x_wconf 84' lang='lat' dir='ltr'><strong>crebris</strong></span> <span class='ocrx_word' id='word_1_234' title='bbox 1637 1590 1859 1662; x_wconf 91' lang='lat' dir='ltr'><strong>perturbationi-</strong></span> 
     </span>
     <span class='ocr_line' id='line_1_17' title="bbox 106 1678 1859 1752; baseline -0.002 -13"><span class='ocrx_word' id='word_1_235' title='bbox 106 1681 328 1752; x_wconf 83' lang='lat' dir='ltr'><strong>Chrysostomns</strong></span> <span class='ocrx_word' id='word_1_236' title='bbox 357 1679 481 1737; x_wconf 90' lang='lat' dir='ltr'><strong>homelia</strong></span> <span class='ocrx_word' id='word_1_237' title='bbox 506 1679 730 1752; x_wconf 82' lang='lat' dir='ltr'><strong>Evangeliorum</strong></span> <span class='ocrx_word' id='word_1_238' title='bbox 760 1681 795 1735; x_wconf 70' lang='grc' dir='ltr'><strong>ιι</strong></span> <span class='ocrx_word' id='word_1_239' title='bbox 824 1693 890 1750; x_wconf 86' lang='lat' dir='ltr'><strong>quae</strong></span> <span class='ocrx_word' id='word_1_240' title='bbox 914 1678 955 1736; x_wconf 90' lang='lat' dir='ltr'><strong>sio</strong></span> <span class='ocrx_word' id='word_1_241' title='bbox 1011 1681 1066 1738; x_wconf 91' lang='lat' dir='ltr'><strong>bus</strong></span> <span class='ocrx_word' id='word_1_242' title='bbox 1088 1680 1187 1739; x_wconf 86' lang='lat' dir='ltr'><strong>saeeuli</strong></span> <span class='ocrx_word' id='word_1_243' title='bbox 1213 1681 1358 1747; x_wconf 76' lang='lat' dir='ltr'><strong>ionibus</strong></span> <span class='ocrx_word' id='word_1_244' title='bbox 1383 1680 1502 1752; x_wconf 78' lang='lat' dir='ltr'><strong>quidem</strong></span> <span class='ocrx_word' id='word_1_245' title='bbox 1541 1678 1784 1736; x_wconf 88' lang='lat' dir='ltr'><strong>sollicitudinibus</strong></span> <span class='ocrx_word' id='word_1_246' title='bbox 1812 1694 1859 1736; x_wconf 91' lang='lat' dir='ltr'><strong>ec-</strong></span> 
     </span>
     <span class='ocr_line' id='line_1_18' title="bbox 108 1767 1858 1841; baseline 0.001 -16"><span class='ocrx_word' id='word_1_247' title='bbox 108 1769 261 1841; x_wconf 75' lang='lat' dir='ltr'><strong>incipit:«</strong></span> <span class='ocrx_word' id='word_1_248' title='bbox 281 1767 954 1826; x_wconf 76' lang='lat' dir='ltr'><strong>heloannedicitur:«i‘uithnmomissusa</strong></span> <span class='ocrx_word' id='word_1_249' title='bbox 1009 1778 1133 1841; x_wconf 90' lang='lat' dir='ltr'><strong>cupatus</strong></span> <span class='ocrx_word' id='word_1_250' title='bbox 1156 1770 1309 1841; x_wconf 79' lang='lat' dir='ltr'><strong>Apostolus</strong></span> <span class='ocrx_word' id='word_1_251' title='bbox 1344 1769 1514 1841; x_wconf 81' lang='lat' dir='ltr'><strong>ingemiscit,</strong></span> <span class='ocrx_word' id='word_1_252' title='bbox 1553 1767 1685 1824; x_wconf 90' lang='lat' dir='ltr'><strong>dicens:</strong></span> <span class='ocrx_word' id='word_1_253' title='bbox 1726 1789 1740 1819; x_wconf 89' lang='lat'>«</span> <span class='ocrx_word' id='word_1_254' title='bbox 1782 1769 1858 1825; x_wconf 83' lang='lat' dir='ltr'><strong>Prae-</strong></span> 
     </span>
     <span class='ocr_line' id='line_1_19' title="bbox 108 1852 1856 1930; baseline 0 -19"><span class='ocrx_word' id='word_1_255' title='bbox 108 1878 124 1908; x_wconf 74' lang='lat' dir='ltr'><strong>o</strong></span> <span class='ocrx_word' id='word_1_256' title='bbox 139 1858 266 1924; x_wconf 86' lang='lat' dir='ltr'><strong>Deo,cui</strong></span> <span class='ocrx_word' id='word_1_257' title='bbox 282 1858 595 1915; x_wconf 83' lang='lat' dir='ltr'><strong>nomencratloannes</strong></span> <span class='ocrx_word' id='word_1_258' title='bbox 619 1857 715 1928; x_wconf 72' lang='lat' dir='ltr'><strong>(dono.</strong></span> <span class='ocrx_word' id='word_1_259' title='bbox 736 1872 755 1925; x_wconf 89' lang='grc' dir='ltr'><strong>ι,</strong></span> <span class='ocrx_word' id='word_1_260' title='bbox 771 1857 810 1928; x_wconf 81' lang='lat' dir='ltr'><strong>d).</strong></span> <span class='ocrx_word' id='word_1_261' title='bbox 827 1876 842 1906; x_wconf 77' lang='lat' dir='ltr'><strong>n</strong></span> <span class='ocrx_word' id='word_1_262' title='bbox 857 1854 954 1913; x_wconf 85' lang='lat' dir='ltr'><strong>Gratia</strong></span> <span class='ocrx_word' id='word_1_263' title='bbox 1009 1864 1053 1915; x_wconf 89' lang='lat' dir='ltr'><strong>ter</strong></span> <span class='ocrx_word' id='word_1_264' title='bbox 1080 1858 1129 1914; x_wconf 90' lang='lat' dir='ltr'><strong>illa</strong></span> <span class='ocrx_word' id='word_1_265' title='bbox 1166 1872 1232 1930; x_wconf 78' lang='lat' dir='ltr'><strong>qnae</strong></span> <span class='ocrx_word' id='word_1_266' title='bbox 1268 1852 1448 1916; x_wconf 84' lang='lat' dir='ltr'><strong>extrinsecus</strong></span> <span class='ocrx_word' id='word_1_267' title='bbox 1483 1864 1562 1925; x_wconf 86' lang='lat' dir='ltr'><strong>sunt,</strong></span> <span class='ocrx_word' id='word_1_268' title='bbox 1601 1855 1737 1912; x_wconf 89' lang='lat' dir='ltr'><strong>instantia</strong></span> <span class='ocrx_word' id='word_1_269' title='bbox 1773 1869 1856 1920; x_wconf 90' lang='lat' dir='ltr'><strong>mea,</strong></span> 
     </span>
     <span class='ocr_line' id='line_1_20' title="bbox 108 1943 1858 2019; baseline -0.002 -16"><span class='ocrx_word' id='word_1_270' title='bbox 108 1946 140 2003; x_wconf 88' lang='lat' dir='ltr'><strong>in</strong></span> <span class='ocrx_word' id='word_1_271' title='bbox 155 1946 269 2003; x_wconf 91' lang='lat' dir='ltr'><strong>bomine</strong></span> <span class='ocrx_word' id='word_1_272' title='bbox 288 1947 551 2016; x_wconf 88' lang='lat' dir='ltr'><strong>comprehenditur.</strong></span> <span class='ocrx_word' id='word_1_273' title='bbox 571 1947 695 2003; x_wconf 81' lang='lat' dir='ltr'><strong>loannes</strong></span> <span class='ocrx_word' id='word_1_274' title='bbox 710 1945 788 2002; x_wconf 91' lang='lat' dir='ltr'><strong>enim</strong></span> <span class='ocrx_word' id='word_1_275' title='bbox 817 1945 954 2016; x_wconf 85' lang='lat' dir='ltr'><strong>interpre-</strong></span> <span class='ocrx_word' id='word_1_276' title='bbox 1009 1946 1179 2019; x_wconf 86' lang='lat' dir='ltr'><strong>quutidiaua</strong></span> <span class='ocrx_word' id='word_1_277' title='bbox 1207 1945 1368 2004; x_wconf 91' lang='lat' dir='ltr'><strong>sollicitudo</strong></span> <span class='ocrx_word' id='word_1_278' title='bbox 1395 1944 1525 2002; x_wconf 82' lang='lat' dir='ltr'><strong>emnium</strong></span> <span class='ocrx_word' id='word_1_279' title='bbox 1557 1944 1760 2001; x_wconf 85' lang='lat' dir='ltr'><strong>Ecclesiarnm.</strong></span> <span class='ocrx_word' id='word_1_280' title='bbox 1787 1943 1858 2010; x_wconf 85' lang='lat' dir='ltr'><strong>Quis</strong></span> 
     </span>
     <span class='ocr_line' id='line_1_21' title="bbox 108 2032 1856 2106; baseline -0.002 -15"><span class='ocrx_word' id='word_1_281' title='bbox 108 2042 188 2092; x_wconf 92' lang='lat' dir='ltr'><strong>tatur</strong></span> <span class='ocrx_word' id='word_1_282' title='bbox 221 2037 269 2091; x_wconf 82' lang='lat' dir='ltr'><strong>liei</strong></span> <span class='ocrx_word' id='word_1_283' title='bbox 299 2037 401 2104; x_wconf 72' lang='lat' dir='ltr'><strong>oredo,</strong></span> <span class='ocrx_word' id='word_1_284' title='bbox 427 2036 497 2106; x_wconf 85' lang='lat' dir='ltr'><strong>quia</strong></span> <span class='ocrx_word' id='word_1_285' title='bbox 522 2034 660 2104; x_wconf 78' lang='lat' dir='ltr'><strong>maiorem</strong></span> <span class='ocrx_word' id='word_1_286' title='bbox 688 2034 797 2104; x_wconf 86' lang='lat' dir='ltr'><strong>accepit</strong></span> <span class='ocrx_word' id='word_1_287' title='bbox 823 2033 954 2106; x_wconf 86' lang='lat' dir='ltr'><strong>gratiam.</strong></span> <span class='ocrx_word' id='word_1_288' title='bbox 1008 2035 1184 2100; x_wconf 82' lang='lat' dir='ltr'><strong>infirmatur,</strong></span> <span class='ocrx_word' id='word_1_289' title='bbox 1222 2043 1250 2092; x_wconf 92' lang='lat' dir='ltr'><strong>et</strong></span> <span class='ocrx_word' id='word_1_290' title='bbox 1285 2049 1341 2106; x_wconf 87' lang='lat' dir='ltr'><strong>ego</strong></span> <span class='ocrx_word' id='word_1_291' title='bbox 1377 2048 1436 2090; x_wconf 92' lang='lat' dir='ltr'><strong>non</strong></span> <span class='ocrx_word' id='word_1_292' title='bbox 1473 2032 1634 2089; x_wconf 80' lang='lat' dir='ltr'><strong>infirmor?</strong></span> <span class='ocrx_word' id='word_1_293' title='bbox 1670 2032 1740 2099; x_wconf 85' lang='lat' dir='ltr'><strong>Quis</strong></span> <span class='ocrx_word' id='word_1_294' title='bbox 1777 2047 1856 2088; x_wconf 90' lang='lat' dir='ltr'><strong>soan-</strong></span> 
     </span>
     <span class='ocr_line' id='line_1_22' title="bbox 108 2123 1855 2196; baseline -0.004 -16"><span class='ocrx_word' id='word_1_295' title='bbox 108 2123 260 2194; x_wconf 90' lang='lat' dir='ltr'><strong>Propterea</strong></span> <span class='ocrx_word' id='word_1_296' title='bbox 282 2123 313 2179; x_wconf 92' lang='lat' dir='ltr'><strong>iu</strong></span> <span class='ocrx_word' id='word_1_297' title='bbox 348 2137 443 2180; x_wconf 92' lang='lat' dir='ltr'><strong>eremo</strong></span> <span class='ocrx_word' id='word_1_298' title='bbox 470 2123 699 2195; x_wconf 85' lang='lat' dir='ltr'><strong>philosophatur,</strong></span> <span class='ocrx_word' id='word_1_299' title='bbox 722 2130 751 2179; x_wconf 89' lang='lat' dir='ltr'><strong>et</strong></span> <span class='ocrx_word' id='word_1_300' title='bbox 777 2129 904 2179; x_wconf 84' lang='lat' dir='ltr'><strong>reservat</strong></span> <span class='ocrx_word' id='word_1_301' title='bbox 925 2135 955 2178; x_wconf 90' lang='lat' dir='ltr'><strong>se</strong></span> <span class='ocrx_word' id='word_1_302' title='bbox 1009 2124 1160 2193; x_wconf 90' lang='lat' dir='ltr'><strong>dalizatnr,</strong></span> <span class='ocrx_word' id='word_1_303' title='bbox 1183 2132 1210 2182; x_wconf 89' lang='lat' dir='ltr'><strong>et</strong></span> <span class='ocrx_word' id='word_1_304' title='bbox 1234 2139 1288 2196; x_wconf 90' lang='lat' dir='ltr'><strong>ego</strong></span> <span class='ocrx_word' id='word_1_305' title='bbox 1303 2138 1361 2181; x_wconf 80' lang='lat' dir='ltr'><strong>nes</strong></span> <span class='ocrx_word' id='word_1_306' title='bbox 1387 2123 1513 2181; x_wconf 73' lang='lat' dir='ltr'><strong>ureris</strong></span> <span class='ocrx_word' id='word_1_307' title='bbox 1541 2124 1576 2191; x_wconf 88' lang='lat' dir='ltr'><strong>(ll</strong></span> <span class='ocrx_word' id='word_1_308' title='bbox 1599 2124 1660 2179; x_wconf 78' lang='lat' dir='ltr'><strong>Cor.</strong></span> <span class='ocrx_word' id='word_1_309' title='bbox 1678 2137 1718 2189; x_wconf 81' lang='lat' dir='ltr'><strong>xi,</strong></span> <span class='ocrx_word' id='word_1_310' title='bbox 1736 2125 1781 2185; x_wconf 83' lang='grc' dir='ltr'><strong>ιιι,</strong></span> <span class='ocrx_word' id='word_1_311' title='bbox 1796 2124 1855 2191; x_wconf 76' lang='grc' dir='ltr'><strong>ιε.)</strong></span> 
     </span>
     <span class='ocr_line' id='line_1_23' title="bbox 108 2208 1858 2286; baseline 0 -19"><span class='ocrx_word' id='word_1_312' title='bbox 108 2210 138 2267; x_wconf 92' lang='lat' dir='ltr'><strong>in</strong></span> <span class='ocrx_word' id='word_1_313' title='bbox 164 2211 320 2268; x_wconf 83' lang='lat' dir='ltr'><strong>adrentum</strong></span> <span class='ocrx_word' id='word_1_314' title='bbox 344 2210 459 2280; x_wconf 85' lang='lat' dir='ltr'><strong>Christi,</strong></span> <span class='ocrx_word' id='word_1_315' title='bbox 483 2211 552 2283; x_wconf 86' lang='lat' dir='ltr'><strong>quia</strong></span> <span class='ocrx_word' id='word_1_316' title='bbox 576 2210 767 2268; x_wconf 89' lang='lat' dir='ltr'><strong>nuntiaturus</strong></span> <span class='ocrx_word' id='word_1_317' title='bbox 790 2217 852 2267; x_wconf 89' lang='lat' dir='ltr'><strong>erat</strong></span> <span class='ocrx_word' id='word_1_318' title='bbox 874 2208 955 2266; x_wconf 84' lang='lat' dir='ltr'><strong>Chri·</strong></span> <span class='ocrx_word' id='word_1_319' title='bbox 1008 2214 1041 2271; x_wconf 93' lang='lat' dir='ltr'><strong>ln</strong></span> <span class='ocrx_word' id='word_1_320' title='bbox 1065 2214 1172 2285; x_wconf 89' lang='lat' dir='ltr'><strong>quibus</strong></span> <span class='ocrx_word' id='word_1_321' title='bbox 1196 2213 1312 2286; x_wconf 87' lang='lat' dir='ltr'><strong>quidem</strong></span> <span class='ocrx_word' id='word_1_322' title='bbox 1336 2211 1575 2283; x_wconf 85' lang='lat' dir='ltr'><strong>occupationibus</strong></span> <span class='ocrx_word' id='word_1_323' title='bbox 1607 2220 1695 2282; x_wconf 85' lang='lat' dir='ltr'><strong>atque</strong></span> <span class='ocrx_word' id='word_1_324' title='bbox 1723 2211 1858 2267; x_wconf 91' lang='lat' dir='ltr'><strong>molestiis</strong></span> 
     </span>
     <span class='ocr_line' id='line_1_24' title="bbox 109 2297 1856 2374; baseline -0.001 -16"><span class='ocrx_word' id='word_1_325' title='bbox 109 2307 195 2358; x_wconf 90' lang='lat' dir='ltr'><strong>stum.</strong></span> <span class='ocrx_word' id='word_1_326' title='bbox 213 2300 313 2357; x_wconf 91' lang='lat' dir='ltr'><strong>Statim</strong></span> <span class='ocrx_word' id='word_1_327' title='bbox 334 2299 474 2357; x_wconf 92' lang='lat' dir='ltr'><strong>ineremo</strong></span> <span class='ocrx_word' id='word_1_328' title='bbox 494 2299 635 2365; x_wconf 91' lang='lat' dir='ltr'><strong>nutritur,</strong></span> <span class='ocrx_word' id='word_1_329' title='bbox 653 2299 749 2356; x_wconf 93' lang='lat' dir='ltr'><strong>statim</strong></span> <span class='ocrx_word' id='word_1_330' title='bbox 769 2298 810 2355; x_wconf 90' lang='lat' dir='ltr'><strong>ibi</strong></span> <span class='ocrx_word' id='word_1_331' title='bbox 834 2297 953 2355; x_wconf 89' lang='lat' dir='ltr'><strong>crescit:</strong></span> <span class='ocrx_word' id='word_1_332' title='bbox 1009 2317 1097 2374; x_wconf 86' lang='lat' dir='ltr'><strong>qnam</strong></span> <span class='ocrx_word' id='word_1_333' title='bbox 1123 2300 1238 2359; x_wconf 88' lang='lat' dir='ltr'><strong>diibcile</strong></span> <span class='ocrx_word' id='word_1_334' title='bbox 1258 2301 1294 2358; x_wconf 91' lang='lat' dir='ltr'><strong>sit</strong></span> <span class='ocrx_word' id='word_1_335' title='bbox 1327 2299 1484 2371; x_wconf 79' lang='lat' dir='ltr'><strong>puritatem</strong></span> <span class='ocrx_word' id='word_1_336' title='bbox 1514 2300 1658 2357; x_wconf 86' lang='lat' dir='ltr'><strong>custodire</strong></span> <span class='ocrx_word' id='word_1_337' title='bbox 1690 2301 1802 2368; x_wconf 89' lang='lat' dir='ltr'><strong>mentis,</strong></span> <span class='ocrx_word' id='word_1_338' title='bbox 1829 2306 1856 2356; x_wconf 88' lang='lat' dir='ltr'><strong>et</strong></span> 
     </span>
     <span class='ocr_line' id='line_1_25' title="bbox 108 2387 1856 2462; baseline -0.002 -16"><span class='ocrx_word' id='word_1_339' title='bbox 108 2403 166 2446; x_wconf 90' lang='lat' dir='ltr'><strong>nou</strong></span> <span class='ocrx_word' id='word_1_340' title='bbox 181 2388 244 2447; x_wconf 91' lang='lat' dir='ltr'><strong>vult</strong></span> <span class='ocrx_word' id='word_1_341' title='bbox 259 2403 326 2447; x_wconf 89' lang='lat' dir='ltr'><strong>oum</strong></span> <span class='ocrx_word' id='word_1_342' title='bbox 348 2387 516 2445; x_wconf 90' lang='lat' dir='ltr'><strong>hominibus</strong></span> <span class='ocrx_word' id='word_1_343' title='bbox 538 2387 714 2451; x_wconf 89' lang='lat' dir='ltr'><strong>conversari,</strong></span> <span class='ocrx_word' id='word_1_344' title='bbox 731 2387 760 2443; x_wconf 92' lang='lat' dir='ltr'><strong>in</strong></span> <span class='ocrx_word' id='word_1_345' title='bbox 775 2400 870 2445; x_wconf 91' lang='lat' dir='ltr'><strong>eremo</strong></span> <span class='ocrx_word' id='word_1_346' title='bbox 887 2400 954 2444; x_wconf 92' lang='lat' dir='ltr'><strong>cum</strong></span> <span class='ocrx_word' id='word_1_347' title='bbox 1010 2398 1124 2449; x_wconf 90' lang='lat' dir='ltr'><strong>terrena</strong></span> <span class='ocrx_word' id='word_1_348' title='bbox 1146 2390 1251 2448; x_wconf 89' lang='lat' dir='ltr'><strong>itinera</strong></span> <span class='ocrx_word' id='word_1_349' title='bbox 1282 2390 1345 2447; x_wconf 89' lang='lat' dir='ltr'><strong>sine</strong></span> <span class='ocrx_word' id='word_1_350' title='bbox 1374 2388 1472 2462; x_wconf 76' lang='lat' dir='ltr'><strong>aliguo</strong></span> <span class='ocrx_word' id='word_1_351' title='bbox 1495 2388 1623 2458; x_wconf 87' lang='lat' dir='ltr'><strong>pulveris</strong></span> <span class='ocrx_word' id='word_1_352' title='bbox 1646 2388 1779 2458; x_wconf 88' lang='lat' dir='ltr'><strong>contagio</strong></span> <span class='ocrx_word' id='word_1_353' title='bbox 1801 2387 1856 2443; x_wconf 90' lang='lat' dir='ltr'><strong>ire-</strong></span> 
     </span>
     <span class='ocr_line' id='line_1_26' title="bbox 108 2474 1857 2552; baseline -0.011 -18"><span class='ocrx_word' id='word_1_354' title='bbox 108 2476 219 2550; x_wconf 87' lang='lat' dir='ltr'><strong>angelis</strong></span> <span class='ocrx_word' id='word_1_355' title='bbox 244 2476 473 2549; x_wconf 89' lang='lat' dir='ltr'><strong>philosophatur.</strong></span> <span class='ocrx_word' id='word_1_356' title='bbox 504 2474 698 2543; x_wconf 85' lang='lat' dir='ltr'><strong>Considerate,</strong></span> <span class='ocrx_word' id='word_1_357' title='bbox 735 2474 878 2541; x_wconf 88' lang='lat' dir='ltr'><strong>ntnnachi,</strong></span> <span class='ocrx_word' id='word_1_358' title='bbox 915 2474 953 2532; x_wconf 91' lang='lat' dir='ltr'><strong>di·</strong></span> <span class='ocrx_word' id='word_1_359' title='bbox 1009 2488 1161 2552; x_wconf 62' lang='lat' dir='ltr'><strong>quentari»,</strong></span> <span class='ocrx_word' id='word_1_360' title='bbox 1178 2480 1237 2551; x_wconf 65' lang='lat' dir='ltr'><strong>ipse</strong></span> <span class='ocrx_word' id='word_1_361' title='bbox 1257 2477 1396 2536; x_wconf 74' lang='lat' dir='ltr'><strong>pominus</strong></span> <span class='ocrx_word' id='word_1_362' title='bbox 1414 2484 1544 2548; x_wconf 59' lang='lat' dir='ltr'><strong>perenger</strong></span> <span class='ocrx_word' id='word_1_363' title='bbox 1567 2476 1689 2543; x_wconf 64' lang='lat' dir='ltr'><strong>edocuit,</strong></span> <span class='ocrx_word' id='word_1_364' title='bbox 1716 2490 1781 2532; x_wconf 62' lang='lat' dir='ltr'><strong>gum</strong></span> <span class='ocrx_word' id='word_1_365' title='bbox 1809 2489 1857 2546; x_wconf 64' lang='lat' dir='ltr'><strong>pe.</strong></span> 
     </span>
     <span class='ocr_line' id='line_1_27' title="bbox 108 2563 1859 2642; baseline -0.001 -20"><span class='ocrx_word' id='word_1_366' title='bbox 108 2565 550 2638; x_wconf 77' lang='lat' dir='ltr'><strong>gnitatemvestram210annes</strong></span> <span class='ocrx_word' id='word_1_367' title='bbox 572 2564 706 2636; x_wconf 90' lang='lat' dir='ltr'><strong>princeps</strong></span> <span class='ocrx_word' id='word_1_368' title='bbox 727 2565 814 2622; x_wconf 81' lang='lat' dir='ltr'><strong>vestri</strong></span> <span class='ocrx_word' id='word_1_369' title='bbox 829 2570 872 2623; x_wconf 89' lang='lat' dir='ltr'><strong>est</strong></span> <span class='ocrx_word' id='word_1_370' title='bbox 886 2563 956 2636; x_wconf 89' lang='lat' dir='ltr'><strong>dog·</strong></span> <span class='ocrx_word' id='word_1_371' title='bbox 1009 2569 1059 2626; x_wconf 92' lang='lat' dir='ltr'><strong>des</strong></span> <span class='ocrx_word' id='word_1_372' title='bbox 1079 2568 1275 2642; x_wconf 89' lang='lat' dir='ltr'><strong>apostolorum</strong></span> <span class='ocrx_word' id='word_1_373' title='bbox 1301 2567 1419 2624; x_wconf 89' lang='lat' dir='ltr'><strong>abluere</strong></span> <span class='ocrx_word' id='word_1_374' title='bbox 1445 2564 1583 2624; x_wconf 85' lang='lat' dir='ltr'><strong>decrevit.</strong></span> <span class='ocrx_word' id='word_1_375' title='bbox 1605 2564 1685 2635; x_wconf 86' lang='lat' dir='ltr'><strong>Quod</strong></span> <span class='ocrx_word' id='word_1_376' title='bbox 1706 2564 1859 2636; x_wconf 88' lang='lat' dir='ltr'><strong>diligenter</strong></span> 
     </span>
     <span class='ocr_line' id='line_1_28' title="bbox 109 2651 1858 2730; baseline -0.001 -18"><span class='ocrx_word' id='word_1_377' title='bbox 109 2655 194 2712; x_wconf 92' lang='lat' dir='ltr'><strong>matis</strong></span> <span class='ocrx_word' id='word_1_378' title='bbox 214 2655 273 2726; x_wconf 90' lang='lat' dir='ltr'><strong>ipse</strong></span> <span class='ocrx_word' id='word_1_379' title='bbox 297 2654 466 2710; x_wconf 86' lang='lat' dir='ltr'><strong>monachus.</strong></span> <span class='ocrx_word' id='word_1_380' title='bbox 487 2651 587 2710; x_wconf 87' lang='lat' dir='ltr'><strong>Statim</strong></span> <span class='ocrx_word' id='word_1_381' title='bbox 610 2660 642 2711; x_wconf 95' lang='lat' dir='ltr'><strong>nt</strong></span> <span class='ocrx_word' id='word_1_382' title='bbox 667 2662 754 2712; x_wconf 89' lang='lat' dir='ltr'><strong>natus</strong></span> <span class='ocrx_word' id='word_1_383' title='bbox 776 2661 829 2723; x_wconf 89' lang='lat' dir='ltr'><strong>est,</strong></span> <span class='ocrx_word' id='word_1_384' title='bbox 852 2653 882 2709; x_wconf 91' lang='lat' dir='ltr'><strong>in</strong></span> <span class='ocrx_word' id='word_1_385' title='bbox 897 2668 955 2711; x_wconf 81' lang='lat' dir='ltr'><strong>ere</strong></span> <span class='ocrx_word' id='word_1_386' title='bbox 1009 2672 1115 2730; x_wconf 88' lang='lat' dir='ltr'><strong>sponsa</strong></span> <span class='ocrx_word' id='word_1_387' title='bbox 1129 2658 1158 2714; x_wconf 91' lang='lat' dir='ltr'><strong>iu</strong></span> <span class='ocrx_word' id='word_1_388' title='bbox 1172 2657 1290 2715; x_wconf 81' lang='lat' dir='ltr'><strong>cantico</strong></span> <span class='ocrx_word' id='word_1_389' title='bbox 1312 2655 1492 2713; x_wconf 87' lang='lat' dir='ltr'><strong>canticorum</strong></span> <span class='ocrx_word' id='word_1_390' title='bbox 1514 2653 1676 2721; x_wconf 88' lang='lat' dir='ltr'><strong>attendens,</strong></span> <span class='ocrx_word' id='word_1_391' title='bbox 1699 2667 1802 2724; x_wconf 89' lang='lat' dir='ltr'><strong>sponso</strong></span> <span class='ocrx_word' id='word_1_392' title='bbox 1822 2653 1858 2710; x_wconf 84' lang='lat' dir='ltr'><strong>ad</strong></span> 
     </span>
     <span class='ocr_line' id='line_1_29' title="bbox 109 2741 1856 2818; baseline -0.002 -17"><span class='ocrx_word' id='word_1_393' title='bbox 109 2758 156 2801; x_wconf 94' lang='lat' dir='ltr'><strong>me</strong></span> <span class='ocrx_word' id='word_1_394' title='bbox 169 2743 251 2813; x_wconf 78' lang='lat' dir='ltr'><strong>vivit,</strong></span> <span class='ocrx_word' id='word_1_395' title='bbox 268 2744 297 2800; x_wconf 90' lang='lat' dir='ltr'><strong>in</strong></span> <span class='ocrx_word' id='word_1_396' title='bbox 317 2741 472 2800; x_wconf 90' lang='lat' dir='ltr'><strong>solitudine</strong></span> <span class='ocrx_word' id='word_1_397' title='bbox 486 2743 626 2812; x_wconf 90' lang='lat' dir='ltr'><strong>nutritur,</strong></span> <span class='ocrx_word' id='word_1_398' title='bbox 647 2742 794 2801; x_wconf 86' lang='lat' dir='ltr'><strong>Christum</strong></span> <span class='ocrx_word' id='word_1_399' title='bbox 811 2750 956 2815; x_wconf 83' lang='lat' dir='ltr'><strong>exspectat</strong></span> <span class='ocrx_word' id='word_1_400' title='bbox 1010 2746 1115 2803; x_wconf 92' lang='lat' dir='ltr'><strong>ostium</strong></span> <span class='ocrx_word' id='word_1_401' title='bbox 1139 2745 1203 2818; x_wconf 78' lang='lat' dir='ltr'><strong>eins</strong></span> <span class='ocrx_word' id='word_1_402' title='bbox 1225 2745 1364 2817; x_wconf 89' lang='lat' dir='ltr'><strong>pulsanti,</strong></span> <span class='ocrx_word' id='word_1_403' title='bbox 1387 2751 1415 2801; x_wconf 91' lang='lat' dir='ltr'><strong>et</strong></span> <span class='ocrx_word' id='word_1_404' title='bbox 1442 2750 1475 2800; x_wconf 93' lang='lat' dir='ltr'><strong>ut</strong></span> <span class='ocrx_word' id='word_1_405' title='bbox 1504 2744 1539 2799; x_wconf 93' lang='lat' dir='ltr'><strong>de</strong></span> <span class='ocrx_word' id='word_1_406' title='bbox 1558 2743 1663 2800; x_wconf 87' lang='lat' dir='ltr'><strong>lectulo</strong></span> <span class='ocrx_word' id='word_1_407' title='bbox 1687 2757 1811 2815; x_wconf 85' lang='lat' dir='ltr'><strong>surgens</strong></span> <span class='ocrx_word' id='word_1_408' title='bbox 1832 2742 1856 2799; x_wconf 93' lang='lat' dir='ltr'><strong>ei</strong></span> 
     </span>
     <span class='ocr_line' id='line_1_30' title="bbox 109 2832 1855 2906; baseline -0.002 -17"><span class='ocrx_word' id='word_1_409' title='bbox 109 2832 139 2890; x_wconf 87' lang='lat' dir='ltr'><strong>in</strong></span> <span class='ocrx_word' id='word_1_410' title='bbox 154 2832 318 2889; x_wconf 89' lang='lat' dir='ltr'><strong>solitudine.</strong></span> <span class='ocrx_word' id='word_1_411' title='bbox 332 2832 372 2888; x_wconf 81' lang='lat' dir='ltr'><strong>llo</strong></span> <span class='ocrx_word' id='word_1_412' title='bbox 387 2839 524 2902; x_wconf 89' lang='lat' dir='ltr'><strong>tempore,</strong></span> <span class='ocrx_word' id='word_1_413' title='bbox 540 2847 600 2903; x_wconf 86' lang='lat' dir='ltr'><strong>qun</strong></span> <span class='ocrx_word' id='word_1_414' title='bbox 614 2832 696 2889; x_wconf 85' lang='lat' dir='ltr'><strong>lesus</strong></span> <span class='ocrx_word' id='word_1_415' title='bbox 717 2837 869 2900; x_wconf 90' lang='lat' dir='ltr'><strong>natusest,</strong></span> <span class='ocrx_word' id='word_1_416' title='bbox 894 2837 956 2888; x_wconf 90' lang='lat' dir='ltr'><strong>erat</strong></span> <span class='ocrx_word' id='word_1_417' title='bbox 1010 2834 1120 2905; x_wconf 89' lang='lat' dir='ltr'><strong>aperiat</strong></span> <span class='ocrx_word' id='word_1_418' title='bbox 1152 2834 1277 2906; x_wconf 86' lang='lat' dir='ltr'><strong>roganti,</strong></span> <span class='ocrx_word' id='word_1_419' title='bbox 1306 2832 1425 2904; x_wconf 84' lang='lat' dir='ltr'><strong>provide</strong></span> <span class='ocrx_word' id='word_1_420' title='bbox 1456 2832 1501 2888; x_wconf 91' lang='lat' dir='ltr'><strong>bis</strong></span> <span class='ocrx_word' id='word_1_421' title='bbox 1528 2832 1626 2888; x_wconf 83' lang='lat' dir='ltr'><strong>uerbis</strong></span> <span class='ocrx_word' id='word_1_422' title='bbox 1657 2845 1686 2888; x_wconf 90' lang='lat' dir='ltr'><strong>se</strong></span> <span class='ocrx_word' id='word_1_423' title='bbox 1713 2839 1855 2889; x_wconf 80' lang='lat' dir='ltr'><strong>excusat:</strong></span> 
     </span>
     <span class='ocr_line' id='line_1_31' title="bbox 110 2919 1859 2995; baseline -0.003 -16"><span class='ocrx_word' id='word_1_424' title='bbox 110 2923 140 2979; x_wconf 91' lang='lat' dir='ltr'><strong>in</strong></span> <span class='ocrx_word' id='word_1_425' title='bbox 163 2935 269 2979; x_wconf 89' lang='lat' dir='ltr'><strong>eremo.</strong></span> <span class='ocrx_word' id='word_1_426' title='bbox 296 2921 355 2977; x_wconf 88' lang='lat' dir='ltr'><strong>Hoc</strong></span> <span class='ocrx_word' id='word_1_427' title='bbox 384 2919 536 2991; x_wconf 90' lang='lat' dir='ltr'><strong>templum,</strong></span> <span class='ocrx_word' id='word_1_428' title='bbox 559 2919 637 2991; x_wconf 88' lang='lat' dir='ltr'><strong>quod</strong></span> <span class='ocrx_word' id='word_1_429' title='bbox 660 2919 793 2976; x_wconf 90' lang='lat' dir='ltr'><strong>videmus</strong></span> <span class='ocrx_word' id='word_1_430' title='bbox 816 2933 877 2976; x_wconf 90' lang='lat' dir='ltr'><strong>esse</strong></span> <span class='ocrx_word' id='word_1_431' title='bbox 907 2919 955 2976; x_wconf 92' lang='lat' dir='ltr'><strong>de·</strong></span> <span class='ocrx_word' id='word_1_432' title='bbox 972 2922 993 2979; x_wconf 80' lang='lat' dir='ltr'><strong>G</strong></span> <span class='ocrx_word' id='word_1_433' title='bbox 1012 2945 1023 2974; x_wconf 73' lang='grc' dir='ltr'>ι</span> <span class='ocrx_word' id='word_1_434' title='bbox 1039 2923 1207 2995; x_wconf 79' lang='lat' dir='ltr'><strong>Exspoliari</strong></span> <span class='ocrx_word' id='word_1_435' title='bbox 1222 2937 1267 2980; x_wconf 89' lang='lat' dir='ltr'><strong>me</strong></span> <span class='ocrx_word' id='word_1_436' title='bbox 1283 2921 1383 2980; x_wconf 88' lang='lat' dir='ltr'><strong>tunica</strong></span> <span class='ocrx_word' id='word_1_437' title='bbox 1399 2935 1473 2989; x_wconf 89' lang='lat' dir='ltr'><strong>mea,</strong></span> <span class='ocrx_word' id='word_1_438' title='bbox 1486 2921 1632 2993; x_wconf 86' lang='lat' dir='ltr'><strong>quomodo</strong></span> <span class='ocrx_word' id='word_1_439' title='bbox 1653 2920 1760 2978; x_wconf 92' lang='lat' dir='ltr'><strong>induar</strong></span> <span class='ocrx_word' id='word_1_440' title='bbox 1776 2919 1859 2977; x_wconf 80' lang='lat' dir='ltr'><strong>illa?</strong></span> 
     </span>
     <span class='ocr_line' id='line_1_32' title="bbox 110 3007 1855 3084; baseline -0.003 -16"><span class='ocrx_word' id='word_1_441' title='bbox 110 3017 262 3079; x_wconf 90' lang='lat' dir='ltr'><strong>structum,</strong></span> <span class='ocrx_word' id='word_1_442' title='bbox 274 3015 400 3081; x_wconf 87' lang='lat' dir='ltr'><strong>quantas</strong></span> <span class='ocrx_word' id='word_1_443' title='bbox 427 3007 532 3064; x_wconf 88' lang='lat' dir='ltr'><strong>babeat</strong></span> <span class='ocrx_word' id='word_1_444' title='bbox 551 3007 675 3078; x_wconf 89' lang='lat' dir='ltr'><strong>divitias,</strong></span> <span class='ocrx_word' id='word_1_445' title='bbox 696 3007 769 3080; x_wconf 84' lang='lat' dir='ltr'><strong>qnid</strong></span> <span class='ocrx_word' id='word_1_446' title='bbox 787 3007 862 3078; x_wconf 89' lang='lat' dir='ltr'><strong>auri,</strong></span> <span class='ocrx_word' id='word_1_447' title='bbox 884 3008 955 3080; x_wconf 88' lang='lat' dir='ltr'><strong>quid</strong></span> <span class='ocrx_word' id='word_1_448' title='bbox 1011 3013 1081 3070; x_wconf 83' lang='lat' dir='ltr'><strong>bavi</strong></span> <span class='ocrx_word' id='word_1_449' title='bbox 1096 3012 1180 3084; x_wconf 89' lang='lat' dir='ltr'><strong>pedes</strong></span> <span class='ocrx_word' id='word_1_450' title='bbox 1193 3026 1279 3078; x_wconf 91' lang='lat' dir='ltr'><strong>meos,</strong></span> <span class='ocrx_word' id='word_1_451' title='bbox 1301 3010 1445 3082; x_wconf 87' lang='lat' dir='ltr'><strong>quomodo</strong></span> <span class='ocrx_word' id='word_1_452' title='bbox 1459 3009 1618 3081; x_wconf 83' lang='lat' dir='ltr'><strong>inquinabo</strong></span> <span class='ocrx_word' id='word_1_453' title='bbox 1633 3009 1696 3066; x_wconf 92' lang='lat' dir='ltr'><strong>illos</strong></span> <span class='ocrx_word' id='word_1_454' title='bbox 1708 3011 1723 3064; x_wconf 83' lang='lat' dir='ltr'><strong>‘i</strong></span> <span class='ocrx_word' id='word_1_455' title='bbox 1735 3030 1749 3060; x_wconf 71' lang='lat' dir='ltr'><strong>&gt;i</strong></span> <span class='ocrx_word' id='word_1_456' title='bbox 1764 3010 1855 3077; x_wconf 81' lang='lat' dir='ltr'><strong>(cent.</strong></span> 
     </span>
     <span class='ocr_line' id='line_1_33' title="bbox 112 3093 1856 3171; baseline -0.001 -16"><span class='ocrx_word' id='word_1_457' title='bbox 112 3097 224 3170; x_wconf 78' lang='lat' dir='ltr'><strong>argenti</strong></span> <span class='ocrx_word' id='word_1_458' title='bbox 249 3094 389 3166; x_wconf 83' lang='lat' dir='ltr'><strong>tosepuus</strong></span> <span class='ocrx_word' id='word_1_459' title='bbox 415 3093 559 3161; x_wconf 88' lang='lat' dir='ltr'><strong>describit,</strong></span> <span class='ocrx_word' id='word_1_460' title='bbox 585 3103 729 3166; x_wconf 86' lang='lat' dir='ltr'><strong>qnantum</strong></span> <span class='ocrx_word' id='word_1_461' title='bbox 762 3109 955 3168; x_wconf 87' lang='lat' dir='ltr'><strong>gemmarum,</strong></span> <span class='ocrx_word' id='word_1_462' title='bbox 1010 3115 1039 3170; x_wconf 81' lang='lat' dir='ltr'><strong>r,</strong></span> <span class='ocrx_word' id='word_1_463' title='bbox 1066 3101 1106 3171; x_wconf 85' lang='grc'><strong>3.)</strong></span> <span class='ocrx_word' id='word_1_464' title='bbox 1133 3100 1206 3165; x_wconf 90' lang='lat' dir='ltr'><strong>Quid</strong></span> <span class='ocrx_word' id='word_1_465' title='bbox 1229 3100 1307 3157; x_wconf 91' lang='lat' dir='ltr'><strong>cuim</strong></span> <span class='ocrx_word' id='word_1_466' title='bbox 1336 3097 1460 3156; x_wconf 90' lang='lat' dir='ltr'><strong>lectulus</strong></span> <span class='ocrx_word' id='word_1_467' title='bbox 1484 3112 1604 3170; x_wconf 79' lang='lat' dir='ltr'><strong>sponsae,</strong></span> <span class='ocrx_word' id='word_1_468' title='bbox 1630 3097 1684 3154; x_wconf 88' lang='lat' dir='ltr'><strong>uisi</strong></span> <span class='ocrx_word' id='word_1_469' title='bbox 1712 3099 1795 3168; x_wconf 85' lang='lat' dir='ltr'><strong>quies</strong></span> <span class='ocrx_word' id='word_1_470' title='bbox 1813 3104 1856 3154; x_wconf 89' lang='lat' dir='ltr'><strong>est</strong></span> 
     </span>
     <span class='ocr_line' id='line_1_34' title="bbox 111 3183 1857 3259; baseline 0.001 -17"><span class='ocrx_word' id='word_1_471' title='bbox 111 3193 255 3259; x_wconf 88' lang='lat' dir='ltr'><strong>qnantum</strong></span> <span class='ocrx_word' id='word_1_472' title='bbox 274 3183 367 3250; x_wconf 89' lang='lat' dir='ltr'><strong>serici,</strong></span> <span class='ocrx_word' id='word_1_473' title='bbox 391 3184 492 3254; x_wconf 86' lang='lat' dir='ltr'><strong>quanti</strong></span> <span class='ocrx_word' id='word_1_474' title='bbox 515 3190 598 3239; x_wconf 91' lang='lat' dir='ltr'><strong>erant</strong></span> <span class='ocrx_word' id='word_1_475' title='bbox 625 3183 795 3251; x_wconf 88' lang='lat' dir='ltr'><strong>sacerdotes,</strong></span> <span class='ocrx_word' id='word_1_476' title='bbox 821 3184 922 3241; x_wconf 76' lang='lat' dir='ltr'><strong>scribae</strong></span> <span class='ocrx_word' id='word_1_477' title='bbox 947 3225 956 3252; x_wconf 90' lang='lat'>‚</span> <span class='ocrx_word' id='word_1_478' title='bbox 1010 3189 1113 3246; x_wconf 76' lang='lat' dir='ltr'><strong>animae</strong></span> <span class='ocrx_word' id='word_1_479' title='bbox 1136 3189 1374 3259; x_wconf 80' lang='lat' dir='ltr'><strong>contemplativae,</strong></span> <span class='ocrx_word' id='word_1_480' title='bbox 1396 3195 1456 3244; x_wconf 87' lang='lat' dir='ltr'><strong>eta</strong></span> <span class='ocrx_word' id='word_1_481' title='bbox 1479 3186 1722 3244; x_wconf 89' lang='lat' dir='ltr'><strong>sollicitudinibus</strong></span> <span class='ocrx_word' id='word_1_482' title='bbox 1737 3193 1764 3243; x_wconf 89' lang='lat' dir='ltr'><strong>et</strong></span> <span class='ocrx_word' id='word_1_483' title='bbox 1779 3187 1857 3243; x_wconf 83' lang='lat' dir='ltr'><strong>curis</strong></span> 
     </span>
     <span class='ocr_line' id='line_1_35' title="bbox 110 3272 1857 3348; baseline -0.001 -17"><span class='ocrx_word' id='word_1_484' title='bbox 110 3283 138 3331; x_wconf 90' lang='lat' dir='ltr'><strong>et</strong></span> <span class='ocrx_word' id='word_1_485' title='bbox 161 3274 297 3330; x_wconf 84' lang='lat' dir='ltr'><strong>universa</strong></span> <span class='ocrx_word' id='word_1_486' title='bbox 313 3286 419 3344; x_wconf 89' lang='lat' dir='ltr'><strong>genera</strong></span> <span class='ocrx_word' id='word_1_487' title='bbox 442 3272 613 3329; x_wconf 84' lang='lat' dir='ltr'><strong>nidulorum.</strong></span> <span class='ocrx_word' id='word_1_488' title='bbox 645 3272 777 3330; x_wconf 88' lang='lat' dir='ltr'><strong>Christus</strong></span> <span class='ocrx_word' id='word_1_489' title='bbox 799 3274 827 3330; x_wconf 92' lang='lat' dir='ltr'><strong>in</strong></span> <span class='ocrx_word' id='word_1_490' title='bbox 852 3273 956 3344; x_wconf 91' lang='lat' dir='ltr'><strong>templo</strong></span> <span class='ocrx_word' id='word_1_491' title='bbox 1010 3276 1108 3335; x_wconf 82' lang='lat' dir='ltr'><strong>saecuh</strong></span> <span class='ocrx_word' id='word_1_492' title='bbox 1130 3284 1246 3334; x_wconf 79' lang='lat' dir='ltr'><strong>remotae</strong></span> <span class='ocrx_word' id='word_1_493' title='bbox 1268 3277 1282 3333; x_wconf 79' lang='lat' dir='ltr'><strong>l</strong></span> <span class='ocrx_word' id='word_1_494' title='bbox 1303 3276 1372 3344; x_wconf 78' lang='lat' dir='ltr'><strong>Quae</strong></span> <span class='ocrx_word' id='word_1_495' title='bbox 1399 3276 1517 3348; x_wconf 82' lang='lat' dir='ltr'><strong>quidem</strong></span> <span class='ocrx_word' id='word_1_496' title='bbox 1547 3276 1576 3332; x_wconf 91' lang='lat' dir='ltr'><strong>in</strong></span> <span class='ocrx_word' id='word_1_497' title='bbox 1615 3275 1741 3333; x_wconf 91' lang='lat' dir='ltr'><strong>claustro</strong></span> <span class='ocrx_word' id='word_1_498' title='bbox 1772 3274 1857 3344; x_wconf 84' lang='lat' dir='ltr'><strong>qnasi</strong></span> 
     </span>
     <span class='ocr_line' id='line_1_36' title="bbox 110 3358 1858 3437; baseline 0 -19"><span class='ocrx_word' id='word_1_499' title='bbox 110 3360 248 3428; x_wconf 92' lang='lat' dir='ltr'><strong>uescitur,</strong></span> <span class='ocrx_word' id='word_1_500' title='bbox 268 3364 297 3417; x_wconf 85' lang='lat' dir='ltr'><strong>et</strong></span> <span class='ocrx_word' id='word_1_501' title='bbox 312 3359 342 3416; x_wconf 93' lang='lat' dir='ltr'><strong>in</strong></span> <span class='ocrx_word' id='word_1_502' title='bbox 365 3372 460 3415; x_wconf 91' lang='lat' dir='ltr'><strong>eremo</strong></span> <span class='ocrx_word' id='word_1_503' title='bbox 475 3358 656 3429; x_wconf 76' lang='lat' dir='ltr'><strong>predicatur.</strong></span> <span class='ocrx_word' id='word_1_504' title='bbox 677 3360 737 3417; x_wconf 85' lang='lat' dir='ltr'><strong>Hoc</strong></span> <span class='ocrx_word' id='word_1_505' title='bbox 756 3367 846 3419; x_wconf 90' lang='lat' dir='ltr'><strong>totum</strong></span> <span class='ocrx_word' id='word_1_506' title='bbox 862 3374 956 3433; x_wconf 86' lang='lat' dir='ltr'><strong>quare</strong></span> <span class='ocrx_word' id='word_1_507' title='bbox 1010 3379 1115 3437; x_wconf 88' lang='lat' dir='ltr'><strong>sponsa</strong></span> <span class='ocrx_word' id='word_1_508' title='bbox 1130 3365 1160 3423; x_wconf 92' lang='lat' dir='ltr'><strong>in</strong></span> <span class='ocrx_word' id='word_1_509' title='bbox 1183 3364 1319 3432; x_wconf 91' lang='lat' dir='ltr'><strong>thalamo,</strong></span> <span class='ocrx_word' id='word_1_510' title='bbox 1346 3372 1425 3421; x_wconf 93' lang='lat' dir='ltr'><strong>tante</strong></span> <span class='ocrx_word' id='word_1_511' title='bbox 1440 3364 1565 3435; x_wconf 93' lang='lat' dir='ltr'><strong>amplius</strong></span> <span class='ocrx_word' id='word_1_512' title='bbox 1580 3365 1636 3419; x_wconf 88' lang='lat' dir='ltr'><strong>beo</strong></span> <span class='ocrx_word' id='word_1_513' title='bbox 1650 3371 1744 3430; x_wconf 81' lang='lat' dir='ltr'><strong>vacat,</strong></span> <span class='ocrx_word' id='word_1_514' title='bbox 1759 3370 1786 3419; x_wconf 94' lang='lat' dir='ltr'><strong>et</strong></span> <span class='ocrx_word' id='word_1_515' title='bbox 1811 3376 1858 3418; x_wconf 93' lang='lat' dir='ltr'><strong>ar·</strong></span> 
     </span>
     <span class='ocr_line' id='line_1_37' title="bbox 110 3446 1857 3526; baseline 0.002 -22"><span class='ocrx_word' id='word_1_516' title='bbox 110 3446 211 3504; x_wconf 77' lang='lat' dir='ltr'><strong>dico?</strong></span> <span class='ocrx_word' id='word_1_517' title='bbox 238 3447 272 3504; x_wconf 88' lang='lat' dir='ltr'><strong>Ut</strong></span> <span class='ocrx_word' id='word_1_518' title='bbox 293 3447 409 3504; x_wconf 90' lang='lat' dir='ltr'><strong>doceam</strong></span> <span class='ocrx_word' id='word_1_519' title='bbox 437 3446 578 3520; x_wconf 83' lang='lat' dir='ltr'><strong>dogmatis</strong></span> <span class='ocrx_word' id='word_1_520' title='bbox 597 3449 685 3505; x_wconf 84' lang='lat' dir='ltr'><strong>vestri</strong></span> <span class='ocrx_word' id='word_1_521' title='bbox 717 3447 873 3520; x_wconf 90' lang='lat' dir='ltr'><strong>prinoipem</strong></span> <span class='ocrx_word' id='word_1_522' title='bbox 895 3463 956 3507; x_wconf 88' lang='lat' dir='ltr'><strong>esse</strong></span> <span class='ocrx_word' id='word_1_523' title='bbox 1010 3456 1085 3512; x_wconf 89' lang='lat' dir='ltr'><strong>otius</strong></span> <span class='ocrx_word' id='word_1_524' title='bbox 1105 3455 1130 3511; x_wconf 92' lang='lat' dir='ltr'><strong>ei</strong></span> <span class='ocrx_word' id='word_1_525' title='bbox 1155 3461 1211 3510; x_wconf 92' lang='lat' dir='ltr'><strong>toto</strong></span> <span class='ocrx_word' id='word_1_526' title='bbox 1236 3453 1407 3526; x_wconf 84' lang='lat' dir='ltr'><strong>astringitur</strong></span> <span class='ocrx_word' id='word_1_527' title='bbox 1435 3453 1583 3522; x_wconf 88' lang='lat' dir='ltr'><strong>desiderio,</strong></span> <span class='ocrx_word' id='word_1_528' title='bbox 1607 3460 1718 3524; x_wconf 85' lang='lat' dir='ltr'><strong>quanto</strong></span> <span class='ocrx_word' id='word_1_529' title='bbox 1742 3451 1857 3523; x_wconf 87' lang='lat' dir='ltr'><strong>lougius</strong></span> 
     </span>
     <span class='ocr_line' id='line_1_38' title="bbox 111 3535 1860 3613; baseline 0.002 -20"><span class='ocrx_word' id='word_1_530' title='bbox 111 3535 268 3608; x_wconf 79' lang='lat' dir='ltr'><strong>baptistam</strong></span> <span class='ocrx_word' id='word_1_531' title='bbox 286 3536 435 3592; x_wconf 80' lang='lat' dir='ltr'><strong>loannem.</strong></span> <span class='ocrx_word' id='word_1_532' title='bbox 462 3556 476 3585; x_wconf 77' lang='lat' dir='ltr'><strong>o</strong></span> <span class='ocrx_word' id='word_1_533' title='bbox 500 3536 636 3605; x_wconf 77' lang='lat' dir='ltr'><strong>Audistis,</strong></span> <span class='ocrx_word' id='word_1_534' title='bbox 660 3536 771 3607; x_wconf 86' lang='lat' dir='ltr'><strong>iratres,</strong></span> <span class='ocrx_word' id='word_1_535' title='bbox 796 3537 884 3594; x_wconf 89' lang='lat' dir='ltr'><strong>nostri</strong></span> <span class='ocrx_word' id='word_1_536' title='bbox 910 3552 957 3609; x_wconf 87' lang='lat' dir='ltr'><strong>pa·</strong></span> <span class='ocrx_word' id='word_1_537' title='bbox 1010 3545 1047 3602; x_wconf 80' lang='lat' dir='ltr'><strong>ab</strong></span> <span class='ocrx_word' id='word_1_538' title='bbox 1073 3542 1311 3613; x_wconf 88' lang='lat' dir='ltr'><strong>occupationibus</strong></span> <span class='ocrx_word' id='word_1_539' title='bbox 1336 3541 1433 3599; x_wconf 78' lang='lat' dir='ltr'><strong>saculi</strong></span> <span class='ocrx_word' id='word_1_540' title='bbox 1463 3549 1573 3598; x_wconf 89' lang='lat' dir='ltr'><strong>remota</strong></span> <span class='ocrx_word' id='word_1_541' title='bbox 1588 3549 1641 3610; x_wconf 91' lang='lat' dir='ltr'><strong>est,</strong></span> <span class='ocrx_word' id='word_1_542' title='bbox 1656 3540 1757 3612; x_wconf 85' lang='lat' dir='ltr'><strong>etjam</strong></span> <span class='ocrx_word' id='word_1_543' title='bbox 1773 3539 1802 3597; x_wconf 85' lang='lat' dir='ltr'><strong>in</strong></span> <span class='ocrx_word' id='word_1_544' title='bbox 1821 3555 1860 3598; x_wconf 82' lang='lat' dir='ltr'><strong>se</strong></span> 
     </span>
     <span class='ocr_line' id='line_1_39' title="bbox 111 3623 1858 3700; baseline 0.001 -18"><span class='ocrx_word' id='word_1_545' title='bbox 111 3625 181 3683; x_wconf 90' lang='lat' dir='ltr'><strong>riter</strong></span> <span class='ocrx_word' id='word_1_546' title='bbox 194 3632 223 3681; x_wconf 93' lang='lat' dir='ltr'><strong>et</strong></span> <span class='ocrx_word' id='word_1_547' title='bbox 238 3623 327 3682; x_wconf 84' lang='lat' dir='ltr'><strong>vestri</strong></span> <span class='ocrx_word' id='word_1_548' title='bbox 346 3624 637 3695; x_wconf 88' lang='lat' dir='ltr'><strong>propositiprinoipes</strong></span> <span class='ocrx_word' id='word_1_549' title='bbox 657 3624 791 3696; x_wconf 90' lang='lat' dir='ltr'><strong>superius</strong></span> <span class='ocrx_word' id='word_1_550' title='bbox 813 3624 955 3685; x_wconf 79' lang='lat' dir='ltr'><strong>inductos,</strong></span> <span class='ocrx_word' id='word_1_551' title='bbox 1010 3640 1086 3689; x_wconf 89' lang='lat' dir='ltr'><strong>creto</strong></span> <span class='ocrx_word' id='word_1_552' title='bbox 1114 3631 1271 3688; x_wconf 88' lang='lat' dir='ltr'><strong>coelestium</strong></span> <span class='ocrx_word' id='word_1_553' title='bbox 1300 3643 1482 3687; x_wconf 90' lang='lat' dir='ltr'><strong>camerarum</strong></span> <span class='ocrx_word' id='word_1_554' title='bbox 1510 3642 1560 3700; x_wconf 88' lang='lat' dir='ltr'><strong>per</strong></span> <span class='ocrx_word' id='word_1_555' title='bbox 1588 3629 1858 3699; x_wconf 88' lang='lat' dir='ltr'><strong>contemplationem</strong></span> 
     </span>
     <span class='ocr_line' id='line_1_40' title="bbox 111 3711 1858 3790; baseline 0.001 -19"><span class='ocrx_word' id='word_1_556' title='bbox 111 3721 144 3771; x_wconf 94' lang='lat' dir='ltr'><strong>nt</strong></span> <span class='ocrx_word' id='word_1_557' title='bbox 158 3712 311 3784; x_wconf 83' lang='lat' dir='ltr'><strong>utriusque</strong></span> <span class='ocrx_word' id='word_1_558' title='bbox 329 3712 438 3770; x_wconf 91' lang='lat' dir='ltr'><strong>ordinis</strong></span> <span class='ocrx_word' id='word_1_559' title='bbox 461 3711 621 3770; x_wconf 89' lang='lat' dir='ltr'><strong>dillerentia</strong></span> <span class='ocrx_word' id='word_1_560' title='bbox 643 3712 758 3769; x_wconf 85' lang='lat' dir='ltr'><strong>clareat.</strong></span> <span class='ocrx_word' id='word_1_561' title='bbox 776 3712 802 3768; x_wconf 87' lang='lat' dir='ltr'><strong>Si</strong></span> <span class='ocrx_word' id='word_1_562' title='bbox 826 3712 957 3785; x_wconf 84' lang='lat' dir='ltr'><strong>gaudetis</strong></span> <span class='ocrx_word' id='word_1_563' title='bbox 1011 3718 1050 3777; x_wconf 92' lang='lat' dir='ltr'><strong>ita</strong></span> <span class='ocrx_word' id='word_1_564' title='bbox 1063 3719 1088 3776; x_wconf 93' lang='lat' dir='ltr'><strong>ei</strong></span> <span class='ocrx_word' id='word_1_565' title='bbox 1104 3718 1257 3790; x_wconf 86' lang='lat' dir='ltr'><strong>conjuncta</strong></span> <span class='ocrx_word' id='word_1_566' title='bbox 1272 3724 1323 3787; x_wconf 91' lang='lat' dir='ltr'><strong>est,</strong></span> <span class='ocrx_word' id='word_1_567' title='bbox 1348 3725 1381 3774; x_wconf 92' lang='lat' dir='ltr'><strong>nt</strong></span> <span class='ocrx_word' id='word_1_568' title='bbox 1403 3718 1439 3774; x_wconf 91' lang='lat' dir='ltr'><strong>sit</strong></span> <span class='ocrx_word' id='word_1_569' title='bbox 1457 3732 1535 3774; x_wconf 91' lang='lat' dir='ltr'><strong>unus</strong></span> <span class='ocrx_word' id='word_1_570' title='bbox 1558 3730 1625 3774; x_wconf 91' lang='lat' dir='ltr'><strong>cum</strong></span> <span class='ocrx_word' id='word_1_571' title='bbox 1650 3717 1705 3773; x_wconf 84' lang='lat' dir='ltr'><strong>Deo</strong></span> <span class='ocrx_word' id='word_1_572' title='bbox 1727 3716 1858 3786; x_wconf 90' lang='lat' dir='ltr'><strong>spiritns,</strong></span> 
     </span>
     <span class='ocr_line' id='line_1_41' title="bbox 111 3801 1860 3884; baseline 0.002 -25"><span class='ocrx_word' id='word_1_573' title='bbox 111 3802 251 3873; x_wconf 88' lang='lat' dir='ltr'><strong>apostolos</strong></span> <span class='ocrx_word' id='word_1_574' title='bbox 273 3816 391 3874; x_wconf 86' lang='lat' dir='ltr'><strong>quoqne</strong></span> <span class='ocrx_word' id='word_1_575' title='bbox 411 3801 514 3884; x_wconf 82' lang='lat' dir='ltr'><strong>vestris</strong></span> <span class='ocrx_word' id='word_1_576' title='bbox 537 3801 740 3858; x_wconf 87' lang='lat' dir='ltr'><strong>connumerari</strong></span> <span class='ocrx_word' id='word_1_577' title='bbox 765 3802 955 3873; x_wconf 88' lang='lat' dir='ltr'><strong>principibus,</strong></span> <span class='ocrx_word' id='word_1_578' title='bbox 1008 3807 1095 3879; x_wconf 84' lang='lat' dir='ltr'><strong>juxta</strong></span> <span class='ocrx_word' id='word_1_579' title='bbox 1109 3808 1186 3879; x_wconf 88' lang='lat' dir='ltr'><strong>qnod</strong></span> <span class='ocrx_word' id='word_1_580' title='bbox 1202 3808 1237 3864; x_wconf 91' lang='lat' dir='ltr'><strong>de</strong></span> <span class='ocrx_word' id='word_1_581' title='bbox 1250 3807 1332 3864; x_wconf 88' lang='lat' dir='ltr'><strong>beato</strong></span> <span class='ocrx_word' id='word_1_582' title='bbox 1345 3807 1468 3864; x_wconf 88' lang='lat' dir='ltr'><strong>llartino</strong></span> <span class='ocrx_word' id='word_1_583' title='bbox 1485 3807 1591 3878; x_wconf 86' lang='lat' dir='ltr'><strong>legitur</strong></span> <span class='ocrx_word' id='word_1_584' title='bbox 1606 3821 1612 3861; x_wconf 96' lang='lat'><strong>:</strong></span> <span class='ocrx_word' id='word_1_585' title='bbox 1627 3825 1641 3857; x_wconf 78' lang='lat' dir='ltr'><strong>e</strong></span> <span class='ocrx_word' id='word_1_586' title='bbox 1654 3806 1860 3878; x_wconf 81' lang='lat' dir='ltr'><strong>Artusquippe</strong></span> 
     </span>
     <span class='ocr_line' id='line_1_42' title="bbox 110 3889 1859 3967; baseline 0.002 -19"><span class='ocrx_word' id='word_1_587' title='bbox 110 3899 197 3963; x_wconf 83' lang='lat' dir='ltr'><strong>atque</strong></span> <span class='ocrx_word' id='word_1_588' title='bbox 228 3889 375 3961; x_wconf 81' lang='lat' dir='ltr'><strong>pontifices</strong></span> <span class='ocrx_word' id='word_1_589' title='bbox 405 3898 462 3946; x_wconf 89' lang='lat' dir='ltr'><strong>tam</strong></span> <span class='ocrx_word' id='word_1_590' title='bbox 493 3890 601 3946; x_wconf 86' lang='lat' dir='ltr'><strong>Veteris</strong></span> <span class='ocrx_word' id='word_1_591' title='bbox 629 3903 719 3961; x_wconf 88' lang='lat' dir='ltr'><strong>quam</strong></span> <span class='ocrx_word' id='word_1_592' title='bbox 752 3890 825 3947; x_wconf 82' lang='lat' dir='ltr'><strong>Novi</strong></span> <span class='ocrx_word' id='word_1_593' title='bbox 858 3892 953 3948; x_wconf 83' lang='lat' dir='ltr'><strong>Testa·</strong></span> <span class='ocrx_word' id='word_1_594' title='bbox 1011 3895 1172 3953; x_wconf 74' lang='lat' dir='ltr'><strong>fatiscentes</strong></span> <span class='ocrx_word' id='word_1_595' title='bbox 1200 3895 1315 3966; x_wconf 88' lang='lat' dir='ltr'><strong>spiritui</strong></span> <span class='ocrx_word' id='word_1_596' title='bbox 1336 3896 1444 3952; x_wconf 85' lang='lat' dir='ltr'><strong>servire</strong></span> <span class='ocrx_word' id='word_1_597' title='bbox 1471 3895 1600 3967; x_wconf 85' lang='lat' dir='ltr'><strong>cogebat,</strong></span> <span class='ocrx_word' id='word_1_598' title='bbox 1629 3902 1781 3965; x_wconf 88' lang='lat' dir='ltr'><strong>stratuque</strong></span> <span class='ocrx_word' id='word_1_599' title='bbox 1804 3909 1859 3951; x_wconf 91' lang='lat' dir='ltr'><strong>sno</strong></span> 
     </span>
     <span class='ocr_line' id='line_1_43' title="bbox 111 3976 1859 4055; baseline 0.002 -20"><span class='ocrx_word' id='word_1_600' title='bbox 111 3979 197 4036; x_wconf 90' lang='lat' dir='ltr'><strong>menti</strong></span> <span class='ocrx_word' id='word_1_601' title='bbox 213 3979 250 4035; x_wconf 93' lang='lat' dir='ltr'><strong>ab</strong></span> <span class='ocrx_word' id='word_1_602' title='bbox 270 3979 330 4050; x_wconf 91' lang='lat' dir='ltr'><strong>ipso</strong></span> <span class='ocrx_word' id='word_1_603' title='bbox 353 3976 485 4034; x_wconf 82' lang='lat' dir='ltr'><strong>videlicet</strong></span> <span class='ocrx_word' id='word_1_604' title='bbox 506 3980 601 4034; x_wconf 79' lang='lat' dir='ltr'><strong>Aaron</strong></span> <span class='ocrx_word' id='word_1_605' title='bbox 625 3978 772 4050; x_wconf 86' lang='lat' dir='ltr'><strong>usquead</strong></span> <span class='ocrx_word' id='word_1_606' title='bbox 797 3981 914 4035; x_wconf 85' lang='lat' dir='ltr'><strong>Annam</strong></span> <span class='ocrx_word' id='word_1_607' title='bbox 928 3986 956 4036; x_wconf 91' lang='lat' dir='ltr'><strong>et</strong></span> <span class='ocrx_word' id='word_1_608' title='bbox 1010 3984 1163 4050; x_wconf 87' lang='lat' dir='ltr'><strong>recubans,</strong></span> <span class='ocrx_word' id='word_1_609' title='bbox 1193 3998 1245 4040; x_wconf 88' lang='lat' dir='ltr'><strong>nec</strong></span> <span class='ocrx_word' id='word_1_610' title='bbox 1280 3992 1386 4040; x_wconf 88' lang='lat' dir='ltr'><strong>terram</strong></span> <span class='ocrx_word' id='word_1_611' title='bbox 1406 3983 1505 4040; x_wconf 89' lang='lat' dir='ltr'><strong>videre</strong></span> <span class='ocrx_word' id='word_1_612' title='bbox 1529 3985 1590 4054; x_wconf 80' lang='lat' dir='ltr'><strong>jam</strong></span> <span class='ocrx_word' id='word_1_613' title='bbox 1613 3983 1759 4055; x_wconf 83' lang='lat' dir='ltr'><strong>diguatus,</strong></span> <span class='ocrx_word' id='word_1_614' title='bbox 1789 3983 1859 4040; x_wconf 83' lang='lat' dir='ltr'><strong>coelo</strong></span> 
     </span>
     <span class='ocr_line' id='line_1_44' title="bbox 110 4065 1859 4143; baseline 0.005 -22"><span class='ocrx_word' id='word_1_615' title='bbox 110 4068 259 4139; x_wconf 84' lang='lat' dir='ltr'><strong>caipham,</strong></span> <span class='ocrx_word' id='word_1_616' title='bbox 288 4080 334 4134; x_wconf 92' lang='lat' dir='ltr'><strong>ne,</strong></span> <span class='ocrx_word' id='word_1_617' title='bbox 361 4066 489 4135; x_wconf 91' lang='lat' dir='ltr'><strong>obsecro,</strong></span> <span class='ocrx_word' id='word_1_618' title='bbox 518 4065 637 4123; x_wconf 86' lang='lat' dir='ltr'><strong>doleatis</strong></span> <span class='ocrx_word' id='word_1_619' title='bbox 656 4066 749 4122; x_wconf 84' lang='lat' dir='ltr'><strong>Ellam</strong></span> <span class='ocrx_word' id='word_1_620' title='bbox 769 4074 797 4123; x_wconf 89' lang='lat' dir='ltr'><strong>et</strong></span> <span class='ocrx_word' id='word_1_621' title='bbox 816 4069 955 4125; x_wconf 82' lang='lat' dir='ltr'><strong>loannem</strong></span> <span class='ocrx_word' id='word_1_622' title='bbox 1009 4078 1087 4129; x_wconf 90' lang='lat' dir='ltr'><strong>totus</strong></span> <span class='ocrx_word' id='word_1_623' title='bbox 1105 4071 1275 4128; x_wconf 82' lang='lat' dir='ltr'><strong>inhiabat.»</strong></span> <span class='ocrx_word' id='word_1_624' title='bbox 1299 4072 1343 4128; x_wconf 80' lang='lat' dir='ltr'><strong>hd</strong></span> <span class='ocrx_word' id='word_1_625' title='bbox 1359 4070 1443 4128; x_wconf 89' lang='lat' dir='ltr'><strong>talem</strong></span> <span class='ocrx_word' id='word_1_626' title='bbox 1471 4072 1566 4128; x_wconf 88' lang='lat' dir='ltr'><strong>lectuli</strong></span> <span class='ocrx_word' id='word_1_627' title='bbox 1586 4073 1711 4143; x_wconf 86' lang='lat' dir='ltr'><strong>quietem</strong></span> <span class='ocrx_word' id='word_1_628' title='bbox 1734 4079 1859 4129; x_wconf 91' lang='lat' dir='ltr'><strong>contem·</strong></span> 
     </span>
     <span class='ocr_line' id='line_1_45' title="bbox 109 4153 1860 4231; baseline 0.003 -20"><span class='ocrx_word' id='word_1_629' title='bbox 109 4155 232 4227; x_wconf 87' lang='lat' dir='ltr'><strong>majores</strong></span> <span class='ocrx_word' id='word_1_630' title='bbox 255 4154 325 4221; x_wconf 90' lang='lat' dir='ltr'><strong>istis,</strong></span> <span class='ocrx_word' id='word_1_631' title='bbox 350 4154 441 4210; x_wconf 89' lang='lat' dir='ltr'><strong>nostri</strong></span> <span class='ocrx_word' id='word_1_632' title='bbox 467 4153 554 4209; x_wconf 89' lang='lat' dir='ltr'><strong>duces</strong></span> <span class='ocrx_word' id='word_1_633' title='bbox 577 4168 638 4211; x_wconf 87' lang='lat' dir='ltr'><strong>esse</strong></span> <span class='ocrx_word' id='word_1_634' title='bbox 661 4153 806 4224; x_wconf 90' lang='lat' dir='ltr'><strong>propositi.</strong></span> <span class='ocrx_word' id='word_1_635' title='bbox 830 4155 955 4211; x_wconf 86' lang='lat' dir='ltr'><strong>clerica·</strong></span> <span class='ocrx_word' id='word_1_636' title='bbox 1011 4158 1146 4230; x_wconf 88' lang='lat' dir='ltr'><strong>platinnis</strong></span> <span class='ocrx_word' id='word_1_637' title='bbox 1161 4166 1303 4217; x_wconf 90' lang='lat' dir='ltr'><strong>secretum</strong></span> <span class='ocrx_word' id='word_1_638' title='bbox 1329 4174 1452 4230; x_wconf 90' lang='lat' dir='ltr'><strong>sponsus</strong></span> <span class='ocrx_word' id='word_1_639' title='bbox 1476 4160 1593 4217; x_wconf 89' lang='lat' dir='ltr'><strong>veniens</strong></span> <span class='ocrx_word' id='word_1_640' title='bbox 1616 4159 1670 4217; x_wconf 87' lang='lat' dir='ltr'><strong>sibi</strong></span> <span class='ocrx_word' id='word_1_641' title='bbox 1685 4161 1790 4231; x_wconf 90' lang='lat' dir='ltr'><strong>aperiri</strong></span> <span class='ocrx_word' id='word_1_642' title='bbox 1811 4175 1860 4231; x_wconf 93' lang='lat' dir='ltr'><strong>po·</strong></span> 
     </span>
     <span class='ocr_line' id='line_1_46' title="bbox 110 4242 1858 4319; baseline 0.003 -20"><span class='ocrx_word' id='word_1_643' title='bbox 110 4250 173 4299; x_wconf 92' lang='lat' dir='ltr'><strong>tum</strong></span> <span class='ocrx_word' id='word_1_644' title='bbox 196 4255 247 4313; x_wconf 92' lang='lat' dir='ltr'><strong>pro</strong></span> <span class='ocrx_word' id='word_1_645' title='bbox 271 4242 444 4299; x_wconf 89' lang='lat' dir='ltr'><strong>monachatu</strong></span> <span class='ocrx_word' id='word_1_646' title='bbox 465 4242 605 4298; x_wconf 84' lang='lat' dir='ltr'><strong>loannem</strong></span> <span class='ocrx_word' id='word_1_647' title='bbox 629 4248 822 4300; x_wconf 89' lang='lat' dir='ltr'><strong>commutasse</strong></span> <span class='ocrx_word' id='word_1_648' title='bbox 834 4243 956 4300; x_wconf 92' lang='lat' dir='ltr'><strong>dubium</strong></span> <span class='ocrx_word' id='word_1_649' title='bbox 1011 4247 1190 4316; x_wconf 70' lang='lat' dir='ltr'><strong>sinistrum</strong></span> <span class='ocrx_word' id='word_1_650' title='bbox 1207 4248 1464 4319; x_wconf 78' lang='lat' dir='ltr'><strong>plebsChristiana</strong></span> <span class='ocrx_word' id='word_1_651' title='bbox 1479 4249 1583 4305; x_wconf 83' lang='lat' dir='ltr'><strong>animae</strong></span> <span class='ocrx_word' id='word_1_652' title='bbox 1609 4249 1775 4319; x_wconf 84' lang='lat' dir='ltr'><strong>cuicunque</strong></span> <span class='ocrx_word' id='word_1_653' title='bbox 1789 4263 1858 4304; x_wconf 90' lang='lat' dir='ltr'><strong>eeu-</strong></span> 
     </span>
     <span class='ocr_line' id='line_1_47' title="bbox 110 4333 1859 4409; baseline 0.003 -20"><span class='ocrx_word' id='word_1_654' title='bbox 110 4348 170 4390; x_wconf 92' lang='lat' dir='ltr'><strong>nou</strong></span> <span class='ocrx_word' id='word_1_655' title='bbox 201 4339 242 4390; x_wconf 91' lang='lat' dir='ltr'><strong>est</strong></span> <span class='ocrx_word' id='word_1_656' title='bbox 269 4334 434 4405; x_wconf 86' lang='lat' dir='ltr'><strong>:quicum</strong></span> <span class='ocrx_word' id='word_1_657' title='bbox 464 4334 541 4391; x_wconf 88' lang='lat' dir='ltr'><strong>lilius</strong></span> <span class='ocrx_word' id='word_1_658' title='bbox 566 4333 709 4405; x_wconf 82' lang='lat' dir='ltr'><strong>pontilicis</strong></span> <span class='ocrx_word' id='word_1_659' title='bbox 732 4342 816 4405; x_wconf 88' lang='lat' dir='ltr'><strong>esset,</strong></span> <span class='ocrx_word' id='word_1_660' title='bbox 844 4337 892 4393; x_wconf 89' lang='lat' dir='ltr'><strong>eui</strong></span> <span class='ocrx_word' id='word_1_661' title='bbox 921 4351 954 4394; x_wconf 93' lang='lat' dir='ltr'><strong>eo</strong></span> <span class='ocrx_word' id='word_1_662' title='bbox 1014 4337 1186 4409; x_wconf 84' lang='lat' dir='ltr'><strong>templativa</strong></span> <span class='ocrx_word' id='word_1_663' title='bbox 1206 4338 1359 4409; x_wconf 90' lang='lat' dir='ltr'><strong>supplicat,</strong></span> <span class='ocrx_word' id='word_1_664' title='bbox 1381 4346 1413 4394; x_wconf 93' lang='lat' dir='ltr'><strong>nt</strong></span> <span class='ocrx_word' id='word_1_665' title='bbox 1436 4338 1617 4407; x_wconf 90' lang='lat' dir='ltr'><strong>suscipiendo</strong></span> <span class='ocrx_word' id='word_1_666' title='bbox 1642 4338 1769 4408; x_wconf 87' lang='lat' dir='ltr'><strong>regimen</strong></span> <span class='ocrx_word' id='word_1_667' title='bbox 1785 4337 1859 4408; x_wconf 85' lang='lat' dir='ltr'><strong>ipso-</strong></span> 
     </span>
     <span class='ocr_line' id='line_1_48' title="bbox 110 4421 1859 4497; baseline 0.002 -18"><span class='ocrx_word' id='word_1_668' title='bbox 110 4429 234 4493; x_wconf 90' lang='lat' dir='ltr'><strong>tempore</strong></span> <span class='ocrx_word' id='word_1_669' title='bbox 264 4421 433 4493; x_wconf 83' lang='lat' dir='ltr'><strong>pontificalis</strong></span> <span class='ocrx_word' id='word_1_670' title='bbox 460 4423 586 4495; x_wconf 89' lang='lat' dir='ltr'><strong>dignitas</strong></span> <span class='ocrx_word' id='word_1_671' title='bbox 615 4424 796 4482; x_wconf 82' lang='lat' dir='ltr'><strong>haereditario</strong></span> <span class='ocrx_word' id='word_1_672' title='bbox 812 4426 879 4497; x_wconf 83' lang='lat' dir='ltr'><strong>jure</strong></span> <span class='ocrx_word' id='word_1_673' title='bbox 907 4426 954 4483; x_wconf 93' lang='lat' dir='ltr'><strong>de·</strong></span> <span class='ocrx_word' id='word_1_674' title='bbox 1008 4443 1076 4487; x_wconf 93' lang='lat' dir='ltr'><strong>rum</strong></span> <span class='ocrx_word' id='word_1_675' title='bbox 1092 4441 1140 4484; x_wconf 90' lang='lat' dir='ltr'><strong>eos</strong></span> <span class='ocrx_word' id='word_1_676' title='bbox 1155 4427 1191 4483; x_wconf 94' lang='lat' dir='ltr'><strong>ad</strong></span> <span class='ocrx_word' id='word_1_677' title='bbox 1207 4441 1238 4484; x_wconf 93' lang='lat' dir='ltr'><strong>se</strong></span> <span class='ocrx_word' id='word_1_678' title='bbox 1253 4427 1294 4482; x_wconf 93' lang='lat' dir='ltr'><strong>sic</strong></span> <span class='ocrx_word' id='word_1_679' title='bbox 1320 4427 1461 4482; x_wconf 91' lang='lat' dir='ltr'><strong>admittat.</strong></span> <span class='ocrx_word' id='word_1_680' title='bbox 1484 4426 1565 4490; x_wconf 84' lang='lat' dir='ltr'><strong>Quod</strong></span> <span class='ocrx_word' id='word_1_681' title='bbox 1593 4434 1621 4482; x_wconf 93' lang='lat' dir='ltr'><strong>et</strong></span> <span class='ocrx_word' id='word_1_682' title='bbox 1645 4425 1704 4496; x_wconf 89' lang='lat' dir='ltr'><strong>ipse</strong></span> <span class='ocrx_word' id='word_1_683' title='bbox 1727 4426 1859 4483; x_wconf 86' lang='lat' dir='ltr'><strong>Christus</strong></span> 
     </span>
     <span class='ocr_line' id='line_1_49' title="bbox 111 4510 1859 4586; baseline 0.002 -19"><span class='ocrx_word' id='word_1_684' title='bbox 111 4510 243 4580; x_wconf 90' lang='lat' dir='ltr'><strong>bebatur,</strong></span> <span class='ocrx_word' id='word_1_685' title='bbox 277 4510 420 4568; x_wconf 89' lang='lat' dir='ltr'><strong>civitatem</strong></span> <span class='ocrx_word' id='word_1_686' title='bbox 446 4511 605 4581; x_wconf 90' lang='lat' dir='ltr'><strong>solitudini,</strong></span> <span class='ocrx_word' id='word_1_687' title='bbox 628 4515 790 4584; x_wconf 83' lang='lat' dir='ltr'><strong>pontificem</strong></span> <span class='ocrx_word' id='word_1_688' title='bbox 815 4515 955 4571; x_wconf 91' lang='lat' dir='ltr'><strong>monacho</strong></span> <span class='ocrx_word' id='word_1_689' title='bbox 1009 4515 1039 4571; x_wconf 91' lang='lat' dir='ltr'><strong>in</strong></span> <span class='ocrx_word' id='word_1_690' title='bbox 1063 4512 1200 4571; x_wconf 90' lang='lat' dir='ltr'><strong>membris</strong></span> <span class='ocrx_word' id='word_1_691' title='bbox 1221 4514 1282 4570; x_wconf 91' lang='lat' dir='ltr'><strong>suis</strong></span> <span class='ocrx_word' id='word_1_692' title='bbox 1307 4526 1394 4586; x_wconf 87' lang='lat' dir='ltr'><strong>agere</strong></span> <span class='ocrx_word' id='word_1_693' title='bbox 1420 4513 1536 4580; x_wconf 90' lang='lat' dir='ltr'><strong>dicitnr,</strong></span> <span class='ocrx_word' id='word_1_694' title='bbox 1561 4527 1620 4584; x_wconf 85' lang='lat' dir='ltr'><strong>quo</strong></span> <span class='ocrx_word' id='word_1_695' title='bbox 1644 4513 1804 4584; x_wconf 89' lang='lat' dir='ltr'><strong>inspirante</strong></span> <span class='ocrx_word' id='word_1_696' title='bbox 1830 4514 1859 4571; x_wconf 94' lang='lat' dir='ltr'><strong>id</strong></span> 
     </span>
     <span class='ocr_line' id='line_1_50' title="bbox 111 4599 1858 4675; baseline 0.001 -18"><span class='ocrx_word' id='word_1_697' title='bbox 111 4599 288 4672; x_wconf 88' lang='lat' dir='ltr'><strong>posthabuit,</strong></span> <span class='ocrx_word' id='word_1_698' title='bbox 315 4607 342 4656; x_wconf 90' lang='lat' dir='ltr'><strong>et</strong></span> <span class='ocrx_word' id='word_1_699' title='bbox 369 4600 570 4671; x_wconf 86' lang='lat' dir='ltr'><strong>perlectionem</strong></span> <span class='ocrx_word' id='word_1_700' title='bbox 602 4602 668 4660; x_wconf 82' lang='lat' dir='ltr'><strong>vitae</strong></span> <span class='ocrx_word' id='word_1_701' title='bbox 695 4603 853 4674; x_wconf 84' lang='lat' dir='ltr'><strong>praelationi</strong></span> <span class='ocrx_word' id='word_1_702' title='bbox 886 4617 956 4675; x_wconf 85' lang='lat' dir='ltr'><strong>prae·</strong></span> <span class='ocrx_word' id='word_1_703' title='bbox 1009 4607 1117 4675; x_wconf 90' lang='lat' dir='ltr'><strong>agitur,</strong></span> <span class='ocrx_word' id='word_1_704' title='bbox 1137 4603 1234 4660; x_wconf 91' lang='lat' dir='ltr'><strong>etsub</strong></span> <span class='ocrx_word' id='word_1_705' title='bbox 1256 4603 1343 4673; x_wconf 86' lang='lat' dir='ltr'><strong>cujus</strong></span> <span class='ocrx_word' id='word_1_706' title='bbox 1363 4601 1700 4659; x_wconf 88' lang='lat' dir='ltr'><strong>nomineetauctoritate</strong></span> <span class='ocrx_word' id='word_1_707' title='bbox 1725 4602 1779 4658; x_wconf 93' lang='lat' dir='ltr'><strong>hoc</strong></span> <span class='ocrx_word' id='word_1_708' title='bbox 1802 4602 1858 4659; x_wconf 90' lang='lat' dir='ltr'><strong>im·</strong></span> 
     </span>
     <span class='ocr_line' id='line_1_51' title="bbox 110 4687 1860 4762; baseline 0.001 -17"><span class='ocrx_word' id='word_1_709' title='bbox 110 4689 205 4759; x_wconf 89' lang='lat' dir='ltr'><strong>posuit</strong></span> <span class='ocrx_word' id='word_1_710' title='bbox 235 4687 442 4746; x_wconf 77' lang='lat' dir='ltr'><strong>ecclesiastica.</strong></span> <span class='ocrx_word' id='word_1_711' title='bbox 485 4691 523 4746; x_wconf 80' lang='lat' dir='ltr'><strong>lle</strong></span> <span class='ocrx_word' id='word_1_712' title='bbox 551 4704 610 4762; x_wconf 86' lang='lat' dir='ltr'><strong>qno</strong></span> <span class='ocrx_word' id='word_1_713' title='bbox 637 4697 664 4747; x_wconf 92' lang='lat' dir='ltr'><strong>et</strong></span> <span class='ocrx_word' id='word_1_714' title='bbox 699 4690 893 4761; x_wconf 78' lang='lat' dir='ltr'><strong>hieronymus</strong></span> <span class='ocrx_word' id='word_1_715' title='bbox 919 4690 955 4747; x_wconf 90' lang='lat' dir='ltr'><strong>ad</strong></span> <span class='ocrx_word' id='word_1_716' title='bbox 1009 4691 1150 4762; x_wconf 91' lang='lat' dir='ltr'><strong>ploratur.</strong></span> <span class='ocrx_word' id='word_1_717' title='bbox 1181 4690 1309 4747; x_wconf 88' lang='lat' dir='ltr'><strong>Periecta</strong></span> <span class='ocrx_word' id='word_1_718' title='bbox 1338 4705 1407 4748; x_wconf 80' lang='lat' dir='ltr'><strong>vero</strong></span> <span class='ocrx_word' id='word_1_719' title='bbox 1429 4690 1527 4746; x_wconf 89' lang='lat' dir='ltr'><strong>anima</strong></span> <span class='ocrx_word' id='word_1_720' title='bbox 1551 4690 1600 4747; x_wconf 93' lang='lat' dir='ltr'><strong>illa</strong></span> <span class='ocrx_word' id='word_1_721' title='bbox 1623 4691 1749 4761; x_wconf 85' lang='lat' dir='ltr'><strong>quietem</strong></span> <span class='ocrx_word' id='word_1_722' title='bbox 1774 4704 1860 4747; x_wconf 88' lang='lat' dir='ltr'><strong>suam</strong></span> 
     </span>
     <span class='ocr_line' id='line_1_52' title="bbox 111 4778 1860 4851; baseline 0.001 -17"><span class='ocrx_word' id='word_1_723' title='bbox 111 4778 261 4836; x_wconf 83' lang='lat' dir='ltr'><strong>Rusticum</strong></span> <span class='ocrx_word' id='word_1_724' title='bbox 296 4779 469 4837; x_wconf 88' lang='lat' dir='ltr'><strong>monachum</strong></span> <span class='ocrx_word' id='word_1_725' title='bbox 498 4779 627 4836; x_wconf 86' lang='lat' dir='ltr'><strong>scribens</strong></span> <span class='ocrx_word' id='word_1_726' title='bbox 652 4795 696 4836; x_wconf 78' lang='grc' dir='ltr'><strong>ει</strong></span> <span class='ocrx_word' id='word_1_727' title='bbox 725 4779 829 4850; x_wconf 77' lang='lat' dir='ltr'><strong>Audio,</strong></span> <span class='ocrx_word' id='word_1_728' title='bbox 848 4779 954 4851; x_wconf 86' lang='lat' dir='ltr'><strong>inquit,</strong></span> <span class='ocrx_word' id='word_1_729' title='bbox 1009 4779 1193 4836; x_wconf 86' lang='lat' dir='ltr'><strong>vehementer</strong></span> <span class='ocrx_word' id='word_1_730' title='bbox 1209 4779 1341 4850; x_wconf 89' lang='lat' dir='ltr'><strong>diligens,</strong></span> <span class='ocrx_word' id='word_1_731' title='bbox 1361 4779 1432 4836; x_wconf 92' lang='lat' dir='ltr'><strong>dum</strong></span> <span class='ocrx_word' id='word_1_732' title='bbox 1455 4779 1582 4837; x_wconf 90' lang='lat' dir='ltr'><strong>laborem</strong></span> <span class='ocrx_word' id='word_1_733' title='bbox 1598 4778 1715 4851; x_wconf 86' lang='lat' dir='ltr'><strong>retngit,</strong></span> <span class='ocrx_word' id='word_1_734' title='bbox 1736 4793 1772 4836; x_wconf 93' lang='lat' dir='ltr'><strong>ne</strong></span> <span class='ocrx_word' id='word_1_735' title='bbox 1791 4780 1860 4836; x_wconf 78' lang='lat' dir='ltr'><strong>alio</strong></span> 
     </span>
     <span class='ocr_line' id='line_1_53' title="bbox 110 4865 1858 4940; baseline 0.001 -17"><span class='ocrx_word' id='word_1_736' title='bbox 110 4865 272 4940; x_wconf 87' lang='lat' dir='ltr'><strong>religiosam</strong></span> <span class='ocrx_word' id='word_1_737' title='bbox 298 4876 324 4925; x_wconf 93' lang='lat' dir='ltr'><strong>te</strong></span> <span class='ocrx_word' id='word_1_738' title='bbox 351 4867 458 4925; x_wconf 93' lang='lat' dir='ltr'><strong>babere</strong></span> <span class='ocrx_word' id='word_1_739' title='bbox 474 4872 605 4938; x_wconf 90' lang='lat' dir='ltr'><strong>matrem,</strong></span> <span class='ocrx_word' id='word_1_740' title='bbox 632 4865 790 4926; x_wconf 89' lang='lat' dir='ltr'><strong>multorum</strong></span> <span class='ocrx_word' id='word_1_741' title='bbox 810 4881 955 4927; x_wconf 90' lang='lat' dir='ltr'><strong>annorum</strong></span> <span class='ocrx_word' id='word_1_742' title='bbox 1010 4881 1076 4924; x_wconf 92' lang='lat' dir='ltr'><strong>rum</strong></span> <span class='ocrx_word' id='word_1_743' title='bbox 1097 4867 1178 4924; x_wconf 92' lang='lat' dir='ltr'><strong>lucro</strong></span> <span class='ocrx_word' id='word_1_744' title='bbox 1201 4867 1405 4925; x_wconf 89' lang='lat' dir='ltr'><strong>detrimentum</strong></span> <span class='ocrx_word' id='word_1_745' title='bbox 1430 4868 1560 4925; x_wconf 91' lang='lat' dir='ltr'><strong>incurrat</strong></span> <span class='ocrx_word' id='word_1_746' title='bbox 1582 4882 1643 4926; x_wconf 80' lang='lat' dir='ltr'><strong>suae</strong></span> <span class='ocrx_word' id='word_1_747' title='bbox 1667 4867 1858 4939; x_wconf 77' lang='lat' dir='ltr'><strong>perfectiouis,</strong></span> 
     </span>
     <span class='ocr_line' id='line_1_54' title="bbox 110 4955 1859 5029; baseline 0.001 -17"><span class='ocrx_word' id='word_1_748' title='bbox 110 4955 239 5025; x_wconf 83' lang='lat' dir='ltr'><strong>viduam,</strong></span> <span class='ocrx_word' id='word_1_749' title='bbox 276 4968 343 5028; x_wconf 83' lang='lat' dir='ltr'><strong>quaa</strong></span> <span class='ocrx_word' id='word_1_750' title='bbox 376 4955 456 5024; x_wconf 92' lang='lat' dir='ltr'><strong>aluit,</strong></span> <span class='ocrx_word' id='word_1_751' title='bbox 498 4970 564 5028; x_wconf 74' lang='lat' dir='ltr'><strong>quae</strong></span> <span class='ocrx_word' id='word_1_752' title='bbox 600 4956 726 5014; x_wconf 83' lang='lat' dir='ltr'><strong>erudivit</strong></span> <span class='ocrx_word' id='word_1_753' title='bbox 750 4956 900 5013; x_wconf 73' lang='lat' dir='ltr'><strong>infantem.</strong></span> <span class='ocrx_word' id='word_1_754' title='bbox 921 4955 957 5013; x_wconf 84' lang='lat' dir='ltr'><strong>m</strong></span> <span class='ocrx_word' id='word_1_755' title='bbox 1009 4970 1129 5028; x_wconf 84' lang='lat' dir='ltr'><strong>surgere</strong></span> <span class='ocrx_word' id='word_1_756' title='bbox 1143 4957 1178 5012; x_wconf 92' lang='lat' dir='ltr'><strong>de</strong></span> <span class='ocrx_word' id='word_1_757' title='bbox 1193 4955 1296 5013; x_wconf 87' lang='lat' dir='ltr'><strong>lectulo</strong></span> <span class='ocrx_word' id='word_1_758' title='bbox 1319 4957 1427 5027; x_wconf 88' lang='lat' dir='ltr'><strong>renuit,</strong></span> <span class='ocrx_word' id='word_1_759' title='bbox 1451 4965 1478 5015; x_wconf 93' lang='lat' dir='ltr'><strong>et</strong></span> <span class='ocrx_word' id='word_1_760' title='bbox 1502 4971 1615 5029; x_wconf 92' lang='lat' dir='ltr'><strong>sponso,</strong></span> <span class='ocrx_word' id='word_1_761' title='bbox 1633 4963 1665 5014; x_wconf 94' lang='lat' dir='ltr'><strong>nt</strong></span> <span class='ocrx_word' id='word_1_762' title='bbox 1677 4958 1786 5014; x_wconf 91' lang='lat' dir='ltr'><strong>dictum</strong></span> <span class='ocrx_word' id='word_1_763' title='bbox 1806 4964 1859 5026; x_wconf 87' lang='lat' dir='ltr'><strong>cst,</strong></span> 
     </span>
     <span class='ocr_line' id='line_1_55' title="bbox 110 5041 1859 5116; baseline 0.001 -16"><span class='ocrx_word' id='word_1_764' title='bbox 110 5044 233 5100; x_wconf 79' lang='lat' dir='ltr'><strong>loannes</strong></span> <span class='ocrx_word' id='word_1_765' title='bbox 260 5043 386 5114; x_wconf 84' lang='lat' dir='ltr'><strong>Baptista</strong></span> <span class='ocrx_word' id='word_1_766' title='bbox 412 5052 540 5101; x_wconf 89' lang='lat' dir='ltr'><strong>sanctam</strong></span> <span class='ocrx_word' id='word_1_767' title='bbox 567 5052 689 5101; x_wconf 89' lang='lat' dir='ltr'><strong>matrem</strong></span> <span class='ocrx_word' id='word_1_768' title='bbox 718 5042 832 5115; x_wconf 89' lang='lat' dir='ltr'><strong>habuit,</strong></span> <span class='ocrx_word' id='word_1_769' title='bbox 862 5045 956 5116; x_wconf 89' lang='lat' dir='ltr'><strong>ponti·</strong></span> <span class='ocrx_word' id='word_1_770' title='bbox 1011 5041 1129 5101; x_wconf 91' lang='lat' dir='ltr'><strong>instanti</strong></span> <span class='ocrx_word' id='word_1_771' title='bbox 1144 5043 1441 5116; x_wconf 81' lang='lat' dir='ltr'><strong>dicit:‹Exspoliavi</strong></span> <span class='ocrx_word' id='word_1_772' title='bbox 1459 5060 1504 5102; x_wconf 87' lang='lat' dir='ltr'><strong>me</strong></span> <span class='ocrx_word' id='word_1_773' title='bbox 1520 5045 1618 5103; x_wconf 88' lang='lat' dir='ltr'><strong>tunica</strong></span> <span class='ocrx_word' id='word_1_774' title='bbox 1632 5059 1706 5114; x_wconf 93' lang='lat' dir='ltr'><strong>mea,</strong></span> <span class='ocrx_word' id='word_1_775' title='bbox 1718 5066 1733 5096; x_wconf 74' lang='grc' dir='ltr'><strong>ε</strong></span> <span class='ocrx_word' id='word_1_776' title='bbox 1745 5045 1859 5115; x_wconf 86' lang='lat' dir='ltr'><strong>hocest,</strong></span> 
     </span>
     <span class='ocr_line' id='line_1_56' title="bbox 111 5130 1861 5204; baseline 0.002 -16"><span class='ocrx_word' id='word_1_777' title='bbox 111 5130 231 5204; x_wconf 83' lang='lat' dir='ltr'><strong>deisque</strong></span> <span class='ocrx_word' id='word_1_778' title='bbox 256 5130 333 5188; x_wconf 89' lang='lat' dir='ltr'><strong>illins</strong></span> <span class='ocrx_word' id='word_1_779' title='bbox 359 5135 443 5189; x_wconf 87' lang='lat' dir='ltr'><strong>crat:</strong></span> <span class='ocrx_word' id='word_1_780' title='bbox 478 5140 505 5190; x_wconf 90' lang='lat' dir='ltr'><strong>et</strong></span> <span class='ocrx_word' id='word_1_781' title='bbox 526 5140 689 5191; x_wconf 85' lang='lat' dir='ltr'><strong>tamennon</strong></span> <span class='ocrx_word' id='word_1_782' title='bbox 707 5134 807 5190; x_wconf 88' lang='lat' dir='ltr'><strong>matris</strong></span> <span class='ocrx_word' id='word_1_783' title='bbox 839 5132 955 5202; x_wconf 80' lang='lat' dir='ltr'><strong>adactu,</strong></span> <span class='ocrx_word' id='word_1_784' title='bbox 1010 5133 1181 5190; x_wconf 87' lang='lat' dir='ltr'><strong>exteriorem</strong></span> <span class='ocrx_word' id='word_1_785' title='bbox 1203 5148 1303 5191; x_wconf 90' lang='lat' dir='ltr'><strong>curam</strong></span> <span class='ocrx_word' id='word_1_786' title='bbox 1328 5135 1544 5192; x_wconf 89' lang='lat' dir='ltr'><strong>mundanarum</strong></span> <span class='ocrx_word' id='word_1_787' title='bbox 1569 5135 1715 5192; x_wconf 91' lang='lat' dir='ltr'><strong>actionum</strong></span> <span class='ocrx_word' id='word_1_788' title='bbox 1737 5149 1775 5191; x_wconf 86' lang='lat' dir='ltr'><strong>ex</strong></span> <span class='ocrx_word' id='word_1_789' title='bbox 1793 5143 1861 5192; x_wconf 84' lang='lat' dir='ltr'><strong>vnto</strong></span> 
     </span>
     <span class='ocr_line' id='line_1_57' title="bbox 110 5219 1862 5296; baseline 0.002 -20"><span class='ocrx_word' id='word_1_790' title='bbox 110 5232 164 5276; x_wconf 90' lang='lat' dir='ltr'><strong>neo</strong></span> <span class='ocrx_word' id='word_1_791' title='bbox 176 5219 266 5291; x_wconf 90' lang='lat' dir='ltr'><strong>patris</strong></span> <span class='ocrx_word' id='word_1_792' title='bbox 289 5219 392 5291; x_wconf 89' lang='lat' dir='ltr'><strong>opibus</strong></span> <span class='ocrx_word' id='word_1_793' title='bbox 407 5220 588 5294; x_wconf 81' lang='lat' dir='ltr'><strong>vincebatur,</strong></span> <span class='ocrx_word' id='word_1_794' title='bbox 604 5229 637 5279; x_wconf 94' lang='lat' dir='ltr'><strong>ut</strong></span> <span class='ocrx_word' id='word_1_795' title='bbox 656 5222 685 5278; x_wconf 93' lang='lat' dir='ltr'><strong>in</strong></span> <span class='ocrx_word' id='word_1_796' title='bbox 705 5221 789 5279; x_wconf 93' lang='lat' dir='ltr'><strong>domo</strong></span> <span class='ocrx_word' id='word_1_797' title='bbox 804 5230 956 5293; x_wconf 89' lang='lat' dir='ltr'><strong>parentum</strong></span> <span class='ocrx_word' id='word_1_798' title='bbox 1010 5224 1168 5292; x_wconf 90' lang='lat' dir='ltr'><strong>postposui.</strong></span> <span class='ocrx_word' id='word_1_799' title='bbox 1196 5224 1319 5282; x_wconf 91' lang='lat' dir='ltr'><strong>lnterior</strong></span> <span class='ocrx_word' id='word_1_800' title='bbox 1342 5223 1452 5296; x_wconf 87' lang='lat' dir='ltr'><strong>qnippe</strong></span> <span class='ocrx_word' id='word_1_801' title='bbox 1477 5223 1564 5279; x_wconf 86' lang='lat' dir='ltr'><strong>vestis</strong></span> <span class='ocrx_word' id='word_1_802' title='bbox 1594 5231 1622 5279; x_wconf 91' lang='lat' dir='ltr'><strong>et</strong></span> <span class='ocrx_word' id='word_1_803' title='bbox 1647 5223 1793 5290; x_wconf 91' lang='lat' dir='ltr'><strong>subtilior,</strong></span> <span class='ocrx_word' id='word_1_804' title='bbox 1819 5230 1862 5280; x_wconf 91' lang='lat' dir='ltr'><strong>est</strong></span> 
     </span>
     <span class='ocr_line' id='line_1_58' title="bbox 111 5306 1864 5385; baseline 0.002 -22"><span class='ocrx_word' id='word_1_805' title='bbox 111 5320 178 5363; x_wconf 92' lang='lat' dir='ltr'><strong>cnm</strong></span> <span class='ocrx_word' id='word_1_806' title='bbox 201 5306 329 5378; x_wconf 88' lang='lat' dir='ltr'><strong>periculo</strong></span> <span class='ocrx_word' id='word_1_807' title='bbox 354 5307 466 5366; x_wconf 83' lang='lat' dir='ltr'><strong>viveret</strong></span> <span class='ocrx_word' id='word_1_808' title='bbox 488 5309 634 5368; x_wconf 91' lang='lat' dir='ltr'><strong>castitatis.</strong></span> <span class='ocrx_word' id='word_1_809' title='bbox 658 5309 781 5368; x_wconf 78' lang='lat' dir='ltr'><strong>Vivebat</strong></span> <span class='ocrx_word' id='word_1_810' title='bbox 801 5310 832 5367; x_wconf 88' lang='lat' dir='ltr'><strong>iu</strong></span> <span class='ocrx_word' id='word_1_811' title='bbox 850 5322 955 5380; x_wconf 89' lang='lat' dir='ltr'><strong>eremo,</strong></span> <span class='ocrx_word' id='word_1_812' title='bbox 1010 5307 1159 5378; x_wconf 84' lang='lat' dir='ltr'><strong>interula3</strong></span> <span class='ocrx_word' id='word_1_813' title='bbox 1191 5313 1317 5377; x_wconf 85' lang='lat' dir='ltr'><strong>exterior</strong></span> <span class='ocrx_word' id='word_1_814' title='bbox 1336 5321 1365 5370; x_wconf 90' lang='lat' dir='ltr'><strong>et</strong></span> <span class='ocrx_word' id='word_1_815' title='bbox 1387 5312 1525 5385; x_wconf 89' lang='lat' dir='ltr'><strong>grossior,</strong></span> <span class='ocrx_word' id='word_1_816' title='bbox 1545 5311 1656 5370; x_wconf 87' lang='lat' dir='ltr'><strong>tunica.</strong></span> <span class='ocrx_word' id='word_1_817' title='bbox 1683 5311 1764 5369; x_wconf 90' lang='lat' dir='ltr'><strong>Unde</strong></span> <span class='ocrx_word' id='word_1_818' title='bbox 1788 5311 1864 5369; x_wconf 87' lang='lat' dir='ltr'><strong>bene</strong></span> 
     </span>
     <span class='ocr_line' id='line_1_59' title="bbox 111 5392 1864 5473; baseline 0.005 -24"><span class='ocrx_word' id='word_1_819' title='bbox 111 5400 140 5450; x_wconf 88' lang='lat' dir='ltr'><strong>et</strong></span> <span class='ocrx_word' id='word_1_820' title='bbox 153 5392 246 5452; x_wconf 84' lang='lat' dir='ltr'><strong>neuile</strong></span> <span class='ocrx_word' id='word_1_821' title='bbox 258 5392 489 5454; x_wconf 88' lang='lat' dir='ltr'><strong>desiderantibus</strong></span> <span class='ocrx_word' id='word_1_822' title='bbox 503 5396 658 5469; x_wconf 83' lang='lat' dir='ltr'><strong>christum,</strong></span> <span class='ocrx_word' id='word_1_823' title='bbox 673 5397 745 5456; x_wconf 90' lang='lat' dir='ltr'><strong>nihil</strong></span> <span class='ocrx_word' id='word_1_824' title='bbox 759 5397 840 5458; x_wconf 91' lang='lat' dir='ltr'><strong>aliud</strong></span> <span class='ocrx_word' id='word_1_825' title='bbox 854 5398 958 5473; x_wconf 82' lang='lat' dir='ltr'><strong>digua·</strong></span> <span class='ocrx_word' id='word_1_826' title='bbox 1011 5397 1060 5456; x_wconf 88' lang='lat' dir='ltr'><strong>bic</strong></span> <span class='ocrx_word' id='word_1_827' title='bbox 1072 5406 1204 5470; x_wconf 87' lang='lat' dir='ltr'><strong>umatus,</strong></span> <span class='ocrx_word' id='word_1_828' title='bbox 1218 5399 1461 5473; x_wconf 78' lang='lat' dir='ltr'><strong>mutemplatirne</strong></span> <span class='ocrx_word' id='word_1_829' title='bbox 1474 5415 1483 5472; x_wconf 93' lang='lat'>;</span> <span class='ocrx_word' id='word_1_830' title='bbox 1500 5400 1548 5459; x_wconf 92' lang='lat' dir='ltr'><strong>iile</strong></span> <span class='ocrx_word' id='word_1_831' title='bbox 1573 5414 1643 5461; x_wconf 84' lang='lat' dir='ltr'><strong>vero</strong></span> <span class='ocrx_word' id='word_1_832' title='bbox 1657 5399 1785 5469; x_wconf 85' lang='lat' dir='ltr'><strong>babitus,</strong></span> <span class='ocrx_word' id='word_1_833' title='bbox 1813 5413 1864 5458; x_wconf 83' lang='lat' dir='ltr'><strong>as·</strong></span> 
     </span>
     <span class='ocr_line' id='line_1_60' title="bbox 116 5480 1865 5572; baseline 0.004 -31"><span class='ocrx_word' id='word_1_834' title='bbox 116 5481 204 5542; x_wconf 81' lang='lat' dir='ltr'><strong>batur</strong></span> <span class='ocrx_word' id='word_1_835' title='bbox 227 5480 362 5555; x_wconf 84' lang='lat' dir='ltr'><strong>aspicere.</strong></span> <span class='ocrx_word' id='word_1_836' title='bbox 381 5481 446 5544; x_wconf 81' lang='lat' dir='ltr'><strong>Filii</strong></span> <span class='ocrx_word' id='word_1_837' title='bbox 466 5484 683 5558; x_wconf 88' lang='lat' dir='ltr'><strong>prophetarum,</strong></span> <span class='ocrx_word' id='word_1_838' title='bbox 700 5499 774 5562; x_wconf 85' lang='lat' dir='ltr'><strong>quos</strong></span> <span class='ocrx_word' id='word_1_839' title='bbox 801 5485 959 5549; x_wconf 71' lang='lat' dir='ltr'><strong>moumbos</strong></span> <span class='ocrx_word' id='word_1_840' title='bbox 1011 5486 1173 5563; x_wconf 87' lang='lat' dir='ltr'><strong>signandus</strong></span> <span class='ocrx_word' id='word_1_841' title='bbox 1191 5496 1234 5551; x_wconf 85' lang='lat' dir='ltr'><strong>eet</strong></span> <span class='ocrx_word' id='word_1_842' title='bbox 1254 5488 1377 5552; x_wconf 74' lang='lat' dir='ltr'><strong>esurus.</strong></span> <span class='ocrx_word' id='word_1_843' title='bbox 1409 5487 1446 5548; x_wconf 84' lang='lat' dir='ltr'><strong>iti</strong></span> <span class='ocrx_word' id='word_1_844' title='bbox 1465 5489 1574 5566; x_wconf 89' lang='lat' dir='ltr'><strong>qnippe</strong></span> <span class='ocrx_word' id='word_1_845' title='bbox 1596 5487 1734 5552; x_wconf 85' lang='lat' dir='ltr'><strong>claustris</strong></span> <span class='ocrx_word' id='word_1_846' title='bbox 1757 5503 1865 5572; x_wconf 80' lang='grc' dir='ltr'><strong>εειιιο-</strong></span> 
     </span>
    </p>
   </div>
   <div class='ocr_carea' id='block_1_3' title="bbox 0 0 1911 5962">
    <p class='ocr_par' dir='ltr' id='par_1_3' title="bbox 0 0 1911 5962">
     <span class='ocr_line' id='line_1_61' title="bbox 0 0 1911 5962; baseline 0 0"><span class='ocrx_word' id='word_1_847' title='bbox 0 0 1911 5962; x_wconf 95' lang='lat' dir='ltr'><strong> </strong></span> 
     </span>
    </p>
   </div>
  </div>
 </body>
</html>
