3804 5962
765 201 886 262 sunda
904 203 951 263 xl.
1683 212 1739 271 lvi

79 344 128 389 1111.
156 328 224 402 iloc,
245 330 351 402 inquit,
367 327 524 402 discipulos
540 329 593 402 qul
607 329 728 387 aderant
742 326 826 386 intel·
839 322 866 384 Δ
880 329 1042 401 bominum,
1065 330 1175 388 bonum
1196 330 1249 389 tibl
1277 338 1352 390 essct
1371 332 1396 389 si
1426 340 1514 392 natus
1536 348 1596 392 non
1620 334 1732 400 luisses,

79 426 144 488 ,nt
167 419 246 477 solus
268 419 331 491 ipso
363 419 492 478 torcular
523 420 664 491 passionis
691 419 823 488 intraret,
883 418 953 490 quia
974 433 1053 477 more
1077 419 1276 477 abortivorum
1292 420 1321 477 in
1337 427 1419 480 utero
1443 423 1579 492 moriens,
1596 423 1734 497 gravissi·

79 523 113 567 ax
137 520 260 580 persona
287 509 351 579 ejus
372 509 463 565 isaias
482 508 672 579 predixerat:
697 509 828 563 Tareulor
883 522 960 565 mam
976 522 1033 565 non
1048 508 1201 566 meruisses
1216 510 1344 580 poenam!

99 600 194 668 selus,
220 604 279 655 etc.
313 595 386 670 (isa.
410 611 498 666 uxrn,
525 597 579 668 3.)
605 597 701 654 Sermo
722 596 827 669 inquit,
922 597 1051 653 Videntes
1069 601 1160 652 autem
1188 599 1226 664 iri,
1248 600 1316 670 [aad
1341 602 1414 655 eirca
1432 601 1524 670 ipsum
1544 602 1735 670 mannasca

79 687 166 754 ilista,
192 701 279 758 quem
303 685 363 758 ipse
380 686 520 744 Dominus
541 694 627 744 antea
645 687 769 756 dixerat,
792 687 828 744 ad
882 687 1011 753 futurum
1033 690 1112 755 erat,
1141 687 1273 743 dicerunt
1294 689 1319 743 ei
1331 708 1342 744 .·
1363 691 1491 758 Domine,
1520 693 1544 744 si
1567 695 1732 760 percutimus

79 792 91 834 r
106 776 250 848 loquens:
268 777 341 843 Quos
357 776 460 832 dedisti
472 776 541 831 mibi
555 776 700 845 custodivi,
715 781 740 831 et
754 791 830 831 nemo
883 776 913 829 in
931 774 1048 843 aladini
1073 774 1150 846 (1111.
1177 789 1230 846 xx,
1255 775 1312 848 19.)
1339 777 1437 833 Simon
1461 792 1530 849 ergo
1550 779 1660 849 Petrus,
1686 794 1734 837 ar·

86 866 178 937 periit
198 866 256 921 nisi
275 862 350 936 itlius
371 865 538 935 perditionis
560 863 657 935 (Jaaa.
681 865 828 934 111111).
884 863 997 920 dentior
1016 865 1146 931 caeteris,
1164 864 1273 922 babens
1297 865 1445 938 gladium,
1468 867 1570 923 eduxit
1594 882 1680 937 cnm,
1706 876 1734 927 et
1832 924 1840 933 ,

79 953 201 1011 ustinus
223 952 253 1009 in
276 952 405 1022 loanne,
430 967 519 1024 super
540 953 620 1008 bunc
641 951 737 1008 locum
767 952 804 1024 (8)
821 967 828 1007 :
885 951 1024 1021 percussit
1039 967 1155 1010 servum
1177 953 1330 1024 pontilicis,
1348 961 1376 1011 et
1396 954 1518 1012 abscidit
1532 956 1596 1028 ejus
1611 957 1733 1013 auricu-

90 1042 118 1098 si
134 1048 205 1099 tunc
228 1047 422 1110 morerentur,
447 1041 577 1113 perderet
599 1055 657 1109 eos,
679 1041 735 1098 nisi
759 1041 831 1113 quia
883 1040 941 1096 iarn
956 1041 1114 1098 dexteram.
1141 1041 1323 1112 despondens
1336 1051 1433 1101 autem
1456 1045 1538 1101 iesus
1551 1044 1618 1101 ait:
1644 1043 1733 1101 Sinite

79 1144 108 1188 m
135 1130 176 1187 sio
200 1130 230 1188 in
260 1145 328 1187 cum
353 1130 509 1188 credebant
541 1130 687 1203 quomodo
708 1131 830 1189 credunt
884 1129 1182 1195 aequinoctiarum
1205 1130 1600 1204 tetipisseiauriculomejus,
1625 1137 1735 1190 sanavit

79 1233 151 1291 tque
165 1234 224 1278 non
236 1218 384 1290 perituri?
400 1241 412 1269 ι
884 1232 944 1272 enm
959 1217 1051 1288 (ibid,
1072 1217 1128 1290 iit).

79 1334 82 1364 r
107 1308 172 1381 (elz
196 1311 338 1378 «Petrus,
363 1308 388 1365 si
405 1316 509 1382 negato
533 1308 655 1379 Cbristo,
676 1308 746 1367 blnc
766 1308 828 1372 iret,
919 1306 1059 1372 Quaerunt
1080 1307 1129 1365 alii
1153 1321 1170 1364 a
1189 1307 1319 1377 nomino,
1347 1315 1444 1367 utrum
1471 1310 1658 1382 percutiendo
1684 1310 1733 1368 de·

79 1396 147 1454 lind
162 1409 252 1468 qnam
266 1396 394 1468 perirati
410 1418 424 1449 «
441 1397 539 1465 Sinite,
555 1397 660 1470 inquit,
677 1398 724 1454 ias
743 1398 829 1466 abire,
883 1395 971 1452 beant
991 1409 1059 1454 eum
1081 1396 1239 1455 vindicare.
1264 1397 1327 1455 Non
1346 1398 1466 1456 sustinet
1487 1399 1589 1457 Petrus
1613 1414 1733 1471 respon-

79 1498 105 1542 m
121 1484 237 1559 adjecit,
255 1493 283 1542 11
300 1485 392 1556 capite
407 1499 462 1555 me,
484 1500 520 1543 ne
542 1485 673 1543 videlicet
697 1485 830 1558 pietatem
884 1498 959 1552 snm,
980 1491 1012 1541 ut
1035 1485 1135 1542 audiat
1150 1485 1367 1556 documentum;
1388 1502 1441 1545 nec
1460 1502 1627 1546 mensuram
1648 1488 1735 1546 babet

79 1573 159 1643 iens,
183 1574 360 1645 impietatem
374 1588 503 1646 quoqne,
524 1588 614 1646 quam
630 1573 692 1631 lleri
711 1572 828 1645 permit·
845 1580 867 1634 tt
884 1587 965 1631 amor
997 1574 1164 1645 vehemens,
1200 1588 1251 1633 nec
1283 1576 1424 1634 immensa
1454 1577 1581 1634 ebaritas
1613 1577 1734 1635 attendit

79 1661 187 1734 lubere
210 1662 374 1720 rideretur.
396 1663 554 1735 ‚decedens
576 1670 673 1720 autem
703 1663 831 1736 proditor
886 1662 957 1734 quid
971 1662 1100 1720 excedat.
1122 1665 1245 1724 Noverat
1267 1666 1421 1723 llominicec
1437 1664 1668 1724 mansuetudinis
1682 1679 1733 1738 pa·

79 1750 196 1809 minum
223 1751 324 1808 dixit:
347 1751 415 1820 Aue,
439 1752 544 1808 llabbi.
567 1755 603 1808 Et
626 1751 764 1807 oscalatus
791 1755 832 1806 111
886 1751 1024 1820 tientiam,
1052 1766 1140 1824 quem
1163 1753 1225 1824 jam
1245 1755 1312 1811 olim
1330 1746 1532 1826 praedicentem
1551 1767 1635 1812 suam
1664 1767 1736 1826 pas-

79 1840 158 1895 iesus
174 1842 265 1895 autem
280 1839 355 1896 dicit
369 1844 416 1897 ei:
439 1842 543 1912 Amice,
565 1843 602 1898 ad
621 1841 691 1909 quid
707 1838 830 1897 uenisti?
884 1839 993 1897 sionem
1015 1855 1081 1898 curn
1097 1850 1204 1900 secreto
1223 1845 1417 1916 correpsisset,
1441 1844 1539 1902 dicens
1558 1859 1565 1900 ε
1592 1846 1733 1916 Propitius

79 1942 186 1992 ‚xxva
212 1928 268 2001 50.)
292 1928 356 1986 Sive
371 1929 414 1988 uti
437 1929 530 1987 Lucas
547 1930 586 1987 ait
603 1946 609 1986 :
627 1930 716 1997 duda,
740 1929 830 1986 osculo
886 1929 1021 1998 11111111,
1044 1932 1165 2000 bomine,
1188 1947 1223 1987 ne
1245 1936 1295 2003 stat
1316 1933 1364 1988 boc
1384 1933 1496 2003 (1111111.
1522 1946 1584 2001 xm,
1599 1931 1657 2005 11),
1680 1946 1734 1990 an·

90 2015 212 2073 bominis
237 2013 347 2073 tradis?
367 2016 442 2090 (Luc.
458 2033 534 2086 xxti,
553 2019 612 2089 48.)
629 2018 830 2076 llocosculum
885 2017 957 2074 divit
969 2019 1006 2076 ab
1021 2018 1103 2090 ipso:
1132 2020 1208 2076 Vade
1229 2026 1293 2091 post
1310 2038 1361 2084 me,
1386 2021 1502 2090 satana,
1530 2037 1585 2077 non
1603 2025 1680 2093 sapis
1702 2037 1735 2077 ea

79 2106 148 2176 acis,
173 2106 222 2162 sed
238 2106 407 2177 proditionis
429 2107 546 2179 signnm
560 2115 603 2166 est
618 2108 701 2177 illud,
722 2107 756 2164 11
772 2121 830 2178 quo
885 2109 1007 2174 11111111
1031 2112 1097 2164 sunt
1119 2108 1209 2181 (ibid,
1225 2109 1281 2182 13).
1306 2109 1431 2167 Noverat
1449 2117 1477 2167 et
1493 2110 1545 2181 qui
1562 2108 1735 2182 generaliter

79 2208 132 2251 eus
163 2201 400 2253 commemorat:
437 2196 555 2252 diadema
587 2202 678 2253 auten
714 2195 831 2251 traditor
886 2197 945 2267 ipse
972 2195 1122 2267 discipulis
1149 2205 1342 2268 praeceperat,
1370 2198 1485 2256 dicens:
1512 2198 1638 2256 Audistis
1665 2200 1734 2270 quia

79 2297 165 2351 anum
184 2285 233 2347 eis,
249 2282 363 2340 timens:
385 2282 575 2356 Quaecunque
598 2286 735 2341 osculatus
752 2286 831 2352 suero
885 2285 1067 2341 dictumest:
1098 2285 1212 2343 Oculum
1237 2302 1288 2358 pra
1317 2288 1403 2355 ocula,
1433 2287 1540 2343 dentem
1565 2303 1615 2358 pro
1643 2289 1734 2343 dente.

79 2375 110 2435 11,
135 2374 222 2428 aneae
241 2388 312 2441 eum,
336 2377 362 2429 11
381 2373 473 2430 ducite
492 2380 570 2430 caute
593 2373 700 2447 (111111.
724 2388 828 2443 xxxva,
885 2377 942 2443 Epa
958 2379 1049 2430 autem
1068 2374 1128 2431 dico
1141 2375 1216 2432 uobis
1240 2391 1294 2432 non
1314 2379 1441 2432 resistere
1458 2378 1544 2435 malo.
1560 2376 1615 2432 Sed
1632 2377 1658 2431 si
1672 2377 1736 2447 quit

79 2460 145 2517 1111
168 2459 230 2517 dux
251 2474 392 2519 cecorum
419 2468 446 2519 11
467 2461 625 2520 miserrimo
648 2463 828 2531 miserorum,
886 2466 912 2518 11
921 2465 1088 2533 percusserit
1110 2467 1141 2519 ia
1159 2465 1257 2520 deutra
1275 2467 1392 2523 manilio
1413 2470 1471 2534 111,
1489 2465 1582 2538 praba
1604 2467 1630 2521 ei
1651 2470 1677 2521 11
1692 2466 1734 2522 al·

79 2556 104 2606 st
129 2547 170 2605 ita
184 2549 306 2619 cautela,
324 2550 360 2607 ad
385 2564 474 2623 quam
491 2564 540 2608 eos
563 2551 696 2609 bortatur
719 2553 832 2609 insania
886 2555 971 2607 teram
990 2551 1279 2625 (1111111.1,38,39).

82 2644 228 2709 unquam
253 2638 400 2710 sapientias
424 2640 476 2697 Dei
501 2641 658 2712 praeralere
680 2641 831 2699 bominum
923 2639 973 2695 ilis
992 2645 1020 2697 et
1038 2639 1182 2698 similibus
1206 2642 1350 2712 patientiae
1374 2640 1554 2699 documentis
1567 2642 1669 2698 Petrus
1691 2641 1735 2697 in·

79 2739 93 2783 1
116 2725 225 2798 possit.
255 2727 502 2799 impudentissime
529 2729 676 2801 proditor,
702 2730 832 2788 omnium
887 2734 1015 2784 structus
1038 2736 1176 2791 noverat,
1211 2729 1365 2786 bominum
1392 2742 1580 2801 nequaquam
1610 2730 1685 2786 bane
1709 2727 1737 2786 ai

79 2829 123 2873 rm
146 2815 374 2874 abominationes
394 2818 452 2874 tuis
475 2818 639 2890 justificans
664 2819 831 2877 sceleribus.
850 2870 871 2926 G
889 2815 1044 2873 vindictam
1068 2830 1283 2874 concessurum.
1300 2816 1341 2874 lle
1361 2831 1430 2890 ergo
1445 2831 1512 2874 reus
1537 2816 1736 2876 inobedientia

79 2903 197 2962 tsatoris
228 2919 330 2963 curam
354 2904 430 2963 inter
453 2914 569 2965 caeteros
595 2920 612 2964 a
644 2909 763 2966 Domino
786 2924 834 2967 sn·
890 2904 1075 2976 percutiendo
1096 2905 1196 2970 lieret,
1223 2904 1246 2961 si
1269 2905 1324 2962 boc
1346 2919 1516 2977 responsum
1538 2912 1735 2977 exspectaret,

79 3005 144 3059 as,
176 2992 284 3051 loculos
321 2993 454 3063 habens,
491 3003 520 3053 et
552 3010 587 3053 ea
624 3011 689 3070 qnae
723 3005 836 3069 poteras
888 2994 1029 3065 praevenit
1044 2994 1148 3066 ipsum,
1167 3001 1305 3066 unquam
1329 2995 1393 3052 aliis
1407 2994 1437 3051 in
1454 2995 1507 3052 boc
1523 2995 1593 3067 qnid
1608 3001 1735 3067 agerent,

98 3081 285 3152 subripiens,
323 3083 504 3154 marsupium
543 3091 638 3154 tuum,
680 3101 738 3143 non
777 3088 836 3145 Do·
889 3072 1197 3155 praebensex'emptnm
1214 3089 1313 3154 utpote
1329 3084 1462 3156 princeps
1488 3083 1534 3141 rel
1558 3084 1669 3156 primns
1688 3098 1735 3141 eo·

79 3183 128 3227 nm
150 3168 251 3227 volens
272 3183 399 3244 augere,
423 3172 519 3243 ipsum
549 3175 756 3246 praesumpsisti
786 3176 837 3232 bo
888 3186 973 3230 rum:
997 3180 1030 3230 ut
1049 3172 1124 3229 sicut
1137 3172 1226 3230 indas
1240 3186 1277 3229 ex
1300 3171 1420 3230 adversa
1442 3180 1523 3245 parte
1546 3172 1606 3231 dux
1624 3180 1686 3230 erat
1701 3171 1738 3229 ad

79 3270 101 3314 n
119 3258 256 3328 vendere,
277 3265 304 3315 et
323 3259 353 3316 in
368 3258 459 3330 pretio
474 3262 604 3332 pecuniae
624 3263 719 3333 ipsum
735 3263 836 3321 mnndi
890 3259 1040 3330 malitiam,
1056 3260 1097 3316 sic
1111 3260 1162 3318 iste
1183 3260 1213 3317 in
1227 3260 1288 3317 acie
1310 3261 1426 3317 Domini
1440 3261 1502 3318 dux
1523 3261 1602 3318 ileret
1617 3261 1654 3317 ad
1670 3260 1738 3318 vin-

79 3360 114 3404 m
138 3359 253 3417 ponere.
277 3347 320 3403 Ad
343 3348 495 3406 cumulum
520 3350 635 3408 malitiae
659 3359 736 3420 tuae,
762 3353 838 3423 ipsos
890 3350 1006 3407 dictam.
1030 3349 1106 3407 Dum
1129 3363 1199 3423 ergo
1218 3349 1268 3407 alii
1287 3356 1424 3423 quarunt
1445 3364 1483 3406 an
1504 3349 1668 3422 percutiant
1688 3349 1740 3408 iste

79 3442 134 3507 ptae
156 3435 326 3506 proditionis
358 3436 467 3508 gradus
500 3438 631 3507 intuere,
663 3443 696 3496 ut
725 3440 838 3498 nullam
890 3444 1042 3510 percutere
1057 3452 1115 3495 non
1137 3438 1281 3507 differens,
1303 3439 1461 3496 materialis
1476 3439 1564 3512 gladii
1580 3438 1740 3497 vindictam

79 3522 231 3581 mationem
257 3523 443 3597 impudentia
467 3525 562 3584 deesse
590 3541 746 3600 cognoscas
769 3542 839 3601 pro·
892 3534 1015 3598 usurpat
1043 3527 1097 3585 sibi
1123 3540 1311 3600 nequaquam
1342 3529 1534 3586 commissam.
1568 3529 1649 3587 Unde
1672 3535 1741 3585 eta

80 3612 91 3670 i
114 3620 193 3670 tuae.
218 3615 284 3686 lpsa
314 3622 396 3672 nocte
419 3629 479 3686 qua
512 3617 655 3674 tractabas
679 3633 746 3675 eum
776 3626 837 3675 tra·
892 3616 1013 3672 Domino
1033 3615 1095 3672 sine
1116 3630 1198 3674 mora
1219 3616 1386 3689 corrigitur.
1404 3616 1484 3685 Quod
1507 3624 1604 3675 tamen
1619 3632 1677 3675 non
1692 3630 1741 3674 re-

79 3698 116 3757 ad
131 3714 244 3758 coenam
268 3716 444 3774 presumens
459 3704 601 3775 accedere,
619 3706 648 3762 in
670 3708 733 3778 ejus
757 3721 839 3779 paro·
892 3712 935 3761 cte
958 3710 1028 3760 tnnc
1042 3711 1155 3776 gestum
1174 3712 1216 3762 est
1241 3706 1269 3761 in
1293 3719 1387 3776 opere,
1406 3706 1436 3762 in
1461 3707 1595 3777 mysterio
1609 3719 1742 3778 ,vacnum

79 3830 85 3858 ,
107 3802 231 3848 uranum
251 3792 420 3850 sceleratam
442 3800 469 3850 et
492 3801 633 3866 tanquam
656 3795 747 3866 ipsius
769 3810 839 3853 san·
891 3800 934 3850 est
955 3793 1168 3864 assumptione.
1193 3795 1270 3850 Luca
1293 3794 1400 3865 qnippe
1419 3794 1581 3864 referente,
1606 3795 1742 3852 norimus

100 3887 283 3938 cruentatam
302 3881 427 3939 inserere
449 3897 507 3940 uon
530 3883 662 3952 timuisti,
678 3890 711 3941 ut
732 3885 786 3942 boc
801 3884 840 3941 ia·
892 3880 965 3937 duos
990 3879 1100 3954 gladios
1123 3883 1154 3938 in
1178 3895 1259 3938 cmna
1288 3882 1401 3939 Domini
1434 3881 1540 3940 luisse.
1565 3882 1610 3939 Sic
1634 3883 1742 3954 quippe

79 3969 144 4026 nasi
163 3977 231 4027 teste
251 3977 308 4027 tuae
336 3971 518 4031 conscientiae
543 3973 623 4030 bonae
650 3988 763 4031 omnem
787 3988 840 4030 su·
893 3969 1090 4040 scriptumest
1106 3968 1284 4038 deliomino,
1302 3977 1329 4027 et
1345 3970 1511 4041 discipulis:
1528 3973 1564 4027 lit
1586 3970 1658 4026 dicit
1682 3973 1739 4027 eis:

78 4072 148 4117 nem
168 4066 224 4117 ate
239 4074 411 4117 removeres.
431 4060 554 4117 Consors
574 4061 601 4118 in
617 4063 839 4135 participatione
894 4057 1008 4128 Quando
1031 4058 1095 4113 misi
1109 4073 1156 4114 vos
1178 4060 1237 4114 sine
1253 4059 1369 4125 saccata,
1385 4064 1412 4115 et
1427 4074 1506 4130 pera,
1532 4065 1557 4114 et
1576 4059 1741 4113 1111111111-

79 4146 172 4205 'eteris
187 4162 277 4220 quam
301 4149 369 4207 novi
394 4150 518 4221 pasclrae,
535 4165 568 4207 ac
584 4151 715 4223 deinceps
730 4153 759 4209 in
776 4152 840 4224 ipsa
895 4149 940 4213 tis,
964 4147 1092 4214 nunquid
1111 4147 1202 4216 defuit
1225 4146 1320 4203 111111
1336 4149 1376 4204 At
1397 4149 1441 4204 ilii
1465 4148 1597 4204 dicerunt
1620 4162 1627 4203 :
1653 4145 1741 4205 iiiiii.

80 4234 146 4293 ione
159 4250 226 4293 eum
241 4245 273 4294 nt
298 4239 471 4311 magistrum
496 4238 636 4304 salutans,
657 4248 733 4298 elul
752 4241 840 4312 lupus
855 4208 878 4265 D
893 4237 972 4290 llicit
994 4251 1058 4305 erpo
1072 4237 1133 4292 eis:
1159 4236 1214 4294 Sed
1232 4253 1316 4308 nune,
1336 4241 1384 4308 qui
1403 4238 1482 4293 babel
1501 4237 1648 4307 sacculum,
1666 4235 1743 4292 tollat

79 4336 103 4381 m
123 4323 268 4392 osculana,
289 4325 329 4382 titi
353 4325 531 4397 perditionis,
548 4342 565 4384 a
587 4337 737 4386 mansueto
760 4337 840 4401 patre
895 4324 1024 4380 simililer
1037 4329 1064 4380 11
1080 4341 1187 4396 paam,
1203 4331 1230 4382 11
1250 4328 1299 4394 qui
1321 4343 1375 4382 noa
1390 4327 1477 4391 babet,
1503 4327 1603 4383 vendat
1623 4327 1744 4382 tunicam

83 4426 91 4468 :
115 4412 220 4481 111111,
241 4413 279 4469 11
303 4414 371 4486 quid
385 4416 503 4473 oenisiii
517 4416 614 4473 Amice
629 4417 757 4489 quidem,
782 4431 841 4474 non
894 4430 984 4483 tuam,
1008 4418 1035 4470 et
1058 4419 1130 4470 emat
1147 4416 1287 4484 prndium.
1316 4417 1381 4472 iiico
1406 4421 1477 4472 enim
1495 4417 1592 4484 cobis,
1615 4418 1745 4485 11111111

79 4512 103 4569 1,
129 4500 178 4557 sed
202 4510 305 4572 amala,
323 4517 380 4561 non
402 4504 533 4578 diligens
555 4505 604 4562 sed
618 4505 729 4574 dilecte,
746 4521 840 4579 quau·
895 4502 983 4558 adbuc
1003 4503 1077 4575 qaod
1096 4508 1230 4576 scriptam
1254 4508 1295 4561 est
1316 4509 1422 4576 oportet
1442 4506 1552 4578 impleri
1571 4509 1601 4560 in
1624 4521 1682 4560 me:
1709 4506 1746 4560 at

79 4588 113 4646 ad
128 4588 335 4647 exhibitionem
359 4592 563 4651 familiaritatis
584 4601 611 4651 11
626 4596 769 4653 amicitiae.
794 4596 842 4652 ad
894 4606 955 4646 cum
968 4592 1072 4663 iniquis
1088 4593 1234 4664 deputatus
1250 4598 1299 4649 est.
1323 4597 1432 4650 Etenim
1450 4610 1481 4650 ea
1497 4610 1557 4666 qua
1572 4597 1636 4650 11111
1651 4593 1685 4648 de
1702 4608 1745 4648 mc

95 4674 203 4748 inquit,
218 4679 335 4735 11111111
358 4687 498 4752 tanquam
518 4681 541 4738 si
565 4682 688 4739 diceret:
708 4684 839 4752 Attende,
894 4683 975 4751 tinem
999 4681 1116 4737 babent.
1142 4683 1182 4738 nt
1200 4684 1245 4737 itii
1262 4683 1393 4739 dicerunt
1417 4702 1426 4739 ε
1450 4686 1584 4750 Domine,
1608 4698 1667 4738 eoae
1689 4681 1744 4737 duo

89 4805 98 4835 ,
123 4774 266 4837 quantam
289 4769 350 4826 sine
382 4783 470 4827 causa
495 4770 648 4841 praesumis
669 4773 840 4830 exsecratio
895 4767 985 4838 aladii
1001 4769 1054 4826 lie.
1079 4772 1119 4826 At
1138 4772 1185 4826 ille
1210 4771 1282 4827 dicii
1309 4775 1368 4828 eis:
1391 4773 1464 4830 Satis
1487 4777 1535 4828 est.
1561 4776 1597 4829 nt
1621 4786 1745 4840 epressuc

90 4868 160 4912 cum
177 4856 320 4927 praedictis
340 4858 479 4931 gradibus
500 4859 536 4916 ad
556 4867 722 4932 conceptam
745 4875 843 4933 parve·
895 4858 954 4913 ibat
977 4861 1127 4915 secundum
1149 4863 1373 4917 consuetudinem
1395 4866 1426 4916 in
1450 4866 1566 4917 mantem
1589 4860 1743 4918 olivarum.

79 4942 252 5001 bilitionem.
269 4947 301 5004 Iu
317 4961 376 5018 quo
389 4955 417 5004 et
438 4948 586 5012 Dominus,
605 4949 722 5021 signnm
746 4952 842 5022 prodi·
894 4945 987 5003 Secuta·
1002 4955 1068 5005 sunt
1091 4955 1182 5005 autem
1196 4949 1275 5006 ilium
1291 4954 1317 5006 ei
1339 4950 1471 5021 discipuli
1487 4951 1565 5024 (due.
1590 4964 1661 5013 xxti,
1687 4947 1743 5020 ³5).

99 5030 256 5102 detestans,
279 5035 338 5091 ait:
363 5035 451 5103 iuda,
484 5038 576 5092 osculo
601 5039 703 5093 Filiam
725 5039 842 5097 11111111
932 5035 1071 5095 sarculus
1091 5038 1184 5111 major
1198 5045 1241 5096 est
1265 5051 1354 5109 quam
1378 5051 1457 5110 pera,
1479 5047 1507 5096 11
1532 5038 1594 5095 1111
1612 5051 1743 5094 necessa·

79 5120 101 5176 11
116 5119 179 5178 1111
193 5129 253 5178 est:
272 5124 337 5188 cur,
353 5124 462 5193 inielix,
478 5125 610 5183 osculum
627 5127 656 5184 in
677 5127 760 5200 signo
776 5141 841 5200 pro·
897 5123 959 5180 rius
972 5131 1015 5182 est
1029 5126 1066 5183 ad
1088 5127 1280 5197 plurimorum
1300 5126 1438 5185 uiaticum
1453 5127 1652 5186 deferendum.
1676 5128 1748 5186 Pera

79 5207 109 5266 is
128 5208 251 5284 elegisti,
271 5213 350 5284 qnod
373 5212 449 5271 inter
467 5214 596 5273 inimicos
620 5214 706 5274 ettam
729 5232 844 5275 summa
898 5225 966 5269 vero
981 5212 1105 5286 singulis
1123 5213 1256 5271 suidcere
1270 5213 1396 5272 videtur.
1414 5215 1489 5273 Bene
1504 5229 1572 5290 erpo
1596 5216 1746 5287 Dominus,

79 5296 142 5357 atio
165 5298 236 5357 solet
265 5314 326 5358 esse
356 5302 460 5374 pacis?
491 5303 688 5364 intelicissimo
711 5307 843 5367 amnium
898 5300 968 5358 dnm
1003 5314 1131 5373 presens
1161 5301 1207 5360 bic
1239 5311 1330 5369 osset,
1356 5316 1459 5362 eorum
1485 5305 1748 5366 necessitudinibus

81 5473 192 5534 Patrol.
209 5481 279 5536 tom.
295 5473 411 5549 XXXV,
425 5477 479 5538 col.
499 5478 576 5535 1131.
936 5478 976 5553 (i)
995 5479 1081 5548 ibid,
1095 5477 1149 5538 col.
1167 5480 1245 5538 11111.
