3804 5962
521 301 723 360 runcinum
743 302 963 361 CHRISTIANA.
984 334 1017 344 -
1036 305 1102 361 ΗΒ.
1123 303 1154 360 v.
1644 305 1712 364 tare

79 423 106 480 in
128 422 212 481 nobis
223 422 367 494 judicium
404 423 512 482 lactum
525 432 567 482 εει
581 441 641 482 εοε
662 425 715 483 erit
734 427 800 483 sim·
817 429 842 482 A
857 429 965 499 qnippe
987 434 1103 497 propter
1127 424 1360 497 syllogismorum
1389 424 1601 496 complexiones
1626 428 1711 486 indu·

79 527 100 581 ε,
133 519 243 584 quanto
276 512 368 584 magis
404 513 516 584 pliciter
539 515 754 573 concedendum
777 523 810 573 ει
864 517 955 581 cebat,
979 514 1140 585 inquibus
1167 527 1219 584 pcr
1255 514 1452 571 inductionem
1487 515 1712 586 impossibilium
1820 563 1824 570 ,

79 615 155 657 mme
189 611 232 657 est
262 601 368 667 bonus,
406 602 515 658 bouum
545 611 618 660 εεεει
640 604 711 661 illud
735 604 807 673 fieri,
863 602 1079 663 conclusionem
1102 602 1292 674 impossibilia
1328 617 1390 659 csse
1429 605 1576 673 praemissa
1608 607 1712 664 convi-

79 688 212 745 rnullius
227 690 367 758 operatio·
405 704 472 745 cum
483 705 567 763 aeque
585 706 753 749 concessum
773 694 810 748 sit
863 699 1047 749 cturuserat.
1066 692 1135 759 Quis
1149 700 1248 748 autem
1264 691 1455 748 necessariam
1478 706 1584 764 negare
1608 696 1712 752 audeat

78 777 129 836 bor
161 790 285 848 gravere
318 791 367 847 po·
408 785 467 834 tam
483 778 537 835 boc
550 794 638 851 quam
655 781 727 837 illud
747 781 810 838 lieri
863 789 891 838 et
919 781 1010 852 hujus
1034 780 1295 851 argumentationis
1314 779 1522 837 inferentiam:
1542 783 1628 839 lstca
1651 785 1711 841 beo

93 865 242 933 Quomodo
278 873 377 922 autem
414 867 524 923 bonum
547 882 617 924 csse.
646 868 723 925 Fecit
752 868 809 924 ita·
865 870 1005 938 salvatur,
1021 882 1089 939 ergo
1104 869 1181 925 Deus
1198 869 1277 925 bunc
1292 867 1412 925 salvat?
1436 868 1509 926 Cum
1530 871 1629 942 itaque
1645 886 1710 942 pos-

79 960 201 1025 ·,potest
231 954 307 1010 Deus
345 954 369 1010 si
407 968 464 1023 quc
510 956 587 1011 Deus
623 957 701 1026 quod
749 971 809 1012 non
865 956 947 1014 sibile
971 957 1007 1012 sit
1033 956 1170 1022 inlerens,
1198 956 1331 1026 possibile
1355 965 1439 1013 estet
1466 957 1590 1015 illatum.
1610 959 1709 1030 Atque

79 1042 183 1098 rlicitl
211 1046 268 1098 Aut
288 1056 361 1112 quc·
398 1050 459 1098 erat
497 1043 553 1114 (34)
580 1043 688 1100 bonum
722 1043 809 1101 deri?
865 1044 906 1101 ita
920 1046 944 1101 si
960 1044 1095 1115 possibile
1111 1045 1147 1101 sit
1173 1045 1251 1101 bunc
1270 1045 1376 1101 saltari
1393 1059 1410 1101 a
1434 1046 1501 1114 Dec,
1519 1046 1656 1117 possibile
1670 1052 1714 1104 εει

79 1137 221 1199 natusest,
244 1131 267 1185 si
291 1130 369 1200 quod
407 1131 490 1187 absit.
518 1131 599 1198 Quod
619 1133 642 1187 si
672 1132 743 1189 illud
765 1147 807 1189 sc·
866 1134 956 1189 Deum
971 1134 1051 1189 bunc
1073 1133 1204 1203 salvare;
1218 1140 1246 1190 et
1272 1135 1297 1189 si
1312 1148 1370 1190 uon
1399 1134 1436 1190 sit
1464 1134 1598 1205 possibile
1621 1136 1714 1193 ileum

89 1226 118 1276 et
163 1219 250 1275 etiam
274 1222 365 1289 potest
401 1218 463 1275 lum
481 1219 559 1289 quod
583 1219 651 1276 lacit
678 1220 741 1276 lieri
773 1220 809 1277 ab
865 1221 945 1277 bunc
968 1221 1090 1289 salvare,
1126 1236 1183 1277 non
1211 1229 1253 1278 est
1272 1222 1407 1292 possibile
1433 1221 1550 1280 hunca
1577 1224 1635 1281 Deo
1654 1225 1712 1282 sal·
1765 1247 1769 1251 ·

79 1307 368 1365 ittsedetsiminus
404 1321 436 1363 ec
466 1307 577 1363 bouum
600 1316 653 1376 est,
683 1309 810 1379 prolecto
865 1310 928 1365 vari
945 1311 1019 1366 :boc
1046 1318 1098 1377 est,
1111 1316 1143 1366 ut
1169 1324 1259 1380 supra
1292 1311 1452 1381 posuimus,
1490 1311 1514 1368 si
1540 1326 1598 1369 non
1623 1321 1715 1384 potest

79 1403 143 1453 aret
171 1409 260 1467 quam
298 1410 366 1465 pos·
404 1394 476 1451 illud
511 1395 604 1452 solum
638 1396 715 1467 quod
744 1397 811 1454 lacit
866 1399 943 1454 Deus
958 1398 1038 1455 bunc
1061 1398 1185 1466 salvare,
1210 1399 1313 1470 ntique
1330 1413 1383 1456 nec
1407 1401 1589 1471 ipsesalvari
1612 1415 1630 1458 a
1655 1403 1714 1461 Dec
1754 1453 1763 1461 .

79 1481 170 1539 triecte
195 1482 287 1538 bonus
308 1495 366 1537 non
404 1481 497 1538 lacere
522 1490 622 1552 potest,
650 1484 701 1554 qui
737 1482 810 1539 nibil
864 1493 966 1556 potest,
983 1499 1017 1542 ac
1035 1500 1086 1556 per
1110 1487 1164 1542 boc
1180 1501 1233 1543 uec
1253 1487 1371 1545 omnmo
1387 1487 1504 1558 salvari,
1532 1503 1620 1559 qucm
1639 1503 1713 1547 ncn-

79 1572 155 1628 Facit
188 1572 286 1641 itaque
311 1584 371 1626 cm·
408 1571 502 1627 lacero
536 1577 634 1641 potest,
659 1570 713 1628 nisi
734 1570 811 1642 quod
865 1573 921 1629 nisi
937 1588 988 1644 per
999 1575 1090 1631 licum
1116 1574 1224 1631 salvari
1249 1588 1330 1645 posse
1352 1583 1477 1633 constat.
1502 1576 1628 1644 Quodsi
1652 1577 1708 1635 sal·

79 1666 210 1731 epotest
234 1659 318 1722 Deus,
342 1665 370 1714 ει
407 1658 443 1714 ab
470 1673 504 1715 eo
535 1658 598 1715 lteri
626 1659 734 1715 bonurn
757 1666 808 1716 εει.
826 1639 848 1695 Β
865 1662 997 1719 variiste
1019 1676 1078 1719 non
1094 1670 1195 1733 potest,
1211 1663 1337 1733 prolecto
1352 1662 1476 1720 liberum
1503 1664 1564 1736 J'am
1578 1665 1653 1738 perit
1666 1680 1716 1723 ar·

79 1797 81 1805 .
116 1748 190 1805 bene
220 1754 365 1819 qnantum
866 1748 996 1818 binium,
1012 1749 1180 1821 frustraque
1198 1750 1308 1807 bomini
1324 1750 1364 1807 illi
1392 1765 1427 1808 ea
1441 1766 1508 1822 qne
1528 1753 1564 1809 ad
1580 1753 1715 1810 salvatio·

80 1837 210 1896 sednon
234 1849 344 1892 cessare
364 1835 400 1892 ab
419 1836 454 1893 iis
468 1838 559 1907 potest
585 1850 651 1907 qum
675 1834 754 1903 lacit,
778 1842 813 1892 ut
867 1852 932 1894 nem
948 1839 1092 1909 pertinent
1107 1837 1316 1910 injunguntur,
1334 1838 1387 1910 qni
1403 1839 1508 1897 salvari
1527 1841 1734 1907 omnincnon,

79 1933 100 1984 ει
115 1940 150 1982 ea
162 1933 232 1983 tunc
251 1938 309 1980 non
336 1923 421 1980 iaciat
437 1923 554 1996 quando
570 1923 706 1981 iacienda
732 1931 811 1980 sunt.
866 1933 958 1997 potest
971 1939 1024 1983 nec
1042 1939 1077 1982 ea
1098 1926 1190 1982 lacere
1204 1926 1313 1996 quibus
1340 1925 1448 1984 salvari
1461 1935 1561 1999 potest.
1577 1928 1715 1986 Similiter

88 2016 113 2072 si
129 2020 285 2071 cessareta
306 2012 387 2068 bonis
404 2026 471 2082 quae
487 2018 590 2083 posset,
618 2025 733 2068 cumea
747 2011 810 2067 lieri
866 2016 920 2070 etsi
934 2014 1017 2070 illum
1038 2014 1126 2089 Deus·
1136 2013 1281 2070 meliorem
1297 2013 1390 2071 lacere
1405 2030 1464 2072 non
1490 2023 1590 2087 potest,
1612 2018 1716 2089 utique

79 2109 121 2171 et,
146 2101 272 2173 prolecto
286 2108 313 2158 et
335 2115 371 2158 ex
385 2101 439 2157 boc
467 2114 526 2156 nou
540 2114 601 2157 esse
623 2098 745 2169 perfecte
762 2099 813 2157 bc·
867 2116 919 2158 nec
934 2103 993 2172 ipse
1008 2101 1045 2157 ab
1058 2115 1090 2158 εε
1102 2101 1203 2159 melior
1223 2102 1284 2159 deri
1295 2110 1485 2175 potcstatquu
1507 2104 1548 2162 ita
1571 2120 1624 2163 nec
1641 2105 1713 2163 nllu-

79 2183 283 2249 envinceudus
301 2197 383 2247 esset.
413 2190 553 2246 Praeterea
579 2201 761 2259 quecunque
787 2188 813 2244 ei
867 2190 951 2246 modo
966 2189 1067 2245 melior
1082 2189 1153 2257 deri,
1168 2190 1247 2260 quod
1262 2191 1365 2262 utique
1379 2191 1403 2248 si
1428 2192 1517 2256 deret,
1534 2207 1552 2249 a
1567 2195 1625 2251 Deo
1648 2194 1716 2252 lieri

78 2281 143 2337 liter
171 2280 280 2347 insunt,
308 2292 406 2336 carcre
428 2291 487 2335 non
523 2283 630 2346 potest:
652 2275 680 2331 Si
705 2283 812 2343 autem,
868 2292 981 2335 necesse
1002 2285 1084 2335 esset.
1096 2278 1180 2334 Absit
1204 2287 1301 2336 antem
1315 2287 1348 2337 nt
1357 2280 1485 2352 aliquem
1512 2291 1644 2340 nostrum
1664 2284 1714 2340 ad·

78 2382 190 2425 necesse
214 2375 240 2424 et
260 2381 372 2423 summe
400 2366 509 2422 bonum
535 2378 596 2422 esse
623 2366 710 2434 atque
733 2363 812 2420 beni·
868 2381 900 2423 eo
923 2367 1031 2424 bonum
1055 2381 1116 2423 esse
1136 2368 1328 2425 concedamus
1348 2382 1382 2424 ac
1397 2369 1566 2440 perlectum,
1585 2378 1618 2427 ut
1638 2370 1717 2429 ulte·

94 2457 189 2514 necin
203 2471 258 2513 sua
279 2455 373 2512 minui
398 2468 477 2524 posse
505 2453 641 2521 bonitate,
666 2452 741 2508 bona
762 2466 814 2509 vo·
868 2455 930 2512 rius
947 2469 1073 2532 crescere
1095 2469 1154 2511 uon
1169 2457 1267 2526 possit,
1283 2469 1455 2528 quanquam
1477 2457 1508 2513 in
1536 2459 1715 2516 contrarium

83 2546 256 2605 naturaliter
271 2559 304 2601 ac
320 2541 548 2600 substantialiter
565 2542 647 2609 ineat,
664 2555 723 2598 nou
736 2540 814 2598 sicut
869 2544 947 2600 Plato
959 2542 1118 2613 plurimum
1134 2543 1278 2601 declinare
1293 2545 1426 2602 videatur
1441 2548 1623 2616 sententiam,
1647 2561 1715 2604 cum

83 2649 134 2706 per
147 2635 287 2692 accidens.
305 2633 387 2690 Unde
399 2645 463 2688 cam
486 2644 576 2702 quam
590 2630 678 2687 babet
706 2629 811 2686 bonam
868 2633 965 2689 omnia
977 2645 994 2687 a
1008 2633 1064 2688 ileo
1079 2638 1137 2687 tam
1152 2632 1230 2688 bona
1242 2631 1305 2688 lieri
1327 2632 1414 2701 dicat,
1442 2642 1589 2704 quantum
1610 2637 1715 2706 singu·

79 2731 148 2782 atem
177 2723 319 2793 deponere
342 2735 401 2777 uun
426 2727 526 2790 potest,
557 2732 646 2789 quarn
668 2724 696 2775 et
723 2716 814 2773 Deum
869 2720 964 2777 lorum
994 2718 1131 2789 permittit
1153 2726 1270 2789 natura,
1289 2725 1317 2774 et
1332 2720 1424 2775 beum
1447 2732 1483 2776 ex
1503 2720 1565 2791 ipsa
1591 2734 1706 2779 summa

79 2813 158 2871 ncedi
179 2811 323 2869 convenit.
347 2812 558 2878 Quamcunque
586 2807 684 2877 itaque
707 2805 814 2862 bonam
868 2821 922 2865 sua
937 2807 1012 2864 bona
1026 2806 1184 2872 voluntate,
1200 2819 1260 2875 qua
1274 2806 1405 2863 omnium
1426 2805 1625 2865 lacieudcrnm
1642 2823 1716 2867 cau-

88 2901 278 2968 voluntatem,
301 2911 471 2955 carerenon
497 2903 611 2967 potest;
639 2908 753 2950 necesse
772 2901 816 2950 εει
869 2909 931 2952 sam
957 2894 1112 2962 constituit,
1142 2893 1179 2950 ad
1207 2894 1371 2952 laciendum
1380 2894 1498 2966 singula
1522 2897 1713 2967 compulsum,

79 2997 108 3050 ut
126 2989 223 3046 omnia
249 3001 315 3059 quae
327 2986 401 3052 vuit,
419 2986 479 3055 ipse
496 2984 575 3041 velit.
590 2982 644 3040 Sed
660 2996 713 3039 nec
727 2981 817 3038 inelll·
831 2979 855 3040 G
870 2990 897 3039 ει
911 2982 947 3038 ad
962 2980 1127 3038 laciendum
1140 2988 1254 3037 tantum
1264 2981 1354 3051 bona,
1375 2988 1520 3052 qnantum
1539 2996 1640 3041 eorum
1662 2983 1717 3041 lert

78 3094 103 3136 ts
117 3079 261 3144 ,voluntas
284 3091 346 3133 εεεε
366 3081 477 3146 potest;
502 3086 617 3129 necesse
632 3078 675 3128 εει
692 3085 761 3142 ergo
784 3079 817 3126 ut
870 3077 899 3129 et
917 3076 1032 3127 natura.
1044 3069 1090 3126 Sic
1105 3069 1364 3141 quippcscriptum
1386 3077 1428 3127 est
1443 3069 1474 3126 in
1488 3070 1594 3128 Timaeo
1609 3087 1617 3127 :
1635 3094 1649 3123 ι(
1667 3072 1717 3128 bi·

79 3181 155 3240 nque
170 3166 235 3223 nult
249 3166 310 3235 ipse
338 3161 479 3235 perficiat,
506 3175 574 3218 eum
596 3172 660 3216 eam
683 3157 816 3216 videlicet
871 3158 1005 3224 cendum,
1039 3157 1145 3228 inquit,
1171 3158 1218 3214 cui
1245 3157 1376 3214 conditor
1395 3157 1609 3230 fabricatorque
1632 3159 1718 3231 geni-

79 3253 323 3319 tusvoinntatem,
351 3264 417 3323 quae
431 3250 468 3306 ad
484 3249 576 3319 ipsius
595 3248 719 3319 pertinet
742 3247 817 3304 ordi·
870 3253 944 3305 turae
962 3260 1048 3304 omne
1074 3245 1130 3302 hoc
1161 3246 1372 3303 instituendum
1397 3247 1552 3317 putaverit.
1585 3249 1719 3320 Optimus

79 3357 129 3398 em.
160 3342 226 3399 istis
244 3355 312 3411 ergo
337 3338 502 3395 rationibus
525 3335 714 3392 astruendum
740 3334 816 3391 vide·
870 3344 943 3393 erat.
968 3335 1012 3393 Ab
1040 3335 1149 3405 optimo
1164 3347 1250 3405 porro
1273 3334 1385 3392 invidia
1410 3334 1495 3407 longe
1520 3336 1646 3408 relegata
1665 3345 1718 3395 est.

79 3431 124 3489 tud
138 3430 224 3501 plura
238 3431 313 3486 Deus
328 3427 496 3484 nullatenus
518 3424 612 3481 iacere
627 3424 714 3494 possit
728 3436 817 3494 quam
871 3424 973 3495 ltaque
985 3423 1250 3493 consequentersni
1269 3422 1375 3479 similia
1387 3432 1502 3492 cuncta,
1523 3431 1608 3495 prout
1620 3424 1718 3497 cujus·

92 3526 145 3576 εει
171 3518 275 3574 melius
296 3515 399 3583 lacere,
426 3520 477 3571 aut
491 3513 528 3569 ab
543 3514 590 3569 bis
616 3526 738 3580 cessare,
768 3510 817 3567 sed
872 3526 929 3583 que
953 3521 1060 3570 natura
1083 3524 1175 3582 capax
1204 3510 1393 3568 beatitudinis
1420 3525 1480 3568 esse
1510 3513 1720 3582 poteratleldci

86 3607 126 3663 ita
136 3613 170 3664 ει
184 3606 252 3663 lacit
262 3604 425 3661 necessario
437 3601 543 3659 lacere.
577 3600 629 3657 Sed
644 3600 819 3656 rursussin·
870 3600 972 3657 voluit.
988 3599 1081 3666 Quam
1106 3599 1223 3669 quidem
1237 3598 1418 3655 voluntatem
1445 3600 1496 3656 Dei
1512 3601 1657 3673 originem
1677 3616 1721 3660 re·

87 3696 151 3754 istis
187 3693 363 3750 difficillimae
388 3697 547 3748 occurrunt
571 3688 755 3759 objectiones,
785 3692 819 3745 ut
871 3702 939 3746 rum
960 3687 1149 3744 certissimam
1172 3687 1197 3742 si
1217 3686 1285 3757 quis
1298 3692 1395 3756 ponat,
1422 3694 1498 3744 recte
1521 3702 1590 3744 eum
1616 3696 1721 3760 putare

79 3799 101 3842 te
133 3797 224 3841 cornu
252 3781 379 3854 graviter
404 3779 490 3835 fidem
516 3784 643 3833 nostram
674 3781 818 3847 oppugnet
872 3775 1060 3833 consentiam.
1086 3773 1193 3832 volens
1221 3773 1365 3844 siquidem
1396 3774 1472 3831 Dens
1501 3774 1577 3831 bona
1599 3775 1720 3847 quidem
1779 3763 1783 3778 '

79 3874 145 3931 exio.
156 3872 226 3940 Quis
237 3871 314 3928 euim
329 3883 434 3941 negare
450 3867 557 3924 audeat
584 3866 662 3937 quod
675 3877 733 3920 εοε
751 3876 820 3934 pos-
872 3864 970 3922 omnia
986 3862 1147 3934 provenire,
1164 3860 1233 3917 mali
1252 3874 1338 3932 porro
1363 3860 1484 3928 nullius,
1511 3870 1598 3932 prout
1619 3876 1721 3921 eorum

79 3976 175 4021 iseum
190 3960 242 4031 qui
267 3957 452 4016 damnandus
480 3962 522 4012 εει
544 3954 665 4020 salvare,
691 3959 742 4008 aut
761 3966 818 4008 mc·
873 3967 939 4024 quae
954 3957 1118 4007 nascuntur
1133 3957 1239 4005 natura
1268 3948 1332 4015 lert,
1349 3946 1469 4019 reliquit
1488 3950 1720 4021 propaginem.»

96 4051 180 4108 illum
195 4050 245 4120 qui
274 4046 433 4105 salvandus
447 4051 489 4101 est
515 4042 621 4112 iacere,
648 4054 738 4112 quam
761 4040 820 4110 ipse
874 4042 909 4097 Et
918 4041 979 4097 baec
994 4038 1112 4111 quidem
1136 4037 1262 4094 Platonis
1289 4036 1380 4094 rerba
1396 4036 1482 4108 plane
1502 4037 1601 4095 omnia
1623 4052 1642 4095 a
1664 4041 1722 4097 beo

79 4134 302 4196 ssitccllationc
326 4146 446 4191 suornm
470 4131 621 4196 donorum,
638 4125 820 4184 automuinc
874 4135 933 4186 tam
953 4128 1030 4184 bona
1049 4127 1111 4183 fieri
1138 4125 1290 4197 perbibere
1323 4124 1471 4195 videntur,
1495 4134 1640 4198 quantum
1658 4127 1723 4186 licri

79 4242 116 4286 tse
136 4242 173 4284 ne
197 4239 264 4283 eum
280 4236 412 4295 nuquam
441 4216 578 4276 crearet?
598 4216 708 4286 Quippe
723 4215 747 4271 si
762 4228 820 4270 non
876 4219 1091 4287 bonapossunt,
1113 4214 1159 4272 vel
1172 4223 1316 4287 quantum
1332 4214 1390 4284 ipse
1411 4228 1445 4271 ca
1464 4214 1541 4272 bona
1559 4214 1652 4274 lacere
1674 4231 1724 4288 pc-

89 4317 165 4373 lleus
183 4314 263 4371 bunc
278 4311 400 4376 salvare,
428 4308 530 4379 utique
555 4318 607 4361 nec
633 4304 692 4375 ipse
714 4301 820 4359 salvari
877 4314 940 4364 test.
954 4305 1046 4372 Quam
1069 4303 1157 4360 etiam
1184 4303 1327 4360 rationem
1348 4303 1441 4358 sancti
1462 4303 1553 4361 secuti
1572 4304 1723 4373 videntur,

84 4411 184 4476 potest.
202 4400 368 4459 Necessaria
394 4397 501 4468 quippe
515 4400 557 4450 est
581 4393 643 4449 baec
665 4391 824 4462 reciproca·
875 4409 942 4453 cnm
969 4394 1060 4451 Deum
1092 4392 1205 4448 Patrem
1231 4391 1386 4461 probarent
1402 4391 1509 4448 Filium
1530 4397 1589 4449 tam
1614 4392 1724 4453 bouum

79 4491 253 4551 consecutio.
270 4488 352 4553 Quod
368 4487 392 4542 si
409 4486 461 4541 iste
473 4483 602 4540 salvatur
626 4494 644 4536 a
665 4480 732 4549 Deo,
749 4481 824 4537 bens
877 4483 1021 4557 genuisse,
1039 4487 1184 4553 quantum
1198 4481 1302 4550 potuit,
1318 4486 1351 4535 ει
1366 4482 1391 4536 ei
1404 4480 1525 4551 equalis
1540 4488 1624 4539 esset.
1639 4482 1723 4540 Unde

79 4579 171 4638 altat.
185 4579 266 4636 Unde
278 4579 302 4634 si
334 4573 470 4647 possibile
499 4577 541 4628 est
569 4571 649 4626 bunc
673 4566 779 4625 salvari
807 4581 825 4623 ε
876 4570 1057 4642 Augustinus
1079 4568 1153 4625 libro
1175 4568 1373 4635 Quaesticnum
1400 4569 1443 4637 83,
1458 4581 1521 4640 cap.
1546 4570 1581 4625 64
1596 4585 1603 4624 :
1620 4571 1725 4628 «Deus

79 4667 202 4726 tossibde
223 4673 266 4724 est
287 4667 379 4720 Deum
403 4662 483 4719 bunc
503 4659 625 4716 salvaret
657 4656 721 4712 Non
745 4655 825 4712 enim
880 4660 987 4731 inquit,
1014 4671 1101 4729 quem
1118 4656 1229 4729 genuit,
1246 4657 1387 4727 qnoniam
1410 4656 1558 4715 meliorem
1583 4671 1613 4714 se
1641 4672 1725 4730 geue-

79 4758 112 4814 ile
127 4762 170 4814 εει
193 4753 374 4818 antecedens,
390 4750 445 4807 uisi
461 4746 597 4820 possibile
626 4745 662 4801 sit
680 4750 708 4799 et
729 4757 826 4799 conse·
879 4762 943 4805 rare
971 4760 1030 4802 nou
1057 4745 1160 4817 potuit,
1189 4743 1263 4801 nihil
1290 4744 1368 4800 enim
1400 4746 1457 4801 beo
1493 4744 1607 4814 melius,
1628 4745 1728 4803 debuit

80 4843 237 4915 ,alioquin
248 4856 285 4899 ex
299 4839 427 4913 possibili
441 4835 615 4907 impossibile
641 4839 823 4904 sequeretur,
878 4835 1030 4908 aqualem.
1052 4835 1081 4890 Si
1108 4833 1186 4889 enim
1212 4832 1305 4891 voluit
1320 4840 1347 4890 ει
1373 4848 1431 4890 εοε
1466 4833 1729 4904 permittebamus

79 4933 188 4991 >mnino
205 4931 311 4988 laisum
325 4935 378 4985 est.
402 4925 448 4983 Sic
470 4923 548 4981 enim
563 4923 593 4978 in
608 4921 701 4993 primo
717 4919 740 4975 Y
756 4932 826 4989 prae·
878 4933 931 4982 εει.
947 4923 975 4981 Si
993 4923 1086 4994 potuit
1109 4929 1137 4978 et
1150 4920 1254 4988 noluit,
1274 4920 1394 4977 invidus
1415 4928 1466 4977 εει.
1486 4941 1497 4970 »
1523 4922 1569 4978 Ad
1583 4923 1637 4980 boc
1654 4931 1682 4980 et
1696 4922 1730 4980 it·
1801 4937 1805 4945 ·

79 5071 80 5077 ,
119 5021 154 5093 [s.
188 5014 456 5091 Hypotbeticorum]
493 5011 618 5077 Boetius,
652 5006 826 5079 impossibile
877 5013 928 5071 lud
939 5012 1061 5083 pertinet
1079 5008 1187 5065 Nicaeni
1214 5008 1339 5077 concilii,
1370 5008 1448 5079 quod
1474 5007 1551 5066 sicut
1573 5010 1604 5066 in
1634 5010 1728 5081 primo

79 5123 126 5167 ens
148 5105 398 5178 ait:lmpossibile
427 5109 480 5168 εει,
510 5114 569 5170 quc
597 5099 688 5169 posito
715 5095 826 5166 aliquid
878 5100 953 5157 libro
978 5096 1089 5170 praelati
1112 5108 1225 5162 sumus,
1254 5094 1357 5151 beatus
1370 5101 1507 5152 retractat
1535 5097 1729 5169 Hieronymus

79 5205 191 5269 ratque
210 5194 385 5267 impossibile
413 5189 579 5255 comitatur,
605 5186 659 5242 boc
677 5192 719 5241 εει
735 5185 764 5240 id
776 5184 827 5239 im·
880 5189 977 5245 dicens
994 5201 1001 5241 :
1021 5205 1033 5235 ι
1061 5183 1141 5240 Absit
1154 5196 1224 5254 ergo
1243 5182 1273 5238 in
1304 5182 1363 5239 filio
1377 5183 1428 5239 bei
1443 5183 1556 5256 aliquid
1581 5184 1649 5256 plus
1676 5185 1731 5243 mi-

78 5286 115 5343 ilc
152 5283 295 5355 estquod
330 5280 417 5338 babet
440 5277 477 5334 ad
511 5273 624 5345 aliquid
652 5271 827 5344 impossibile
879 5289 973 5334 nuere
992 5279 1042 5330 aut
1057 5271 1087 5327 in
1109 5271 1170 5329 loco
1184 5271 1278 5327 autin
1301 5277 1438 5342 tempore,
1457 5279 1509 5329 aut
1535 5272 1729 5346 inpotentia,

82 5374 152 5439 arim
192 5366 452 5445 argumentationis
505 5361 721 5436 adjunctionem
773 5361 828 5421 boc
881 5359 985 5422 autin
1015 5357 1135 5417 scientia
1161 5363 1212 5415 aut
1243 5355 1472 5429 inaequalitate,
1499 5365 1551 5417 εει
1579 5357 1611 5418 in
1634 5359 1731 5434 subje-

96 5549 220 5620 introd,
235 5507 439 5622 quoduooerot.
