3804 5962
480 196 714 260 turabultcrle
734 204 781 257 ab
799 200 1035 260 repelbamur.
1051 231 1086 242 -
1098 200 1163 256 lle.
1185 201 1208 257 l.
1636 204 1705 260 {002

79 329 165 388 tmani
192 329 312 400 ingenii,
328 329 377 385 sed
403 328 494 386 solius
516 328 573 397 liei,
589 330 674 400 cnjus
701 336 797 385 tamen
814 329 923 385 adum
951 325 1252 392 creatam,seaundum
1275 330 1388 381 natura
1402 332 1507 382 nostre
1535 327 1706 397 assumptio

91 419 122 475 in
137 417 182 474 his
205 416 341 473 lidelibus
363 432 436 489 quos
451 418 515 474 vult
526 418 664 489 loquitur,
680 417 741 488 ipso
758 425 800 473 at·
858 431 935 484 nem,
962 429 1028 472 cum
1044 415 1107 486 ipsa
1122 413 1252 471 videlicet
1268 413 1304 469 ad
1315 412 1470 484 imperinm
1495 415 1589 472 Patris
1603 429 1653 486 per
1661 415 1705 471 in·

98 508 147 578 qui
164 506 205 562 ait
226 509 456 562 :honorutmoos
477 508 541 561 estis
572 509 620 576 put
646 508 800 576 loquimini,
855 505 1033 563 carnationis
1066 503 1198 561 habitum
1223 502 1385 560 visitaverit
1414 503 1499 561 lsrael
1523 503 1538 558 ‘l
1558 503 1704 576 Scriptum

79 599 130 652 itus
145 599 332 652 Patrisvestri
356 601 403 667 qui
419 596 539 667 loquitur
553 597 582 650 in
601 596 677 650 vobis
693 595 802 668 (uoltu.
858 594 966 667 quippe
984 601 1025 652 est
1044 593 1085 649 ihi
1102 594 1267 663 :Sapientia
1296 594 1325 647 ιιι
1355 592 1533 648 multitudine
1561 593 1705 649 electorum

85 686 278 758 hieronymus
305 684 391 741 etiam
424 698 511 754 snper
540 684 739 742 Ecclesiastem
770 698 803 741 eo
858 684 965 740 habebit
998 682 1152 751 laudemur
1175 684 1249 737 inter
1276 681 1426 739 benedictos
1453 679 1625 737 benedicetur
1659 681 1707 737 di-

79 789 103 833 to
130 774 236 832 dieitur
253 773 336 840 :Quis
361 777 411 830 scit
438 776 553 845 spiritus
579 775 700 845 filiorum
719 774 801 829 bomi-
857 790 918 830 oens
934 793 942 829 ε
959 776 1003 830 Ec
1023 788 1068 828 ore
1092 772 1231 828 altissimi
1255 771 1347 840 prodii
1362 772 1549 842 primogenita
1577 775 1640 826 ante
1654 785 1709 826 om·

98 864 227 920 ascendat
245 879 365 931 sursum,
381 871 406 918 et
434 866 551 934 spiritus
570 865 675 934 pecoris
696 863 802 918 descen-
856 881 919 919 nem
942 867 1105 928 creaturam,
1135 859 1183 931 ego
1201 862 1230 916 in
1259 860 1330 916 catis
1363 862 1418 929 teci
1440 864 1471 915 ut
1492 862 1596 915 orietur
1618 859 1708 916 lumen

80 970 156 1010 rcum
180 955 211 1008 in
240 959 313 1008 terra
328 952 342 1008 l
358 953 455 1024 (ticcio.
485 969 530 1022 ru,
552 952 598 1025 al)
627 951 698 1008 illud
725 952 803 1026 quod
857 953 1025 1022 indeficiens,
1055 956 1081 1006 et
1108 952 1179 1007 siout
1205 950 1488 1006 mbulateutomuem
1515 953 1626 1005 terrant.
1650 950 1708 1018 Ego

105 1045 148 1100 est
174 1058 180 1097 :
210 1044 414 1099 declarationem
444 1042 501 1112 ejus
527 1043 588 1112 puis
625 1040 803 1096 maerebit?
859 1043 889 1096 in
914 1041 1057 1097 altissimis
1071 1039 1174 1109 habito,
1195 1038 1345 1096 ctthronus
1363 1055 1438 1095 meus
1465 1041 1497 1093 in
1510 1039 1636 1094 columna
1655 1053 1709 1093 nu·

79 1131 189 1203 mptum
216 1130 341 1188 diflicilia
364 1145 422 1188 non
450 1130 633 1201 impossibilis
659 1131 747 1187 trahit
761 1130 803 1187 di·
860 1130 911 1185 bis.
942 1129 1114 1200 dprumcmii
1132 1130 1248 1184 circuivi
1268 1129 1338 1197 sola,
1363 1135 1416 1184 etc.
1443 1127 1535 1200 (Eccii.
1550 1141 1635 1197 xxiv,
1651 1126 1710 1184 bet

84 1220 260 1291 adjiciendo,
275 1240 289 1269 «
316 1222 419 1291 puis»
441 1220 635 1290 difficultatem
657 1220 805 1275 reinduit
859 1219 933 1291 seq.)
963 1219 998 1276 lit
1022 1227 1087 1290 post
1118 1231 1231 1289 paura:
1249 1217 1468 1288 Tuncpraecepit
1495 1220 1522 1271 et
1546 1216 1620 1272 drmit
1639 1214 1710 1270 mihi

79 1315 155 1366 trare.
204 1310 356 1365 Promomen
392 1311 569 1378 caietanis,
607 1310 638 1363 im
652 1309 805 1378 scripturis
860 1309 971 1365 Creator
998 1311 1129 1375 omnium,
1145 1311 1170 1362 et
1186 1310 1234 1379 pai
1248 1307 1351 1362 creamt
1373 1306 1559 1376 marequievii
1572 1307 1602 1360 in
1618 1303 1707 1361 taber-

85 1415 139 1454 non
152 1414 205 1468 pro
220 1397 393 1469 impossibili,
422 1397 470 1452 sed
488 1413 538 1467 pro
569 1395 680 1468 difficili
701 1411 806 1467 semper
860 1398 957 1453 nocato
977 1413 1045 1466 mco,
1060 1402 1085 1453 et
1099 1396 1176 1453 aluit
1196 1396 1264 1451 mihi
1288 1396 1341 1451 :ln
1359 1396 1441 1452 Jacob
1463 1394 1602 1463 inhabita,
1636 1397 1662 1449 et
1679 1395 1710 1448 in

80 1501 105 1555 r,
132 1491 163 1542 ul
187 1486 228 1541 ibi
244 1502 251 1543 :
270 1485 497 1542 ‹Generationem
524 1486 582 1555 ejus
612 1488 674 1552 ouis
692 1500 805 1540 marna·
860 1486 947 1542 lsruei
966 1486 1136 1556 haereditare,
1167 1489 1193 1540 ει
1224 1487 1255 1541 in
1277 1486 1368 1541 electis
1398 1487 1465 1541 meis
1490 1486 1568 1541 ηιὶιιε
1600 1483 1710 1541 radices

79 1577 142 1649 (isa.
159 1591 220 1641 tur,
242 1577 270 1645 3)
285 1575 316 1629 id
342 1579 382 1630 est
410 1575 513 1631 Christi
537 1582 591 1631 ete.
624 1573 691 1631 Haee
717 1573 804 1629 etiam
823 1614 845 1668 B
863 1575 951 1646 tebth,
974 1579 1017 1644 ta,
1035 1576 1085 1648 ta).

79 1666 109 1721 ire
131 1665 309 1721 coaeternitas
337 1679 403 1720 cum
427 1667 509 1719 Patre
538 1663 622 1734 plane
642 1664 671 1719 in
687 1665 806 1720 Prover-
897 1667 932 1720 in
960 1666 1060 1722 eodem
1090 1679 1208 1737 qunque
1237 1664 1310 1722 libro
1330 1663 1506 1736 apertissime
1528 1668 1711 1734 peccatorum

79 1761 214 1811 lustratur
229 1754 274 1809 his
289 1754 385 1810 verbis
401 1768 407 1807 :
425 1756 482 1822 Ego
508 1756 646 1822 sapientia
663 1751 754 1807 habito
778 1754 808 1806 in
863 1753 1060 1810 remissionem
1088 1755 1243 1811 consistere
1269 1753 1300 1809 in
1323 1752 1521 1810 incarnatione
1541 1750 1647 1808 divinae
1663 1763 1710 1806 sa·
1795 1775 1802 1786 -

79 1886 82 1898 .
114 1846 245 1898 hominm
267 1843 391 1912 possedit
419 1858 461 1896 mc
475 1845 597 1896 intuitio
620 1845 807 1896 ciarumsua-
863 1843 977 1915 pientia
994 1857 1060 1915 quae
1092 1841 1224 1901 Christus
1238 1849 1280 1900 εει
1299 1842 1452 1913 prophetat
1466 1840 1573 1910 dicens,
1589 1846 1708 1913 paccata

79 1937 182 2004 tequam
208 1933 359 2003 quidquam
370 1934 473 2001 fuceret
494 1932 527 1986 ab
543 1933 633 1986 initio.
653 1931 697 1986 ab
709 1935 808 1986 aeterum
863 1930 954 1988 David
971 1945 1022 2003 per
1041 1931 1186 1988 Christum
1204 1939 1331 2005 purgata
1352 1945 1422 1987 esse.
1441 1929 1484 1986 lhi
1500 1929 1659 1986 enimcum
1674 1928 1709 1984 de

79 2039 91 2077 a
116 2037 184 2085 sum,
212 2027 359 2087 antequam
385 2027 458 2076 tenu
484 2022 570 2080 tieret.
596 2018 716 2078 Necdum
731 2022 809 2074 aaut
863 2019 949 2077 laude
965 2019 1055 2077 baril
1073 2019 1157 2090 plura
1186 2020 1360 2089 dicerentur,
1382 2032 1497 2076 summa
1512 2017 1600 2075 totius
1614 2016 1712 2075 laudis

89 2113 116 2167 et
138 2125 185 2177 ego
209 2109 272 2178 jam
297 2112 425 2178 concepta
453 2125 527 2163 mam
540 2123 549 2178 ;
564 2107 679 2163 necdum
706 2109 807 2176 fontes,
864 2109 894 2166 in
909 2109 1037 2166 hoeunb
1052 2108 1224 2166 collectaeat
1240 2107 1462 2179 quodsnhdttnr
1479 2124 1485 2163 :
1501 2107 1628 2164 Christus
1644 2122 1713 2178 pur·

104 2205 216 2254 montes.
244 2200 318 2254 Ante
345 2199 424 2253 colles
439 2214 486 2267 ego
498 2197 685 2268 parturiebar.
710 2196 810 2251 Adhuc
863 2199 940 2267 pauit
955 2201 1070 2268 peccata
1089 2199 1189 2268 ipsius,
1218 2205 1244 2252 ει
1267 2198 1402 2252 excitauit
1419 2199 1449 2252 in
1476 2202 1607 2253 atomum
1629 2210 1713 2252 cornu

93 2305 147 2343 non
171 2289 282 2356 fecerat,
301 2293 327 2343 et
337 2288 463 2343 cardines
485 2288 558 2342 orbis
580 2292 666 2343 terrae.
695 2285 809 2352 Qucum
865 2289 933 2357 ejus,
957 2291 984 2343 et
1011 2285 1088 2342 dedit
1107 2287 1150 2342 iiii
1165 2290 1355 2342 testamentum
1377 2302 1483 2356 regum,
1500 2289 1526 2341 et
1540 2285 1631 2341 sedem
1653 2284 1712 2354 gio·

79 2377 139 2432 nbat
165 2379 241 2433 culos
264 2378 387 2445 aderam,
414 2377 523 2443 quondo
547 2376 717 2446 appendebat
743 2377 830 2444 tum·
864 2377 1058 2433 riaeiadsraei.
1077 2375 1201 2432 Micheas
1226 2389 1345 2447 quoque
1372 2375 1411 2432 de
1434 2375 1610 2433 hacaeierua
1628 2370 1712 2430 verbi

79 2481 93 2520 a
129 2470 218 2533 terrac,
242 2481 345 2519 cumea
365 2481 438 2519 eram
465 2471 563 2519 cuncto
586 2477 754 2534 comportetis,
786 2467 811 2517 el
866 2466 1052 2539 generatione
1066 2478 1103 2521 ex
1118 2465 1212 2531 Patre,
1237 2478 1371 2522 necnon
1395 2471 1423 2520 ει
1452 2465 1486 2522 de
1500 2461 1654 2536 temporali
1677 2475 1715 2520 ex

79 2570 117 2609 tar
140 2570 193 2624 per
219 2555 340 2622 singulos
364 2555 421 2609 dies
444 2555 541 2609 ludens
569 2568 660 2608 coram
688 2567 716 2607 eo
737 2551 812 2607 omni
865 2562 957 2611 matre
980 2554 1020 2610 aii
1036 2571 1042 2609 :
1058 2557 1094 2609 tlt
1122 2558 1152 2608 tu
1171 2554 1322 2610 Bethlehem
1336 2554 1470 2624 Ephrata,
1485 2555 1606 2625 paruula
1630 2567 1658 2608 es
1683 2555 1714 2606 in

79 2640 261 2713 effremuit,
280 2641 465 2712 lacteam).
486 2640 561 2708 Quid
585 2641 661 2696 euim
684 2638 812 2710 apertius
866 2643 987 2699 millibus
1013 2642 1097 2710 luda,
1122 2658 1156 2697 ea
1170 2648 1195 2698 te
1217 2642 1371 2710 egredietur
1394 2645 1443 2713 qui
1467 2644 1506 2698 sit
1519 2637 1716 2697 dominatoris

79 2743 156 2786 ruam
173 2731 387 2801 generationem
399 2731 488 2788 Verbi
515 2744 604 2800 quarn
620 2729 648 2784 id
661 2728 813 2800 quodipsa
866 2733 962 2801 lsrael,
977 2735 1004 2787 ει
1022 2746 1145 2801 egressus
1173 2732 1231 2801 ejus
1260 2731 1294 2786 ab
1312 2733 1421 2787 initian
1435 2731 1530 2786 dicbus
1550 2731 1713 2810 clamitatis

79 2819 106 2875 ia
130 2819 261 2890 perhibet
283 2834 312 2876 εε
339 2828 404 2875 ante
443 2820 674 2875 constitutionem
709 2817 811 2877 muudi
868 2820 1177 2894 (hiuhmappicant
1203 2819 1360 2877 rebelleset
1388 2819 1529 2877 increduli
1552 2817 1655 2884 iudai,
1680 2817 1715 2874 de

79 2916 132 2964 tam
157 2923 218 2964 esse
234 2916 260 2964 et
279 2907 429 2978 parturiri,
445 2916 472 2964 ct
487 2923 517 2964 se
531 2922 597 2964 cum
626 2907 709 2963 Patre
730 2914 813 2962 mter·
830 2912 851 2969 c
867 2925 926 2982 quo
949 2910 1096 2967 nascituro
1120 2910 1151 2966 in
1178 2909 1342 2966 Bethlehem
1371 2908 1549 2966 hecdicium
1575 2907 1621 2976 sit,
1636 2906 1715 2978 quod

97 3005 312 3068 permanentem
349 3011 462 3068 semper
502 2996 601 3053 ludere
636 3009 731 3052 coram
754 2995 813 3052 eo‘l
868 2999 1147 3071 videlicetegressus
1167 2999 1232 3072 ejus
1262 2999 1299 3057 ab
1328 2998 1408 3056 initio
1431 2996 1618 3055 sitadiehns
1635 3002 1716 3052 aeter-

79 3086 181 3158 tquod
201 3094 370 3157 conceptum
396 3085 569 3156 parturitur,
586 3084 687 3156 utique
703 3084 732 3139 in
752 3083 813 3155 ipso
866 3088 974 3145 nitatis.
999 3088 1151 3145 AEternum
1180 3089 1287 3160 quippe
1312 3095 1355 3146 est
1381 3087 1461 3159 quod
1487 3084 1599 3158 origine
1613 3089 1714 3141 caret.

79 3190 108 3232 to
122 3184 286 3247 generatur,
307 3183 334 3231 ct
349 3174 490 3246 sapientia
522 3174 551 3230 in
568 3174 629 3245 ipsa
651 3173 814 3231 substantia
869 3174 989 3241 Quodsi
1008 3175 1063 3232 hoc
1086 3176 1211 3233 celerant
1241 3176 1277 3232 ad
1309 3175 1442 3234 Messinm
1464 3173 1568 3244 illum,
1607 3170 1717 3229 scilicet

94 3264 219 3321 essentia
234 3265 367 3335 potentian
378 3274 432 3331 est,
448 3278 513 3319 cum
530 3263 591 3334 ipsa
606 3262 713 3319 scilicet
734 3276 813 3335 qum·
868 3265 1031 3323 maximum
1058 3265 1239 3338 prophetam,
1256 3265 1394 3334 malunt,
1429 3277 1515 3336 quem
1535 3267 1713 3333 exspectant,

79 3352 96 3410 tt
122 3353 257 3424 potentia,
285 3354 360 3409 sient
380 3353 523 3423 posterius
538 3352 730 3409 ostendemus.
747 3350 814 3408 Tale
868 3354 918 3426 qui
941 3361 1037 3411 tamen
1068 3355 1229 3412 secundum
1261 3368 1309 3412 eos
1330 3356 1418 3412 homo
1445 3366 1537 3424 purus
1562 3350 1629 3421 erit,
1654 3364 1713 3407 nnn

79 3442 287 3513 ‚msapientiam
313 3450 481 3511 conceptam
503 3441 641 3511 parturiri
666 3443 764 3508 aliea,
781 3454 815 3496 ac
868 3442 955 3499 ctiam
988 3444 1075 3513 Deus,
1091 3445 1244 3501 ostendant
1269 3443 1335 3516 quis
1358 3456 1492 3517 egressus
1506 3442 1570 3514 ejus
1591 3446 1718 3520 aterpus

82 3545 131 3588 um
158 3531 193 3587 sit
209 3531 302 3601 ipsam
327 3531 497 3601 sapientiam
512 3529 727 3600 exipsaratris
741 3528 815 3585 suh·
867 3530 913 3600 sit,
944 3530 989 3588 rel
1018 3532 1096 3590 unde
1110 3532 1475 3604 eternaliteregrediatur.
1501 3530 1529 3588 Si
1552 3536 1649 3588 autem
1674 3527 1717 3586 di·

79 3663 85 3688 ,
100 3634 136 3676 ex
152 3634 210 3690 qua
226 3628 277 3689 εει,
290 3619 382 3691 gigni.
394 3619 460 3675 Tale
471 3621 513 3675 est
527 3619 698 3689 sapientiam
716 3616 816 3675 ludere
869 3626 935 3677 eant
950 3634 1018 3677 curn
1033 3620 1207 3679 aeternaliter
1222 3621 1321 3692 egredi
1335 3634 1372 3677 ex
1387 3619 1566 3686 Bethlehem,
1590 3632 1623 3676 eo
1641 3617 1719 3691 quod

88 3711 181 3774 Patre,
211 3714 238 3764 et
252 3721 320 3763 cum
336 3707 397 3778 ipso
427 3714 532 3763 cuncta
547 3719 728 3777 cormponere,
744 3719 778 3762 ac
791 3704 816 3761 si
869 3710 933 3781 ejus
958 3709 1073 3767 nativas
1097 3709 1127 3765 in
1143 3696 1186 3767 'eo
1214 3709 1277 3765 loco
1301 3707 1401 3766 futura
1425 3708 1462 3767 ah
1477 3717 1584 3767 aeterna
1597 3705 1719 3779 praevisa

104 3796 196 3867 ipsam
221 3796 350 3853 divinam
367 3797 522 3867 potentiani
537 3795 637 3853 omnia
651 3795 681 3851 in
702 3795 815 3864 sapien·
869 3798 906 3855 sit
934 3811 951 3854 a
965 3799 1023 3856 Deo
1037 3804 1065 3854 et
1091 3797 1306 3869 predestinata,
1333 3797 1388 3854 hoc
1402 3799 1504 3870 utique
1519 3798 1604 3854 modo
1619 3796 1718 3866 eujus·

79 3900 91 3942 a
112 3884 249 3942 honitatis
268 3899 328 3942 suae
341 3885 461 3941 arbitrio
480 3885 644 3956 disponere,
661 3892 693 3941 ut
705 3884 737 3939 in
756 3883 817 3955 ipso
870 3887 938 3945 libet
966 3886 1100 3956 heminis,
1117 3886 1164 3943 vel
1192 3885 1350 3957 cujuslibet
1370 3885 1414 3943 rei
1441 3885 1720 3942 nativitatisteterna

78 3988 161 4046 psum
178 3972 315 4030 honitatis
330 3972 463 4030 ellectum
487 3972 692 4044 intelligamus,
710 3971 744 4028 da
758 3985 816 4044 quo
870 3983 921 4045 est,
942 3976 1014 4047 qnia
1027 3975 1158 4033 videlicet
1174 3976 1210 4033 ab
1221 3982 1328 4033 aeterno
1349 3975 1483 4048 pravisa.

82 4078 111 4122 m
135 4071 178 4120 est
198 4064 328 4133 :spiritu
351 4065 407 4117 oris
441 4063 510 4132 ejus,
549 4061 637 4117 omnis
661 4063 750 4117 uirtus
769 4076 817 4116 eo·
906 4065 1024 4123 hiscant
1038 4065 1285 4139 itaqneaeteruam
1313 4063 1528 4138 generationem
1551 4073 1718 4133 essequam

79 4153 146 4209 isal.
177 4167 266 4218 axani,
286 4152 323 4223 b).
349 4151 433 4217 Quod
454 4159 551 4208 autem
566 4150 616 4218 ait,
641 4149 817 4222 Sapientiam
873 4168 908 4212 ex
935 4154 1085 4226 Scriptura
1095 4156 1206 4229 legunt,
1217 4158 1245 4212 ει
1265 4154 1385 4227 legendo
1411 4153 1593 4226 proiitentur,
1608 4155 1636 4207 ει
1651 4160 1717 4219 pro-

86 4241 145 4298 hen
160 4244 379 4311 Patre-semper
394 4241 537 4307 assistere,
566 4240 621 4296 tale
651 4247 693 4296 est
720 4239 816 4296 omni·
834 4204 857 4260 Β
874 4244 986 4303 litantes
1012 4244 1217 4303 nunciarunt.
1242 4244 1441 4315 Respondeant
1467 4243 1554 4301 etiam
1570 4238 1638 4297 mihi
1652 4251 1721 4295 cum

79 4343 127 4387 am
147 4331 240 4400 ipsam
264 4329 304 4385 nil
328 4330 450 4397 eiicere,
471 4330 528 4386 nisi
543 4336 689 4400 preeunte
705 4329 818 4386 ratione
874 4334 999 4391 audiunt
1033 4332 1205 4404 Prophetam
1231 4332 1397 4389 dicentem:
1416 4332 1504 4389 Verbo
1533 4329 1645 4386 Domini
1657 4326 1719 4384 culi

79 4426 131 4477 atu
152 4420 310 4491 sapientire.
333 4420 415 4488 Item,
438 4419 469 4476 in
484 4419 589 4476 eisdem
605 4418 769 4477 Proverbiis
783 4417 818 4474 de
873 4425 979 4494 puncti
1011 4426 1086 4486 sunt,
1111 4426 1137 4478 ει
1156 4423 1259 4493 spiritu
1278 4424 1333 4478 oris
1371 4421 1429 4491 eius
1454 4422 1542 4477 omnis
1564 4425 1654 4478 uirtus
1680 4434 1720 4477 eo·

79 4508 106 4566 ei
124 4516 152 4567 ει
167 4508 306 4565 ineflabili
323 4507 819 4580 nomineipsiusqnoquariltima·
873 4528 937 4568 rum
970 4512 1052 4583 (Psoi.
1080 4525 1172 4581 xuxrt,
1199 4510 1237 4585 b),
1265 4510 1337 4583 quid
1365 4509 1564 4581 perverbum
1594 4508 1721 4574 Domini,

79 4597 150 4656 sime
172 4598 296 4669 scripsit,
322 4598 407 4669 quasi
433 4597 575 4656 inducens
591 4611 743 4668 personam
768 4596 818 4654 ad·
875 4601 947 4672 quid
963 4615 1012 4672 per
1022 4614 1054 4658 οε
1067 4600 1141 4672 ejus,
1157 4607 1185 4658 et
1198 4614 1249 4670 per
1272 4598 1407 4672 spiritum
1428 4598 1602 4672 intelligant.
1625 4601 1723 4659 Unum

78 4687 111 4744 lis
138 4687 290 4758 cujusdam
319 4687 471 4758 prophete,
496 4687 571 4742 hanc
596 4687 819 4744 inenarrabilem
876 4690 982 4762 quippe
1008 4692 1137 4747 omnium
1164 4689 1289 4747 aliarum
1317 4703 1416 4747 rerum
1432 4689 1609 4760 principium
1630 4690 1724 4746 ileum

78 4775 185 4833 tionem
212 4775 410 4847 prophetantis
442 4785 531 4847 atque
555 4775 735 4833 admirantis.
745 4776 819 4833 llicit
875 4787 987 4837 constat
1014 4794 1084 4838 esse.
1108 4782 1144 4838 Et
1158 4794 1243 4838 omne
1257 4779 1336 4851 quod
1358 4785 1409 4847 εει,
1439 4786 1491 4839 aut
1519 4780 1595 4838 Deus
1617 4787 1671 4850 est,
1693 4788 1723 4838 ει

88 4866 153 4923 sic:
172 4866 247 4923 Visio
263 4882 345 4933 ouum
359 4867 462 4921 locutus
489 4869 529 4921 est
547 4867 590 4920 oir
614 4881 673 4921 cum
699 4880 751 4936 quo
780 4869 820 4920 est
875 4868 936 4926 ideo
949 4876 1102 4935 aurnum,
1118 4876 1168 4927 aut
1179 4868 1217 4925 ab
1230 4876 1337 4926 aeterno
1354 4867 1403 4925 illo
1413 4867 1593 4941 principium
1604 4869 1721 4928 Domini

79 4959 167 5026 tque
191 4958 244 5011 lico
267 4970 356 5010 secum
374 4960 499 5010 morante
524 4957 705 5023 confortatus,
737 4955 779 5008 ait
810 4970 817 5010 ι
875 4967 1014 5017 creatum.
1044 4959 1186 5030 Scriptum
1215 4965 1354 5029 praeterea
1378 4959 1723 5031 estzlnprincipiocrea·

81 5047 208 5101 ascitouit
235 5059 327 5101 omnes
358 5047 488 5101 terminos
507 5044 613 5101 terrei
631 5044 704 5114 pund
723 5059 820 5100 nomen
874 5049 915 5103 eit
940 5051 1011 5104 pour
1028 5049 1123 5103 colum
1146 5051 1173 5103 et
1199 5048 1388 5118 terramchn.
1401 5061 1420 5114 t,
1439 5047 1475 5118 l),
1491 5048 1570 5105 unde
1589 5056 1655 5106 ante
1670 5048 1725 5106 hee

79 5139 114 5190 ut
146 5134 221 5206 quod
250 5150 346 5190 nomen
371 5136 424 5205 filii
439 5137 497 5204 eius
513 5135 526 5190 i
541 5136 630 5207 (Prot.
657 5137 761 5201 armi
792 5141 820 5191 et
874 5133 1091 5191 nihilcreatum
1112 5134 1296 5192 assenciunt.
1318 5135 1444 5192 Verbum
1461 5134 1560 5207 itaque
1577 5135 1649 5195 illud
1666 5151 1725 5210 quo

79 5223 293 5292 huamiirmum
321 5225 407 5281 etiam
436 5231 464 5280 et
492 5238 580 5294 quam
603 5233 735 5294 apertum
755 5222 819 5280 fidei
875 5220 937 5278 coeli
962 5222 1067 5279 firmati
1095 5231 1174 5290 sunt,
1197 5229 1225 5280 et
1250 5223 1313 5280 ideo
1342 5223 1425 5295 prins
1456 5224 1725 5297 esthisqnoscen·

84 5313 297 5381 ¹testimonium
321 5312 351 5368 in
376 5311 574 5369 Ecclesiastico
599 5312 735 5383 occurrit,
769 5312 820 5369 ubi
875 5310 979 5380 stituit,
994 5319 1125 5370 creatum
1141 5326 1198 5369 non
1213 5320 1267 5381 εει,
1280 5311 1339 5369 imo
1361 5319 1475 5370 creator
1494 5313 1556 5386 ipse
1571 5315 1623 5386 qui
1635 5316 1723 5388 Deus,

79 5418 90 5461 t
110 5403 252 5475 sapientia
282 5401 332 5458 Dei
347 5409 374 5459 et
389 5417 418 5460 se
433 5401 657 5476 primogenitam
684 5408 821 5460 anteom-
876 5414 935 5472 qua
964 5401 1028 5460 coeli
1046 5401 1152 5460 firmati
1165 5410 1244 5460 sunt.
1272 5401 1301 5458 Si
1314 5407 1413 5460 autem
1431 5401 1487 5460 hoc
1500 5403 1625 5462 verbum
1641 5404 1726 5464 locu·

79 5491 120 5553 cit
139 5491 302 5553 secundum
316 5490 632 5562 divinitatisnatnram,
648 5497 676 5550 ει
690 5497 819 5565 postma-
877 5491 984 5550 tionem
1015 5491 1143 5567 aliquam
1172 5492 1223 5551 liei
1249 5492 1449 5552 transitoriam
1473 5491 1634 5567 eppehant,
1650 5493 1726 5553 sicut

152 5592 283 5663 eumue.
309 5588 503 5663 CLXXVIII.
1506 5592 1550 5661 32
