3804 5962
517 213 667 270 salvatia:
684 210 898 270 TIIEOLOGIAE
917 210 1148 270 CHRISTIANAE.
1637 212 1707 271 1738

79 367 81 395 t
105 349 278 415 praeceptum
295 340 455 398 dilectionis
471 339 557 397 dedit.
583 341 684 396 Petrus
705 338 802 396 obedi·
818 337 844 393 A
858 335 948 393 ullam
962 336 1161 403 diversitatem
1185 334 1290 392 habeat
1313 336 1436 393 essendi.
1463 335 1506 394 SIc
1525 337 1603 395 enim
1620 338 1707 396 vida-

81 445 193 498 asnon,
216 430 360 501 quianon
380 427 808 499 valuitutobediret3etsicut
860 433 919 482 tur.
942 424 1015 482 Nam
1044 439 1111 483 oum
1138 424 1264 480 Verbum
1288 422 1319 480 in
1351 423 1467 483 bomine
1495 425 1544 483 illa
1562 434 1636 484 asset
1656 441 1710 499 per
1750 465 1757 479 .

79 521 140 578 bilis
170 533 257 575 causa
283 519 338 575 luit
372 532 465 589 quare
500 517 593 574 valuit
621 525 654 573 ut
681 517 807 573 obediret
861 515 1011 582 unionem,
1030 515 1227 571 abinonerat
1250 514 1336 571 homo
1357 513 1416 583 ille,
1433 514 1709 575 ibinonaratVar·

100 610 141 666 sic
161 607 342 665 rationabilis
371 621 460 663 causa
500 605 555 661 fuit
590 619 682 677 quare
714 603 807 661 naluit
861 602 1061 661 bumunitum
1082 621 1089 659 :
1113 603 1237 661 ubinan
1256 611 1319 660 erat
1343 602 1712 673 bamallle,ibinonerat

79 713 99 754 ts
116 697 244 755 obediret
263 705 290 753 et
311 695 510 752 damnaretur.
535 694 619 761 Nata,
633 708 692 751 nan
708 693 808 763 dIspo-
861 693 1005 752 mediator
1028 694 1078 750 bai
1098 702 1125 751 et
1149 693 1311 760 bominum,
1326 700 1354 750 et
1367 693 1407 750 ita
1427 693 1458 749 iu
1481 693 1634 751 existentia
1658 707 1712 751 sua

79 800 101 843 ‚a
122 800 195 855 esse,
214 784 263 841 sed
288 784 427 855 permittit
448 798 530 841 esse:
548 790 644 840 tamen
668 782 756 852 maia,
779 780 808 836 id
862 781 1057 840 diversitatem
1082 782 1246 853 recipiebat.
1271 781 1316 839 Sic
1338 796 1409 850 esse,
1429 781 1513 839 mado
1529 788 1620 852 potest
1641 781 1709 847 dici,

79 876 129 933 ‚ills
152 876 224 931 bene
246 875 371 931 ordinat.
395 874 452 930 Nec
475 873 617 944 sequitur,
645 871 670 928 si
684 871 809 942 disponit
862 872 940 942 quad
960 871 1042 929 aliter
1058 873 1116 940 bic,
1131 873 1215 929 aliter
1240 872 1270 929 in
1284 871 1354 929 ooela
1368 878 1420 929 est.
1437 870 1502 937 Sed,
1518 878 1551 929 ut
1568 870 1712 942 supradi-

94 965 165 1036 quia
178 977 247 1020 eum
269 962 343 1019 veile
358 962 468 1033 aliquid
490 975 549 1018 nan
564 968 606 1019 εει
621 960 701 1019 aliud
719 975 808 1031 quam
862 960 970 1029 ximus,
985 961 1027 1017 sic
1045 970 1088 1018 est
1108 959 1184 1019 Deus
1207 960 1327 1032 ubique,
1343 960 1422 1032 quod
1438 967 1556 1018 nonest
1585 960 1711 1029 alicubi;

79 1068 115 1111 tre
128 1059 157 1110 et
169 1052 264 1123 ipsum
280 1065 476 1108 remunerare.
862 1049 941 1120 quad
958 1049 1042 1120 plane
1056 1050 1155 1107 retulit
1169 1050 1272 1107 beatus
1283 1050 1479 1122 Augustinus,
1493 1064 1562 1107 aum
1578 1049 1713 1121 probavit

270 1139 387 1198 CAPUT
400 1139 505 1197 IIlIVlI.
862 1135 959 1208 ipsum
979 1152 1037 1194 nou
1063 1151 1124 1195 essa
1149 1151 1266 1208 corpus,
1292 1137 1433 1210 quoniam
1458 1135 1569 1195 alicubi
1582 1151 1641 1195 naa
1661 1137 1710 1197 ait.

81 1249 99 1287 a
114 1234 178 1288 uoto
193 1231 283 1286 illata
302 1230 500 1287 mortedbristt
513 1229 599 1296 [cord
610 1226 725 1283 divisa?
862 1225 911 1283 Est
925 1226 1017 1298 igitur
1031 1227 1142 1298 ubique
1158 1241 1210 1298 per
1232 1227 1400 1298 palantiam,
1418 1227 1469 1298 qni
1483 1227 1593 1299 uquua
1608 1234 1710 1299 potest.

79 1322 154 1378 tiana
169 1320 219 1376 illa
247 1319 343 1375 adbuc
358 1317 500 1390 quaeritur
515 1331 552 1373 an
573 1316 603 1373 in
618 1324 708 1373 morte
723 1313 810 1372 luerit
862 1314 911 1372 Est
926 1315 1035 1387 ubique
1055 1330 1105 1387 par
1117 1316 1281 1384 essentiam,
1298 1316 1370 1388 quia
1393 1315 1490 1374 amnia
1507 1316 1571 1374 laea
1585 1330 1636 1389 per
1659 1318 1712 1374 ad·

92 1408 216 1478 Quidam
231 1414 364 1464 auctores
378 1405 480 1464 volunt
497 1406 577 1476 quod
594 1405 720 1461 Verbum
737 1416 810 1460 nnn·
863 1403 1109 1462 ministrationem
1136 1405 1176 1462 ita
1196 1412 1264 1462 sunt
1283 1405 1311 1462 ei
1339 1406 1503 1477 praesentia,
1528 1406 1607 1478 qnod
1631 1404 1712 1464 nulla

78 1498 204 1555 deseruit
228 1496 395 1567 hominem;
419 1502 447 1551 et
462 1508 566 1551 verum
590 1500 644 1563 est,
658 1493 736 1565 quod
750 1506 809 1549 nan
863 1493 910 1551 sui
925 1494 985 1551 loco
1001 1493 1111 1567 indiget
1131 1494 1252 1551 vicaria.
1270 1495 1303 1550 In
1326 1495 1405 1551 omni
1427 1493 1488 1552 loco
1510 1496 1589 1568 quad
1607 1487 1712 1554 conva-

82 1587 160 1663 [er]it
179 1589 339 1645 humanam
367 1594 513 1643 naturam.
540 1584 723 1656 Augustinus
736 1597 808 1655 quo·
826 1620 847 1675 Β
865 1582 948 1640 niens
962 1589 1004 1641 est
1027 1583 1220 1640 administrat.
1256 1581 1302 1640 Sic
1334 1583 1436 1642 beatus
1463 1583 1620 1658 Gregorius
1641 1599 1711 1644 aum

79 1679 112 1735 cit
139 1676 218 1748 quod
244 1691 303 1733 non
327 1675 412 1732 etiam
437 1688 553 1731 carnem
580 1673 746 1740 deseruerit,
775 1686 811 1729 ax
865 1686 925 1729 esse
939 1673 1049 1743 ubique
1068 1671 1213 1730 describit.
1237 1672 1397 1743 supraest,
1422 1673 1529 1745 inquit,
1549 1675 1648 1732 amnia
1666 1687 1710 1732 ra·

79 1778 98 1820 n
122 1764 287 1834 assumpsit.
318 1761 486 1819 Ambrosius
513 1775 582 1819 vera
596 1761 669 1819 veile
683 1760 808 1825 videtur,
865 1758 968 1829 gendo,
990 1758 1066 1816 inira
1092 1761 1191 1817 omnia
1217 1761 1406 1819 sustentanda
1420 1762 1536 1821 etintra
1551 1763 1649 1820 omnia
1667 1762 1712 1821 di-

79 1852 216 1910 ivinitatis
230 1852 260 1907 in
275 1858 365 1908 marte
380 1864 493 1907 acarna
504 1851 590 1907 luerit
605 1857 753 1921 separata;
769 1850 811 1906 ait
864 1848 1018 1917 sponanda.
1043 1848 1089 1906 Sta
1115 1850 1206 1921 igitur
1224 1857 1266 1908 εει
1291 1851 1393 1908 unitus
1411 1850 1532 1921 homini,
1550 1852 1629 1924 quod
1653 1866 1712 1910 nau

79 1955 143 2012 iper
164 1942 272 1997 bucam
289 1939 419 1996 :Clamat
443 1952 509 1995 cara
535 1938 677 1995 moritura
700 1951 811 2008 separa·
864 1943 905 1993 ast
926 1936 956 1993 in
980 1937 1078 2008 aliqua
1102 1938 1172 2006 iaco,
1197 1937 1272 1996 siout
1296 1939 1395 1996 anima
1418 1941 1459 1998 sic
1473 1948 1516 1998 est
1538 1942 1623 1999 unita
1645 1955 1712 2000 aar·

79 2028 235 2086 livinitatis.
266 2027 347 2094 Quod
375 2027 493 2098 quidem
522 2025 725 2083 rationabilius
748 2039 810 2082 esse
864 2024 938 2095 pori,
954 2023 1072 2096 quadiu
1090 2024 1152 2082 laco
1176 2026 1293 2083 nonsit.
1319 2026 1372 2084 Sed
1387 2027 1464 2085 sicut
1486 2029 1586 2086 anima
1603 2044 1664 2088 essa
1680 2031 1712 2088 in

79 2118 184 2190 ‚quad
204 2131 221 2174 a
240 2130 357 2187 corpore
378 2115 621 2186 lueritseparata.
639 2113 809 2171 sicutenim
865 2125 982 2182 corpora
1004 2111 1078 2168 nibil
1097 2111 1178 2169 alind
1201 2120 1253 2182 est,
1278 2128 1369 2186 quam
1392 2130 1509 2174 movere
1536 2131 1649 2189 carpas,
1670 2119 1712 2176 sia

79 2206 139 2264 ituit
153 2205 274 2277 adiungi
295 2205 350 2261 nisi
375 2204 475 2260 anima
494 2203 646 2272 mediante,
666 2203 709 2259 sio
732 2203 762 2258 in
777 2216 809 2259 ea
864 2200 993 2260 Verbum
1008 2201 1038 2257 in
1052 2201 1227 2259 bomineillo
1240 2216 1300 2260 nou
1321 2211 1383 2261 erat
1396 2204 1487 2273 alind,
1504 2219 1595 2278 quam
1614 2206 1712 2279 ipsum

79 2296 155 2353 abuit
177 2307 326 2351 remanere
355 2292 454 2349 anima
470 2299 612 2363 separata.
637 2290 718 2358 Quod
743 2304 810 2346 vera
864 2288 906 2345 sIc
932 2303 1057 2356 movere,
1082 2291 1160 2361 quad
1183 2304 1201 2347 a
1224 2304 1253 2348 sa
1274 2290 1390 2349 nullum
1413 2300 1536 2362 motum,
1566 2294 1638 2366 quia
1656 2309 1710 2353 naa

79 2384 136 2442 tuit
158 2383 279 2455 adjungi
294 2382 351 2438 nisi
374 2381 474 2438 anima
493 2380 647 2449 mediante,
671 2379 808 2451 Augusti·
864 2377 951 2434 etiam
969 2377 1092 2450 digitum
1115 2393 1230 2436 movere
1257 2386 1377 2450 poterat,
1398 2381 1456 2438 nisi
1470 2383 1653 2454 qnantnmei
1668 2384 1712 2441 in·

79 2474 120 2530 tit.
146 2473 191 2530 Sin
206 2472 298 2543 igitur
312 2469 364 2528 etsi
388 2470 459 2526 unio
478 2475 637 2527 remaneret
660 2482 728 2525 cum
746 2468 807 2524 ani·
863 2466 1002 2536 spirabat.
1035 2466 1081 2524 Sic
1108 2482 1177 2540 ergo
1206 2482 1305 2526 omnes
1331 2468 1521 2541 oppositiones
1544 2479 1709 2543 cassantur,

79 2576 110 2620 tn
133 2568 315 2617 tamencum
340 2559 438 2617 anima
459 2566 486 2615 et
510 2571 638 2628 corpore.
662 2556 810 2624 Quaeritur
864 2568 930 2627 quae
950 2563 1046 2625 erant;
1072 2556 1155 2614 aliter
1183 2557 1231 2614 bic
1253 2565 1306 2628 εει,
1333 2558 1417 2617 aliter
1442 2567 1485 2618 εει
1499 2560 1541 2618 ibi
1555 2577 1563 2617 ε
1579 2561 1633 2621 bac
1657 2569 1710 2633 est,

78 2659 167 2708 rtrum
181 2649 312 2706 eamdem
327 2648 478 2705 scientiam
492 2647 627 2704 babuerit
640 2647 737 2710 anima
749 2644 809 2714 illa,
863 2643 966 2702 unitur
979 2644 1021 2702 ibi
1032 2653 1144 2703 nonest
1158 2646 1285 2715 unitum,
1301 2653 1355 2703 etc.

79 2741 199 2798 Verbum
217 2737 351 2795 babebat.
367 2736 489 2804 Quidam
504 2735 606 2792 dicunt
628 2735 708 2807 quad
730 2748 808 2792 eam·
1163 2733 1278 2793 CAPUT
1292 2735 1410 2792 IIIIVlII.

79 2836 95 2884 ιι
115 2829 157 2885 ita
181 2833 296 2883 tantum
315 2824 422 2882 sciebat
445 2832 579 2881 creatura
597 2822 646 2880 illa
665 2832 809 2894 quantum
1098 2826 1137 2879 De
1150 2829 1318 2880 sacramento
1333 2824 1472 2895 daptiamt'.

79 2931 92 2972 ·.
122 2915 273 2987 sicigitur
304 2913 428 2984 perlecta
452 2921 514 2968 erat
533 2912 564 2969 in
591 2911 718 2976 scientia,
735 2912 849 2974 sicuti}
898 2910 1015 2969 Ostensa
1050 2912 1204 2984 bucusque
1230 2914 1265 2970 de
1292 2928 1406 2972 summo
1434 2914 1650 2988 beneficiorum,
1673 2918 1711 2977 ad

79 3004 209 3077 AEquatis
227 3017 295 3074 ergo
316 3011 379 3060 erat
394 3009 527 3058 creatura
551 3000 600 3057 illa
615 2999 646 3058 in
661 3002 714 3057 boc
728 3000 810 3058 Crea·
865 2999 1037 3057 beneficium
1055 3009 1303 3060 sacramentorum
1326 3002 1516 3062 divertamus.
1540 3004 1619 3064 Sicut
1630 3007 1710 3066 enim

79 3109 100 3162 a,
116 3094 194 3166 quod
220 3090 417 3148 irratIonabile
435 3105 496 3147 esse
524 3090 648 3148 videtur.
672 3091 736 3148 Non
756 3090 809 3147 ita·
864 3089 1045 3147 necessarlus
1066 3089 1122 3147 init
1141 3091 1206 3162 ejus
1228 3091 1381 3161 adventus,
1397 3093 1440 3150 sic
1464 3108 1583 3166 quaqua
1609 3109 1711 3155 neces·

79 3183 178 3239 cimus
211 3181 289 3252 quod
324 3180 454 3237 eamdem
483 3178 618 3237 babuerit
645 3179 809 3250 scientiam3
865 3178 943 3236 saria
957 3186 1116 3249 postauam
1134 3181 1290 3238 transitum
1310 3189 1492 3240 sacramenta
1510 3184 1640 3256 reliquit.
1654 3186 1709 3244 Ilo·

80 3271 150 3329 tiam
164 3284 254 3340 super
277 3283 343 3326 eum
359 3268 455 3325 iocum
473 3268 642 3326 AmbrasIus
663 3267 808 3325 ostendit:
865 3266 949 3324 oebat
966 3267 1046 3323 enim
1064 3282 1173 3325 navum
1189 3269 1294 3342 Regem
1315 3285 1393 3329 nova
1412 3271 1482 3342 jura
1495 3272 1553 3330 sibi
1567 3274 1711 3348 relinqua-

79 3361 124 3419 cit
147 3375 180 3418 ea
206 3366 355 3431 quaesunt
375 3357 436 3426 Dei,
452 3365 519 3427 etc,
538 3372 622 3414 nemo
636 3359 732 3415 scitea
746 3371 812 3429 quae
865 3370 906 3425 re,
923 3356 998 3413 sicut
1011 3364 1038 3414 et
1053 3357 1150 3414 adbuc
1165 3357 1226 3414 lieri
1245 3358 1325 3429 salet,
1343 3373 1410 3417 cum
1424 3374 1507 3434 reges
1527 3362 1712 3422 substituun-

79 3451 187 3518 tminis,
199 3449 256 3506 nisi
275 3449 395 3519 spiritus
408 3447 543 3504 bominis.
560 3447 622 3515 llic,
639 3455 671 3504 ut
685 3445 725 3502 ait
741 3446 810 3503 Aru·
866 3451 922 3502 tur.
949 3444 1058 3503 flamm
1090 3455 1337 3505 sacramentorum
1363 3448 1421 3507 alia
1444 3457 1514 3508 sunt
1536 3451 1709 3523 spiritualia,

79 3538 233 3610 ,ostendit
255 3537 409 3609 Apostolus
435 3545 534 3593 contra
557 3535 703 3592 haeretIcas
726 3550 809 3607 quos·
866 3533 923 3590 alia
951 3548 1020 3590 non.
1044 3533 1213 3605 spiritualia
1235 3544 1304 3594 sunt
1319 3536 1369 3593 illa
1400 3540 1523 3611 majora,
1549 3554 1616 3613 quaa
1633 3542 1712 3599 scili·

79 3628 183 3686 scilicet
211 3641 269 3685 uon
297 3640 358 3683 esse
382 3633 556 3682 creaturam.
592 3623 620 3679 Si
650 3636 720 3681 vero
751 3621 812 3678 haeo
866 3628 910 3679 cet
926 3623 963 3679 ad
989 3621 1112 3681 salutem
1140 3623 1239 3682 valent
1254 3640 1261 3681 :
1278 3640 1406 3697 quarum
1436 3634 1533 3686 tamen
1547 3644 1642 3689 unum
1656 3639 1710 3704 est,

88 3718 175 3775 habet
196 3717 329 3774 eamdem
351 3715 500 3772 scientiam
526 3726 615 3785 quam
637 3719 665 3769 et
683 3711 810 3770 Verbum
865 3711 1016 3782 quodnan
1041 3712 1077 3769 ad
1100 3712 1222 3770 salutem
1245 3721 1364 3785 spectat,
1385 3715 1435 3774 aad
1458 3731 1571 3790 magnae
1594 3719 1637 3777 rei
1666 3734 1713 3778 sa·

81 3805 240 3879 eApastali
263 3819 357 3862 sermo
377 3802 477 3861 nullus
491 3811 544 3871 est,
559 3816 627 3859 cum
641 3802 702 3858 brac
714 3801 812 3857 anima
866 3807 1047 3857 aramentum
1070 3808 1124 3870 est,
1144 3800 1251 3859 scilicet
1274 3804 1456 3876 eonjugium.
1485 3806 1596 3865 lineare
1619 3807 1712 3881 siqui-

91 3896 137 3952 sit.
167 3895 245 3953 bloet
268 3902 366 3951 autem
395 3900 508 3949 tantum
524 3905 584 3948 nau
609 3890 705 3960 sciret,
719 3890 812 3946 Deum
866 3890 931 3948 dem
958 3902 1081 3947 uxorem
1112 3898 1234 3948 nonest
1261 3891 1385 3965 alicujus
1407 3894 1503 3953 meriti
1515 3896 1553 3954 ad
1577 3896 1712 3969 mitatem,

83 3982 290 4056 perlectissime
316 3981 441 4040 videbat.
469 3980 522 4037 Sed
556 3978 713 4051 opponitur
734 3977 812 4051 quad
866 3978 916 4036 sed
939 3985 1058 4050 propter
1072 3979 1334 4039 inconvenientiam
1349 3981 1523 4042 adsalutem
1540 3992 1712 4046 estconoes-

79 4073 97 4131 it
121 4073 157 4129 ad
172 4072 290 4144 Ilaysen
305 4087 313 4127 ε
326 4073 386 4129 Noa
402 4070 505 4126 videbit
531 4084 573 4124 me
596 4069 685 4136 boma,
696 4072 721 4122 et
741 4068 814 4122 aioet
867 4080 942 4125 sum.
959 4068 1010 4125 Est
1023 4074 1121 4125 autem
1135 4077 1349 4128 sacramentum
1368 4070 1523 4131 invisibilis
1550 4074 1652 4147 gratim
1664 4076 1713 4135 vi·

95 4175 203 4230 xxxin,
231 4160 288 4232 ιο).
318 4159 372 4217 Sed
398 4158 521 4215 dicimus
548 4171 608 4214 essa
640 4156 749 4212 dictum
777 4154 813 4211 dc
828 4200 852 4258 D
867 4155 960 4212 sibilis
977 4156 1096 4226 specics,
1122 4157 1167 4215 vel
1190 4171 1280 4216 sacrae
1302 4159 1344 4216 rei
1367 4161 1495 4234 signnm,
1514 4162 1545 4220 id
1567 4171 1609 4222 est
1623 4164 1715 4225 alicu·

82 4251 174 4308 ivita.
202 4248 363 4307 Animaiem
383 4255 480 4305 autem
497 4246 587 4305 vitam
602 4245 726 4302 dicimus
744 4243 815 4303 vivi·
864 4244 916 4317 jus
944 4247 1054 4303 sacrati.
1089 4246 1222 4305 Primum
1250 4248 1356 4306 harum
1381 4257 1424 4307 est
1459 4252 1630 4324 baptismus,
1661 4253 1715 4327 qul

78 4347 171 4398 temet
185 4347 297 4396 matum
319 4337 412 4405 illum,
429 4351 516 4409 quem
529 4335 657 4408 [vitalem
674 4331 813 4406 animam]
868 4335 1101 4394 circumcisionis
1132 4337 1242 4396 obtinet
1256 4338 1362 4396 Iocum.
1388 4340 1426 4398 tJt
1448 4341 1528 4399 enim
1549 4343 1593 4401 ait
1613 4344 1716 4402 beatus

79 4429 136 4486 lbet
155 4428 191 4487 ab
213 4428 322 4495 anima,
339 4425 410 4497 quia
437 4424 518 4482 nullo
547 4425 631 4481 mado
646 4437 752 4494 corpus
766 4436 814 4494 pa·
869 4423 1034 4495 Gregorius,
1062 4424 1117 4481 boo
1148 4423 1216 4482 lacit
1238 4426 1323 4483 nabla
1346 4427 1517 4499 baptismus,
1543 4429 1622 4502 quod
1645 4429 1716 4489 alita
1775 4429 1777 4433 ’

79 4517 151 4576 avari
165 4516 222 4574 nisi
238 4530 289 4588 per
316 4516 454 4572 animam.
471 4513 534 4569 Vita
553 4527 622 4570 vero
639 4511 744 4570 Christi
757 4525 817 4568 nan
868 4511 925 4579 bls,
939 4510 992 4582 qui
1012 4512 1047 4569 de
1061 4527 1166 4584 genera
1182 4513 1306 4572 Abrabae
1329 4522 1422 4585 erant,
1445 4515 1635 4586 circumcisio,
1651 4518 1718 4576 aliis

79 4613 128 4676 rat,
156 4606 223 4669 ima,
240 4613 273 4662 ut
299 4605 360 4677 jam
376 4603 516 4671 diximus,
533 4601 611 4672 quad
627 4601 695 4658 lacit
719 4613 817 4657 anama
840 4630 847 4639 ·
869 4601 1011 4659 sacrificia
1038 4602 1086 4660 val
1112 4617 1165 4675 pro
1185 4604 1316 4675 parvuIIs
1338 4606 1409 4664 fides
1424 4614 1588 4677 parentum.
1611 4608 1726 4666 Dicunt·

79 4693 94 4763 i,
119 4694 174 4750 boc
197 4693 318 4750 iaciebat
333 4692 458 4749 Verbum
473 4691 577 4748 auimae
591 4689 642 4758 illi,
659 4688 730 4759 quia
743 4688 817 4746 nibil
871 4697 967 4748 tamen
982 4690 1103 4762 qnidam
1128 4693 1208 4765 quod
1227 4693 1257 4751 in
1281 4694 1335 4751 bac
1353 4693 1501 4766 didemnt,
1522 4697 1601 4768 quad
1620 4697 1719 4756 aditus

79 4790 188 4855 poterat
203 4783 315 4852 corpori
343 4781 468 4839 conierri
487 4779 543 4836 nisi
558 4793 608 4850 per
626 4778 760 4834 Verbum.
778 4778 819 4834 De
871 4779 937 4837 coeli
951 4779 1035 4837 moda
1051 4788 1128 4851 patet
1143 4781 1307 4853 baptizatis,
1331 4789 1402 4840 tunc
1415 4798 1484 4843 vera
1510 4799 1580 4843 nan.
1596 4785 1651 4844 Sed
1665 4801 1720 4845 nas

79 4872 171 4929 inibus
194 4879 292 4928 autem
313 4869 511 4935 naturalibus,
527 4867 602 4925 sicut
617 4866 712 4923 dolare
726 4873 755 4923 et
769 4880 820 4922 cae-
872 4868 1007 4938 dIcimus,
1026 4870 1105 4941 quad
1127 4870 1181 4928 boc
1200 4886 1258 4929 nan
1280 4871 1349 4930 iacit
1363 4873 1536 4944 baptismos,
1553 4875 1603 4932 sed
1625 4875 1720 4946 passio

79 4961 136 5018 nibil
156 4961 248 5018 estad
267 4958 481 5030 opponendum,
499 4956 571 5027 quia
596 4954 773 5012 naturaliter
789 4955 819 5011 in
873 4958 1029 5028 adjuncta;
1053 4972 1120 5029 que
1134 4959 1158 5016 si
1182 4960 1397 5018 circumcisioni
1416 4962 1516 5020 addita
1536 4971 1618 5034 esset,
1634 4970 1662 5021 at
1676 4964 1720 5022 Ia-

97 5049 146 5107 illa
173 5056 266 5106 erant.
282 5047 311 5105 st
337 5048 404 5120 quis
422 5056 522 5104 autem
538 5045 623 5110 dicat,
646 5042 779 5100 similiter
792 5052 821 5101 et
873 5054 958 5116 caret,
982 5047 1056 5104 sicut
1082 5047 1117 5104 da
1143 5048 1258 5105 duobus
1280 5049 1409 5106 nummis
1432 5050 1530 5108 videre
1555 5065 1721 5124 passumus.

91 5139 203 5209 corpori
233 5146 367 5209 praestare
392 5136 434 5193 illi
462 5135 566 5192 anirum
590 5131 725 5190 naturale
748 5139 819 5200 arat,
874 5135 945 5194 Cum
960 5135 1037 5193 enim
1060 5137 1126 5207 pius
1148 5137 1326 5209 accipiamus
1347 5152 1398 5210 pro
1422 5138 1537 5197 duabus
1559 5155 1649 5214 quam
1669 5156 1722 5214 pra

79 5228 187 5286 scimus
219 5229 348 5299 quidem,
376 5226 426 5284 sed
452 5225 576 5282 alterum
603 5222 734 5290 abstulit,
762 5236 821 5293 quo
874 5238 944 5294 una,
963 5239 1023 5282 non
1045 5232 1143 5283 tamen
1169 5225 1235 5297 plus
1257 5226 1334 5284 valet
1361 5241 1544 5300 unusquam
1568 5229 1650 5288 alter.
1667 5229 1723 5289 Sed

77 5318 162 5376 bama
200 5332 330 5389 peccare,
368 5325 397 5375 et
434 5314 559 5373 alterum
599 5312 717 5380 dimisit,
763 5326 822 5383 quo
875 5313 949 5371 dicet
963 5313 1069 5384 aliquis
1085 5331 1092 5370 :
1109 5315 1167 5372 cnr
1181 5314 1222 5372 ita
1243 5322 1355 5373 malma
1368 5324 1411 5374 est
1436 5316 1724 5379 cbeumoisiollro-

78 5404 163 5464 bama
184 5412 355 5463 remaneret.
385 5406 425 5462 Ila
451 5405 507 5462 boo
530 5402 616 5461 etlam
642 5400 752 5472 ambigi
773 5414 822 5472 pa-
876 5409 940 5475 pter
963 5400 1032 5459 novi
1060 5402 1137 5473 regis
1163 5417 1269 5461 novam
1293 5404 1386 5478 Iegem
1409 5403 1632 5481 instituendam,
1658 5422 1725 5482 pra·

79 5509 132 5559 um
159 5494 290 5557 Verbum
317 5494 432 5568 ubique
463 5494 503 5554 sit
527 5506 580 5568 per
606 5490 770 5565 osannam,
784 5504 823 5552 aa
874 5499 939 5567 pter
957 5490 1127 5552 inimicitias
1151 5491 1227 5556 inter
1243 5493 1359 5557 luteos
1375 5501 1406 5558 ει
1417 5495 1540 5571 gentiles
1556 5491 1725 5563 ‘matran-

105 5596 237 5689 Ριτιιειξ
259 5593 439 5668 CLXXVIII
1478 5601 1523 5666 aa
