3736 5962
18 207 49 260 Ἃ
65 244 107 305 ²³³
835 265 947 323 uersu.
967 268 1024 322 vu.
1757 263 1808 317 ast

15 345 44 471 ff?
64 376 135 434 Unde
149 385 179 435 0²
195 380 377 452 Augustinus
392 383 431 438 De
446 381 561 440 civitate
581 385 639 455 Dei,
655 384 706 443 lib.
728 402 779 443 ru:
800 410 811 439 ι
832 390 905 447 Nam
922 395 944 448 lt
961 393 1062 449 stoehii
1084 393 1185 448 beatus
1209 389 1356 460 reliquerit
1380 387 1591 458 Hieronymus?
1607 385 1718 454 Quibus
1738 386 1812 443 iuter

14 464 37 554 „J
61 474 82 523 ⁰¹
103 467 201 537 ilbi.»
228 471 332 541 inquit,
359 493 372 521 ιι
397 472 519 529 Rotnani
547 475 662 546 antiqui
683 476 712 532 in
736 486 836 548 stupro
858 481 910 536 de·
965 491 1066 538 caetera
1102 495 1261 537 sonnonem
1301 479 1385 533 etiarn
1414 478 1448 532 de
1479 476 1679 546 assumptione
1712 475 1812 531 matris

62 564 143 612 tectas
172 558 266 615 Vesta
290 559 452 617 sacerdotes
476 562 558 619 vivas
580 564 771 622 defodiebant.
789 569 908 625 Adulle-
965 572 1077 626 Doudni
1101 571 1186 642 juxta
1206 583 1305 624 carum
1327 567 1488 637 petitionem
1518 566 1655 633 scribens,
1685 563 1810 634 idipsum

16 642 22 715 j
61 659 103 702 ras
130 655 230 703 autem
261 647 383 704 luminas
412 653 548 720 quamvis
580 653 679 724 aliqua
711 656 908 725 damnatione,
964 661 1123 730 prolitetur,
1151 658 1249 714 diceus
1272 656 1363 726 (epist.
1394 658 1456 719 llll:
1486 677 1496 704 ι
1528 655 1581 710 Sed
1607 654 1676 724 quia
1706 666 1811 723 negare

60 734 137 791 nulla
161 740 257 793 tamen
284 747 374 795 morte
398 740 568 810 plectebant.
595 765 608 790 ιι
633 744 730 815 Usque
755 746 825 802 adeo
840 762 909 818 gra-

13 822 25 906 J
59 825 122 881 rius
145 841 214 896 rpuae
240 828 380 897 putabant
405 830 503 886 abdita
526 831 634 900 divina,
661 848 749 904 quam
780 836 908 893 humana

18 916 23 997 J
58 914 163 971 cubilia
192 915 386 973 vindicabant.
415 921 499 990 hpud
526 936 577 977 nos
605 931 701 979 autem
733 923 908 982 Christiano·

15 1060 23 1089 :-
58 1018 120 1061 rnrn
137 1018 214 1061 cura
235 1006 400 1077 principum
415 1016 497 1066 tanto
521 1011 646 1082 amplius
661 1022 765 1070 nostrae
784 1015 909 1087 [vestrae]

18 1100 21 1105 ’
59 1091 183 1162 providit
200 1093 386 1160 castimonia,
416 1105 526 1167 quanto
556 1114 619 1155 eam
648 1102 819 1159 sanctiorem
848 1119 908 1161 esse

14 1178 21 1257 ξ
59 1195 113 1236 non
142 1181 306 1239 dubitatur.
328 1184 408 1241 Unde
430 1187 622 1245 iustiniamus
653 1192 821 1263 Augustus:
842 1216 852 1242 ι
880 1194 907 1250 Si

14 1262 19 1279 '
59 1270 131 1339 quis,
158 1292 168 1319 ι
197 1271 303 1343 inquit,
336 1289 420 1331 «non
442 1276 534 1332 dicam
560 1292 670 1350 rapere,
696 1281 746 1337 sed
767 1289 908 1340 attentare

964 765 1022 805 non
1047 764 1120 820 queo
1142 747 1284 819 quidquid
1310 745 1469 814 injungitis,
1491 744 1580 799 nimia
1598 751 1692 798 vostra
1714 742 1812 813 derin-

964 846 1027 893 otus
1048 837 1206 902 dilectione,
1226 834 1360 904 experiar
1379 833 1457 903 qum
1484 831 1648 888 hortamini.
1668 852 1678 879 ι
1700 830 1811 887 Scimus

964 937 1061 984 autem
1086 925 1239 982 nonnullos
1265 924 1459 978 rnaxhnorum
1483 923 1632 977 doctorum
1658 928 1715 976 tam
1737 919 1812 974 ordi·

963 1018 1008 1072 nis
1026 1031 1114 1088 «quam
1137 1015 1202 1071 vita
1225 1013 1363 1083 dignitato
1386 1011 1564 1072 sublimium,
1596 1022 1810 1081 nonnunquam

963 1106 1083 1162 adeum
1107 1105 1141 1160 de
1163 1102 1321 1174 longinquo
1351 1101 1508 1157 scribentes
1533 1113 1625 1169 parva
1654 1098 1744 1155 abeo
1766 1111 1809 1154 re·

963 1195 1084 1266 qnlsisse
1104 1193 1220 1262 scripta,
1244 1205 1296 1246 nec
1325 1190 1500 1259 impetrasse.
1530 1188 1609 1244 Unde
1629 1195 1656 1243 et
1680 1186 1753 1242 illud
1769 1200 1811 1253 esi

962 1284 1038 1339 beati
1064 1279 1219 1352 Augustini
1252 1280 1281 1334 in
1316 1278 1440 1334 secundo
1468 1277 1715 1333 lletractationum
1743 1273 1806 1331 libr

58 1461 104 1505 nes
116 1462 214 1506 ansus
235 1449 330 1520 luerit,
351 1453 464 1523 capitali
482 1470 566 1526 piena
581 1457 710 1514 loriatur.
729 1479 742 1511 n
764 1460 904 1517 Ecclesia·
963 1462 1169 1530 llieronpmuur
1188 1459 1332 1513 set-lentem
1355 1457 1383 1511 in
1406 1454 1577 1522 Bethlehem,
1596 1467 1687 1510 unum
1704 1453 1739 1510 de
1752 1452 1809 1509 ori-

13 1572 18 1607 ,
57 1538 132 1594 stica
161 1552 281 1611 qnoque
303 1541 412 1597 sanctio
445 1542 612 1615 disciplina,
639 1563 705 1618 quae
734 1551 906 1620 poenitentia
961 1551 1027 1623 gine
1044 1550 1157 1616 animae,
1180 1548 1270 1604 alium
1286 1548 1320 1602 de
1339 1547 1481 1602 sententia
1496 1544 1615 1615 apostoli
1630 1542 1738 1607 iacobi,
1761 1542 1810 1598 ubi

13 1316 22 1557 Ι
59 1366 171 1416 nutum
195 1374 282 1417 causa
305 1363 446 1434 jungendi
467 1367 684 1426 matrimonium
710 1384 806 1427 sacras
821 1373 908 1445 virgi·
961 1377 1035 1441 (cap.
1055 1370 1123 1438 ili:
1145 1368 1276 1438 ‹Scripsi
1298 1374 1325 1422 et
1348 1367 1419 1422 duos
1442 1366 1529 1421 libros
1556 1366 1591 1421 ad
1611 1364 1809 1435 presbyterum

56 1626 193 1697 media·
211 1642 269 1685 ¹10ss
286 1631 385 1687 mortis
404 1634 545 1704 supplicia
566 1638 679 1706 quaerit,
698 1653 787 1709 quarn
803 1655 906 1697 severa
962 1641 1000 1695 ait
1014 1655 1019 1693 :
1033 1639 1228 1708 «Quicunque
1241 1643 1330 1692 totam
1341 1635 1430 1706 legem
1442 1634 1610 1699 servaverit,
1623 1630 1748 1688 ollendat
1760 1645 1811 1688 au-

56 1717 200 1773 sententia
214 1716 313 1788 lapsus
327 1727 435 1777 vestros
459 1725 615 1792 praeveniat
636 1741 694 1783 non
711 1736 753 1784 est
767 1729 902 1786 dubium.
926 1698 944 1751 B
964 1734 1020 1783 tem
1035 1728 1063 1783 in
1078 1742 1148 1796 uno,
1162 1726 1253 1782 lactus
1263 1733 1304 1782 est
1315 1725 1444 1780 onmium
1459 1737 1523 1779 reus
1536 1723 1603 1792 (luc.
1622 1738 1650 1789 u,
1671 1721 1729 1793 l0):
1749 1743 1759 1771 ι
1775 1722 1810 1779 de

56 1805 138 1864 Unde
163 1804 236 1863 illud
257 1815 299 1864 est
322 1809 480 1867 innocentii
506 1827 586 1884 papae
614 1816 749 1872 victricio
775 1819 907 1888 episcopo
963 1822 1087 1886 utroque
1102 1816 1253 1872 consulens
1271 1829 1348 1871 eum.
1375 1813 1425 1869 Sed
1443 1813 1471 1868 in
1497 1813 1591 1882 priore
1610 1810 1808 1881 quaestionem,

55 1894 372 1969 3⁰¹¹1⁰m³80ss⁸b⁰aib
401 1901 432 1954 l3
456 1917 462 1955 :
486 1923 500 1951 ιι
525 1902 594 1969 Qua
620 1900 731 1962 Christo
747 1907 907 1977 spirituali·
963 1920 1051 1976 quam
1072 1904 1217 1976 proposui,
1235 1905 1294 1974 ipse
1314 1903 1520 1959 nonsolri.1n
1540 1900 1694 1971 posteriore
1712 1908 1808 1956 autern

55 1992 96 2041 ter
120 1985 254 2050 nubunt,
281 1995 308 2043 et
329 2001 346 2043 a
372 1989 518 2047 sacerdote
542 1993 685 2063 velantur,
702 1996 725 2052 si
750 2005 846 2067 postea
863 1997 907 2054 rel
963 1994 1034 2064 quid
1050 1994 1120 2050 mihi
1136 1995 1169 2050 de
1194 1993 1242 2048 illa
1257 1992 1393 2049 solreuda
1414 1991 1560 2047 rideretur
1573 2003 1630 2045 non
1646 1988 1733 2045 tacui.
1756 1987 1809 2045 Sed

11 2054 15 2187 ⁴
55 2072 174 2144 publice
207 2077 371 2149 nupserint,
403 2079 448 2135 vel
482 2081 591 2138 occulte
619 2093 761 2155 corruptae
789 2086 906 2157 luerint,
964 2091 1063 2139 utrum
1089 2083 1140 2138 hoc
1163 2081 1345 2152 approbaret,
1370 2087 1397 2134 et
1417 2079 1496 2134 illurn
1516 2077 1658 2133 consului.
1682 2077 1810 2149 Respon-

11 2190 14 2197 ,
54 2177 113 2220 non
129 2176 182 2220 eas
206 2164 397 2223 admittendas
416 2182 477 2224 esse
489 2169 524 2225 ad
540 2173 681 2243 agendam
699 2175 906 2244 penitentiam,
964 2171 1004 2228 dit
1028 2172 1077 2241 [ol.
1111 2170 1276 2240 Rescripsit]
1302 2176 1398 2224 autem
1433 2167 1554 2223 laudans
1582 2165 1713 2222 eamdem
1741 2180 1809 2222 oon·

55 2251 108 2308 nisi
126 2252 151 2309 is
166 2252 215 2309 cul
235 2255 491 2326 seconjunxeraut
506 2258 540 2314 de
555 2259 609 2316 bac
627 2261 904 2334 vitaidiscesserit.»
963 2260 1146 2316 sultationem
1180 2273 1283 2322 meam,
1310 2258 1363 2312 sibi
1393 2263 1487 2312 tamen
1514 2255 1549 2310 ad
1580 2253 1808 2324 respondendnm

12 2392 16 2417 ί
56 2341 102 2398 ltae
125 2355 207 2411 vero,
238 2357 304 2414 quae
327 2346 450 2403 necdum
479 2362 560 2405 sacro
584 2351 725 2409 uelamine
750 2361 838 2422 tectae,
868 2364 908 2411 ta·
964 2349 1055 2405 otium
1075 2363 1132 2405 uon
1158 2362 1218 2405 esse
1242 2345 1397 2417 respondit.
1420 2346 1480 2415 Ego
1506 2358 1574 2400 vero
1598 2355 1750 2413 quousque
1765 2355 1808 2398 es·

57 2443 122 2486 uren
142 2430 174 2486 in
197 2432 340 2502 proposito
361 2433 498 2506 virginali
520 2452 632 2509 semper
655 2455 685 2496 se
707 2442 907 2501 simulaverint
964 2447 1006 2496 set
1032 2441 1063 2497 in
1081 2454 1200 2510 corporo
1227 2438 1278 2493 hos
1300 2437 1388 2493 libros
1409 2436 1491 2491 edere
1510 2433 1598 2501 nolui,
1616 2448 1651 2488 ne
1675 2431 1747 2489 torte
1766 2446 1809 2489 re·

57 2531 235 2586 permanere,
253 2519 318 2578 lieet
333 2522 433 2580 velatae
453 2540 510 2581 uon
527 2526 645 2595 luerint,
664 2529 708 2585 his
726 2531 837 2601 agenda
852 2534 908 2588 ali·
963 2529 1114 2600 sponderet
1140 2528 1305 2597 aliquando,
1329 2531 1356 2580 et
1381 2540 1445 2579 cnm
1465 2525 1525 2594 ipsa
1546 2523 1728 2592 responsione
1746 2521 1810 2592 ejus

58 2615 168 2678 quanto
189 2616 314 2680 tempore
341 2613 510 2682 prenitentia
537 2624 597 2685 est;
622 2619 692 2689 quia
719 2620 834 2691 sponsio
859 2635 907 2677 ea·
964 2615 1058 2685 potius
1079 2615 1242 2671 ederentur.
1259 2613 1310 2668 lllo
1334 2619 1430 2667 antem
1450 2611 1584 2666 defuncto
1606 2609 1691 2665 edidi.
1708 2628 1720 2658 ι
1738 2610 1809 2666 Ecce

58 2709 167 2752 ruma
202 2697 322 2754 Domino
347 2700 506 2758 tenebatur.
529 2703 556 2760 Sl
580 2720 647 2762 vero
682 2708 755 2764 inter
778 2708 908 2765 homines
962 2706 1060 2760 virum
1084 2711 1195 2760 tautum
1220 2710 1298 2758 tanto
1324 2709 1450 2770 tempore
1477 2713 1569 2769 pauca
1593 2706 1621 2754 et
1648 2711 1739 2768 parra
1763 2711 1808 2754 re·

58 2785 126 2842 solet
154 2785 239 2843 bonae
263 2787 326 2844 lidel
348 2799 513 2849 contractus
533 2793 615 2850 nulla
642 2797 751 2854 ratione
779 2799 905 2866 dissolvi,
962 2794 1065 2863 scripta
1087 2807 1104 2848 a
1128 2791 1260 2862 praedicto
1285 2791 1345 2845 rire
1374 2795 1558 2858 exspectasse,
1585 2802 1638 2842 nec
1658 2786 1807 2855 accepisse.

58 2877 277 2948 quantomagis
301 2879 353 2935 ista
378 2880 553 2953 pollicitatio,
580 2899 668 2954 <quarn
693 2902 758 2942 cum
779 2888 835 2944 lleo
856 2905 905 2959 pe·
965 2882 1055 2949 Quem
1079 2881 1194 2953 quidem
1220 2880 1255 2936 ad
1280 2879 1443 2950 petitionem
1467 2877 1669 2947 predictarum
1686 2875 1809 2932 ieurina-

58 2965 206 3037 plgerunt,
234 2966 307 3024 solvi
327 2969 388 3025 siue
414 2972 541 3028 vindicta
567 2988 623 3029 uon
649 2975 770 3045 poterit‘l
786 2977 858 3033 Nam
883 2979 905 3034 ει
925 2987 944 3041 l:
962 2985 1028 3027 rum
1049 2970 1078 3027 in
1098 2977 1137 3026 tot
1161 2977 1188 3025 et
1213 2968 1299 3023 tantis
1325 2966 1521 3023 vriluuriuibus
1536 2966 1580 3021 vel
1606 2964 1810 3022 transferendis

57 3053 206 3125 apostolus
229 3055 347 3124 Paulus,
371 3072 437 3128 quse
464 3074 480 3114 a
508 3063 650 3131 proposito
676 3065 825 3121 viduitatis
849 3068 907 3122 nis.
963 3060 1007 3116 rel
1034 3060 1175 3116 dictandis
1198 3058 1316 3114 sudasse
1339 3056 1537 3128 cognorimus,
1560 3055 1644 3124 longo
1666 3055 1707 3111 eis
1721 3055 1809 3126 majo

56 3152 213 3209 cesserant,
241 3145 314 3200 dixit
336 3161 384 3203 eas
408 3149 514 3205 habere
538 3153 815 3222 ciirrdemnationem,
838 3158 907 3226 quia
962 3164 1131 3220 remquam
1153 3148 1284 3218 episcopo
1314 3146 1502 3202 reverentiam
1528 3144 1557 3200 in
1583 3145 1634 3200 hoc
1658 3144 1808 3201 exbibens.

55 3232 181 3302 primam
215 3234 298 3291 iidem
321 3235 439 3306 ⁸irritam
467 3239 597 3296 iecerunt
624 3243 647 3311 il
679 3244 747 3296 Tim.
776 3258 805 3311 v,
844 3245 907 3314 lbi:
962 3241 1090 3304 Quarum
1111 3238 1238 3293 fortassis
1255 3244 1332 3291 tanto
1356 3235 1481 3306 amplius
1500 3235 1636 3291 virtutem
1659 3232 1809 3304 amplecti-

55 3330 168 3393 quanto
198 3324 291 3395 tnagis
316 3325 455 3396 virgines,
480 3342 545 3398 quae
574 3329 676 3399 prioris
710 3333 909 3402 propositionis
962 3334 1010 3383 tur
1025 3327 1129 3394 studio,
1155 3341 1206 3381 nec
1230 3326 1399 3381 contristare
1421 3324 1553 3390 sustinet,
1579 3331 1689 3393 <quanto
1708 3336 1808 3379 earum

54 3412 143 3468 fidem
168 3412 287 3470 minimo
309 3416 518 3473 servaverunt?
544 3418 615 3473 ilinc
648 3427 675 3475 et
704 3420 838 3491 Pelagius
861 3422 907 3479 illo
962 3423 1098 3471 naturam
1120 3414 1294 3485 fragiliorem
1324 3414 1492 3470 considerat.
1516 3414 1596 3470 Unde
1622 3422 1649 3469 et
1672 3426 1808 3470 nonnun-

55 3501 195 3558 notabilis
220 3502 256 3557 acl
282 3503 370 3560 liliam
394 3505 541 3562 Mauritii:
566 3529 580 3554 o
609 3507 797 3566 criminosior
821 3518 904 3579 ιιι»
962 3519 1050 3576 quam
1069 3504 1146 3561 zelus
1170 3504 1318 3560 charitatis
1335 3505 1398 3574 ejus
1416 3517 1486 3574 erga
1501 3501 1666 3572 huiusmodi
1689 3501 1810 3559 luminas

54 3591 317 3662 iuquit,‹Christi
342 3593 473 3651 adultera
493 3610 581 3666 tinam
607 3597 712 3652 mariti.
740 3599 818 3656 Unde
843 3601 907 3671 pul·
963 3604 1061 3652 tantus
1094 3608 1153 3650 esse
1176 3593 1411 3664 deprehenditur,
1443 3600 1473 3647 Ul
1499 3593 1527 3646 in
1547 3606 1647 3646 ellum
1674 3587 1810 3647 laudibus

53 3678 124 3734 chre
145 3678 275 3734 Romana
293 3679 420 3737 Ecclesia
445 3685 501 3738 tam
526 3697 653 3739 severam
676 3699 769 3754 nuper
791 3686 825 3743 de
850 3689 908 3744 liu-
962 3683 1147 3752 aliquatenus
1172 3683 1300 3738 veritalis
1330 3681 1472 3737 tramitem
1502 3682 1638 3736 excedere
1666 3679 1808 3748 videatur,

51 3766 184 3838 jusmodi
205 3769 305 3825 statuit
327 3772 507 3838 sententiam,
538 3780 570 3828 ut
597 3774 648 3827 vix
672 3775 714 3829 rel
744 3776 908 3843 penitentia
962 3773 1044 3844 quasi
1061 3772 1088 3827 in
1105 3771 1197 3842 seipso
1213 3771 1283 3826 illud
1297 3779 1443 3840 expertus,
1466 3769 1542 3839 quud
1559 3768 1665 3824 alicubi
1687 3782 1809 3824 comme·

54 3856 163 3928 dignas
179 3857 417 3930 iudicaretque
440 3862 651 3918 sanctificatum
675 3863 732 3918 Deo
751 3877 856 3934 corpus
879 3866 910 3921 li·
963 3873 1108 3914 niorans:
1141 3881 1155 3908 «
1182 3858 1322 3924 Charitas,
1350 3879 1363 3907 ι
1396 3857 1500 3927 inquit,
1524 3878 1538 3905 ιι
1560 3868 1726 3910 mensuram
1751 3868 1810 3910 non

55 3945 191 4001 bidinosa
215 3945 450 4018 coinquinatione
480 3949 643 4006 violassent.
667 3973 680 3999 »
702 3950 782 4017 Quod
807 3954 830 4009 oi
845 3968 910 4023 por·
963 3950 1049 4005 hahet
1065 3947 1156 4019 (epist.
1177 3952 1230 4019 li).
1251 3968 1264 3999 n
1283 3947 1336 4014 Qui
1352 3948 1380 4001 iu
1407 3947 1466 4015 ipso
1488 3945 1583 4000 statim
1601 3942 1718 3998 enrlrdio
1738 3942 1811 4001 Vitae

55 4035 184 4092 mentori
200 4036 321 4093 uelimus
336 4046 477 4108 quantam
495 4055 607 4108 curam,
626 4050 765 4110 quamam
786 4043 908 4112 diligen·
963 4047 1068 4095 sanctae
1084 4038 1189 4106 Pctulre,
1211 4037 1294 4108 quasi
1311 4044 1454 4092 attentum
1471 4035 1522 4090 sibi
1544 4034 1680 4090 lectorem
1696 4046 1810 4103 praepa-

56 4126 129 4183 tium
154 4130 181 4180 et
204 4125 373 4183 charitatem
398 4129 490 4184 sancti
520 4131 649 4186 doctores
675 4131 764 4200 ipsius
786 4132 908 4202 lloruirri,
965 4144 1028 4186 rare
1048 4127 1223 4194 desiderans,
1251 4127 1290 4181 ait
1312 4126 1406 4197 (epist.
1424 4127 1491 4196 aii:
1514 4144 1528 4175 ι
1544 4124 1572 4178 Si
1590 4130 1693 4180 rimrta
1709 4136 1811 4192 eorpo-

55 4224 83 4270 et
108 4212 305 4282 apostolorum
338 4218 477 4286 exemplis
506 4219 626 4285 incitati,
654 4220 763 4275 deuotis
797 4235 909 4292 semper
965 4219 1006 4274 ris
1022 4217 1077 4273 mei
1101 4217 1230 4273 ruernbra
1258 4223 1439 4271 verterentur
1464 4215 1492 4268 in
1517 4214 1639 4284 linguas,
1663 4221 1690 4269 et
1712 4225 1811 4268 omnes

55 4302 246 4359 exhibuerint
269 4303 392 4370 sentinis,
424 4309 600 4376 reperiemus
630 4323 677 4364 eos
704 4322 816 4365 summo
840 4311 909 4365 dile·
927 4286 949 4338 ⁰
966 4314 1047 4361 artus
1072 4306 1200 4361 luuuana
1221 4319 1289 4360 voce
1313 4313 1488 4370 resonarent,
1512 4303 1582 4358 nihil
1608 4303 1728 4373 dignum
1743 4315 1809 4357 san-

57 4391 163 4448 ctionis
186 4389 244 4447 zelo
268 4392 446 4450 devotionem
472 4410 572 4452 earum
594 4397 742 4466 autplexos
766 4397 865 4463 luisse,
882 4408 909 4454 et

56 4480 174 4547 ιιιιίεει,
192 4488 220 4536 et
235 4481 386 4551 multiplici
401 4483 537 4540 doctrinae
557 4486 600 4542 vel
621 4485 829 4543 exlrorlationis
845 4496 907 4543 stu·

56 4565 106 4621 dio
143 4577 243 4621 earum
282 4565 447 4636 religionem
478 4569 588 4640 jugiter
619 4569 789 4627 instruxisse
821 4579 909 4642 atque

56 4667 186 4710 auxisse.

92 4744 201 4815 Atque,
240 4751 272 4800 ut
307 4752 423 4801 caeteros
464 4745 604 4815 omittam,
644 4747 782 4818 precipui
816 4749 910 4805 docto·

55 4848 104 4891 res
138 4831 271 4889 Ecclesia
303 4834 501 4903 producantur
528 4835 559 4891 iu
598 4837 735 4904 medium,
772 4836 909 4908 Origenes

56 4923 175 4989 scilieet,
211 4921 378 4979 Ambrosius
418 4933 505 4994 atque
537 4924 737 4996 llieronpurus.
778 4926 907 4993 Quorum

55 5012 176 5085 quidem
200 5013 322 5082 primus,
345 5011 392 5068 ille
418 5012 548 5069 videlicet
565 5016 711 5070 inanimus
732 5013 907 5072 Christiano-

56 5117 123 5160 rum
150 5100 350 5172 pbilosophus,
367 5099 535 5173 religionem
559 5103 733 5159 lerrrinaruur
753 5111 833 5160 tanto
850 5119 908 5161 am-

57 5192 162 5262 plexus
184 5198 227 5246 est
245 5189 313 5257 zelo,
335 5199 367 5248 ut
389 5191 444 5248 sibi
470 5205 574 5248 manus
596 5193 653 5262 ipse
676 5191 802 5261 inferret,
834 5194 908 5250 sicut

54 5279 249 5338 ecclesiastiea
275 5279 362 5337 relect
383 5280 505 5336 historia
533 5280 595 5349 (lib.
619 5296 653 5346 rr,
687 5296 711 5336 c.
736 5282 771 5352 7),
788 5296 823 5338 ne
848 5283 907 5338 ulla

54 5385 122 5427 curn
138 5368 297 5439 suspicion
321 5368 451 5425 doctrina
472 5370 516 5426 vel
532 5371 730 5426 exhortatione
751 5371 906 5429 mulierum

56 5461 222 5517 abducerer.
255 5458 326 5526 Quis
353 5459 437 5514 etiam
467 5458 578 5531 ignoret
607 5467 746 5531 quantam
775 5461 906 5518 Ecclesia·

55 5551 225 5607 divinorum
248 5561 367 5605 messem
391 5547 531 5606 librorum
556 5557 661 5623 rogatu
684 5549 781 5608 Paulae
802 5556 831 5608 et
846 5550 905 5608 En·

964 4402 1015 4450 ctae
1040 4407 1073 4450 ao
1093 4394 1265 4450 venerabilis
1288 4393 1383 4449 Paulae
1400 4393 1557 4449 virtutibus
1576 4392 1708 4447 dicerem.
1733 4390 1812 4445 »lle-

963 4484 1077 4553 seripsit
1093 4491 1120 4539 el
1136 4484 1291 4540 nonnullas
1309 4491 1476 4538 sauctorum
1500 4483 1616 4538 Patrum
1634 4478 1812 4535 venerabiles

963 4572 1048 4637 vitas,
1075 4580 1162 4642 atque
1187 4572 1333 4628 miraculis
1357 4586 1498 4637 coruscas,
1529 4571 1557 4624 iu
1588 4569 1695 4640 quibus
1727 4567 1811 4638 longe

964 4660 1142 4717 mirabiliora
1165 4668 1233 4717 suut
1264 4676 1328 4731 quae
1360 4661 1534 4717 reseruntur.
1565 4658 1683 4714 Nullum
1715 4664 1810 4712 tauren

962 4765 1063 4805 eorum
1103 4758 1182 4807 tanta
1216 4750 1300 4806 laude
1331 4751 1487 4806 verborum
1518 4746 1656 4803 extulisse
1684 4745 1809 4811 videtur,

963 4849 1073 4911 quanta
1094 4840 1169 4895 hauc
1197 4840 1314 4896 viduam
1343 4837 1563 4894 commendavit.
1591 4835 1645 4903 Qui
1665 4836 1752 4891 etlam
1774 4834 1810 4891 ad

963 4929 1171 4985 Di'rmetrladem
1198 4929 1339 4999 virginem
1364 4926 1502 4992 scribens
1533 4931 1611 4980 tanta
1639 4923 1701 4996 eius
1725 4923 1811 4981 laude

963 5017 1084 5074 irontem
1110 5017 1199 5087 ipsius
1223 5017 1372 5088 insignivit
1395 5014 1530 5084 epistolae,
1546 5022 1578 5071 ut
1594 5029 1650 5070 non
1673 5014 1702 5071 in
1724 5012 1811 5071 modi-

962 5122 1024 5163 cam
1049 5105 1108 5162 lahi
1133 5107 1265 5162 videatur
1293 5104 1487 5160 adulationem
1515 5104 1607 5175 (epist.
1630 5106 1657 5175 8)
1675 5120 1681 5160 :
1699 5125 1713 5153 κ
1733 5106 1811 5160 lnter

961 5210 1071 5261 omneS,
1089 5219 1102 5246 »ι
1119 5195 1225 5264 inquit,
1243 5214 1257 5244 ιι
1273 5195 1418 5259 materias,
1437 5207 1510 5265 equas
1526 5194 1562 5250 ab
1579 5193 1699 5250 infantia
1716 5207 1810 5263 usque

962 5283 997 5337 ad
1021 5282 1095 5337 banc
1117 5290 1228 5336 aetatem
1256 5281 1299 5336 vel
1328 5295 1400 5345 inea,
1428 5281 1470 5336 ret
1505 5282 1684 5337 notariorum
1709 5280 1810 5351 scripsi

964 5387 1061 5435 ιιιιιιιι,
1087 5370 1159 5426 nihil
1183 5370 1315 5439 praesenti
1342 5384 1426 5440 opere
1455 5370 1610 5427 difficilius,
1643 5370 1810 5441 Scripturas

962 5486 965 5509 t
1001 5463 1036 5513 io
1053 5461 1088 5515 :ul
1109 5459 1316 5516 Demetriadem
1335 5461 1477 5531 virginem
1492 5460 1606 5526 Christi,
1624 5473 1689 5530 quae
1710 5467 1738 5516 ot
1754 5473 1810 5515 no-

963 5552 1069 5608 bilitate
1094 5557 1121 5607 et
1152 5548 1260 5606 divitiis
1294 5549 1386 5618 prima
1407 5558 1448 5606 est
1478 5550 1507 5604 in
1534 5548 1606 5605 urbe
1627 5548 1766 5616 ltornana,
1785 5547 1810 5604 si
