3804 5962
96 228 152 294 tlt
367 224 470 283 PETRI
489 225 676 283 abactam
696 224 772 282 OPP.
793 224 885 282 rbus
903 224 993 299 ιιι.-
1005 221 1230 281 THEOLOGICA
1247 222 1291 280 ET
1309 218 1578 278 rutbesoetttua.
1794 219 1845 274 8⁸20

97 349 185 410 dacia
219 350 271 407 liei
302 347 417 420 collegit
458 346 609 419 populum,
622 353 652 404 et
688 344 814 403 detendit
852 357 945 417 genus
960 348 984 403 l
998 343 1110 413 delicet,
1133 342 1238 415 popule
1252 341 1429 411 taeeomm,
1446 341 1517 413 qnia
1537 354 1589 411 per
1603 355 1653 398 ros
1667 339 1849 412 blaspbema-

96 453 194 498 suum.
213 460 224 491 ι
919 423 920 427 ’
1000 440 1049 490 ιιι
1064 433 1138 490 iuter
1158 440 1265 506 gentes,
1283 432 1312 489 id
1344 438 1386 489 est
1408 429 1537 487 infideles
1558 444 1663 487 nomen
1676 430 1738 495 Dei,
1753 436 1781 486 ει
1797 442 1845 485 no-

132 529 297 589 Notandum
319 539 389 583 vero
417 524 489 598 quia
508 524 562 582 boc
581 523 642 581 leco
652 521 824 580 Ambrosius
838 521 947 579 nondi-
999 522 1065 582 titia
1089 522 1153 594 eius
1177 535 1268 593 quam
1291 535 1343 578 vos
1368 520 1475 578 babere
1502 519 1681 592 gloriamini,
1710 520 1746 577 Ut
1767 518 1847 575 enim

97 618 264 678 cittudatos
287 615 343 673 dici
371 611 671 678 aluda‘llaehabaeo,
698 610 748 668 sed
775 624 792 666 a
821 617 947 682 tempore
1000 611 1111 669 Tullius
1141 611 1283 678 meminit,
1311 624 1387 681 saepe
1416 624 1454 666 ex
1482 609 1554 666 vitio
1577 608 1704 666 bominis
1732 606 1848 680 culpari

97 707 160 780 ejus
186 705 307 776 siodici,
322 702 482 776 presertim
496 715 563 758 aum
578 714 596 757 a
611 700 720 757 caeteris
743 699 827 756 libris
841 697 948 756 veteris
1000 701 1120 759 scientia
1147 701 1228 768 solet,
1257 700 1342 772 quasi
1365 699 1484 757 scientia
1510 698 1560 755 illa
1581 699 1655 754 male
1671 697 1786 769 operari
1800 697 1849 752 do

98 796 271 857 Testamenti
296 790 557 857 noninveniantur
579 789 623 845 sle
649 786 885 860 appellatissssicut
917 785 947 842 in
1000 796 1072 846 ccat.
1100 789 1179 846 siem
1202 792 1334 860 scriptum
1359 793 1410 857 cst,
1428 789 1459 845 in
1484 788 1624 859 propheta
1638 786 1784 844 Ezechiele
1803 785 1850 841 bis

97 887 180 946 libris
200 874 440 942 llacltabaeorum.
459 879 517 944 eui
533 876 648 935 etiarnsi
662 890 680 957 a
693 876 768 933 luda
785 874 947 933 daebabaeo
1000 878 1099 936 vorbis
1112 895 1119 935 :
1134 881 1237 936 Nomen
1253 883 1378 935 sanctum
1398 894 1486 933 meum
1502 877 1576 948 quod
1588 877 1727 948 polluistis
1741 876 1846 944 inocu-

96 976 139 1035 sie
165 980 259 1032 essem
286 970 434 1043 appellati,
462 965 754 1025 videnturetaluda
783 964 947 1034 patriarcba
1001 968 1072 1023 abac
1102 968 1211 1039 (bacci.
1241 985 1287 1033 xx,
1305 969 1361 1039 39),
1392 967 1419 1023 id
1452 974 1494 1024 est
1514 966 1700 1036 comtemptui
1720 964 1763 1023 vel
1780 965 1849 1020 irri-

98 1064 141 1122 sic
165 1060 322 1129 nominari,
339 1073 406 1116 eum
432 1057 492 1129 ipse
507 1069 626 1127 quoque
653 1053 742 1110 ludas
766 1050 947 1109 liaebabaeus
1000 1056 1073 1112 sioni
1097 1056 1197 1114 baberi
1218 1055 1336 1127 fecistis,
1360 1065 1388 1114 ει
1416 1070 1483 1113 oum
1514 1055 1544 1111 in
1563 1053 1849 1124 sepretiosissimam

99 1155 136 1211 ab
152 1153 200 1210 illo
211 1150 285 1209 tuda
300 1148 342 1205 sio
355 1153 428 1204 esset
438 1143 609 1216 appellatus.
1000 1151 1073 1202 esset
1083 1145 1261 1202 vivificastis.

133 1244 169 1299 ct
182 1239 328 1312 requiescis
352 1238 383 1291 iu
407 1236 472 1303 leoe.
493 1234 529 1291 tu
557 1246 616 1289 non
642 1230 774 1303 fatigeris
798 1229 948 1287 erroribus
1037 1234 1209 1290 circumcisio
1240 1234 1358 1304 quidem.
1390 1233 1529 1305 Superius
1557 1232 1677 1290 abstulit
1702 1231 1851 1304 gloriatio·

99 1328 273 1404 inquirende
293 1339 360 1398 quae
387 1321 520 1382 iacienda
543 1321 600 1379 sint
625 1319 687 1389 tibi,
702 1326 730 1376 et
745 1325 835 1376 totum
858 1318 888 1374 in
914 1331 948 1375 ea
1000 1334 1068 1378 nem
1094 1321 1166 1394 legis
1184 1322 1268 1392 data,
1288 1337 1339 1394 per
1356 1324 1408 1380 boc
1422 1322 1569 1394 quodnon
1595 1321 1704 1378 iaciunt
1719 1334 1784 1392 quae
1802 1320 1850 1376 lex

97 1419 227 1479 studium
247 1415 335 1474 babes
362 1419 536 1484 occupatum
554 1416 586 1468 ut
614 1423 684 1477 non,
707 1407 782 1479 ipsas
804 1406 877 1463 alias
898 1420 946 1477 pe·
1001 1410 1144 1481 pracepit,
1163 1410 1278 1475 et⁸,ideo
1294 1411 1415 1482 nragisa
1435 1412 1497 1483 lege
1510 1417 1678 1482 arguuntur
1693 1423 1782 1480 quam
1800 1408 1851 1479 iu·

98 1509 208 1576 undas,
238 1506 275 1562 ad
302 1503 409 1575 scripta
428 1499 536 1559 seilicet
556 1505 706 1570 poetarum
720 1503 749 1554 et
769 1495 948 1568 pbilosopbe
1000 1497 1170 1556 stibcentur.
1185 1499 1271 1557 Nune
1285 1515 1353 1557 vero
1370 1514 1420 1570 per
1439 1500 1493 1556 boc
1508 1499 1602 1571 ipsum
1622 1499 1702 1570 quod
1720 1497 1778 1570 legi
1789 1511 1849 1554 non

97 1612 174 1656 rum.
195 1595 237 1651 Et
257 1593 385 1663 pemeus
400 1594 431 1648 ia
450 1593 513 1657 lieo,
528 1586 666 1661 jactando
681 1584 788 1642 scilicet
802 1583 945 1658 teglorie-
1001 1587 1209 1660 obtemperant,
1234 1588 1327 1647 aulert
1354 1589 1477 1661 gloriam
1499 1586 1738 1644 circumcisionis.
1772 1586 1850 1653 Quia

98 1701 163 1745 sum
182 1686 218 1743 de
237 1683 399 1757 cognitione
414 1680 466 1736 liei
484 1684 512 1735 et
528 1678 591 1750 lege
614 1674 665 1734 tibi
688 1674 725 1732 ab
737 1673 799 1745 ipso
814 1673 893 1740 data,
908 1686 946 1730 ex
1001 1677 1076 1735 sicut
1103 1678 1244 1749 legislatio
1272 1678 1313 1734 nil
1329 1678 1443 1749 prodest
1456 1677 1692 1748 suscipientibus,
1714 1675 1770 1733 nisi
1784 1689 1851 1732 eam

99 1790 160 1848 qua
174 1774 308 1833 videlieet
320 1771 382 1842 lege
397 1767 473 1827 nosti
495 1766 674 1825 voluntatem
688 1763 762 1836 ejus,
775 1764 854 1834 quod
868 1762 944 1818 uide·
1002 1775 1128 1834 servent,
1150 1768 1189 1823 ita
1203 1768 1396 1836 circumcisio,
1417 1766 1473 1823 nisi
1501 1766 1556 1837 legi
1577 1765 1785 1837 obtemperent,
1817 1771 1851 1822 ut

99 1863 164 1923 licet
177 1863 204 1922 ei
219 1862 280 1920 fieri
296 1860 418 1932 placeat.
441 1860 478 1914 st
489 1855 604 1928 protes,
621 1854 649 1911 id
672 1860 715 1910 est
729 1852 869 1910 discernis
888 1866 947 1908 non
1000 1856 1133 1914 videlicet
1156 1865 1258 1913 eaetera
1270 1865 1411 1928 praecepta
1428 1855 1566 1928 impleant
1584 1856 1659 1913 sicut
1674 1861 1850 1926 preceptum

98 1955 192 2010 solum
219 1949 305 2008 utilia
324 1948 361 2004 ab
377 1945 508 2013 utilibus,
525 1957 629 2001 verum
654 1941 742 1999 etiam
766 1939 884 1998 utiliora
910 1940 947 1996 ab
1001 1943 1240 2003 circumcisionis.
1265 1945 1376 2016 Quippe
1400 1945 1452 2016 qui
1482 1945 1512 2001 in
1528 1958 1622 2000 unum
1640 1942 1801 2011 ollenderit,
1817 1951 1851 2000 ut

100 2040 230 2097 utilibus.
252 2037 381 2109 doridis,
408 2041 442 2091 ut
456 2032 590 2091 videlieet
616 2027 948 2102 possisostcnderoaliis
1001 2033 1077 2090 alius
1103 2033 1173 2091 dicit
1204 2034 1359 2106 apestolus,
1375 2031 1764 2103 reuscstomniumilacm,
1795 2034 1849 2102 tut,

98 2129 178 2185 viam
201 2127 322 2200 iustitiae
345 2126 375 2182 in
394 2122 538 2180 mandatis
550 2121 611 2179 Dei.
636 2120 730 2176 daeeos
744 2119 806 2175 sive
825 2117 854 2174 in
870 2124 946 2174 tene·
1003 2123 1033 2181 id
1051 2130 1094 2180 εει
1122 2130 1320 2194 transgressor
1340 2130 1383 2179 est
1401 2129 1639 2194 seucontcmptor
1661 2120 1749 2178 tetius
1766 2120 1849 2192 legis,

100 2216 161 2274 bris
181 2217 344 2284 existentes,
369 2213 430 2270 sive
461 2211 630 2281 insipientes
644 2216 671 2266 ει
689 2207 812 2264 intentes
828 2207 889 2263 idco
906 2207 948 2262 ln·
1001 2212 1141 2269 universa
1159 2212 1267 2269 scilicet
1293 2212 1345 2268 Dei
1378 2219 1521 2282 precepta
1559 2210 1742 2267 continentis.
1776 2211 1849 2267 Cum

100 2304 205 2377 telligit
225 2311 254 2360 et
269 2301 404 2360 similiter
436 2302 549 2362 ducem,
578 2305 606 2355 ct
629 2297 739 2358 lumen,
769 2303 797 2352 ει
817 2295 947 2352 erudito·
1001 2302 1079 2359 enim
1099 2301 1146 2358 lex
1173 2301 1272 2358 omnia
1294 2300 1396 2368 simul,
1424 2315 1484 2357 non
1498 2315 1594 2358 unum
1619 2306 1730 2356 tantum
1747 2299 1849 2370 praeci-

99 2407 173 2461 rem,
187 2398 215 2449 et
229 2392 401 2462 magistrum
433 2386 599 2459 preeodem
620 2385 733 2454 accipit,
759 2391 791 2440 ut
806 2383 842 2439 sit
864 2397 948 2454 (ιιι-
1002 2390 1072 2461 piat,
1095 2390 1232 2461 quisquis
1258 2403 1354 2446 unum
1387 2389 1597 2461 transgreditur
1612 2389 1704 2460 legem
1715 2402 1773 2445 uon
1788 2402 1849 2445 ser·

100 2481 169 2539 dam
190 2480 349 2538 verborum
373 2476 528 2535 inculcatio
555 2474 591 2531 ad
619 2472 814 2530 contusionem
835 2485 948 2540 corum,
1004 2486 1060 2537 vat.
1089 2479 1131 2536 Ac
1158 2480 1183 2535 si
1216 2491 1267 2550 per
1282 2478 1517 2550 uniuscujusque
1535 2477 1670 2548 precepti
1694 2484 1852 2548 transgrcs

100 2583 160 2631 nou
173 2568 288 2626 diuersa
315 2564 496 2638 significati&
519 2562 599 2620 ΗΜΘ
615 2568 712 2618 autem
725 2575 754 2618 ιθ
769 2560 873 2618 ducem
887 2573 949 2616 0⁵⁸0
1002 2569 1113 2626 sionem
1140 2567 1213 2640 legis
1235 2566 1348 2624 violatae
1376 2581 1443 2624 reus
1456 2567 1590 2624 eflicitur.
1608 2566 1687 2622 Nibil
1705 2580 1774 2639 ergo
1794 2567 1851 2623 cir·

100 2671 243 2717 eticorum
266 2656 403 2725 confidat,
429 2654 515 2711 idest
537 2651 728 2709 sufficientem
752 2650 788 2707 ad
807 2651 880 2707 alios
899 2650 946 2708 do·
1003 2656 1141 2715 oumcisio
1162 2657 1288 2714 carnalis
1314 2657 1351 2714 ad
1376 2656 1499 2713 salutem
1525 2655 1640 2727 prodest
1657 2655 1683 2711 si
1697 2655 1852 2712 lexincae·

101 2747 217 2814 candos,
246 2745 393 2819 supponit.
419 2743 458 2800 Τθ
481 2741 554 2808 ᾱίῦῡι
579 2741 719 2796 habentem
736 2752 774 2795 01
798 2738 860 2811 ¹08⁰
888 2739 948 2805 i0r·
1002 2748 1072 2805 teris
1101 2745 1234 2804 violetur.
1276 2745 1396 2802 Sicutet
1426 2745 1589 2815 baptismus
1615 2743 1701 2815 euius
1734 2742 1848 2808 lecum,

101 2852 175 2893 mam
195 2833 315 2892 cucuma
337 2838 362 2888 ei
380 2834 516 2898 ueritatis,
543 2828 570 2885 ld
599 2836 640 2886 0⁵²
668 2841 767 2885 velam
799 2827 949 2885 scientiam
1003 2837 1086 2893 beato
1116 2842 1269 2892 attestante
1298 2833 1445 2905 Gregorio,
1466 2833 1649 2890 circumcisio
1675 2832 1798 2900 tenebat,
1826 2833 1849 2888 ει

104 2938 171 2998 (11¹ae
207 2924 350 2991 insiluere
376 2920 449 2978 ³¹108
471 2927 499 2976 et
519 2918 674 2976 issftmssr'tle
701 2923 791 2989 potest
817 2916 854 2972 ιι
877 2916 949 2972 bene
966 2949 988 3006 ρ
1006 2925 1036 2981 in
1059 2923 1169 2980 ceteris
1198 2930 1423 2995 transgressores
1451 2935 1682 2993 permaneamus,
1709 2936 1768 2978 non
1797 2921 1853 2977 sal-

102 3013 259 3087 agendum.
288 3011 330 3068 Tu
358 3024 427 3080 2¹80
442 3008 508 3065 iilis
530 3021 564 3063 ιθ
578 3014 676 3064 tantus
694 3004 854 3062 secundum
870 3004 949 3075 illdi-
1004 3020 1064 3072 vat.
1093 3012 1166 3071 cum
1185 3020 1282 3069 autem
1305 3010 1483 3068 circumcisio
1512 3010 1541 3066 in
1568 3010 1622 3067 boc
1645 3017 1774 3081 tempore
1789 3009 1851 3080 jam

104 3103 293 3168 clamatum,
323 3098 376 3171 qui
404 3097 475 3154 allos
494 3097 587 3160 doces.
616 3094 643 3151 ld
676 3101 718 3151 est
740 3093 872 3164 militis,
895 3106 949 3148 tt·
1006 3100 1118 3158 nullius
1155 3100 1191 3157 sit
1215 3100 1361 3167 momenti,
1375 3100 1463 3171 juxta
1483 3097 1554 3154 illud
1568 3097 1659 3168 ipsius
1672 3096 1801 3166 Apostoli
1814 3096 1851 3153 ad

104 3191 137 3248 ¹¹¹
158 3203 217 3263 ‘1¹¹⁰
239 3195 382 3261 alliifflffl
401 3184 659 3255 (Ῑθῧθὸῑῦθΐΐῑιιθΐθ
676 3181 813 3252 supponit
833 3182 950 3238 diffini:
1005 3189 1120 3247 Galatas
1145 3188 1297 3245 scribentis
1326 3188 1489 3244 :Sicutem
1510 3186 1748 3253 circumcidimini,
1772 3186 1850 3242 Citri-

104 3276 157 3346 Qui
175 3277 324 3349 practicae,
340 3290 377 3332 ex
406 3274 503 3332 verbis
523 3271 631 3329 scilicet
648 3270 732 3343 legis,
746 3277 799 3327 ete.
819 3271 873 3337 Qui
888 3270 951 3326 abo·
1006 3283 1064 3333 stus
1091 3277 1167 3332 cabis
1187 3279 1228 3333 ait
1249 3277 1375 3348 proaem
1398 3277 1471 3348 (dcl.
1496 3290 1525 3344 v,
1549 3275 1590 3347 ι),
1610 3274 1692 3332 idest
1706 3275 1850 3346 nibiljam

103 3365 219 3420 minerii
251 3362 336 3430 &⁰102
367 3361 460 3418 idest
489 3358 715 3416 Sifflsslissfflillffl
740 3357 847 3414 f⁰s11¹³⁸
890 3371 953 3427 pro·
1006 3365 1140 3423 utilitatis
1164 3365 1360 3423 vobisexillo
1384 3365 1468 3438 signo
1495 3363 1629 3432 conteret,
1655 3370 1775 3434 apparet
1799 3363 1853 3420 hoc

105 3460 168 3526 pier
203 3449 412 3523 significatum,
447 3462 514 3505 culn
551 3462 609 3504 non
643 3446 736 3503 evitas
767 3444 952 3517 sacrilegium
1006 3457 1068 3512 iooo
1091 3453 1261 3525 Apostolum
1289 3455 1447 3510 adstaium
1475 3453 1602 3523 priorem
1617 3451 1688 3523 logis
1712 3460 1851 3522 spectare,

105 3548 222 3614 prepter
245 3540 350 3610 ipsum,
379 3537 450 3610 quia
467 3537 497 3594 in
514 3538 642 3608 teipsum
657 3533 767 3592 malum
790 3542 841 3591 esi·
862 3534 953 3591 Satri·
1007 3543 1036 3600 in
1073 3558 1131 3615 quo
1162 3542 1242 3600 utilis
1266 3550 1329 3600 erat
1356 3541 1547 3599 circumcisio.
1576 3541 1699 3611 Deque
1733 3540 1852 3610 quidem

106 3629 217 3701 legium
249 3628 354 3684 dicitur
376 3627 496 3685 violatio
522 3626 563 3684 rei
591 3638 689 3688 saerae,
714 3624 823 3680 scilieet
849 3637 951 3682 earum
1006 3639 1083 3689 statu
1110 3631 1184 3704 legis
1204 3629 1338 3703 quantulo
1358 3630 1421 3702 jam
1448 3629 1592 3700 proterite
1617 3636 1802 3699 acquantum
1816 3630 1853 3685 ao

105 3717 233 3775 muifflfl
259 3729 326 3788 quae
344 3716 381 3773 ad
405 3714 517 3772 cultum
534 3715 582 3771 ὓθὶ
599 3713 753 3784 pertinent,
775 3710 864 3769 veluti
881 3721 952 3769 tcm-
1004 3720 1137 3777 carnales
1165 3720 1364 3777 observantias
1394 3719 1538 3785 defuncto,
1552 3717 1592 3775 ibi
1607 3731 1686 3773 nunc
1702 3716 1791 3773 etiam
1804 3718 1851 3773 iu-

105 3805 187 3878 plum
201 3813 228 3863 et
242 3819 307 3878 (ιιι
317 3805 353 3863 ad
365 3805 461 3876 ipsum
480 3809 617 3876 spectant.
637 3802 791 3873 Templum
808 3815 876 3858 vcro
901 3803 952 3861 liei
1006 3808 1061 3865 daci
1083 3808 1214 3866 conversi
1243 3808 1456 3880 gloriabantur.
1485 3805 1514 3862 Si
1540 3820 1609 3863 vero
1640 3805 1793 3876 Apostolus
1816 3806 1853 3861 ad

105 3896 167 3953 sive
188 3895 335 3954 materiale
349 3902 377 3952 et
399 3893 602 3966 figurativum,
620 3891 682 3948 sive
697 3889 850 3961 spirituale
860 3898 888 3947 et
902 3905 951 3948 ve·
1005 3911 1095 3954 suum
1116 3911 1196 3953 nunc
1230 3904 1343 3967 tempus
1370 3895 1527 3966 respiciens
1552 3894 1654 3951 dicat:
1679 3895 1852 3950 circumcisio

104 3997 172 4041 rum
197 3983 289 4040 iudaei
308 3983 466 4048 violarunt,
484 3982 589 4054 inipso
607 3977 774 4038 manufacto
787 3979 951 4050 templone—
1006 3986 1115 4053 quidem
1136 3985 1257 4056 prodest,
1287 3986 1312 4039 si
1337 3985 1424 4052 legera
1436 3983 1570 4050 ebseecs,
1592 3982 1647 4039 tale
1661 3989 1703 4038 est
1718 3996 1753 4038 ao
1772 3981 1797 4038 st
1811 3981 1853 4037 oi.

104 4072 292 4145 getiatienem
317 4071 487 4141 exercendo,
525 4077 640 4142 propter
669 4081 758 4140 quam
781 4081 799 4124 a
829 4068 951 4126 Domino
1005 4081 1069 4131 cat:
1086 4073 1271 4132 circumcisio
1285 4087 1365 4130 nune
1387 4072 1512 4144 prodest,
1528 4072 1552 4128 sl
1567 4070 1777 4143 sitspiritualis
1800 4084 1850 4141 po

103 4160 171 4218 inde
185 4168 254 4218 sunt
263 4159 378 4232 expulsi
392 4176 401 4231 ;
418 4159 462 4218 vel
473 4160 568 4230 ipsum
579 4151 949 4230 Dominumcrucillgendo,
1006 4163 1066 4221 tius
1091 4176 1181 4234 quam
1206 4162 1424 4234 cerealiaque
1441 4161 1541 4233 gentili
1566 4176 1649 4231 aeque
1672 4159 1749 4216 sicut
1764 4166 1791 4216 et
1803 4160 1853 4215 Ju-

104 4250 157 4323 qai
185 4250 221 4306 de
245 4250 349 4321 templo
384 4249 509 4320 corperis
542 4249 590 4305 sui
627 4248 748 4319 loquens
774 4247 832 4303 ait:
849 4249 952 4304 Solvite
1006 4253 1067 4309 daeo
1094 4251 1256 4310 eommunis
1283 4259 1335 4308 est.
1355 4249 1491 4308 Custodia
1520 4248 1851 4321 igiturlegisspirltua·

104 4339 232 4411 templum
261 4337 320 4407 bac,
340 4347 394 4396 etc.
420 4339 508 4412 (locu.
539 4337 811 4410 u,19).liemiaum
838 4337 949 4394 inbono-
1004 4340 1060 4398 lem
1104 4339 1354 4398 circumcisionem
1375 4337 1452 4405 lacit,
1477 4338 1505 4394 id
1528 4345 1569 4394 est
1595 4336 1805 4408 separationem
1835 4351 1852 4393 a

103 4443 161 4498 rae,
185 4427 213 4484 id
236 4422 279 4485 e'st
306 4427 377 4484 lacis
407 4427 610 4499 despicabilem
625 4427 689 4484 aliis
707 4432 850 4498 quantum
878 4426 909 4483 in
924 4434 951 4483 te
1003 4429 1092 4497 vitiis,
1122 4443 1188 4499 quae
1204 4442 1253 4499 per
1268 4425 1413 4485 carnalem
1436 4424 1850 4497 circumcisionemliguratur.

103 4519 156 4575 eat.
186 4515 316 4575 Colorem
345 4517 375 4573 in
402 4517 455 4574 hoc
469 4517 530 4574 loco
544 4516 719 4574 rhetoricum
741 4515 819 4582 iacit,
834 4515 885 4587 qui
905 4529 948 4573 re·
1003 4517 1070 4575 'lale
1094 4525 1134 4574 est
1160 4530 1238 4589 ergo,
1256 4517 1279 4573 si
1303 4515 1392 4588 legem
1417 4515 1572 4582 custodias,
1598 4527 1632 4569 ac
1645 4514 1669 4569 si
1686 4514 1810 4569 diceret:
1823 4511 1850 4570 Si

104 4603 202 4674 petitio
219 4604 336 4673 dicitur,
352 4605 461 4662 babens
486 4606 515 4661 in
537 4606 659 4663 diversis
674 4604 813 4661 clausulis
841 4604 950 4661 aratio·
1003 4608 1039 4663 sit
1066 4605 1225 4678 spiritualis
1243 4603 1423 4662 circumcisio
1434 4601 1529 4660 cerdis
1553 4602 1648 4673 potius
1674 4615 1764 4672 quam
1787 4615 1849 4658 eor·

103 4688 149 4746 nis
175 4689 250 4749 idem
275 4691 465 4763 principium,
494 4691 569 4748 sicut
597 4699 649 4759 est,
666 4691 728 4764 qui,
743 4691 821 4764 qued
841 4704 948 4762 ,quan
1003 4697 1090 4768 poris,
1107 4692 1372 4766 quiasuperlluum
1397 4700 1439 4749 est
1459 4691 1577 4765 signum
1587 4690 1638 4746 ubi
1647 4690 1724 4747 deest
1735 4703 1785 4760 per
1798 4704 1850 4748 ne·

103 4785 166 4837 tum
180 4786 223 4837 cst
242 4782 406 4852 repetitum.
1002 4784 1171 4858 gligentiam
1186 4784 1344 4855 signatum.

139 4869 241 4927 Nemea
264 4871 344 4925 euim.
367 4869 439 4927 Cum
459 4870 593 4941 superius
621 4870 809 4942 singulariter
836 4871 946 4939 dixerit,
1038 4875 1068 4930 si
1099 4879 1189 4928 autem
1211 4873 1417 4943 prevaricator,
1440 4869 1531 4927 idest
1561 4878 1765 4941 transgressor,
1793 4876 1848 4925 etc.

103 4953 232 5012 tiautcm
247 4961 287 5024 tu,
299 4970 379 5014 nunc
392 4970 461 5015 vero
476 4957 625 5028 pluraliter
642 4957 719 5014 dicat
733 4973 782 5028 per
795 4974 853 5028 eos,
865 4958 950 5030 plane
1002 4965 1172 5033 Praputium
1210 4969 1331 5018 cecatur
1364 4959 1413 5017 illa
1437 4958 1581 5030 particula
1613 4958 1747 5029 genitalis
1772 4973 1850 5014 men-

102 5043 232 5102 insinuat
247 5045 410 5118 generalem
421 5046 515 5104 iudei
535 5060 728 5118 persenamse
740 5048 948 5121 introduxisse,
1003 5051 1059 5120 bri,
1082 5051 1218 5122 quamde
1230 5049 1398 5106 summitate
1422 5049 1501 5105 illius
1516 5045 1706 5116 praecidebant
1728 5044 1851 5102 circum·

102 5133 187 5204 quasi
202 5135 374 5207 generaliter
389 5135 523 5193 rebellem
538 5136 714 5209 redarguens
734 5136 885 5208 populum,
913 5139 949 5197 de
1002 5142 1138 5199 cidentcs.
1163 5140 1199 5196 Et
1210 5139 1316 5196 dicitur
1344 5137 1519 5210 preputium
1547 5136 1632 5206 quasi
1658 5136 1847 5206 amputando,

103 5234 163 5293 guo
188 5236 218 5280 se
243 5237 304 5281 esse
330 5223 531 5295 gloriabantur
546 5226 592 5282 isti
626 5227 871 5297 cenversiiudaei,
897 5231 948 5301 qui
1003 5229 1031 5287 id
1061 5237 1103 5285 est
1131 5226 1348 5300 praescindendo
1378 5226 1627 5298 quamvisputare
1640 5223 1724 5279 modo
1743 5222 1848 5293 prein-

101 5310 199 5367 llomte
221 5319 314 5369 crant.
330 5313 361 5368 ln
378 5328 435 5385 quo
452 5315 570 5386 quidem
591 5315 695 5386 populo
710 5315 781 5372 alios
795 5316 866 5374 dicit
884 5333 949 5376 reos
1001 5318 1096 5376 cidere
1109 5332 1166 5373 non
1183 5317 1221 5373 sit
1231 5317 1261 5372 in
1273 5331 1339 5385 ιει,
1356 5315 1431 5373 sieut
1453 5321 1614 5384 amputare.
1629 5312 1846 5370 Diciturtamen

102 5398 175 5456 lurti
197 5413 268 5468 esse,
292 5402 446 5470 exstitisse,
464 5403 509 5460 vel
527 5405 624 5461 adbuc
653 5404 819 5473 esse;alios
837 5405 947 5464 adulte·
1002 5407 1032 5464 in
1055 5405 1212 5463 canticis:
1237 5407 1350 5476 Tempus
1375 5404 1530 5474 putationis
1565 5402 1676 5457 aduertit
1699 5401 1789 5472 (caru.
1813 5417 1846 5471 u,

101 5489 150 5556 rii,
180 5495 234 5546 etc.
263 5487 471 5548 continuatio:
493 5492 567 5552 bene
593 5492 657 5551 dico
672 5493 839 5562 inhonoras,
860 5494 950 5556 tavi·
1003 5495 1058 5568 lt),
1079 5494 1107 5552 id
1129 5502 1172 5553 εει
1198 5492 1415 5564 amputationis.
1457 5490 1707 5557 Quemadmodum
1746 5498 1846 5549 autem
