3804 5962
131 228 180 282 ott
430 225 531 280 PETRI
551 224 738 281 aunuatim
758 224 836 281 OPP.
858 223 947 281 PARS
965 224 1000 283 tt.
1016 255 1050 266 -
1064 220 1249 281 sultltorttls
1267 223 1310 279 ET
1330 223 1449 279 OPUSC.
1470 224 1587 282 ASCET.
1832 228 1887 281 652

166 354 286 417 Revera,
309 351 436 423 inquies,
452 351 492 408 ita
505 359 548 408 est
560 367 565 408 :
578 351 649 422 quia
664 366 721 409 non
737 358 805 409 sunt
820 351 899 418 talia,
916 366 982 422 qnae
997 351 1021 406 Α
1035 354 1177 420 tanquam
1192 347 1368 419 quibusdam
1390 348 1573 405 adminiculis
1587 346 1632 405 vel
1650 347 1888 419 primordialibus

131 443 233 502 mereri
248 441 369 512 possint,
394 455 461 497 curn
478 441 587 497 ratione
609 447 736 497 caream.
762 440 814 497 Sed
845 441 981 511 nunquid
1038 439 1141 506 causis,
1156 436 1229 493 nihil
1243 445 1347 500 tamen,
1365 445 1593 509 quantacunque
1608 439 1644 493 sit
1658 452 1757 493 rerurn
1774 440 1886 510 magni-

132 525 206 604 opus
220 539 354 587 nostrum
381 530 523 586 rationem
550 529 646 597 babet,
673 537 707 587 ut
731 529 836 586 mereri
867 528 982 600 possit?
1037 529 1116 595 tudo,
1147 528 1204 584 Deo
1232 527 1335 584 mellus
1359 528 1415 584 dici
1443 534 1544 598 potest.
1566 528 1626 583 Etsi
1641 529 1718 583 enirn
1739 528 1884 585 bonarum

129 621 334 694 Nequaquam,
356 619 489 691 inquies;
512 620 560 676 sed
593 627 688 676 tamen
711 620 814 675 mereri
842 633 915 688 opus
942 618 982 675 di·
1037 631 1134 674 rernm
1150 629 1291 672 numerus
1305 623 1424 684 constat,
1448 624 1480 672 ut
1504 615 1616 672 bonitas
1633 616 1664 671 in
1684 617 1819 686 pluribus
1836 618 1882 686 sit,

130 711 216 778 citur,
232 711 303 781 quia
314 723 365 765 nos
379 709 483 766 mereri
497 707 576 777 lacit,
587 707 642 765 hoc
653 715 694 764 est
715 715 756 764 est
772 707 980 779 dignosremu-
1036 720 1094 763 non
1113 705 1176 761 ideo
1194 704 1351 761 bonitatem
1380 705 1518 775 majorem
1540 718 1601 761 esse
1615 705 1772 777 contingit:
1790 705 1880 762 voluti

128 796 464 865 neratlone,velsaltem
493 797 612 868 majore.
627 795 681 852 Sed
707 794 762 851 hoc
791 795 982 865 prolectosn-
1039 795 1062 851 si
1086 794 1206 850 scientia
1231 793 1261 849 in
1295 794 1428 864 pluribus
1449 793 1588 863 abundet,
1617 802 1668 850 aut
1695 796 1882 852 scientiarum

127 901 181 958 pra
197 886 379 958 negavimus,
399 894 427 942 et
447 899 500 942 cur
515 884 680 956 negandum
696 883 732 939 sit
751 897 785 939 ea
813 891 895 939 extra
916 897 981 954 quae
1035 896 1177 939 numerus
1194 889 1315 948 crescat,
1339 897 1396 938 non
1413 883 1474 939 ideo
1493 884 1643 938 scientiam
1659 883 1802 954 cujusque
1818 898 1882 940 cre·

127 974 266 1040 diximus,
292 974 399 1045 accipe.
422 973 495 1031 Sunt
511 974 568 1030 duo
585 973 615 1028 in
644 972 742 1029 eodem
759 972 902 1042 proposito
916 971 983 1027 aedi·
1035 986 1113 1028 scere
1127 985 1241 1027 necesse
1254 978 1306 1037 est,
1331 979 1363 1027 ιιι
1377 972 1469 1043 major
1490 971 1598 1028 scilicet
1616 969 1666 1026 stat
1678 986 1768 1042 quam
1787 973 1881 1043 prius.

127 1062 232 1120 dcandi
248 1063 346 1119 domos
357 1076 529 1133 pauperum,
555 1062 628 1118 altor
642 1060 801 1117 devotionis
823 1074 883 1116 suae
899 1057 982 1115 allec·
1035 1060 1081 1116 Sic
1098 1067 1126 1117 et
1147 1075 1213 1116 curn
1229 1059 1258 1115 in
1280 1075 1309 1117 se
1324 1061 1400 1117 Deus
1423 1060 1517 1116 bonus
1535 1061 1581 1128 sit,
1605 1067 1633 1115 et
1657 1059 1882 1117 innumerabilia

128 1158 190 1209 tum
206 1151 315 1222 implet,
331 1150 632 1221 alterveropeounia,
649 1163 738 1222 qnam
754 1155 978 1220 preparaverat,
1034 1157 1119 1217 creet,
1142 1163 1209 1220 qnae
1228 1163 1280 1205 nec
1302 1162 1373 1205 esse.
1397 1164 1451 1206 nec
1473 1148 1549 1205 bona
1572 1161 1632 1204 esse
1654 1148 1709 1204 nisi
1724 1162 1773 1219 per
1798 1149 1881 1205 illum

126 1239 181 1297 sibi
197 1239 338 1297 violenter
352 1238 460 1308 ablata,
484 1239 564 1311 quod
588 1238 747 1309 proposuit,
778 1251 980 1295 consummare
1034 1237 1151 1306 babent,
1170 1237 1282 1294 bonitas
1304 1252 1353 1307 per
1372 1252 1438 1294 cum
1464 1236 1495 1293 in
1516 1236 1652 1308 pluribus
1665 1245 1718 1304 est,
1734 1244 1767 1294 ιιι
1787 1238 1880 1309 major

125 1342 185 1385 non
198 1329 385 1399 permittitur,
404 1327 486 1385 nulla
512 1326 557 1384 sui
581 1327 669 1398 culpa
696 1327 915 1394 interveniente,
929 1325 979 1383 sed
1034 1327 1071 1383 sit
1086 1339 1226 1383 numerus
1249 1325 1393 1383 bonarum
1413 1339 1522 1393 rerum,
1544 1325 1626 1382 nulla
1647 1334 1743 1383 tamen
1767 1325 1882 1383 bonitas

124 1416 410 1474 solaenmviolentia
444 1415 646 1488 praepediente.
670 1415 810 1486 Nunquld
832 1416 895 1486 ejus
920 1426 980 1471 me·
1033 1414 1096 1487 eius
1121 1414 1239 1471 bonitati
1269 1413 1398 1484 praelerri
1428 1415 1471 1470 vel
1500 1414 1612 1486 aquari
1637 1420 1737 1484 potest.
1764 1415 1880 1472 Bonitas

124 1507 214 1562 ritum
232 1506 260 1562 id
293 1506 372 1577 qnod
393 1506 521 1563 exterius
541 1511 584 1561 est
611 1511 709 1562 actum
731 1504 863 1561 minuere
885 1503 979 1574 potuit
1033 1503 1150 1574 quidem
1174 1502 1202 1559 in
1225 1502 1352 1570 bomine,
1372 1511 1399 1559 et
1421 1502 1534 1559 bonitas
1558 1503 1589 1560 in
1612 1503 1737 1572 Deoest,
1760 1512 1788 1561 et
1812 1519 1879 1562 cnm

123 1595 202 1666 apud
216 1596 316 1664 Deum,
331 1603 383 1653 aut
397 1595 505 1652 malitia
518 1594 638 1652 alterius
652 1608 719 1651 eum
732 1595 830 1650 minus
843 1600 977 1663 accepta·
995 1627 1014 1680 B
1033 1591 1152 1648 diversae
1166 1591 1224 1647 sint
1244 1592 1413 1649 substautias
1435 1591 1479 1648 vel
1507 1600 1620 1649 natnrae
1640 1592 1748 1664 quibus
1765 1593 1880 1649 bonitas

123 1685 210 1742 bilem
223 1685 280 1742 Deo
296 1685 388 1741 lacere
401 1685 506 1755 potuit,
523 1684 586 1757 qni,
602 1691 866 1756 quantumcunque
876 1682 975 1752 potuit,
1032 1680 1116 1747 inest,
1144 1679 1256 1736 nullius
1283 1688 1378 1737 tamen
1402 1680 1444 1736 rei
1472 1681 1585 1737 bonitas
1612 1681 1719 1738 divinae
1747 1681 1877 1752 praeierri

121 1786 173 1844 pro
184 1774 241 1830 neo
254 1773 346 1830 iecit‘l
365 1772 496 1845 alioquin
512 1773 642 1844 pecuniae
666 1771 838 1843 magnitudo
867 1785 976 1828 unum·
1030 1768 1075 1825 vel
1089 1769 1201 1839 aequari
1217 1776 1326 1840 potest;
1338 1783 1372 1824 ac
1396 1784 1448 1840 per
1468 1769 1521 1825 boc
1535 1768 1608 1825 nibil
1629 1769 1741 1837 melius,
1758 1769 1813 1826 hoc
1825 1777 1877 1838 est,

123 1876 270 1934 quemque
286 1861 433 1919 meliorem
444 1875 478 1917 ac
508 1861 668 1933 digniorem
696 1861 790 1917 lacera
817 1866 921 1930 posset,
951 1859 976 1915 si
1029 1858 1126 1929 majus
1148 1857 1258 1914 bonum
1277 1872 1367 1929 quam
1392 1859 1479 1928 Deus,
1498 1861 1544 1915 nel
1560 1872 1644 1930 equo
1659 1858 1878 1916 bonnmdicen·

123 1949 259 2007 videlicet
282 1949 319 2006 ad
351 1950 559 2020 maritumum
587 1957 777 2022 angmentum
796 1948 890 2005 meriti
909 1962 974 2018 pro·
1029 1946 1167 2003 dnmest.

82 2108 88 2118 ἱ
123 2038 208 2096 licere
224 2039 285 2109 ipsa
311 2047 416 2111 posset,
442 2047 469 2097 et
494 2054 553 2110 quo
582 2039 697 2096 ditiores
718 2038 847 2095 homines
867 2041 972 2102 essent,
1030 2052 1096 2109 epp,
1126 2052 1154 2109 χ
1182 2051 1259 2120 Quod
1287 2052 1435 2110 multitudo
1468 2053 1597 2109 nomm
1627 2070 1681 2110 ,mn
1708 2058 1750 2110 „g
1780 2056 1876 2111 mega,

121 2128 254 2185 meliores
280 2128 341 2184 lteri
368 2136 492 2200 possent,
519 2143 586 2186 curn
616 2128 669 2199 ipsi
697 2142 734 2185 en
757 2127 839 2198 copia
863 2127 975 2183 divitia·
1349 2123 1553 2180 nnobonornm.

121 2230 187 2273 rum
204 2215 346 2273 devotioni
362 2232 422 2274 snae
438 2217 668 2288 plnspossentin
695 2216 831 2288 operibus
856 2216 971 2272 addere.
1062 2216 1096 2270 ln
1117 2228 1202 2284 opere
1224 2228 1292 2270 vero
1313 2221 1341 2270 et
1367 2212 1525 2270 intentione
1549 2227 1602 2269 nec
1632 2213 1794 2271 bonitatum
1825 2222 1876 2272 aut

122 2299 205 2365 Quod
220 2302 338 2373 quidem
353 2305 529 2371 existimare,
546 2312 577 2360 ut
600 2319 668 2374 opes
686 2305 794 2360 scilicet
814 2304 850 2360 ad
871 2317 971 2360 veram
1028 2302 1169 2358 bonorum
1192 2315 1291 2358 rerum
1317 2314 1457 2357 numerus
1478 2302 1632 2358 consistere
1654 2303 1779 2359 videtur.
1803 2303 1875 2360 Cum

120 2389 337 2455 beatitudinem,
367 2391 412 2448 vel
436 2394 472 2449 ad
496 2393 599 2448 animae
623 2393 791 2464 dignitatem
808 2393 971 2465 quidquem
1027 2390 1103 2447 enim
1126 2390 1201 2446 bona
1225 2390 1355 2455 intentio,
1380 2398 1408 2447 et
1431 2389 1506 2446 bona
1530 2391 1657 2462 operatio
1682 2390 1798 2458 dicitnr,
1823 2391 1876 2448 boc

120 2476 237 2535 valeant
251 2478 445 2548 conterre,vel
457 2481 492 2537 de
507 2482 616 2538 meritis
627 2496 790 2553 pauperum
807 2482 971 2552 quidquem
1026 2486 1078 2547 est,
1112 2492 1149 2534 ex
1179 2479 1254 2535 bona
1281 2478 1442 2535 intentione
1471 2479 1636 2549 procedens,
1670 2480 1732 2536 sola
1760 2478 1873 2537 bonitas

120 2566 248 2634 auterre,
282 2580 397 2624 summa
425 2579 468 2626 est
503 2570 627 2627 insania.
657 2570 684 2626 Si
713 2579 810 2627 autern
843 2570 971 2626 animam
1027 2567 1195 2625 intentionis
1222 2567 1411 2639 designatur:
1447 2583 1499 2624 nec
1526 2569 1555 2625 ln
1586 2569 1696 2636 eadem,
1728 2568 1873 2640 signitica-

120 2658 268 2716 meliorem
288 2660 401 2718 elicere
424 2674 482 2715 non
502 2667 592 2730 potest
613 2660 751 2728 possessio
777 2673 885 2724 rerum,
910 2659 998 2715 uti-·
1025 2657 1102 2713 tione
1122 2671 1227 2713 nomen
1254 2656 1323 2713 boui
1348 2657 1499 2723 retinetur,
1519 2666 1551 2713 nt
1567 2657 1651 2726 plura
1680 2657 1764 2713 bona·
1781 2658 1873 2714 dicere

121 2744 241 2817 qub'nec
254 2763 317 2805 earn
334 2750 390 2805 beo
405 2749 565 2805 chariorem
580 2747 672 2803 lacere
685 2755 783 2818 potest,
799 2748 892 2805 necin
906 2747 971 2804 bea·
1025 2745 1178 2816 possimus.
1203 2745 1275 2802 Nam
1299 2753 1327 2801 et
1355 2760 1421 2801 cnm
1445 2745 1567 2801 dicimus
1595 2746 1752 2816 simplicem
1778 2746 1872 2802 borni-

119 2833 245 2892 titndino
261 2837 355 2893 nteritl
370 2837 532 2908 quidquam
552 2835 693 2892 obtinere.
1025 2848 1091 2890 nem
1115 2848 1185 2902 esse,
1211 2840 1238 2890 et
1261 2833 1418 2902 simplicem
1449 2833 1612 2899 dictionem,
1637 2849 1694 2890 non
1718 2834 1781 2891 ideo
1812 2836 1872 2891 baec

155 2909 221 2979 Car.
232 2924 307 2981 Vlll.
321 2929 357 2980 lte
370 2926 591 2979 remuneratione
606 2939 716 2992 opernm
731 2926 907 2979 enectorum.
1024 2936 1085 2979 esse
1108 2922 1294 2980 concedimus
1318 2921 1404 2991 plura
1427 2921 1578 2990 simplicia,
1601 2936 1667 2978 cum
1692 2922 1746 2978 boc
1766 2937 1871 2979 nomen

156 3011 212 3067 Nec
240 3020 337 3069 tamen
366 3026 509 3083 negamus
523 3012 552 3067 in
575 3011 630 3066 ltac
645 3013 702 3066 vita
714 3010 796 3067 bonis
822 3012 883 3068 istis
901 3028 968 3084 ope·
1025 3012 1143 3081 simplem
1155 3010 1238 3066 aliter
1259 3009 1316 3076 bic,
1332 3016 1360 3065 et
1374 3009 1457 3065 aliter
1472 3009 1510 3065 t'bl
1528 3019 1672 3067 sumatur.
1700 3012 1787 3067 Nemo
1804 3025 1872 3083 ergo

119 3098 201 3156 ribus
216 3103 258 3157 vel
277 3100 359 3157 malis
381 3100 492 3170 aliquid
509 3100 608 3167 tribui,
632 3106 665 3156 ιιι
681 3113 717 3155 er
739 3102 871 3169 presenti
887 3100 968 3158 retri-
1024 3113 1075 3155 uos
1093 3106 1186 3171 cogat,
1211 3106 1244 3155 ut
1267 3113 1333 3154 cum
1359 3097 1441 3154 borne
1469 3097 1621 3154 intentioni
1647 3100 1723 3155 bona
1745 3101 1872 3170 operatio

120 3186 238 3244 butione
257 3187 287 3244 in
304 3188 420 3259 praemio
439 3188 485 3244 vel
501 3200 586 3258 poena
603 3187 728 3257 amplius
743 3189 778 3244 ad
806 3189 881 3245 bona
896 3189 966 3245 inci·
1024 3188 1149 3256 additur,
1178 3188 1391 3259 (concedamus)
1412 3186 1520 3243 bonnm
1537 3187 1611 3243 bono
1633 3188 1788 3258 superaddi
1809 3197 1872 3245 tan·

120 3281 225 3343 temur,
251 3276 340 3332 vela
375 3275 457 3332 malis
482 3276 687 3344 retrahamur3
713 3285 741 3333 et
769 3277 803 3334 de
826 3279 890 3334 aliis
918 3277 966 3335 alii
1023 3277 1223 3348 quamplura
1259 3275 1316 3333 sint
1350 3276 1435 3344 bona,
1459 3290 1510 3347 pro
1538 3277 1872 3348 quibusaremuneratio

119 3363 253 3434 exempla
272 3371 389 3421 sumant
416 3364 445 3419 in
473 3363 609 3420 iaciendis
634 3379 700 3435 quae
723 3366 905 3434 convenient,
922 3367 967 3424 vel
1023 3379 1148 3422 crescere
1175 3365 1298 3437 debeat3
1325 3380 1404 3432 cum,
1431 3374 1463 3422 ut
1492 3366 1600 3423 dictum
1626 3373 1678 3435 est,
1706 3382 1759 3424 nec
1785 3369 1873 3441 plura

118 3453 266 3520 cavendis,
278 3468 344 3524 qum
359 3466 417 3508 non
429 3452 615 3509 conveniunt
1023 3453 1098 3510 bona
1122 3461 1197 3510 recte
1212 3454 1306 3510 dicere
1330 3456 1473 3524 possimus
1494 3454 1553 3524 illa,
1570 3455 1678 3526 quibus
1702 3455 1770 3512 boni
1785 3469 1870 3513 voca·

156 3558 222 3615 Car.
242 3559 292 3615 IX.
316 3558 394 3623 Quod
414 3563 484 3614 Dens
508 3564 533 3614 et
546 3559 623 3614 borno
638 3564 667 3614 in
692 3561 799 3616 cbristo
813 3565 888 3618 uniti
912 3580 967 3620 non
1022 3542 1124 3599 b¹¹¹¹¹¹¹¹
1139 3556 1397 3615 nequaquaffifflffl
1411 3543 1495 3598 modo
1510 3544 1654 3601 θθῦιθῦῑῑ·

265 3634 303 3684 sit
319 3631 420 3685 ,melius
431 3631 539 3699 aliquid
550 3646 630 3701 quom
646 3631 719 3686 solus
732 3633 815 3688 Deus.
1057 3628 1124 3687 Car.
1138 3631 1182 3686 lll.
1209 3631 1289 3696 Quod
1302 3633 1452 3686 intentione
1471 3631 1541 3687 bono
1556 3636 1593 3686 sit
1611 3648 1681 3702 opus
1694 3633 1803 3688 bonnm.

115 3726 120 3735 ·
154 3718 285 3793 Denique
308 3727 339 3775 ιιι
367 3719 403 3775 ad
424 3719 573 3790 premissa
597 3720 758 3789 redeamus,
788 3721 838 3778 ubi
866 3723 966 3782 videli·
1058 3719 1165 3774 B⁰ss³¹11
1197 3722 1303 3790 quippe
1323 3720 1521 3789 ἱῐιῑθῡῑῑῡῦθῦι,
1546 3720 1601 3777 ¹¹00
1625 3728 1678 3790 ⁰⁸1,
1704 3730 1812 3779 rectam
1837 3724 1867 3779 in

118 3816 162 3864 cet
176 3807 286 3864 dictum
301 3814 352 3875 est,
370 3809 440 3878 quia
454 3808 561 3864 bonurn
578 3808 652 3865 bono
677 3809 807 3866 additum
825 3812 965 3881 quiddam
1021 3822 1050 3864 se
1065 3807 1204 3879 dicintns3
1223 3808 1417 3877 operationem
1432 3823 1511 3879 vero,
1536 3825 1595 3866 non
1620 3811 1698 3882 quod
1719 3811 1786 3868 boni
1812 3812 1869 3869 ali-

117 3897 221 3952 melius
234 3897 320 3953 eilloit
333 3910 423 3967 quam
440 3897 671 3968 unumquodque
683 3912 784 3954 eorum
799 3914 850 3970 per
865 3901 962 3971 sosit;
1021 3897 1093 3968 qnid
1113 3896 1142 3952 in
1166 3911 1196 3953 se
1215 3898 1363 3967 suscipiat,
1384 3898 1432 3954 sed
1463 3899 1592 3969 quodex
1623 3900 1698 3956 bona
1712 3901 1870 3958 intentione

119 3986 181 4042 vide
203 4000 238 4043 ne
266 3985 335 4042 illuc
360 4000 453 4056 usqne
479 3986 606 4050 ducaris,
632 3993 662 4041 ut
680 3987 837 4054 Christum,
869 3989 896 4044 id
922 3997 964 4047 est
1020 3986 1163 4056 procedat.
1181 3986 1260 4043 Unde
1283 3994 1311 4043 et
1331 3986 1484 4043 abeodem
1509 3988 1625 4044 homine
1640 4004 1706 4045 curn
1722 3990 1751 4045 in
1766 3991 1868 4047 diver-

118 4074 209 4130 Deum
228 4081 256 4130 et
280 4073 425 4129 bominem
454 4074 507 4129 sibi
530 4074 651 4131 invicem
675 4075 706 4130 ln
732 4079 964 4146 personannitos
1020 4074 1058 4130 sis
1089 4075 1266 4146 temporibus
1294 4075 1368 4131 idom
1404 4076 1464 4143 liat,
1495 4091 1547 4147 pro
1571 4077 1735 4135 diversitate
1767 4083 1866 4135 tamen

116 4161 220 4218 melius
243 4161 382 4230 quiddam
407 4161 590 4233 dicasqnam
611 4164 673 4236 ipsa
700 4164 803 4221 Christi
826 4166 962 4223 diviuitas
1019 4162 1187 4220 intentionis
1207 4165 1270 4234 ejus
1295 4173 1424 4237 operatto
1454 4166 1539 4222 modo
1563 4166 1640 4223 bona
1671 4167 1754 4224 modo
1789 4167 1868 4224 mala

114 4248 162 4305 vel
187 4248 354 4304 hnmanitas
379 4249 425 4318 sit,
449 4250 503 4306 hoc
522 4258 564 4307 est
585 4251 644 4322 ipse
660 4254 735 4309 lleus
757 4253 868 4309 bomini
894 4256 961 4312 unl-
979 4268 1002 4322 p
1018 4252 1134 4321 dicitur,
1150 4254 1233 4310 etita
1249 4253 1325 4310 circa
1347 4254 1456 4311 bonum
1474 4261 1502 4310 et
1521 4256 1634 4312 malum
1656 4257 1763 4313 variari
1785 4257 1866 4313 vide-

113 4342 162 4393 tns
176 4338 222 4393 vel
239 4337 298 4407 ipse
316 4338 402 4395 bomo
419 4353 436 4394 a
453 4340 509 4395 Deo
523 4349 701 4412 assumptus.
718 4339 835 4397 Constat
852 4344 961 4414 quippe
1018 4348 1075 4397 tur.
1098 4341 1177 4398 Sicut
1189 4341 1251 4399 bac
1279 4343 1453 4413 propositio:
1471 4345 1593 4401 Socrates
1621 4345 1704 4413 sedet,
1731 4344 1775 4402 vel
1800 4346 1866 4417 ejus

114 4423 145 4481 in
161 4425 275 4482 cbristo
290 4434 348 4482 tarn
371 4436 553 4499 assumptum
579 4429 733 4498 bominem,
758 4444 846 4501 quarn
872 4432 963 4489 Deum
1017 4430 1179 4487 intellectus
1198 4432 1275 4488 circa
1296 4446 1399 4488 verum
1421 4441 1448 4489 et
1477 4433 1582 4491 lalsum
1609 4436 1750 4502 variatur,
1776 4434 1864 4491 modo

113 4522 309 4571 assumentem
322 4529 383 4571 esse
405 4515 526 4586 bonnm,
543 4524 571 4573 et
591 4527 746 4587 utramque
767 4518 961 4575 substantiam
1017 4516 1132 4575 Socrate
1145 4520 1269 4589 sedente,
1296 4521 1382 4578 modo
1404 4529 1507 4578 stante.
1532 4522 1625 4591 Quam
1652 4524 1770 4595 quidem
1801 4538 1865 4595 per·

113 4605 239 4661 nonnisi
257 4604 363 4661 bonam
387 4605 507 4677 intelligi
524 4619 605 4676 posse
625 4621 632 4661 ι
653 4605 728 4663 sicut
743 4614 771 4662 et
796 4607 825 4662 in
839 4607 962 4680 singulis
1016 4608 1204 4665 mutationem
1219 4608 1367 4667 varietatis
1391 4609 1468 4668 circa
1486 4625 1591 4669 verum
1605 4620 1633 4669 ot
1652 4612 1755 4668 lalsum
1773 4612 1813 4669 ita
1833 4613 1863 4668 in

111 4690 280 4748 bominibus
295 4699 354 4747 tam
377 4705 515 4763 corporea
529 4706 618 4763 quarn
641 4692 810 4764 incorporea
824 4695 960 4752 snbstan-
1015 4695 1233 4754 bisllristoteles
1242 4699 1409 4770 contingere
1429 4700 1507 4768 dicit,
1524 4714 1583 4758 non
1606 4700 1684 4773 quod
1705 4702 1859 4772 ipsaque

113 4779 152 4836 tia
165 4780 239 4837 bona
249 4788 302 4845 est,
319 4781 382 4837 licet
395 4781 432 4837 ad
442 4780 612 4852 dignitatern
636 4781 682 4838 vel
706 4783 961 4842 meritumanimae
994 4784 1090 4852 ‚circa
1119 4800 1231 4856 verum,
1256 4788 1302 4844 vel
1323 4788 1427 4845 lalsum
1451 4797 1613 4859 mutantur,
1642 4790 1754 4861 aliquid
1772 4791 1863 4848 susci·

61 4902 64 4915 ·
110 4869 226 4926 bonitas
244 4868 370 4939 corporis
392 4868 464 4924 nibil
487 4868 600 4925 relocat.
625 4869 663 4926 nt
685 4884 754 4927 nero
778 4872 844 4941 quis
868 4879 959 4930 totum
1014 4875 1095 4946 piant
1109 4876 1153 4932 sui
1167 4877 1336 4946 mutatione,
1353 4879 1403 4934 sed
1430 4879 1508 4950 quod
1532 4893 1579 4936 res
1602 4878 1744 4951 subiecta,
1765 4880 1793 4937 id
1818 4888 1862 4937 est

111 4956 152 5022 id,
167 4956 245 5028 quod
266 4957 397 5013 Christus
425 4958 543 5027 dicitur,
567 4958 622 5015 hoc
649 4966 691 5016 est
710 4960 797 5017 simul
826 4961 915 5018 Βιιιιιι
931 4969 959 5019 et
1014 4963 1153 5032 Socrates,
1174 4965 1203 5020 in
1225 4980 1254 5022 se
1279 4966 1338 5037 ipso
1366 4976 1527 5037 moveatur,
1552 4969 1586 5025 de
1607 4970 1734 5027 sessione
1754 4970 1862 5027 scilicet

110 5044 267 5114 bominem,
296 5048 340 5103 vel
373 5060 582 5120 quamcunque
613 5061 711 5105 rerum
742 5049 957 5108 multitudinem
1013 5053 1471 5122 adstationem,veleconverso.

110 5131 168 5188 Deo
192 5133 325 5202 praelerre
345 5134 463 5192 audebit
487 5142 628 5208 tanquam
654 5151 687 5192 eo
721 5137 825 5194 melius
845 5138 958 5210 aliquid
1100 5140 1168 5199 Gar.
1186 5142 1248 5199 ltu.
1268 5145 1344 5200 unce
1359 5146 1429 5201 bono
1447 5149 1562 5203 intentio
1577 5150 1614 5202 sit
1633 5147 1771 5203 dicendo?

109 5231 171 5276 esse
191 5220 287 5290 possit,
305 5223 357 5291 qul
372 5232 400 5279 et
424 5239 572 5282 summurn
600 5226 709 5282 bonum
724 5233 777 5294 est,
802 5233 830 5283 et
844 5226 881 5282 ab
897 5228 958 5297 ipso
1047 5229 1119 5286 Sunt
1147 5240 1244 5288 autem
1268 5235 1319 5305 qni
1339 5234 1446 5291 bonam
1468 5235 1514 5292 vel
1540 5244 1648 5293 rectam
1670 5236 1860 5294 intentionem

109 5307 255 5379 quidquid
284 5308 351 5365 boni
374 5311 489 5380 babent,
508 5314 655 5383 accipiunt
677 5312 799 5370 omnia?
819 5314 957 5382 Quamvis
1010 5332 1071 5375 esse
1107 5320 1299 5389 arbitrantur,
1333 5324 1564 5395 quotiescunque
1597 5340 1626 5382 se
1654 5325 1761 5396 aliquis
1786 5326 1860 5383 bene

107 5394 186 5452 enirn
202 5397 239 5452 ad
263 5395 376 5467 aliquid
399 5401 544 5470 agendum
569 5401 712 5459 nonnulla
734 5403 774 5459 ita
792 5403 956 5461 necessaria
1010 5419 1095 5478 agere
1112 5409 1211 5479 credit,
1232 5417 1260 5467 et
1275 5412 1331 5468 lleo
1353 5411 1466 5482 placere
1482 5412 1520 5482 id,
1539 5413 1617 5486 qnod
1632 5414 1717 5485 lacit;
1741 5415 1818 5474 sicut
1832 5420 1861 5473 et

107 5481 272 5557 rideantur,
294 5492 326 5546 ut
350 5501 408 5545 non
432 5488 460 5544 id
482 5487 575 5547 lacere
599 5490 675 5548 bens
696 5491 759 5548 sine
779 5490 835 5549 illis
854 5493 953 5566 possit,
1009 5494 1052 5554 llli
1066 5496 1119 5569 qul
1136 5504 1278 5572 martyres
1296 5501 1557 5576 persequebantur,
1573 5501 1608 5562 do
1621 5504 1731 5578 quibus
1746 5503 1859 5565 veritas
