3804 5962
418 244 596 302 EXPOSITIO
616 244 652 301 IN
671 242 781 301 EPIST.
801 242 907 301 PAULI
925 243 974 300 Ab
993 241 1078 300 noll.
1092 269 1127 280 -
1140 237 1205 297 tls.
1228 239 1265 295 II.
1656 239 1708 296 842

79 369 257 441 singularem
296 368 379 426 illum
407 367 554 425 hominem
593 368 726 435 ostendit,
756 365 809 437 qni
823 367 848 419 h
864 366 916 423 Sed
931 365 1069 437 quiahoc
1096 364 1220 422 manime
1232 364 1269 420 ad
1282 362 1407 420 ethicam
1432 362 1557 434 pertinet
1577 362 1709 420 couside-

79 472 120 514 am
149 457 254 514 Christi
284 471 437 527 personam
465 457 522 513 Deo
551 458 653 514 unitus
682 464 732 513 est.
757 455 812 513 Cu·
863 456 1014 520 rationem,
1030 453 1181 511 etdiutins
1198 452 1284 508 inhis
1307 451 1478 509 dirimendis
1493 452 1709 508 immorandum

79 561 128 603 am
156 545 366 602 beatitudinem
403 545 503 601 eodem
533 546 675 615 Propheta
707 545 811 600 descri-
863 547 945 610 esset,
973 557 1062 613 quam
1090 539 1216 599 brevitas
1238 540 1424 611 expositionis
1455 543 1710 612 postulat‚nostrae

92 636 123 692 in
146 637 207 705 ipso
221 634 316 690 statim
333 634 424 704 capite
447 633 514 691 libri
528 635 667 704 scriptum
679 641 735 690 est:
747 636 811 688 lien·
865 631 893 686 id
909 631 1012 687 ethicae
1028 631 1200 687 discussioni
1215 642 1407 687 reservemus.

89 727 140 795 qui
157 739 212 778 non
230 723 300 777 obiit
313 721 397 793 (Psoi.
414 739 434 788 ι,
448 725 486 790 ι).
504 723 556 780 Vir
583 723 721 792 quippea
741 721 811 778 viri·
898 720 1043 775 beatitudo
1057 734 1128 788 ergo.
1149 717 1390 789 Quandoquidem
1413 724 1561 774 ostensum
1581 725 1623 775 est
1639 726 1712 789 quot

79 822 139 869 ctus
160 819 213 879 est,
233 810 296 867 ideo
308 810 379 882 qnia
396 811 443 867 ille
454 811 506 881 qui
520 810 592 866 nihil
602 810 757 866 debilitatis
775 824 812 866 ex
865 809 958 865 modis
981 807 1128 866 beatitudo
1156 807 1270 864 dicatur
1299 807 1360 863 sive
1374 806 1608 872 habeatur,illnd
1626 807 1713 863 etiam

79 901 147 957 ione
160 899 269 970 peccati
286 900 385 967 traxit,
411 900 463 970 qui
479 897 581 955 fortior
596 898 696 955 lortem
712 897 813 970 alliga·
865 896 1015 954 videamus
1029 910 1047 952 a
1060 895 1170 966 quibus
1204 895 1357 962 habeatnr,
1384 895 1413 951 id
1436 901 1479 951 εει
1503 894 1713 952 acircumcisis

79 1003 156 1045 arma
175 987 305 1057 diripuit,
319 987 403 1058 quasi
427 989 474 1043 vir
488 986 675 1058 singulariter
698 1001 812 1057 peren-
866 991 978 1042 tantum
990 998 1027 1041 an
1039 985 1124 1041 etlam
1150 998 1168 1040 a
1196 984 1383 1054 praeputiatis.
1413 984 1449 1039 Et
1476 983 1532 1040 hoc
1559 984 1714 1055 estquod

79 1093 125 1134 am
164 1078 279 1134 dicitur.
306 1077 364 1133 Alii
396 1090 465 1133 vero
494 1075 692 1146 cooperatione
722 1077 813 1146 ipsius
867 1074 1024 1144 quaerendo
1040 1073 1193 1145 aittlirgo
1224 1073 1285 1129 baec
1299 1071 1459 1142 beatitudo,
1474 1085 1563 1142 quam
1582 1070 1715 1129 videlicet

79 1165 233 1224 eiieminati
249 1163 389 1221 etmolles
414 1179 513 1222 omnes
535 1165 675 1230 existunt,
693 1165 813 1222 terrenis
867 1162 897 1218 in
926 1165 1017 1219 beum
1046 1162 1230 1232 assequimur
1243 1162 1267 1218 si
1280 1176 1339 1217 non
1365 1161 1501 1232 operibus
1527 1161 1614 1218 etiam
1642 1159 1714 1232 legis

79 1254 162 1311 tibus
176 1251 367 1320 subjacentes.
388 1253 464 1309 Huic
478 1261 575 1309 autem
591 1254 711 1309 omnino
735 1252 758 1308 si
777 1253 813 1309 sit
866 1249 1018 1318 credendo,
1049 1253 1142 1305 Mouet
1164 1255 1193 1305 ic
1207 1252 1411 1307 circumcisione
1436 1254 1555 1316 tautum,
1569 1250 1597 1306 id
1626 1249 1714 1306 estin

80 1343 104 1399 is
123 1357 140 1398 a
159 1340 409 1412 peccato‚nnllum
426 1341 566 1397 Dominus
579 1340 733 1410 imputavit
747 1355 812 1411 pec·
867 1339 1055 1407 circumcisis,
1072 1352 1109 1395 an
1121 1338 1208 1395 etiam
1238 1339 1266 1393 in
1291 1338 1497 1409 praeputiatis?
1514 1340 1582 1403 Quas
1596 1351 1665 1395 vero
1677 1337 1715 1394 sit

106 1431 177 1502 quia
190 1430 273 1486 nulla
287 1444 354 1486 eum
370 1443 455 1499 puna
479 1443 531 1499 pro
552 1436 668 1499 peccato
691 1430 812 1499 dignum
868 1426 930 1483 haec
944 1426 1100 1494 beatitudo,
1116 1441 1206 1498 quam
1221 1426 1353 1484 videlicet
1368 1429 1397 1484 in
1414 1428 1505 1484 Deum
1517 1426 1712 1498 assequimur,

79 1520 107 1576 it
120 1518 219 1589 aliquo
234 1516 278 1573 cel
298 1516 488 1587 originalivel
503 1517 629 1588 proprio,
650 1519 700 1588 qui
719 1517 813 1573 necin
868 1515 1039 1573 determinat
1055 1516 1172 1584 ;dicens
1200 1530 1263 1572 cam
1276 1531 1338 1572 esse
1368 1530 1456 1588 quam
1482 1516 1627 1573 Abraham
1645 1529 1714 1571 con·
1760 1512 1763 1516 ’

79 1614 261 1676 »conceptus
294 1605 390 1672 luerit,
429 1619 482 1662 nec
509 1614 659 1676 peccatum
694 1606 1052 1699 aliquodsssecutusest,
1076 1618 1143 1661 cum
1166 1619 1203 1661 ειι
1229 1603 1283 1661 tide
1313 1604 1368 1661 snit
1391 1604 1578 1676 justificatus.
1595 1602 1632 1660 ut
1659 1603 1716 1660 hoc

79 1697 150 1752 serit.
188 1695 344 1750 Possumus
377 1695 464 1749 etiam
493 1701 563 1749 tunc
605 1693 812 1750 beatitudinem
867 1701 909 1749 εει
937 1693 1015 1763 quod
1038 1692 1136 1749 subdit
1155 1709 1163 1747 ι
1181 1695 1299 1748 Dicimus
1316 1695 1397 1754 euim,
1414 1693 1545 1751 idestex
1566 1692 1713 1763 supposito

79 1792 118 1840 tta
142 1783 293 1839 hominum
322 1781 503 1838 salvatorum
528 1781 572 1837 vel
605 1781 812 1837 salvandorum
867 1781 1068 1839 convincimus
1089 1782 1261 1850 testimonio,
1290 1786 1355 1849 quio
1369 1781 1487 1837 Abrchae
1499 1782 1568 1854 ptdes
1596 1795 1665 1853 qua,
1682 1787 1716 1838 ut

103 1871 270 1941 intelligere.
299 1871 395 1927 Unum
408 1869 527 1940 quidem
539 1883 631 1940 genus
643 1876 685 1925 est
699 1882 814 1941 parvu-
867 1870 1031 1940 expositum
1062 1877 1113 1937 est,
1143 1870 1174 1926 in
1194 1871 1283 1927 Deum
1311 1870 1441 1939 credidit,
1468 1875 1598 1941 reputato
1627 1873 1666 1925 esi
1690 1871 1716 1923 ci

90 1961 233 2031 baptismo
265 1959 311 2014 vel
339 1957 478 2028 martyrio
512 1957 765 2022 sanctificatorum,
787 1964 815 2013 et
868 1959 947 2029 opud
970 1960 1054 2014 Deum
1077 1959 1284 2028 adjustitiam,
1315 1959 1343 2015 id
1358 1966 1401 2016 est
1424 1959 1500 2016 Deus
1521 1973 1588 2016 eum
1600 1959 1714 2031 justum

79 2048 163 2106 olibet
189 2061 256 2104 vere
281 2046 493 2117 poenitentium,
523 2046 672 2116 quibusin
689 2045 816 2102 haesita
869 2061 930 2104 esse
956 2047 1110 2116 reputavit,
1125 2054 1153 2103 et
1171 2046 1404 2104 remuneratione
1425 2048 1573 2119 justorum
1592 2046 1715 2118 dignum

79 2136 192 2193 itionem
221 2133 395 2204 poenitentiae
428 2147 486 2188 non
502 2132 568 2189 licet
588 2133 713 2202 expiere.
729 2131 816 2188 Aliud
867 2131 1098 2204 jndioavit.1)ixi
1124 2141 1256 2205 reputata
1271 2142 1323 2203 εει,
1340 2147 1410 2206 ergo
1424 2148 1592 2205 quaeramus
1607 2133 1637 2189 in
1653 2133 1715 2204 ipso

79 2231 206 2290 rnusest,
221 2222 305 2293 quasi
322 2235 372 2291 per
395 2221 569 2292 condignam
592 2221 815 2276 satisfactionem
869 2223 1018 2280 Abraham
1040 2223 1182 2291 quomodo,
1205 2222 1234 2278 id
1260 2231 1302 2279 est
1323 2223 1441 2294 quando
1471 2223 1508 2279 sit
1532 2223 1558 2278 ei
1583 2228 1716 2292 reputata

79 2329 85 2369 ι
107 2311 260 2380 corrigere.
282 2308 411 2364 Tertium
426 2322 493 2364 vero
510 2321 602 2379 genus
613 2307 642 2361 in
658 2307 746 2362 unius
757 2303 817 2361 Sal·
871 2311 940 2367 tides
967 2312 1031 2383 ejus
1059 2311 1094 2366 ad
1107 2311 1251 2382 justitiam
1280 2317 1381 2367 utrum
1405 2309 1537 2366 videlicet
1559 2317 1717 2380 antequam

97 2398 310 2469 singularitate,
332 2403 365 2452 ut
393 2397 557 2465 expositum
583 2403 638 2464 est,
654 2401 815 2465 permanet.
870 2399 1134 2467 circumcideretur,
1163 2397 1209 2454 vel
1236 2406 1310 2469 post,
1326 2401 1360 2455 nt
1373 2412 1423 2468 per
1450 2412 1518 2454 eum
1533 2397 1674 2464 videlicet,
1690 2405 1719 2454 et

81 2497 168 2559 taque
194 2487 345 2542 aitzlteati
370 2486 618 2554 quorumremisaa
632 2489 695 2538 suut
711 2484 816 2552 iniqui·
870 2489 905 2545 de
939 2488 1048 2545 caeteris
1071 2487 1239 2544 hominibus
1273 2487 1408 2558 judicare
1433 2486 1585 2557 possimus,
1616 2494 1718 2544 utrum

79 2577 169 2634 solam
198 2574 331 2644 intelligit
361 2573 568 2639 remissionem,
597 2587 686 2644 quam
711 2573 817 2628 scilicet
870 2577 1004 2633 videlicet
1026 2577 1075 2633 soli
1092 2575 1254 2633 circumcisi
1271 2576 1346 2631 hanc
1361 2575 1572 2633 beatitudinem
1596 2573 1718 2646 justitias

79 2665 123 2722 hic
137 2662 291 2720 satisfactio
312 2661 454 2731 sequitur.
479 2659 597 2717 Parvuli
612 2668 719 2727 autern,
732 2660 818 2730 iuxta
871 2671 1075 2734 assequantur,
1107 2677 1144 2719 an
1159 2677 1228 2719 non.
1244 2664 1279 2719 Et
1294 2662 1348 2719 boc
1365 2670 1407 2718 εει
1424 2662 1501 2732 quod
1517 2663 1567 2729 ait,
1584 2660 1717 2730 quomodo

79 2761 162 2816 stam,
197 2752 227 2806 in
245 2748 447 2820 iniquitatibus
475 2748 603 2819 concepti
632 2757 701 2805 sunt
721 2748 817 2816 illl,in
871 2751 980 2809 scilicet
994 2751 1182 2824 requirendo,
1202 2758 1230 2806 ει
1245 2751 1342 2806 statim
1357 2749 1503 2807 solvendo.
1536 2750 1570 2804 In
1603 2751 1717 2804 circum-

79 2861 82 2895 t
112 2839 240 2908 concepti
268 2845 296 2893 ει
322 2838 392 2902 nati,
423 2837 593 2908 iniquitates
618 2837 816 2904 remittuntur,
872 2842 980 2909 cisium,
996 2839 1079 2896 idest
1093 2839 1265 2910 priusquam
1286 2839 1485 2906 circumcisus,
1511 2837 1622 2904 luit,la
1646 2853 1717 2907 prae·

79 2927 222 2999 ›riginalis
254 2925 362 2994 peccati
389 2925 603 2981 damnationem
625 2940 677 2996 pro
704 2927 754 2993 eis,
786 2929 818 2978 ut
835 2906 855 2960 C
870 2933 959 2999 putto,
975 2928 1002 2984 id
1018 2935 1060 2985 est
1069 2935 1226 2998 antequam
1251 2926 1518 2995 circumcideretur,
1534 2927 1605 2982 dum
1623 2926 1720 2983 adbuc

79 3031 113 3080 rs,
142 3029 200 3070 non
228 3014 393 3069 incurrunt.
421 3013 709 3083 Caeterienim,sicut
728 3025 817 3082 supra
872 3017 1006 3074 videlicet
1034 3017 1207 3087 preputium
1244 3017 1391 3073 retineret.
1417 3018 1575 3083 bistonum
1600 3019 1716 3086 accepit.

79 3105 169 3169 imus,
194 3116 244 3172 per
270 3101 492 3158 satisfactionem
527 3104 668 3160 bonorum
697 3114 817 3173 operum
872 3107 956 3163 Forte
970 3113 1113 3177 quaereret
1124 3105 1234 3177 aliquis
1250 3119 1342 3176 quare
1361 3105 1508 3175 superilue
1520 3104 1718 3162 circumcisio-

79 3216 90 3256 ι
115 3199 265 3271 corrigunt
288 3199 442 3268 praeterita,
469 3199 504 3254 Et
531 3198 585 3255 hoc
615 3199 732 3268 quidem
758 3197 819 3267 ipsa
872 3210 937 3252 nem
953 3194 1094 3266 acceperit
1107 3195 1263 3263 Abraham,
1277 3208 1344 3250 cum
1354 3202 1422 3250 ante
1433 3193 1721 3264 justificatusiuerit,

79 3289 197 3345 actionis
230 3286 389 3356 proprietas
415 3286 532 3355 exigere
556 3285 680 3353 videtur,
709 3292 742 3340 ut
751 3298 818 3340 cum
872 3285 1004 3356 nihilque
1020 3284 1050 3340 in
1070 3283 1330 3354 eaiustthcationis
1349 3283 1499 3354 acceperit.
1516 3284 1550 3340 Et
1564 3283 1627 3340 ideo
1642 3282 1720 3339 hanc

79 3378 206 3441 icnntnr,
236 3389 351 3439 quorum
364 3382 392 3429 et
407 3389 533 3441 quorum,
563 3388 621 3429 non
643 3374 754 3431 eosdem
771 3373 818 3429 in·
874 3373 1063 3445 quaestionem
1083 3373 1263 3444 preveniens
1285 3371 1335 3440 ait,
1351 3387 1409 3429 non
1424 3373 1460 3429 ad
1481 3372 1721 3443 justificationem

79 3479 149 3531 mus,
169 3464 218 3519 sed
232 3464 368 3519 diversos.
397 3462 478 3519 Alius
501 3462 578 3518 enim
593 3476 705 3526 sensus,
728 3462 751 3515 si
775 3474 818 3516 se·
874 3461 1001 3532 aliquam
1028 3476 1095 3517 curn
1113 3462 1166 3517 hoc
1189 3462 1305 3532 siguum
1334 3461 1462 3518 exterius
1481 3462 1649 3533 suscepisse,
1671 3459 1721 3517 sed

79 3553 206 3610 oleratur
221 3568 347 3622 quorum,
364 3552 418 3607 hoc
434 3551 517 3607 modo
534 3567 541 3605 :
558 3550 636 3606 Beati
651 3566 765 3616 quorum
778 3566 821 3604 re·
874 3550 911 3606 ad
927 3549 1185 3605 sanctificationem
1214 3556 1242 3604 et
1269 3550 1461 3607 ostensionem
1476 3551 1606 3621 justitia,
1631 3561 1722 3621 quarn

79 3645 139 3696 ruat
156 3641 316 3709 iniquitates
341 3645 366 3693 et
396 3643 465 3693 tectu
480 3642 545 3693 suut
560 3643 682 3707 peccatu.
697 3638 780 3693 Alius
796 3636 820 3692 si
873 3639 933 3710 jam
959 3638 1084 3696 habebat
1100 3638 1129 3693 ln
1145 3645 1239 3695 mente
1267 3639 1338 3694 dnm
1366 3638 1463 3695 adhuc
1477 3639 1508 3694 in
1520 3639 1661 3711 praeputio
1683 3651 1724 3695 es-

79 3743 128 3786 um
153 3728 197 3784 bis
222 3728 345 3794 dicatur,
375 3727 450 3782 sicut
464 3739 589 3796 praesens
604 3725 691 3782 habet
714 3723 819 3781 littera.
875 3735 927 3783 set.
940 3728 974 3783 Et
989 3726 1095 3784 bocest
1110 3727 1190 3798 quod
1219 3726 1326 3783 dicitur
1350 3729 1459 3795 siguum
1477 3731 1590 3799 accepit,
1609 3734 1675 3792 etc..
1692 3725 1723 3783 id

88 3817 196 3888 quippe
221 3815 330 3873 dictum
349 3816 472 3884 eosdem,
489 3815 668 3887 duplicatum
694 3814 822 3871 diversos
875 3823 916 3872 est
945 3815 1194 3872 circumcisionem
1218 3815 1326 3884 accepit
1354 3829 1406 3885 pro
1426 3815 1519 3886 signo,
1535 3817 1660 3887 etcujus
1679 3815 1722 3873 rei

79 3911 116 3961 at.
876 3905 959 3976 signo
973 3904 1070 3961 statim
1092 3903 1239 3974 supponit.
1269 3902 1458 3972 Siqncmlum,
1481 3904 1511 3960 id
1541 3911 1584 3962 est
1604 3918 1657 3974 pro
1680 3903 1721 3961 si-

79 3992 136 4048 ctio
158 3992 192 4048 de
225 3991 319 4063 gratia
340 3989 390 4047 bei
417 3999 444 4047 et
467 3991 577 4047 meritis
596 3991 752 4047 hominum
768 3990 823 4049 hoc
877 3993 1010 4066 gnaculo,
1030 3992 1058 4049 id
1072 4000 1114 4049 est
1128 3993 1224 4063 signo,
1247 3993 1364 4063 justitia
1388 3992 1464 4064 fidei,
1487 4006 1554 4063 qum
1572 3999 1615 4049 εει
1635 3991 1722 4050 etiam

79 4095 91 4137 s
116 4081 231 4151 ingerit,
260 4095 326 4151 quae
349 4080 406 4136 sint
417 4080 493 4150 apud
509 4081 600 4137 Deum
616 4079 748 4137 videlicet
762 4094 821 4136 me·
877 4084 907 4140 in
916 4082 1071 4153 'praeputia
1088 4081 1117 4138 id
1133 4088 1175 4139 est
1189 4081 1219 4138 in
1234 4081 1615 4154 praeputiatlsnihilominus
1629 4094 1720 4153 quam

79 4175 168 4236 ostra,
202 4184 268 4226 cnm
289 4170 384 4225 omnia
417 4170 493 4226 bona
513 4169 576 4240 ejus
592 4175 705 4226 tantum
722 4169 822 4241 gratim
839 4182 861 4239 p
876 4171 907 4228 in
926 4169 1115 4239 circumcisis,
1132 4178 1166 4228 ut
1178 4171 1312 4229 videlicet
1327 4172 1378 4228 tali
1398 4171 1480 4244 signo
1505 4169 1650 4244 justitiam
1675 4185 1723 4242 po·

79 4255 130 4314 ada
145 4256 213 4320 sint,
242 4256 294 4328 qui
316 4259 347 4311 in
360 4256 437 4312 uobis
466 4262 605 4326 spuatur,
630 4256 731 4314 eodem
748 4264 822 4313 atto·
875 4260 937 4318 tius
969 4259 1134 4332 designaret
1161 4274 1252 4332 qnam
1275 4259 1492 4331 adipisceretur.
1517 4260 1634 4319 iustitia
1656 4259 1725 4319 fidei

82 4345 231 4417 Apostolo,
246 4346 346 4400 etoelle
361 4350 387 4400 et
414 4348 545 4416 putrere
570 4361 620 4416 pro
637 4345 707 4401 bono
729 4346 823 4401 uolua-
877 4348 994 4419 dicitur,
1020 4362 1087 4419 qnae
1114 4349 1212 4405 estin
1238 4354 1344 4418 mente,
1371 4348 1409 4405 ad
1431 4350 1623 4408 differentiam
1644 4349 1724 4408 illius

79 4434 194 4504 Philipp.
210 4449 240 4502 ιι,
273 4434 325 4505 aa).
355 4434 436 4490 Unde
452 4442 479 4490 ει
490 4434 559 4490 alibi
582 4433 643 4490 ait:
665 4433 737 4499 Quid
769 4450 823 4489 cu-
877 4451 967 4510 quam
999 4436 1090 4496 solent
1117 4437 1249 4495 homines
1277 4438 1424 4510 justitiam
1448 4438 1604 4511 appellare,
1633 4453 1723 4511 qnam

79 4522 144 4578 abes
169 4522 244 4592 quod
264 4538 318 4579 con
333 4521 485 4592 accepisti?
506 4524 537 4578 si
561 4528 652 4578 cutem
682 4525 821 4593 accepisti,
877 4527 984 4584 scilicet
1006 4527 1134 4585 exterius
1158 4534 1295 4585 exercent
1317 4527 1347 4584 in
1365 4527 1495 4585 vindicta
1510 4528 1664 4598 malornm,
1677 4528 1723 4585 vel

79 4611 198 4672 ιιεείενιε
230 4616 310 4682 quasi
337 4627 392 4667 uon
423 4610 690 4683 ccccpea'sillcor.
718 4626 757 4679 iv,
784 4615 823 4682 7.)
879 4617 909 4672 in
929 4614 1076 4673 beneficiis
1104 4615 1252 4688 aliquibus
1280 4615 1441 4688 exigendis.
1474 4616 1557 4674 Unde
1582 4615 1724 4688 scriptum

79 4698 175 4757 indum
199 4707 241 4756 est
265 4700 294 4756 in
324 4715 382 4771 quo
405 4701 507 4757 merita
529 4707 627 4756 nostra
656 4701 822 4768 consistant,
878 4710 920 4761 est
941 4704 1105 4760 :Attendite
1129 4720 1163 4760 ae
1181 4705 1324 4774 justitium
1350 4710 1473 4761 uestram
1490 4707 1605 4774 {amatis
1632 4720 1725 4762 coram

79 4796 171 4845 intate
190 4789 296 4846 scilicet
311 4796 434 4855 tantum,
449 4803 486 4845 an
501 4788 588 4846 etiam
603 4787 634 4844 in
649 4789 823 4859 operatione,
878 4792 1030 4849 bominibus
1055 4797 1087 4850 ut
1111 4793 1260 4851 cibamini·
1285 4795 1319 4850 ob
1336 4797 1385 4850 eis.
1410 4796 1568 4852 Possumus
1582 4793 1670 4852 etiam
1685 4794 1725 4849 ita

84 4877 157 4948 quid
167 4879 204 4934 ad
217 4878 339 4949 gloriam
354 4879 416 4934 sinc
443 4892 527 4948 poena
542 4879 617 4933 bens
632 4877 662 4933 in
675 4877 759 4934 nobis
779 4891 823 4934 re·
877 4882 993 4940 variare
1008 4882 1125 4954 signum
1139 4890 1166 4939 ει
1183 4883 1378 4955 signaculum,
1390 4890 1423 4940 nt
1437 4882 1725 4953 cirmcumcisioipsa

79 4974 125 5034 ἐι,
146 4970 174 5023 ει
188 4974 287 5024 utrum
306 4969 401 5025 virtus
414 4967 449 5023 ad
464 4965 670 5022 beatitudinem
688 4965 823 5034 sufficiat,
879 4971 997 5029 alterius
1011 4971 1053 5028 rei
1067 4972 1186 5042 signnm
1205 4973 1249 5039 sit,
1269 4973 1389 5030 alterius
1413 4987 1483 5030 vero
1508 4973 1693 5045 signaculum
1715 4986 1723 5040 ;

79 5056 268 5126 superatione
297 5071 355 5113 non
385 5063 614 5126 prorumpatur
637 5062 737 5113 utrum
752 5069 826 5127 opus
879 5059 996 5132 signnm
1010 5059 1126 5131 quidem
1144 5061 1181 5117 sit
1206 5062 1368 5120 carnalium
1389 5061 1515 5120 Abrahae
1535 5062 1671 5132 illiorum,
1695 5067 1724 5119 et

79 5159 107 5202 ιε
121 5145 200 5216 quod
228 5144 335 5201 bonam
349 5145 395 5203 vel
414 5144 520 5200 malam
540 5143 718 5201 voluntatem
729 5145 822 5217 sequi·
878 5148 1063 5219 signaculum
1086 5148 1293 5221 spiritualium,
1311 5164 1380 5208 cunr
1406 5151 1468 5222 ipse
1481 5157 1541 5208 tarn
1561 5150 1729 5210 iudeorum

79 5233 190 5291 teritum
205 5241 310 5306 augeat
325 5241 362 5303 ει,
374 5248 441 5290 cum
457 5232 550 5290 omnis
565 5233 658 5290 virtus
673 5233 709 5289 sit
723 5233 823 5302 animi,
879 5237 1040 5294 secundum
1054 5251 1182 5306 carnem,
1198 5253 1287 5310 qnam
1301 5238 1455 5312 gentilium
1468 5254 1520 5311 per
1534 5240 1631 5312 iidem,
1645 5248 1727 5314 pater

80 5337 131 5395 pso
145 5323 269 5380 lundata
296 5324 442 5392 conststat,
465 5330 567 5380 utrum
581 5335 664 5378 omne
675 5330 824 5393 peccatum
878 5326 915 5382 sit
924 5326 1106 5384 constitutus.
1122 5327 1173 5384 Est
1187 5328 1304 5402 quippe,
1317 5329 1403 5401 juxta
1416 5329 1608 5401 Haymonem,
1627 5331 1746 5404 signa,

79 5426 111 5470 er
141 5411 233 5468 animi
259 5412 306 5480 sit,
320 5419 346 5468 et
376 5412 446 5484 quid
462 5411 538 5468 Inter
564 5410 668 5468 vitium
692 5411 782 5469 animi
796 5418 825 5469 et
878 5415 978 5474 culum
996 5417 1080 5489 quasi
1094 5415 1222 5488 sigillum
1241 5420 1319 5490 quod
1339 5418 1427 5478 alicui
1442 5418 1484 5477 rei
1502 5419 1724 5492 imprimitnrut

79 5515 130 5563 nm
148 5500 272 5573 diderat,
288 5509 316 5560 et
336 5509 407 5573 quot
422 5500 515 5559 modis
533 5507 683 5572 peccatum
697 5500 821 5562 dicatur.
877 5504 974 5578 lateat,
1002 5514 1089 5580 atque
1103 5505 1166 5566 idco
1179 5507 1253 5567 bene
1266 5507 1451 5569 relerendnm
1476 5508 1594 5572 videtur
1608 5509 1647 5570 ad
1660 5509 1724 5583 spi-

162 5600 289 5672 Psraor..
315 5598 494 5672 CLXXVIII
1486 5608 1529 5677 ῃ
