3736 5962
59 184 132 239 {025
578 174 813 236 imitohbclto
832 175 879 230 to
898 172 1133 231 THEOLOGIAH.
1148 203 1183 214 -
1196 174 1261 232 titt.
1281 175 1303 230 t.
1741 184 1809 242 leae

59 308 94 358 ut
111 300 260 357 sinceritas
273 305 386 356 natnrae
399 295 561 368 spiritualis
575 303 603 354 et
613 295 741 369 dignitas
761 296 791 353 in
806 308 840 352 ea
855 295 906 351 de·
922 294 946 349 t
961 295 1044 351 Pater
1058 294 1119 366 ipse
1133 308 1223 367 qnam
1237 294 1325 351 etiam
1336 293 1426 352 Filius
1441 292 1565 366 Spiritus
1579 298 1616 355 sit
1634 306 1663 358 et
1676 310 1805 363 sanctus.

60 397 247 446 monstretur.
262 388 307 444 Sic
320 388 398 443 enim
413 393 441 442 et
462 400 528 441 cum
543 384 699 440 Dominum
716 387 813 441 iesum
828 397 908 438 men·
963 383 1035 441 Cum
1051 391 1148 441 autem
1163 382 1315 440 debeovel
1330 391 1380 454 νεῷ
1396 383 1486 453 nasci,
1498 393 1551 443 aut
1565 388 1657 445 creari
1669 389 1732 449 sire
1743 391 1808 452 heri

61 487 117 536 tem
134 479 294 535 humanam
322 474 458 532 babuisse
485 472 620 538 dicimus,
647 471 750 528 mentis
771 467 910 527 vocabulo
963 473 1061 528 anima
1078 472 1253 543 quandoque
1272 472 1480 542 aphilosophis
1503 473 1620 545 dicitnr,
1643 479 1745 539 abusio
1765 490 1809 540 est

59 570 153 640 ipsam
182 569 246 639 ejus
278 565 406 621 animam
423 562 616 619 nominamus.
648 560 714 617 llaec
734 563 911 617 autemsunt
963 561 1121 618 verborum
1131 562 1223 632 magis
1239 575 1328 631 quam
1338 562 1496 618 sententiae.
1512 562 1610 622 Creari
1625 580 1752 641 namque
1761 571 1809 629 vei

61 659 110 713 illa
125 671 191 728 quae
215 654 419 725 proposuimus
444 649 583 709 Macrobii
597 649 703 706 rerba:
719 649 822 704 Animo
835 659 909 714 crgo,
964 648 1027 707 deri
1037 648 1196 706 necessario
1208 664 1266 705 non
1277 649 1386 706 dicitur
1402 650 1456 706 nisi
1469 651 1498 708 in
1510 651 1557 708 his
1571 668 1638 724 quas
1645 667 1806 730 caeperunt,

60 747 167 817 inquit,
189 759 283 800 creans
307 743 400 798 sibiet
431 740 548 796 condens
563 753 686 809 corpora.
710 736 858 794 Namidco
874 734 910 791 ab
965 739 1069 795 hocest
1087 747 1263 795 aeternanon
1278 746 1357 795 sunt.
1371 738 1544 809 Neminem,
1561 741 1616 799 hoc
1629 745 1717 803 estdc
1736 748 1805 807 snb·

61 835 158 891 anima
187 843 293 888 natura
321 830 432 901 incipit,
460 842 550 900 quam
575 829 717 899 sapientes
743 827 778 884 de
801 826 857 882 beo
883 832 912 883 ct
964 829 1072 885 stantia
1082 827 1389 898 ipsaPatrisexistere,
1399 829 1551 899 proprium
1561 838 1602 887 εει
1613 831 1690 901 Filii,
1704 834 1739 893 de
1751 850 1811 909 qno

59 930 121 992 νεῷ,
161 929 256 977 mente
290 918 453 985 nominant,
484 931 521 975 ex
549 916 599 973 illo
637 917 791 987 purissimo
822 914 909 981 lente,
964 931 1017 973 suo
1034 917 1292 987 locopostmndnm
1306 918 1812 984 seriusdisseremus.crearittamon

58 1025 148 1081 quent
160 1010 303 1066 nascendo
316 1009 350 1065 de
369 1006 492 1079 originis
507 1019 567 1063 sure
578 1005 716 1062 hauserat
733 1004 828 1075 copia,
851 1017 912 1059 cor·
965 1005 1113 1062 sirenasci
1124 1004 1247 1062 seuberi
1261 1019 1311 1075 pro
1322 1019 1382 1062 esse
1392 1006 1492 1078 aliquo
1502 1007 1664 1080 philosophi
1675 1024 1812 1071 nonnun-

58 1114 129 1170 pora
143 1099 216 1166 caeli,
232 1107 260 1155 ot
275 1098 404 1155 siderum
431 1109 497 1167 quae
523 1094 662 1162 condidit,
688 1093 783 1164 prima
801 1093 913 1151 anima·
965 1094 1814 1165 quamponunt,utsuprameminimus.Undeetllacrobius

59 1189 114 1246 vit.
127 1189 162 1244 Et
177 1196 239 1259 post
254 1187 354 1258 aliqua
372 1200 440 1243 cum
455 1186 514 1256 ipse
533 1183 625 1254 ipsius
640 1181 745 1239 animas
772 1181 848 1240 vires
865 1181 911 1238 di·
965 1196 1030 1240 eam
1045 1185 1104 1235 νοῦν
1125 1182 1217 1254 ipsam
1233 1184 1330 1250 abeo,
1344 1196 1433 1254 quam
1446 1184 1574 1241 animaru
1590 1200 1607 1242 a
1620 1194 1670 1258 νεῷ
1684 1197 1813 1248 creatam

59 1278 234 1349 stingueret,
260 1290 336 1346 quas
356 1276 385 1331 in
403 1272 572 1344 corporibus
600 1278 724 1339 exercet,
750 1272 912 1329 secundum
966 1272 1046 1340 dicit,
1062 1273 1116 1329 hoc
1134 1278 1175 1328 εει
1196 1284 1233 1327 cx
1249 1271 1311 1342 ipso
1325 1286 1395 1328 esse.
1412 1273 1445 1329 ln
1469 1273 1569 1329 eadem
1584 1288 1702 1347 qnoque
1723 1278 1814 1351 signi·

59 1382 138 1438 quas
163 1365 295 1423 omnium
313 1364 509 1421 animatorum
531 1362 666 1419 ordinata
679 1367 722 1418 est
748 1367 865 1429 natura,
881 1369 913 1418 ut
966 1361 1099 1418 libatione
1122 1358 1214 1429 nasci,
1231 1359 1285 1416 hoc
1298 1359 1361 1417 loco
1374 1361 1536 1419 abutimur.
1553 1362 1672 1422 Hermes
1696 1380 1814 1440 qnoque

60 1458 123 1515 alia
141 1455 249 1512 scilicet
268 1453 333 1510 aliis
347 1451 475 1524 praesint,
496 1451 600 1522 adjecit
624 1452 738 1507 dicens:
768 1452 907 1506 Ηεεεοε-
965 1449 1099 1520 superius
1126 1464 1194 1507 cum
1222 1449 1329 1505 dixerit
1358 1449 1436 1520 quod
1464 1452 1540 1508 Deus
1577 1453 1722 1512 scundum
1749 1454 1815 1514 lecit

61 1549 156 1603 dinem
168 1561 267 1609 rerum,
283 1548 309 1598 et
335 1543 470 1611 Virgilius
497 1543 646 1612 expressit,
668 1556 732 1595 εαεε
760 1544 786 1594 et
812 1540 913 1596 muodo
967 1539 1018 1595 hei
1035 1537 1155 1606 Filium,
1172 1538 1270 1609 ipsum
1287 1552 1324 1594 ex
1336 1540 1393 1595 Deo
1412 1541 1495 1597 Patre
1515 1555 1576 1599 esse
1591 1543 1733 1616 ostendit3
1747 1543 1814 1602 lon-

61 1641 184 1692 onimom
211 1634 298 1702 dedit,
315 1638 341 1687 et
363 1637 395 1686 ot
404 1632 527 1702 puritati
544 1631 602 1700 ejus
630 1634 821 1699 attestaretur,
837 1646 911 1686 men·
927 1644 948 1698 B
966 1635 1025 1684 tem
1042 1627 1189 1698 sapientiae
1204 1627 1385 1698 purissimun
1420 1629 1512 1700 ipsam
1533 1637 1591 1682 νοῡε
1620 1633 1747 1703 appellat
1759 1632 1814 1691 boc

61 1734 117 1782 tem
140 1727 256 1781 oocooit.
295 1721 399 1778 Goelum
422 1724 504 1789 enim,
528 1720 579 1787 ait,
607 1722 748 1775 terreret
775 1721 866 1775 mono
886 1725 912 1776 ει
965 1723 1007 1772 εει
1021 1715 1191 1785 sapientiam
1212 1716 1315 1785 Patris,
1338 1731 1428 1788 quam
1453 1718 1528 1775 nihil
1548 1727 1814 1793 quantumcunque

61 1815 167 1884 sidera,
965 1804 1003 1861 sit
1016 1804 1174 1861 obscurum
1193 1803 1282 1862 latere
1293 1813 1393 1876 potest.

208 1942 238 1968 .,.
252 1900 465 1971 spiritissimus
480 1898 541 1961 alit,
1001 1894 1041 1950 be
1067 1892 1150 1964 copia
1164 1894 1253 1966 hujus
1277 1894 1363 1952 iontis
1386 1897 1449 1967 ipsa
1470 1897 1519 1953 liei
1544 1897 1658 1955 bonitas
1671 1898 1814 1958 animavit

279 1969 519 2044 (VlflGcAE'iel'ds
536 1967 735 2038 lih.v1,vers.
752 1968 828 2039 7²⁶)
967 1982 1049 2052 prius
1072 1981 1135 2039 coeli
1170 1996 1290 2053 corpora
1308 1998 1342 2041 ac
1361 1984 1501 2053 siderum,
1520 1985 1575 2043 hoc
1594 1993 1637 2043 est
1662 1986 1739 2058 ipsos
1761 2001 1813 2045 an·

62 2084 94 2138 id
111 2082 266 2138 ,segnem
293 2079 328 2136 Er
352 2076 480 2134 uirilius
508 2076 664 2133 mundanae
693 2075 802 2133 anjmae
830 2088 911 2132 2530.
967 2068 1045 2140 gelos
1058 2069 1104 2124 vel
1114 2067 1241 2126 coelestes
1260 2072 1391 2141 spiritus,
1408 2073 1459 2142 qui
1479 2081 1546 2129 ante
1569 2072 1719 2132 hominem
1744 2089 1812 2132 con·

63 2180 139 2230 reret
152 2171 331 2243 dignitatem,
348 2175 473 2223 mentem
488 2179 549 2222 esse
561 2172 679 2222 testatus
691 2170 744 2222 εει.
967 2156 1020 2212 diti
1044 2163 1123 2226 sunt,
1156 2158 1316 2215 secundum
1338 2161 1415 2231 quod
1432 2161 1570 2231 scripturn
1599 2169 1655 2219 est:
1671 2164 1711 2219 tte
1723 2163 1812 2234 ptem'·
1854 2152 1859 2163 ‘

208 2302 215 2316 .
232 2261 326 2316 ,Mens
342 2260 432 2325 opilat
445 2255 552 2310 molem.
968 2246 1066 2302 tudine
1093 2249 1153 2318 ejus
1181 2263 1272 2303 omnes
1300 2253 1450 2319 occepimus
1477 2248 1568 2321 (loon.
1584 2266 1603 2318 1,
1626 2250 1681 2325 lo).
1698 2251 1766 2309 Genii
1780 2265 1814 2308 ac

350 2323 731 2398 (V1RG·‚²'b²'d·2VelS·727·)
967 2337 1096 2394 siderum
1122 2337 1232 2394 dictum
1254 2346 1296 2395 est
1322 2340 1649 2411 secundumdlgnitatis
1677 2338 1814 2398 differen-

63 2441 188 2496 Necnon
202 2445 235 2494 ut
252 2437 312 2505 ipsc
326 2433 487 2490 ostenderet
508 2444 559 2501 per
581 2429 674 2500 ipsam
700 2429 829 2487 animam
843 2444 912 2489 con·
968 2436 1050 2506 tiam,
1073 2452 1141 2494 cnrn
1156 2437 1227 2494 alios
1256 2437 1378 2508 spiritus
1393 2438 1459 2495 aliis
1487 2439 1622 2509 prelatos
1636 2453 1672 2496 ac
1689 2439 1816 2512 superio·

63 2536 140 2585 stare
154 2522 475 2583 stanimaliaumversa
485 2518 677 2589 tluaeillunis
692 2517 812 2577 addidit.
968 2539 1014 2582 res
1034 2527 1195 2595 credamus,
1212 2527 1290 2585 unde
1306 2535 1333 2584 et
1358 2528 1476 2600 angelos
1491 2535 1518 2584 et
1534 2528 1725 2600 archangelos
1740 2527 1814 2585 dici·

184 2607 716 2691 Hinchominumpetudtmtuetpws,
736 2613 789 2663 ⁰¹0·
968 2628 1034 2670 mus
1061 2630 1114 2672 seu
1142 2616 1363 2672 dominationes.
1394 2616 1517 2686 Corpora
1554 2618 1662 2674 summi
1692 2616 1813 2687 spiritus

475 2678 843 2751 (V¹¹¹⁰·›²b²d·›ves·72⁸·)
968 2703 1027 2759 dici
1063 2712 1184 2774 possunt
1216 2705 1302 2760 etiam
1328 2704 1436 2776 angeli,
1458 2704 1495 2761 ab
1531 2711 1609 2761 eout
1634 2703 1745 2761 dictum
1772 2710 1815 2762 cst

66 2794 162 2866 thue
176 2796 353 2849 asseveraret
367 2786 500 2844 eumdem
526 2799 586 2843 esse
616 2784 769 2842 inanima
801 2799 913 2858 semper
968 2792 1160 2864 spiritualiter
1183 2791 1332 2855 vivificati,
1353 2792 1398 2848 vel
1423 2793 1512 2849 etiam
1526 2806 1648 2864 corpora
1661 2792 1742 2862 dicit,
1769 2806 1813 2851 εε-

64 2884 209 2956 vigorem,
219 2881 267 2938 sed
282 2893 369 2936 usum
380 2877 443 2948 ejus
458 2876 608 2933 hebescere
629 2874 659 2931 in
675 2873 830 2932 animabus
849 2889 912 2932 cor·
969 2881 1098 2937 cundum
1125 2882 1202 2951 quod
1231 2895 1346 2937 ornnem
1374 2884 1539 2938 creaturam
1555 2894 1723 2951 corpoream
1738 2879 1814 2938 dici·

66 2973 144 3043 poris
153 2971 304 3033 densitate,
320 2967 441 3037 adjecit:
929 2935 1043 3035 Cruins,
1074 2967 1129 3023 hoc
1142 2974 1185 3024 cst
1208 2967 1467 3039 circumscriptam.
1488 2968 1568 3024 Unde
1587 2966 1756 3024 Gennadius
1784 2967 1814 3024 in

188 3054 608 3136 Quantumnonnociacorporc
622 3049 744 3105 tardant
967 3055 1019 3113 lib.
1043 3056 1083 3112 lle
1103 3057 1265 3114 orthodoxe
1291 3057 1358 3125 lide,
1373 3070 1437 3128 cap.
1464 3057 1510 3112 lo:
1536 3056 1622 3125 Nihil,
1641 3055 1749 3126 inquit,
1773 3056 1815 3111 io·

441 3124 548 3195 (Μῦν
569 3121 649 3190 'Mu
670 3135 745 3177 vm·
767 3119 840 3190 7³¹·)
967 3161 1124 3216 corporeum
1158 3151 1184 3201 et
1218 3146 1357 3201 invisibile
1385 3149 1415 3201 in
1453 3151 1554 3201 nutura
1583 3143 1749 3200 credendum
1774 3149 1815 3201 εει

67 3239 136 3296 Haec
163 3236 282 3309 quidem
298 3232 396 3290 omnia
424 3238 482 3288 tam
511 3227 626 3301 Virgilii
652 3241 743 3300 quam
779 3225 912 3283 llacrobii
967 3238 1024 3291 mse
1047 3239 1132 3291 [teum
1157 3235 1254 3291 solum.
1281 3235 1333 3302 Qui
1358 3252 1392 3291 ec
1416 3251 1445 3291 eo
1479 3238 1653 3307 incorporeus
1681 3234 1813 3303 ceditur,

66 3327 169 3393 verba,
194 3324 276 3380 iaclle
290 3323 428 3392 esliuxla
451 3317 631 3390 propositum
647 3326 778 3373 nostrum
800 3316 837 3372 ad
862 3330 911 3372 1¹0-
968 3327 1035 3394 quic
1048 3325 1148 3396 ubique
1160 3330 1210 3392 esi,
1234 3329 1259 3380 ει
1274 3316 1365 3380 omitia
1387 3325 1510 3395 complet,
1531 3330 1557 3380 ct
1574 3325 1635 3381 ideo
1662 3324 1814 3381 invisibilis

67 3425 135 3474 strae
145 3414 212 3471 fidei
235 3423 363 3470 tenorem
391 3407 617 3474 accommodare,
634 3405 783 3463 necaliter
806 3417 841 3462 ea
862 3419 912 3461 ex·
968 3413 1090 3468 omnious
1121 3415 1264 3480 creaturis,
1295 3419 1360 3484 quio
1383 3413 1557 3484 incorporeus
1597 3415 1646 3470 esi.
1682 3413 1815 3471 &cotnra

68 3504 149 3576 poni.
178 3502 260 3570 Qt10d
285 3503 383 3570 iiatllle
405 3498 447 3554 aii
472 3509 558 3553 usum
577 3495 681 3551 ³111OEae
707 3493 859 3551 hebescere
884 3495 913 3549 iil
968 3505 1055 3556 omnis
1082 3517 1221 3571 corporeo,
1251 3504 1343 3571 angeli
1365 3507 1391 3557 et
1408 3518 1498 3558 omnes
1521 3503 1637 3558 coehstes
1666 3517 1814 3572 corporee,

67 3592 246 3652 animalibus
268 3589 396 3659 corporis
424 3586 574 3651 densitate,
615 3583 671 3640 tale
699 3590 742 3639 εει
788 3581 914 3652 Spiritus
969 3588 1030 3643 ticet
1058 3604 1114 3643 εοε
1140 3604 1222 3644 corne
1249 3590 1415 3645 subsistant.
1436 3589 1528 3646 Exco
1554 3598 1650 3647 antem
1665 3603 1816 3661 corporeas

67 3684 160 3741 sancti
198 3681 322 3753 gratiam
362 3690 482 3733 suorum
521 3672 730 3730 benefitiorum
754 3670 914 3728 efficaciam
967 3677 1113 3734 credimus
1127 3692 1188 3734 esse
1205 3677 1409 3734 intellectuales
1427 3685 1557 3746 naturas,
1581 3679 1659 3750 quod
1686 3679 1815 3737 localiter

68 3774 168 3829 minus
185 3770 290 3826 babere
312 3765 343 3822 in
371 3762 547 3830 carnalibus,
568 3760 678 3818 scilicet
706 3759 809 3816 deditis
831 3759 912 3817 volu·
968 3766 1388 3836 circurnscrihuntur,sicutet
1401 3768 1712 3839 animahnmanaqnae
1728 3782 1815 3826 carne

68 3861 208 3933 ptatihus,
226 3866 259 3914 ut
283 3858 375 3927 ipsam
403 3851 575 3909 densitatem
594 3849 722 3920 corporis
748 3849 914 3906 carnalium
968 3854 1123 3922 clauditur,
1153 3863 1181 3911 et
1197 3854 1341 3911 daemones
1364 3856 1416 3927 qui
1432 3870 1483 3926 per
1511 3857 1706 3914 substantiam
1721 3870 1815 3930 ange-

66 3949 269 4008 illecebrarnm
284 3938 736 4016 magnitudinemintelligamus.
756 3937 915 4003 Quintiani
968 3942 1391 4014 licaenaturaesuntcorporei.
1423 3946 1496 4001 Bene
1517 3952 1615 4001 autern
1634 3944 1745 4002 dictum
1773 3952 1815 4002 est

68 4041 118 4097 ubi
137 4039 178 4096 ait
205 4037 297 4108 ipsam
317 4034 446 4091 animam
462 4044 561 4087 creare
577 4028 633 4084 sihi
660 4040 782 4097 corpora
803 4035 831 4084 et
846 4041 912 4082 con·
969 4045 1006 4089 cx
1018 4032 1078 4102 ipsa
1090 4032 1230 4103 sapientia
1246 4045 1361 4089 eosesse
1372 4033 1524 4103 animatos,
1537 4033 1607 4106 quia
1620 4034 1733 4091 haecest
1752 4034 1816 4091 vita

68 4131 147 4197 dere,
175 4140 242 4184 eam
272 4125 434 4181 Creatorem
463 4133 573 4187 rerum,
609 4124 637 4174 et
661 4130 712 4187 per
749 4116 804 4173 hoc
822 4116 914 4172 Deum
970 4128 1087 4188 aeterna,
1104 4128 1137 4177 ut
1147 4135 1356 4192 cognoscamus
1370 4122 1444 4180 sicut
1458 4131 1485 4180 et
1499 4122 1607 4195 cogniti
1622 4136 1733 4191 sumus,
1743 4120 1816 4179 iacie

68 4217 175 4275 astruit
193 4230 265 4281 esse,
282 4220 310 4270 et
337 4219 501 4269 creatarum
530 4221 630 4265 rerum
654 4206 867 4263 ordinationem
887 4212 914 4262 et
930 4212 954 4269 Il
970 4209 1007 4265 ad
1037 4209 1140 4266 taciem
1161 4213 1252 4267 ileum
1277 4211 1415 4269 videntes.
1434 4213 1538 4270 Haurit
1560 4210 1726 4281 spiritusde
1739 4210 1818 4269 ionte

69 4305 310 4378 preparationem
327 4301 448 4357 adbona
462 4311 547 4369 opera
562 4297 703 4353 donorum
719 4309 841 4353 snorum
860 4295 916 4351 dis·
971 4296 1028 4367 illo,
1052 4312 1120 4354 cum
1135 4313 1188 4356 nos
1211 4299 1247 4355 de
1268 4299 1374 4356 dirimo
1393 4299 1541 4371 sapientie
1556 4298 1748 4372 intelligentia
1762 4299 1816 4356 im·

67 4395 235 4461 tributione,
252 4400 285 4450 nt
298 4391 352 4447 sibi
365 4403 414 4446 ees
441 4388 565 4461 dignum
580 4384 782 4442 habitaculum
797 4384 914 4442 alliciat.
970 4386 1044 4455 huit,
1061 4388 1221 4444 secundum
1236 4389 1315 4459 quod
1344 4389 1527 4446 dictumest:
1554 4392 1592 4445 be
1618 4404 1676 4445 meo
1701 4390 1817 4460 accipiet

68 4486 113 4542 Ab
128 4488 226 4541 anime
236 4491 373 4538 naturam
396 4478 466 4534 dicit
482 4477 618 4547 incipere,
634 4474 707 4547 quia
720 4488 770 4545 per
790 4474 915 4546 gratiam
969 4481 994 4531 et
1007 4476 1184 4532 annuntiabit
1195 4477 1271 4532 cobis
1291 4476 1381 4548 (loon.
1397 4491 1459 4547 xvi,
1479 4479 1530 4549 til.
1551 4476 1633 4534 Unde
1652 4485 1680 4534 et
1698 4476 1819 4550 spiritus

67 4575 191 4646 Spiritus
205 4571 295 4629 sancti
309 4569 455 4626 nascimur
469 4564 671 4637 spiritualiter,
686 4578 720 4621 ac
742 4578 845 4621 sumus
861 4562 916 4620 dlii
969 4565 1116 4636 sapientiae
1131 4564 1192 4623 sive
1219 4566 1391 4636 intellectus,
1407 4566 1469 4623 sive
1497 4566 1625 4623 scientiae
1653 4565 1748 4623 dictus
1762 4571 1816 4623 est.

68 4651 916 4734 Deimagisquamservi.sicutenimsubstractagratiahac
969 4651 1051 4719 Quod
1078 4667 1146 4710 vero
1162 4653 1272 4710 dictum
1291 4661 1343 4722 est,
1367 4656 1442 4709 hiens
1456 4657 1546 4723 agitet
1561 4655 1667 4720 molem,
1695 4653 1750 4711 hoc
1775 4658 1820 4710 est

67 4765 217 4811 moremur
244 4751 274 4805 in
288 4747 376 4816 vitiis,
402 4747 442 4802 ita
465 4752 493 4801 et
511 4743 610 4800 eadem
634 4741 737 4798 collata
765 4741 916 4799 nascimur
969 4743 1057 4799 totius
1072 4743 1229 4799 mundane
1259 4741 1376 4799 labricae
1393 4743 1585 4814 quantitatem
1608 4741 1694 4814 quasi
1713 4749 1819 4800 cuncta

67 4845 99 4901 in
112 4855 213 4899 veram
224 4841 367 4895 virtutum
383 4838 485 4891 vitam.
510 4835 602 4898 Quam
626 4830 747 4902 quidem
762 4843 813 4901 per
827 4837 913 4887 natu·
970 4831 999 4886 in
1020 4833 1129 4889 mundo
1152 4832 1280 4889 vivificet
1292 4839 1344 4889 aut
1367 4840 1489 4902 moveat,
1506 4833 1642 4904 superius
1656 4832 1819 4903 expositam

66 4948 132 4990 ram
144 4932 297 4997 habemus,
312 4935 339 4983 et
354 4934 454 4983 contra
483 4931 620 4979 naturam
631 4922 712 4988 vitia,
740 4934 807 4977 cum
821 4922 858 4979 sit
872 4924 913 4980 vi·
968 4920 1094 4978 Platonis
1110 4923 1282 4978 sententiam
1300 4923 1486 4993 prosequitur
1495 4922 1530 4979 de
1545 4921 1652 4993 spiritu
1661 4921 1722 4991 Dei,
1736 4921 1817 4994 quod

68 5021 144 5078 tium
158 5018 304 5089 corruptio
316 5023 437 5072 naturae.
464 5014 503 5069 lle
517 5013 574 5068 Deo
588 5019 616 5067 et
641 5019 735 5068 monte
749 5010 849 5067 anima
864 5026 913 5069 no·
967 5011 1076 5068 scilicet
1089 5018 1195 5067 cuncta
1207 5011 1315 5082 optime
1330 5011 1464 5082 disponit,

67 5110 207 5178 minatur,
232 5108 303 5180 quia
318 5112 376 5162 tam
401 5102 494 5159 Patris
516 5108 544 5158 et
570 5101 635 5157 Filii
656 5100 733 5157 idem
760 5107 801 5157 est
824 5100 912 5172 spiri·
1020 5099 1370 5169 Stabilisquemoncnsdct
1384 5100 1608 5155 cunctcmooeri.

68 5207 197 5256 tuscum
225 5198 261 5254 ab
294 5191 580 5266 utroqueprocedat.
606 5189 851 5259 Undeetiam,ut
874 5190 915 5247 ait
967 5188 1059 5257 Quam
1085 5189 1203 5258 quidem
1228 5187 1414 5260 agitationem
1447 5189 1552 5245 animae
1589 5188 1819 5260 salomonque

67 5289 252 5360 Augustinus
280 5286 310 5342 in
325 5299 365 5341 xr
380 5284 419 5339 lle
439 5280 590 5346 Trinitate,
606 5292 669 5350 cap.
698 5277 740 5347 lb,
757 5278 829 5351 quia
852 5279 914 5350 ipse
967 5292 1026 5350 que
1053 5277 1084 5333 in
1104 5277 1275 5335 Ecclesiaste
1298 5277 1450 5348 diligenter
1465 5278 1632 5349 exprimens
1648 5278 1703 5335 ait:
1719 5277 1818 5335 Oritur

67 5376 194 5448 Spiritus
223 5374 387 5433 communis
409 5379 451 5429 est
466 5369 618 5438 ambobus,
649 5368 680 5425 id
706 5374 829 5426 vocatur
850 5368 911 5439 ipsa
967 5368 1009 5423 sol
1022 5371 1048 5422 et
1068 5367 1177 5435 ouidii,
1201 5370 1227 5422 et
1242 5365 1280 5422 od
1294 5367 1381 5423 locum
1407 5369 1657 5438 suumreocrtitur,
1671 5367 1817 5426 ιιιεειεαεε

68 5467 185 5540 proprie
197 5463 372 5540 quodambo
389 5459 592 5529 communiter,
618 5471 687 5516 cnm
704 5455 840 5518 videlicet
853 5463 914 5516 tam
967 5458 1106 5514 universo.
1119 5457 1157 5513 Ic
1171 5458 1289 5514 circuito
1304 5459 1399 5530 pergit
1417 5458 1547 5532 spiritus,
1571 5459 1632 5516 etio
1645 5458 1747 5517 circulo
1767 5471 1817 5514 suo
