3804 5962
340 221 480 279 ulabdd.
501 220 607 280 INTER
626 219 843 291 editosoett,
861 217 1011 278 tenebit
1028 219 1072 278 ΕΤ
1089 216 1287 278 emilam
1620 219 1690 279 lttt

79 352 254 424 postmodum
284 349 453 420 diligentius
479 348 563 405 nobis
578 346 785 405 conterendum
800 349 824 402 Α
839 352 873 402 ει
888 343 924 401 ad
943 343 1015 401 illud
1039 343 1254 415 perveniamus.
1273 341 1378 412 Quam,
1392 339 1571 412 utarbitror,
1590 342 1683 402 beati·

844 427 973 490 tudin'em
990 433 1136 504 Epicurus
1157 432 1342 503 voluptatem,
1364 430 1496 490 Christus
1521 439 1617 490 vester
1645 444 1688 488 re·

79 542 136 585 ran.
170 528 240 583 Ecce
269 527 304 581 ad
328 525 383 582 boc
411 524 691 594 disputationostra
724 540 788 596 per·
843 536 934 594 gnum
949 521 1088 579 emiorum
1100 521 1239 578 nominat.
1253 520 1328 586 Quid
1344 528 1441 578 antem
1460 520 1618 593 relertquo
1634 533 1691 576 no-

844 612 920 667 mine
944 610 1087 668 vocetur?
1113 608 1272 667 dummodo
1309 623 1355 667 res
1382 609 1484 667 eadem
1510 615 1689 681 permaneat,

79 632 93 682 ;,
110 622 142 673 ut
156 628 305 672 summum
324 612 449 670 bominis
468 613 589 680 bonum,
606 612 667 669 sive
682 614 787 683 ipsum,

79 720 105 760 m
120 712 173 773 est,
199 704 285 760 finem
311 702 389 769 boni,
412 701 517 758 futurae
541 702 608 758 vitae
635 701 787 758 beatitudi-

90 807 150 865 qua
172 792 243 848 illuc
268 790 445 861 pervenitur,
461 789 539 845 viam
560 791 681 847 virtutes
703 803 790 861 pena·

79 883 96 938 d
123 881 204 951 prius
219 880 253 935 de
282 879 336 934 boc
357 892 471 934 summu
496 878 571 934 bono
592 886 732 945 nostram,
761 876 790 934 id

79 972 205 1037 ltianam,
220 983 289 1026 cum
309 968 412 1025 vestris
429 969 559 1025 conterre
582 968 647 1025 volo
662 967 789 1039 discipli·

92 1073 158 1132 quae
177 1059 266 1130 hujus
291 1058 358 1114 boni
374 1057 534 1113 doctrinam
549 1057 595 1114 rel
611 1055 791 1114 exhortatio-

844 713 896 755 nec
911 700 948 756 sit
962 699 1110 757 beatitudo
1133 699 1248 756 diversa
1262 712 1315 755 nec
1337 697 1415 769 juste
1432 697 1552 755 vivendi
1566 697 1692 768 phileso-
1799 781 1802 791 Ι

845 788 911 859 puis
934 801 1023 858 quam
1052 787 1225 845 Christianis
1251 786 1371 846 intentio
1399 794 1587 859 praeponatm
1615 786 1691 858 aiia;

844 883 878 933 ει
892 875 971 933 enim
985 890 1048 944 ros,
1064 877 1139 934 sicut
1152 882 1181 934 et
1203 890 1267 945 nos,
1287 876 1335 934 bic
1348 877 1446 935 vivere
1464 877 1542 949 juste
1560 874 1694 946 disponi·

845 978 921 1032 mus,
937 970 970 1021 ut
985 964 1043 1021 illie
1053 964 1261 1037 glorificemur,
1272 973 1300 1023 et
1308 972 1411 1023 contra
1424 963 1497 1022 ritia
1510 976 1690 1036 pugnamus,

846 1061 879 1111 ut
892 1053 1002 1111 meritis
1017 1053 1164 1110 virtutum
1179 1053 1238 1110 illic
1252 1067 1433 1122 coronemur,
1446 1066 1596 1111 summum
1620 1051 1693 1111 illud

79 1156 113 1204 tet
128 1147 303 1213 uberiorem,
320 1153 459 1216 tanquam
480 1146 635 1215 perfectius
648 1145 793 1201 habeatur
846 1141 953 1199 scilicet
966 1141 1076 1198 bonum
1090 1156 1143 1213 pro
1155 1142 1285 1200 mercede
1298 1141 1404 1213 adepti.

79 1238 152 1308 plius
176 1236 408 1305 obtemperetur;
425 1234 459 1289 de
484 1235 575 1303 veteri
598 1242 694 1291 autem
719 1233 790 1304 lege,

881 1229 1043 1287 Cnarsrmn.
1071 1233 1131 1287 imo
1160 1228 1247 1302 longo
1277 1237 1423 1301 quantum
1450 1228 1579 1302 percipio
1593 1236 1694 1287 nostra

79 1326 113 1382 aei
144 1325 316 1396 gloriantur,
333 1330 359 1378 te
384 1323 490 1391 optime
516 1323 668 1379 arbitraris
695 1335 790 1379 mons·
846 1317 878 1374 in
890 1317 945 1373 boc
958 1324 986 1374 et
1003 1324 1100 1375 vestra
1115 1318 1246 1387 intentio,
1267 1331 1358 1389 quam
1379 1318 1482 1376 merita
1495 1325 1565 1375 sunt
1578 1318 1694 1375 diversa

84 1413 175 1470 ullum
187 1413 227 1468 ibi
244 1412 398 1481 praemium
412 1409 502 1479 buius
520 1409 708 1467 beatitudinis
726 1422 792 1478 pm-
846 1405 923 1462 etde
940 1405 1001 1477 ipso
1017 1420 1136 1479 quoque
1149 1420 1264 1465 summe
1287 1408 1372 1465 bono
1383 1421 1443 1465 non
1462 1407 1573 1465 modice
1584 1405 1694 1465 dissen-

88 1501 186 1567 iuisse,
204 1514 257 1556 nec
274 1499 340 1555 inde
359 1498 489 1568 aliquam
505 1498 545 1554 ibi
561 1497 792 1554 exhortationem
847 1494 946 1552 timus.

79 1601 189 1644 messe.
207 1586 349 1643 Dominus
368 1592 465 1641 autem
479 1586 572 1652 lesus,
595 1599 664 1641 cum
683 1597 793 1648 novum

883 1582 994 1640 Peneos.
1006 1583 1050 1653 ld,
1066 1583 1196 1655 ebsecro,
1209 1586 1233 1642 si
1247 1584 1336 1652 vales,
1347 1583 1470 1657 aperias.

94 1682 309 1743 testamentum,
335 1673 366 1729 in
396 1675 456 1744 ipse
482 1674 579 1730 statim
598 1672 715 1730 exordio
738 1672 794 1729 tale
808 1680 831 1736 Β
884 1670 1044 1729 Cunrsrmu.
1059 1671 1149 1729 Nemo
1163 1680 1240 1731 recte
1253 1687 1401 1732 summum
1416 1673 1526 1731 bouum
1540 1673 1619 1742 dicit,
1634 1686 1693 1745 quo

79 1785 82 1819 t
103 1779 163 1822 suae
182 1764 405 1820 fundamentum
424 1762 586 1829 collocavit,
602 1762 691 1833 [quod
713 1769 741 1819 et
755 1761 792 1818 ad

82 1862 140 1912 tum
162 1850 265 1910 mundi
287 1860 315 1909 ει
334 1852 370 1908 ad
394 1852 483 1921 hujus
502 1850 690 1908 beatitudinis
719 1850 790 1908 desi·

95 1943 202 2014 pariter
228 1941 371 2007 incitaret,
401 1940 523 1997 dicens:
552 1941 631 1995 Recta·
657 1954 791 2012 pauperes

79 2075 84 2098 ,
114 2033 243 2102 quonium
281 2031 404 2100 ipsorum
441 2033 481 2083 eat
521 2044 635 2097 requam
667 2027 793 2082 cetorum

79 2135 102 2190 r,
119 2121 166 2191 3);
185 2126 213 2176 ει
232 2127 294 2188 post
317 2118 417 2188 aliqua
431 2132 438 2173 :
454 2119 533 2173 Beati
559 2120 606 2182 qui
627 2118 793 2187 persecutio·

79 2211 177 2264 *icatur
201 2211 314 2277 propter
335 2208 487 2276 justitium,
517 2209 646 2276 quoniam
670 2206 793 2276 ipserum

79 2313 116 2352 rm
144 2297 269 2351 cetorum
286 2294 376 2366 (ibid,
404 2294 456 2366 10).
478 2293 557 2350 Etsi
579 2294 732 2365 diiigenter
746 2301 793 2350 at-

79 2400 101 2442 is
115 2384 152 2440 ad
176 2385 246 2450 baec,
270 2383 406 2440 universa
429 2382 493 2452 eius
516 2381 720 2453 praeoptaret
743 2394 791 2439 ex-

79 2488 122 2530 ues
149 2473 338 2540 adhibentur,
367 2479 400 2527 ut
426 2484 476 2541 spe
506 2470 585 2527 illius
609 2484 742 2541 superne
766 2476 793 2527 ει

87 2561 153 2618 vitae
181 2560 280 2617 omnia
309 2566 533 2616 contemnantur
560 2572 705 2629 prospera,
734 2559 793 2616 sive

79 2662 106 2705 tr
125 2647 256 2704 adversa.
273 2646 356 2712 Quod
386 2646 432 2716 (ιδ
452 2644 499 2716 V.)
515 2660 702 2718 nequaquam
717 2645 792 2702 arbi·

79 2745 142 2794 ltros
162 2735 290 2807 attigisse
308 2736 438 2791 doctores
462 2735 573 2791 autad
601 2735 679 2791 hunc
707 2735 794 2792 linem

849 1759 944 1831 maius
969 1759 1087 1832 aliquod
1116 1760 1275 1818 invenitur.
1304 1762 1386 1827 duod
1413 1761 1491 1819 enim
1507 1761 1628 1820 interius
1647 1758 1693 1818 rel

849 1851 947 1907 minus
961 1857 1003 1906 est
1018 1850 1128 1921 aliquo,
1143 1849 1172 1906 id
1187 1849 1269 1907 nulle
1283 1859 1366 1921 pacto
1378 1864 1547 1922 supremum
1560 1849 1606 1908 vei
1614 1863 1694 1908 sum·

848 1952 930 1996 mum
940 1937 998 1995 diei
1014 1940 1114 2008 potest.
1130 1938 1252 1996 Omnem
1266 1953 1334 1996 vero
1349 1939 1558 1998 beatitudiuem
1572 1938 1619 1996 vel
1634 1938 1694 2010 gle-

849 2027 924 2084 riam
943 2027 1103 2084 humanam
1118 2026 1203 2099 longe
1217 2033 1245 2085 et
1261 2026 1446 2085 ineffabiliter
1459 2027 1588 2085 adivina
1603 2034 1695 2085 trans·

848 2116 934 2174 cendi
951 2119 1072 2173 constat.
1094 2115 1183 2173 Nulla
1198 2115 1289 2187 igitur
1303 2125 1407 2188 praeter
1429 2116 1509 2174 illam
1524 2123 1600 2174 recte
1611 2129 1694 2173 sum·

850 2218 898 2262 ma
916 2203 1116 2275 nuncupanda
1130 2213 1189 2272 est;
1208 2211 1312 2274 praeter
1334 2205 1431 2277 ipsum
1446 2205 1519 2263 nihil
1534 2205 1601 2278 jure
1613 2218 1695 2264 sum·

848 2309 929 2353 mum
945 2295 1056 2353 bonum
1070 2294 1188 2353 dicitur.

884 2384 995 2442 Pennus.
1011 2385 1076 2442 Non
1096 2383 1151 2441 hec
1178 2383 1241 2442 leco
1254 2382 1386 2443 absolute
1400 2396 1550 2442 summum
1572 2382 1695 2456 bouum,

849 2473 899 2530 sed
915 2487 1064 2529 summum
1080 2471 1205 2530 bominis
1221 2472 1331 2530 bonum
1346 2471 1534 2531 intendimus.

884 2562 1050 2620 Gneisrmu.
1079 2560 1133 2618 Sed
1165 2575 1219 2618 nec
1246 2575 1395 2620 summum
1433 2560 1561 2619 hominis
1585 2560 1696 2619 bonum

849 2659 925 2710 recte
939 2650 1071 2718 dicimus,
1088 2664 1148 2722 quo
1175 2649 1270 2720 maim
1291 2649 1410 2722 aliquod
1436 2649 1564 2708 bominis
1585 2649 1696 2709 bonum

849 2739 1003 2811 reperitur.

79 2834 144 2884 drus
158 2825 270 2882 animos
293 2838 376 2895 eque
402 2823 548 2879 invitasse.
571 2823 651 2888 Quod
679 2823 703 2879 si
725 2823 795 2879 tales
885 2829 995 2885 Pnuos.
1011 2828 1054 2884 lta
1069 2825 1194 2897 prolecto
1206 2825 1308 2897 liquet.

79 2915 193 2988 resigna,
215 2915 352 2970 universa
373 2912 475 2969 ethicae
501 2920 603 2969 vestra
623 2925 795 2983 percurrens
885 2916 1047 2976 Cnnrsrmn.
1074 2915 1175 2984 Quaero
1201 2914 1294 2986 igitur
1318 2927 1357 2972 an
1386 2915 1417 2973 in
1440 2915 1490 2974 ilia
1514 2915 1695 2975 beatitudine

79 3045 93 3072 ι
113 3012 164 3060 adt
179 3004 203 3060 si
228 3003 376 3074 assignare
394 3017 451 3058 1¹⁰ss
475 3002 576 3072 diffisis,
594 3009 673 3058 tanto
689 3000 795 3058 doctri·
811 3017 835 3079 q
850 3003 925 3063 alius
941 3005 996 3063 alio
1009 3005 1118 3063 beatior
1131 3006 1178 3073 sit,
1203 3005 1278 3060 sicut
1300 3003 1348 3061 bic
1362 3002 1495 3063 'alterum
1518 3004 1576 3063 alio
1594 3005 1697 3078 iustio-

82 3093 143 3150 risti
170 3092 367 3163 perfectiorem
383 3099 471 3161 atque
496 3091 645 3147 nielierem
668 3105 728 3147 esse
754 3089 795 3146 la·
852 3108 912 3151 rem
927 3093 972 3149 rel
995 3092 1168 3149 sanctiorem
1195 3106 1257 3148 esse
1280 3091 1432 3163 contingit,
1451 3101 1486 3150 ut
1499 3092 1633 3150 videlicet
1656 3106 1698 3148 se·

79 3190 175 3252 quanto
191 3194 242 3236 nus
258 3194 347 3236 causa
366 3180 409 3236 vel
424 3194 475 3249 spe
500 3180 610 3235 meliori
625 3180 660 3236 ad
676 3179 798 3236 virtutes
851 3183 982 3240 cundum
1000 3182 1197 3240 diversitatem
1219 3181 1391 3239 meritorum
1405 3181 1442 3240 sit
1455 3190 1484 3240 et
1502 3180 1698 3241 remuneratio

79 3276 133 3336 tur,
149 3283 216 3325 curu
232 3283 282 3324 ros
297 3269 393 3338 potius
407 3269 528 3325 virtutes
543 3269 588 3325 vel
610 3282 711 3325 earum
726 3282 796 3324 con·
852 3271 976 3328 diversa.

79 3366 184 3428 trepter
213 3357 307 3428 seipsa
333 3357 426 3428 magis
452 3371 542 3427 quam
572 3365 689 3427 propter
717 3357 798 3412 aliud
888 3361 997 3418 Putnos.
1014 3359 1070 3432 (ιι.
1086 3359 1135 3430 V.)
1150 3358 1224 3425 unio
1240 3357 1264 3415 si
1279 3358 1319 3415 ita
1333 3357 1398 3416 esti

79 3447 104 3503 ei
119 3447 207 3502 vitari
234 3446 337 3502 debere
358 3445 506 3502 censeatis.
529 3446 609 3502 Unde
624 3453 651 3502 et
664 3446 725 3515 ,illa
747 3446 797 3503 bo·
889 3447 1050 3507 Crintsrmn.
1073 3451 1142 3517 imo,
1173 3449 1245 3520 quia
1272 3448 1312 3504 ita
1337 3455 1391 3514 est,
1425 3456 1534 3521 oportet
1563 3448 1700 3507 concedas

79 3533 103 3591 el
133 3534 284 3589 inhonesta
315 3534 412 3588 vocari
446 3533 506 3588 ltaec
537 3533 640 3589 debere
665 3533 796 3589 censetis.
853 3535 999 3594 aliumibi
1025 3538 1171 3594 bominem
1197 3536 1254 3592 alio
1284 3537 1441 3595 beatiorem
1467 3538 1553 3607 ellici,
1575 3553 1630 3595 nee
1651 3550 1702 3608 per

79 3622 237 3693 mquippe
263 3621 368 3689 dicitis,
394 3622 472 3691 quod
497 3635 547 3691 per
570 3620 800 3691 seipsumplacet
853 3625 909 3682 hoc
929 3626 993 3696 eius
1018 3625 1142 3682 hominis
1175 3625 1398 3693 beatitudiuem,
1427 3641 1493 3697 quae
1526 3626 1621 3683 minor
1648 3632 1700 3693 est,

80 3726 111 3768 er
123 3711 260 3781 seipsum,
284 3724 341 3770 uon
360 3717 475 3780 propter
499 3709 577 3766 aliud
599 3716 641 3764 εει
663 3716 799 3778 appeten·
855 3727 1040 3783 nequaquam
1056 3728 1204 3770 summum
1231 3714 1356 3770 bominis
1371 3714 1481 3770 bonum
1501 3728 1562 3770 esse
1584 3727 1700 3771 nuncn-

79 3806 126 3856 cut
139 3814 154 3855 ε
167 3799 312 3855 contrario
328 3799 524 3864 inhonestum,
543 3797 619 3868 quod
634 3810 668 3852 ex
684 3796 801 3866 propria
856 3799 993 3869 pandum.
1024 3800 1105 3857 Unde
1126 3815 1179 3857 nec
1197 3799 1292 3870 illum,
1314 3800 1367 3870 qui
1390 3800 1489 3856 minus
1517 3800 1574 3856 aiio
1601 3800 1703 3856 beatus

79 3888 135 3944 line
149 3894 190 3943 est
212 3885 395 3959 fugiendum.
413 3885 572 3953 Quceenim
588 3893 704 3956 propter
720 3884 801 3942 aliud
855 3893 906 3951 εει,
928 3887 990 3958 jam
1015 3885 1132 3944 beatum
1155 3886 1214 3944 dici
1238 3888 1382 3947 convenit.
1409 3887 1563 3946 Summum
1594 3889 1702 3959 quippe

79 3976 175 4033 ttenda
191 3984 270 4043 sunt,
284 3975 330 4032 vel
343 3975 472 4044 vitanda,
489 3988 523 4031 ea
538 3974 634 4045 potius
649 3972 743 4043 utilia,
755 3971 801 4032 vel
856 3975 965 4033 bouum
986 3975 1015 4031 id
1048 3974 1184 4043 debuisti,
1213 3990 1273 4048 que
1305 3991 1373 4035 cum
1394 3977 1521 4049 quisque
1539 3975 1704 4048 pervenerit

85 4064 269 4135 nuncupatis.
390 4119 393 4124 ,
856 4064 959 4122 beatus
977 4070 1029 4135 est,
1047 4072 1100 4122 aut
1125 4064 1216 4136 igitur
1231 4065 1324 4131 illum,
1343 4066 1394 4138 qui
1416 4066 1473 4124 alio
1487 4065 1528 4123 ibi
1541 4065 1637 4122 minor
1649 4071 1702 4132 est,

79 4167 100 4211 s.
130 4152 176 4209 Sic
211 4151 335 4223 prolecto
370 4155 475 4209 nostris
499 4151 597 4209 visum
629 4151 800 4223 maioribus,
857 4168 1005 4213 summum
1021 4154 1131 4212 bonum
1156 4154 1293 4227 adeptum
1307 4169 1368 4212 esse
1377 4155 1561 4225 concesseris,
1575 4161 1626 4211 aut
1635 4166 1704 4210 eum

102 4241 228 4299 secundo
252 4241 411 4299 Rhetoricae
427 4256 487 4298 suae
503 4242 537 4297 li.
558 4240 672 4301 Tullius
688 4241 802 4312 plenius
858 4242 978 4300 minime
992 4243 1111 4300 beatum
1125 4257 1185 4302 esse
1209 4244 1394 4314 concesseris,
1414 4244 1464 4302 sed
1485 4258 1552 4301 eum
1577 4250 1705 4301 tautum·

81 4339 137 4388 tur.
162 4330 216 4387 Sed
234 4332 357 4401 proiecto
377 4345 443 4388 cum
467 4330 573 4388 dicitur
593 4347 600 4385 :
621 4330 722 4389 Virtus
737 4345 802 4401 pro·
817 4293 840 4352 Β
858 4331 952 4398 modo,
969 4345 1027 4403 quo
1047 4346 1131 4390 uerno
1155 4332 1195 4389 ibi
1218 4333 1255 4389 sit
1275 4333 1393 4391 beatior.
1421 4333 1451 4390 Si
1471 4331 1550 4390 enim
1567 4332 1597 4389 ld
1625 4331 1705 4402 quod

89 4433 148 4475 non
172 4427 289 4490 propter
310 4419 390 4478 aliud
412 4420 583 4491 expetenda,
606 4434 665 4477 non
685 4420 804 4477 omniuo
860 4419 982 4489 adeptus
1006 4427 1059 4489 est,
1074 4433 1141 4478 eum
1163 4419 1279 4478 beatum
1294 4421 1392 4492 eisscit,
1412 4421 1538 4492 prolecto
1555 4420 1643 4493 iuxta
1657 4435 1706 4477 eu·

96 4508 264 4565 meritorum
284 4508 459 4578 excluditur,
484 4509 534 4565 sed
551 4518 732 4565 terrenorum
760 4507 805 4564 in·
860 4507 1034 4578 propositam
1055 4507 1249 4568 definitionem
1264 4524 1412 4567 summum
1426 4510 1540 4568 <bonum
1561 4508 1634 4566 illud
1648 4508 1707 4565 dici

79 4598 277 4654 ommodorum
301 4607 474 4655 remoretur.
497 4597 634 4669 alioquin
664 4599 807 4654 virtutum
861 4595 1004 4652 convenit.

79 4686 103 4741 id
118 4694 159 4741 est
174 4699 291 4741 causam
307 4687 421 4742 finalem
442 4701 499 4742 non
524 4686 596 4742 bene
618 4686 806 4741 constituere·
896 4685 1014 4742 Paltos.
1044 4685 1158 4744 Sustine
1188 4686 1353 4757 paululum,
1382 4689 1510 4757 obsecro,
1538 4694 1567 4744 ει
1595 4685 1709 4743 attende

79 4774 287 4840 reatitudiuem,
316 4775 391 4830 sicut
431 4774 609 4830 insecundo
637 4772 806 4844 topicorum
861 4772 932 4843 quid
968 4787 1048 4831 εεεε
1083 4775 1302 4846 interrogationi
1336 4777 1500 4832 novissimae
1525 4775 1707 4847 subjecerim,

79 4861 221 4918 illoetius
248 4870 339 4919 vester
363 4861 551 4918 i'ltcmistium
583 4869 698 4918 seculus
731 4875 805 4918 com·
862 4861 994 4932 quemU.
1010 4862 1095 4934 quia]
1113 4863 1197 4918 etiam
1218 4863 1370 4921 maledicta
1382 4868 1527 4936 corrigere
1549 4864 1622 4931 iicet,
1640 4877 1708 4921 curn
1747 4860 1750 4865 '

79 4957 108 5006 tt.
135 4950 176 5007 lbi
201 4952 308 5021 quippe
324 4966 389 5009 cum
405 4951 440 5007 de
462 4951 522 5006 loco
543 4949 629 5006 altine
653 4949 807 5020 subjiceret
862 4951 897 5007 ad
915 4949 1132 5021 inquisitionem
1164 4952 1224 5007 veri
1240 4966 1299 5008 uon
1327 4953 1364 5009 ad
1383 4954 1604 5011 ostentationem
1628 4952 1709 5024 inge·

79 5054 125 5095 um
141 5059 149 5094 :
167 5058 180 5086 «
203 5040 231 5094 Si
254 5041 379 5104 beatum,
397 5039 500 5110 inquit,
521 5053 581 5094 esse
597 5038 704 5093 bonum
719 5046 761 5094 εει
779 5045 807 5094 ει
862 5040 914 5106 nii,
930 5040 1004 5093 sicut
1019 5037 1127 5095 dictum
1142 5049 1194 5108 εει,
1215 5040 1407 5098 conteramus.

87 5129 162 5185 bona
176 5137 228 5184 est.
246 5130 297 5185 liic
316 5128 401 5196 enim,
425 5128 475 5194 ait,
488 5127 556 5183 linis
571 5135 613 5183 est
627 5126 758 5197 justitiae,
774 5134 807 5184 ut
898 5126 1066 5183 cnnrsnm.
1091 5128 1226 5199 approbo
1241 5136 1269 5186 et
1293 5133 1416 5188 concedo
1441 5131 1518 5202 quod
1539 5131 1621 5188 dicis.
1645 5131 1710 5189 Nou

79 5208 240 5274 secundum
263 5216 405 5287 justitiam
429 5218 506 5272 vivat
535 5216 570 5270 ad
600 5215 807 5272 beatitudiuem
863 5216 938 5275 euim
962 5215 1045 5272 nobis
1080 5217 1157 5273 circa
1192 5218 1410 5289 inquisitionem
1434 5220 1567 5277 veritatis
1597 5220 1710 5291 penitus

79 5314 184 5364 atur.»
215 5305 285 5361 Ecce
305 5305 352 5361 bic
375 5312 472 5377 aperte
492 5312 631 5361 monstrat
658 5303 811 5361 beatitudi·
863 5303 1010 5375 occupatis
1036 5318 1114 5361 more
1140 5307 1243 5375 puerili
1263 5306 1308 5364 vel
1334 5308 1506 5378 importune
1529 5308 1711 5366 declamatio·

105 5393 348 5465 retributioneim]
362 5395 449 5465 justae
463 5394 531 5449 vitae
552 5393 672 5463 positam
695 5406 765 5462 esse,
782 5399 811 5449 et
862 5393 911 5448 nis
932 5391 1072 5449 corrixari
1099 5395 1245 5452 mevenit.
1271 5394 1323 5466 Ne,
1339 5395 1363 5452 si
1390 5409 1451 5469 qua
1474 5397 1573 5475 minus
1593 5398 1711 5470 provide

79 5481 121 5541 lol.
142 5481 176 5538 29
203 5481 250 5554 il.)
274 5481 462 5540 intentionem
488 5480 566 5554 iuste
592 5479 710 5540 vivendi
737 5494 809 5550 ease,
863 5479 1073 5551 conceduntur,
1090 5477 1159 5539 binc
1180 5495 1259 5552 eum,
1274 5485 1332 5559 ¹qui
1354 5484 1451 5559 duceri
1473 5484 1521 5564 pei
1545 5484 1649 5563 docere
1662 5487 1712 5545 in·
