<?xml version="1.0" encoding="UTF-8"?>
<!DOCTYPE html PUBLIC "-//W3C//DTD XHTML 1.0 Transitional//EN"
    "http://www.w3.org/TR/xhtml1/DTD/xhtml1-transitional.dtd">
<html xmlns="http://www.w3.org/1999/xhtml" xml:lang="en" lang="en">
 <head>
  <title>
</title>
<meta http-equiv="Content-Type" content="text/html;charset=utf-8" />
  <meta name='ocr-system' content='tesseract 3.04.00' />
  <meta name='ocr-capabilities' content='ocr_page ocr_carea ocr_par ocr_line ocrx_word'/>
</head>
<body>
  <div class='ocr_page' id='page_1' title='image "./patrologiaecurs53unkngoog_0457.png"; bbox 0 0 3804 5962; ppageno 0'>
   <div class='ocr_carea' id='block_1_1' title="bbox 135 189 1875 257">
    <p class='ocr_par' dir='ltr' id='par_1_1' title="bbox 135 189 1875 257">
     <span class='ocr_line' id='line_1_1' title="bbox 135 189 1875 257; baseline -0.002 -7"><span class='ocrx_word' id='word_1_1' title='bbox 135 195 189 251; x_wconf 80' lang='lat' dir='ltr'><strong>aba</strong></span> <span class='ocrx_word' id='word_1_2' title='bbox 403 191 507 250; x_wconf 75' lang='lat' dir='ltr'><strong>enini</strong></span> <span class='ocrx_word' id='word_1_3' title='bbox 523 190 713 249; x_wconf 74' lang='lat' dir='ltr'><strong>nemmem</strong></span> <span class='ocrx_word' id='word_1_4' title='bbox 732 189 807 249; x_wconf 87' lang='lat' dir='ltr'><strong>OPP.</strong></span> <span class='ocrx_word' id='word_1_5' title='bbox 826 191 918 250; x_wconf 78' lang='lat' dir='ltr'><strong>PARS</strong></span> <span class='ocrx_word' id='word_1_6' title='bbox 936 190 1265 250; x_wconf 76' lang='lat' dir='ltr'><strong>lli-illisoloelcn</strong></span> <span class='ocrx_word' id='word_1_7' title='bbox 1283 191 1329 249; x_wconf 84' lang='lat' dir='ltr'><strong>llr</strong></span> <span class='ocrx_word' id='word_1_8' title='bbox 1348 189 1614 257; x_wconf 79' lang='lat' dir='ltr'><strong>enllosorlllcl.</strong></span> <span class='ocrx_word' id='word_1_9' title='bbox 1796 251 1797 254; x_wconf 8' lang='grc' dir='ltr'><strong>Ἴ</strong></span> <span class='ocrx_word' id='word_1_10' title='bbox 1830 192 1875 247; x_wconf 78' lang='lat' dir='ltr'><strong>sol</strong></span> 
     </span>
    </p>
   </div>
   <div class='ocr_carea' id='block_1_2' title="bbox 80 314 1900 5282">
    <p class='ocr_par' dir='ltr' id='par_1_2' title="bbox 80 314 1900 5282">
     <span class='ocr_line' id='line_1_2' title="bbox 135 314 1876 391; baseline 0.001 -19"><span class='ocrx_word' id='word_1_11' title='bbox 135 318 216 388; x_wconf 84' lang='lat' dir='ltr'><strong>pistis</strong></span> <span class='ocrx_word' id='word_1_12' title='bbox 230 317 391 386; x_wconf 80' lang='lat' dir='ltr'><strong>spiritam..</strong></span> <span class='ocrx_word' id='word_1_13' title='bbox 388 315 456 372; x_wconf 85' lang='grc' dir='ltr'><strong>Ρει</strong></span> <span class='ocrx_word' id='word_1_14' title='bbox 479 314 672 387; x_wconf 83' lang='lat' dir='ltr'><strong>Evangeiinm</strong></span> <span class='ocrx_word' id='word_1_15' title='bbox 694 314 769 372; x_wconf 90' lang='lat' dir='ltr'><strong>sicut</strong></span> <span class='ocrx_word' id='word_1_16' title='bbox 793 314 861 372; x_wconf 90' lang='lat' dir='ltr'><strong>olim</strong></span> <span class='ocrx_word' id='word_1_17' title='bbox 889 315 982 374; x_wconf 78' lang='lat' dir='ltr'><strong>iudei</strong></span> <span class='ocrx_word' id='word_1_18' title='bbox 996 321 1021 376; x_wconf 79' lang='lat' dir='ltr'>A</span> <span class='ocrx_word' id='word_1_19' title='bbox 1035 323 1095 375; x_wconf 91' lang='lat' dir='ltr'><strong>tam</strong></span> <span class='ocrx_word' id='word_1_20' title='bbox 1118 325 1146 376; x_wconf 91' lang='lat' dir='ltr'><strong>et</strong></span> <span class='ocrx_word' id='word_1_21' title='bbox 1173 319 1275 375; x_wconf 86' lang='lat' dir='ltr'><strong>Petrus</strong></span> <span class='ocrx_word' id='word_1_22' title='bbox 1300 317 1387 376; x_wconf 89' lang='lat' dir='ltr'><strong>habet</strong></span> <span class='ocrx_word' id='word_1_23' title='bbox 1408 317 1459 391; x_wconf 87' lang='lat' dir='ltr'><strong>qni</strong></span> <span class='ocrx_word' id='word_1_24' title='bbox 1487 331 1591 390; x_wconf 87' lang='lat' dir='ltr'><strong>passus</strong></span> <span class='ocrx_word' id='word_1_25' title='bbox 1612 323 1665 386; x_wconf 90' lang='grc' dir='ltr'>εει,</span> <span class='ocrx_word' id='word_1_26' title='bbox 1691 323 1724 375; x_wconf 88' lang='grc' dir='ltr'><strong>ιιι</strong></span> <span class='ocrx_word' id='word_1_27' title='bbox 1746 330 1805 376; x_wconf 92' lang='lat' dir='ltr'><strong>non</strong></span> <span class='ocrx_word' id='word_1_28' title='bbox 1824 325 1876 374; x_wconf 89' lang='lat' dir='ltr'><strong>tau</strong></span> 
     </span>
     <span class='ocr_line' id='line_1_3' title="bbox 136 403 1877 480; baseline 0.001 -16"><span class='ocrx_word' id='word_1_29' title='bbox 136 406 303 478; x_wconf 82' lang='lat' dir='ltr'><strong>perlegam.</strong></span> <span class='ocrx_word' id='word_1_30' title='bbox 319 407 383 476; x_wconf 85' lang='lat' dir='ltr'><strong>Ipse</strong></span> <span class='ocrx_word' id='word_1_31' title='bbox 401 406 472 459; x_wconf 83' lang='lat' dir='ltr'><strong>enim</strong></span> <span class='ocrx_word' id='word_1_32' title='bbox 495 406 622 474; x_wconf 84' lang='lat' dir='ltr'><strong>spiritns.</strong></span> <span class='ocrx_word' id='word_1_33' title='bbox 644 403 812 474; x_wconf 75' lang='lat' dir='ltr'><strong>Adoptionls</strong></span> <span class='ocrx_word' id='word_1_34' title='bbox 835 419 920 476; x_wconf 87' lang='lat' dir='ltr'><strong>quem</strong></span> <span class='ocrx_word' id='word_1_35' title='bbox 941 406 982 462; x_wconf 92' lang='lat' dir='ltr'><strong>di·</strong></span> <span class='ocrx_word' id='word_1_36' title='bbox 1035 408 1177 480; x_wconf 88' lang='lat' dir='ltr'><strong>passionis</strong></span> <span class='ocrx_word' id='word_1_37' title='bbox 1212 407 1345 466; x_wconf 85' lang='lat' dir='ltr'><strong>eiiectum</strong></span> <span class='ocrx_word' id='word_1_38' title='bbox 1381 421 1472 480; x_wconf 84' lang='lat' dir='ltr'><strong>quam</strong></span> <span class='ocrx_word' id='word_1_39' title='bbox 1508 406 1643 465; x_wconf 77' lang='lat' dir='ltr'><strong>affectum</strong></span> <span class='ocrx_word' id='word_1_40' title='bbox 1679 407 1757 465; x_wconf 88' lang='lat' dir='ltr'><strong>Deus</strong></span> <span class='ocrx_word' id='word_1_41' title='bbox 1794 414 1877 466; x_wconf 84' lang='lat' dir='ltr'><strong>alten</strong></span> 
     </span>
     <span class='ocr_line' id='line_1_4' title="bbox 137 494 1887 565; baseline 0.002 -14"><span class='ocrx_word' id='word_1_42' title='bbox 137 496 235 552; x_wconf 82' lang='lat' dir='ltr'>ximus</span> <span class='ocrx_word' id='word_1_43' title='bbox 265 503 292 551; x_wconf 89' lang='lat' dir='ltr'><strong>et</strong></span> <span class='ocrx_word' id='word_1_44' title='bbox 325 494 467 551; x_wconf 90' lang='lat' dir='ltr'><strong>babemus</strong></span> <span class='ocrx_word' id='word_1_45' title='bbox 490 494 583 549; x_wconf 88' lang='lat' dir='ltr'><strong>iacere</strong></span> <span class='ocrx_word' id='word_1_46' title='bbox 612 507 817 564; x_wconf 77' lang='lat' dir='ltr'><strong>recognoscere</strong></span> <span class='ocrx_word' id='word_1_47' title='bbox 847 495 981 565; x_wconf 91' lang='lat' dir='ltr'><strong>spiritum</strong></span> <span class='ocrx_word' id='word_1_48' title='bbox 1036 497 1094 554; x_wconf 91' lang='lat' dir='ltr'><strong>dat.</strong></span> <span class='ocrx_word' id='word_1_49' title='bbox 1884 530 1887 565; x_wconf 59' lang='grc' dir='ltr'><strong>ῑ</strong></span> 
     </span>
     <span class='ocr_line' id='line_1_5' title="bbox 136 574 1888 665; baseline 0.001 -24"><span class='ocrx_word' id='word_1_50' title='bbox 136 593 279 653; x_wconf 89' lang='lat' dir='ltr'><strong>nostrum,</strong></span> <span class='ocrx_word' id='word_1_51' title='bbox 295 582 324 640; x_wconf 92' lang='lat' dir='ltr'><strong>id</strong></span> <span class='ocrx_word' id='word_1_52' title='bbox 344 591 386 639; x_wconf 92' lang='lat' dir='ltr'><strong>est</strong></span> <span class='ocrx_word' id='word_1_53' title='bbox 410 584 562 639; x_wconf 90' lang='lat' dir='ltr'><strong>rationem.</strong></span> <span class='ocrx_word' id='word_1_54' title='bbox 589 580 666 648; x_wconf 83' lang='lat' dir='ltr'><strong>Quod</strong></span> <span class='ocrx_word' id='word_1_55' title='bbox 688 596 780 637; x_wconf 86' lang='lat' dir='ltr'><strong>sumus</strong></span> <span class='ocrx_word' id='word_1_56' title='bbox 804 582 857 652; x_wconf 71' lang='lat' dir='ltr'><strong>{iiii</strong></span> <span class='ocrx_word' id='word_1_57' title='bbox 877 585 936 651; x_wconf 85' lang='lat' dir='ltr'><strong>Dei,</strong></span> <span class='ocrx_word' id='word_1_58' title='bbox 952 581 982 639; x_wconf 92' lang='lat' dir='ltr'><strong>id</strong></span> <span class='ocrx_word' id='word_1_59' title='bbox 1069 588 1139 644; x_wconf 88' lang='lat' dir='ltr'><strong>Nam</strong></span> <span class='ocrx_word' id='word_1_60' title='bbox 1171 589 1346 658; x_wconf 66' lang='lat' dir='ltr'><strong>exspectatio.</strong></span> <span class='ocrx_word' id='word_1_61' title='bbox 1382 587 1458 644; x_wconf 88' lang='lat' dir='ltr'><strong>Bene</strong></span> <span class='ocrx_word' id='word_1_62' title='bbox 1489 585 1550 643; x_wconf 82' lang='lat' dir='ltr'>dixi</span> <span class='ocrx_word' id='word_1_63' title='bbox 1587 586 1717 643; x_wconf 89' lang='lat' dir='ltr'><strong>iutnram</strong></span> <span class='ocrx_word' id='word_1_64' title='bbox 1750 574 1888 665; x_wconf 83' lang='lat' dir='ltr'><strong>gloriaml</strong></span> 
     </span>
     <span class='ocr_line' id='line_1_6' title="bbox 137 670 1888 751; baseline 0 -18"><span class='ocrx_word' id='word_1_65' title='bbox 137 681 179 731; x_wconf 85' lang='lat' dir='ltr'><strong>est</strong></span> <span class='ocrx_word' id='word_1_66' title='bbox 194 674 281 744; x_wconf 87' lang='lat' dir='ltr'><strong>eiper</strong></span> <span class='ocrx_word' id='word_1_67' title='bbox 294 686 421 729; x_wconf 88' lang='lat' dir='ltr'><strong>amorem</strong></span> <span class='ocrx_word' id='word_1_68' title='bbox 442 671 574 742; x_wconf 81' lang='lat' dir='ltr'><strong>subiecti.</strong></span> <span class='ocrx_word' id='word_1_69' title='bbox 594 670 673 727; x_wconf 83' lang='lat' dir='ltr'><strong>liilril</strong></span> <span class='ocrx_word' id='word_1_70' title='bbox 687 671 765 728; x_wconf 88' lang='lat' dir='ltr'><strong>eninr</strong></span> <span class='ocrx_word' id='word_1_71' title='bbox 781 670 884 728; x_wconf 84' lang='lat' dir='ltr'><strong>molins</strong></span> <span class='ocrx_word' id='word_1_72' title='bbox 898 671 982 742; x_wconf 85' lang='lat' dir='ltr'><strong>onis·</strong></span> <span class='ocrx_word' id='word_1_73' title='bbox 1036 693 1103 751; x_wconf 81' lang='lat' dir='ltr'><strong>qnae</strong></span> <span class='ocrx_word' id='word_1_74' title='bbox 1127 678 1303 736; x_wconf 75' lang='lat' dir='ltr'><strong>revelabitur</strong></span> <span class='ocrx_word' id='word_1_75' title='bbox 1324 676 1476 745; x_wconf 81' lang='lat' dir='ltr'><strong>innotis,</strong></span> <span class='ocrx_word' id='word_1_76' title='bbox 1503 676 1611 734; x_wconf 85' lang='lat' dir='ltr'><strong>scilicet</strong></span> <span class='ocrx_word' id='word_1_77' title='bbox 1633 675 1701 734; x_wconf 87' lang='lat' dir='ltr'><strong>illlis</strong></span> <span class='ocrx_word' id='word_1_78' title='bbox 1723 675 1792 748; x_wconf 82' lang='lat' dir='ltr'><strong>lici3</strong></span> <span class='ocrx_word' id='word_1_79' title='bbox 1813 678 1888 748; x_wconf 63' lang='lat' dir='ltr'><strong>onio⁴</strong></span> 
     </span>
     <span class='ocr_line' id='line_1_7' title="bbox 135 760 1879 837; baseline -0.002 -12"><span class='ocrx_word' id='word_1_80' title='bbox 135 777 193 835; x_wconf 83' lang='lat' dir='ltr'><strong>qno</strong></span> <span class='ocrx_word' id='word_1_81' title='bbox 222 776 314 835; x_wconf 84' lang='lat' dir='ltr'><strong>qnam</strong></span> <span class='ocrx_word' id='word_1_82' title='bbox 339 761 486 832; x_wconf 76' lang='lat' dir='ltr'><strong>propriam</strong></span> <span class='ocrx_word' id='word_1_83' title='bbox 512 760 688 831; x_wconf 73' lang='lat' dir='ltr'><strong>recognoscit</strong></span> <span class='ocrx_word' id='word_1_84' title='bbox 716 760 982 827; x_wconf 67' lang='lat' dir='ltr'><strong>consolenturne</strong></span> <span class='ocrx_word' id='word_1_85' title='bbox 1036 768 1112 825; x_wconf 81' lang='lat' dir='ltr'><strong>liano</strong></span> <span class='ocrx_word' id='word_1_86' title='bbox 1143 768 1346 825; x_wconf 75' lang='lat' dir='ltr'><strong>revelationem</strong></span> <span class='ocrx_word' id='word_1_87' title='bbox 1372 764 1594 837; x_wconf 82' lang='lat' dir='ltr'><strong>ooillootglorlae</strong></span> <span class='ocrx_word' id='word_1_88' title='bbox 1616 765 1684 822; x_wconf 85' lang='lat' dir='ltr'><strong>lillis</strong></span> <span class='ocrx_word' id='word_1_89' title='bbox 1706 765 1756 822; x_wconf 86' lang='lat' dir='ltr'><strong>ool</strong></span> <span class='ocrx_word' id='word_1_90' title='bbox 1781 766 1879 823; x_wconf 80' lang='lat' dir='ltr'><strong>nonita</strong></span> 
     </span>
     <span class='ocr_line' id='line_1_8' title="bbox 135 848 1879 928; baseline -0.001 -15"><span class='ocrx_word' id='word_1_91' title='bbox 135 859 236 910; x_wconf 86' lang='lat' dir='ltr'><strong>utrum</strong></span> <span class='ocrx_word' id='word_1_92' title='bbox 252 865 354 908; x_wconf 82' lang='lat' dir='ltr'><strong>servus</strong></span> <span class='ocrx_word' id='word_1_93' title='bbox 376 864 414 906; x_wconf 79' lang='lat' dir='ltr'><strong>ati</strong></span> <span class='ocrx_word' id='word_1_94' title='bbox 429 849 507 906; x_wconf 77' lang='lat' dir='ltr'><strong>filius</strong></span> <span class='ocrx_word' id='word_1_95' title='bbox 531 849 627 919; x_wconf 76' lang='lat' dir='ltr'><strong>lintius</strong></span> <span class='ocrx_word' id='word_1_96' title='bbox 642 848 782 906; x_wconf 75' lang='lat' dir='ltr'><strong>dicendus</strong></span> <span class='ocrx_word' id='word_1_97' title='bbox 806 848 851 906; x_wconf 75' lang='lat' dir='ltr'><strong>sii·</strong></span> <span class='ocrx_word' id='word_1_98' title='bbox 875 848 982 905; x_wconf 73' lang='lat' dir='ltr'><strong>Notan-</strong></span> <span class='ocrx_word' id='word_1_99' title='bbox 1036 855 1211 928; x_wconf 86' lang='lat' dir='ltr'><strong>exspectatio</strong></span> <span class='ocrx_word' id='word_1_100' title='bbox 1228 855 1355 913; x_wconf 85' lang='lat' dir='ltr'><strong>bdelium</strong></span> <span class='ocrx_word' id='word_1_101' title='bbox 1374 853 1505 912; x_wconf 92' lang='lat' dir='ltr'><strong>omnium</strong></span> <span class='ocrx_word' id='word_1_102' title='bbox 1521 861 1675 924; x_wconf 86' lang='lat' dir='ltr'><strong>exspectat.</strong></span> <span class='ocrx_word' id='word_1_103' title='bbox 1702 858 1743 911; x_wconf 79' lang='lat' dir='ltr'><strong>Ao</strong></span> <span class='ocrx_word' id='word_1_104' title='bbox 1764 854 1788 912; x_wconf 92' lang='grc' dir='ltr'><strong>ει</strong></span> <span class='ocrx_word' id='word_1_105' title='bbox 1812 855 1879 912; x_wconf 85' lang='lat' dir='ltr'><strong>dice</strong></span> 
     </span>
     <span class='ocr_line' id='line_1_9' title="bbox 135 935 1878 1015; baseline -0.005 -7"><span class='ocrx_word' id='word_1_106' title='bbox 135 941 207 997; x_wconf 73' lang='lat' dir='ltr'>‘111¹ss</span> <span class='ocrx_word' id='word_1_107' title='bbox 221 953 291 997; x_wconf 77' lang='lat' dir='ltr'><strong>V⁰i0</strong></span> <span class='ocrx_word' id='word_1_108' title='bbox 316 937 482 1008; x_wconf 75' lang='lat' dir='ltr'><strong>Apostolum</strong></span> <span class='ocrx_word' id='word_1_109' title='bbox 511 935 542 992; x_wconf 91' lang='lat' dir='ltr'><strong>in</strong></span> <span class='ocrx_word' id='word_1_110' title='bbox 562 936 617 1005; x_wconf 66' lang='lat'>¹11⁵,</span> <span class='ocrx_word' id='word_1_111' title='bbox 638 935 749 1007; x_wconf 66' lang='lat' dir='ltr'><strong>(illst)ils</strong></span> <span class='ocrx_word' id='word_1_112' title='bbox 775 935 906 1007; x_wconf 86' lang='lat' dir='ltr'><strong>loquitur</strong></span> <span class='ocrx_word' id='word_1_113' title='bbox 926 936 982 994; x_wconf 76' lang='lat' dir='ltr'><strong>R⁰·</strong></span> <span class='ocrx_word' id='word_1_114' title='bbox 1037 952 1100 1003; x_wconf 89' lang='lat' dir='ltr'><strong>ret:</strong></span> <span class='ocrx_word' id='word_1_115' title='bbox 1117 945 1296 1015; x_wconf 81' lang='lat' dir='ltr'><strong>llnspeorans</strong></span> <span class='ocrx_word' id='word_1_116' title='bbox 1312 942 1517 1014; x_wconf 84' lang='lat' dir='ltr'><strong>unusquisque</strong></span> <span class='ocrx_word' id='word_1_117' title='bbox 1541 949 1698 1014; x_wconf 83' lang='lat' dir='ltr'><strong>exspectat.</strong></span> <span class='ocrx_word' id='word_1_118' title='bbox 1714 943 1791 1001; x_wconf 90' lang='lat' dir='ltr'><strong>sicul</strong></span> <span class='ocrx_word' id='word_1_119' title='bbox 1814 944 1878 1000; x_wconf 88' lang='lat' dir='ltr'><strong>dici·</strong></span> 
     </span>
     <span class='ocr_line' id='line_1_10' title="bbox 135 1024 1880 1104; baseline -0.003 -9"><span class='ocrx_word' id='word_1_120' title='bbox 135 1029 242 1099; x_wconf 73' lang='lat' dir='ltr'><strong>minis,</strong></span> <span class='ocrx_word' id='word_1_121' title='bbox 265 1040 390 1099; x_wconf 86' lang='lat' dir='ltr'><strong>quorum</strong></span> <span class='ocrx_word' id='word_1_122' title='bbox 414 1024 549 1083; x_wconf 91' lang='lat' dir='ltr'><strong>nonnulli</strong></span> <span class='ocrx_word' id='word_1_123' title='bbox 572 1024 755 1082; x_wconf 84' lang='lat' dir='ltr'><strong>vehementer</strong></span> <span class='ocrx_word' id='word_1_124' title='bbox 777 1032 861 1081; x_wconf 90' lang='lat' dir='ltr'><strong>erant</strong></span> <span class='ocrx_word' id='word_1_125' title='bbox 888 1039 983 1095; x_wconf 90' lang='lat' dir='ltr'><strong>repre·</strong></span> <span class='ocrx_word' id='word_1_126' title='bbox 1037 1040 1106 1090; x_wconf 91' lang='lat' dir='ltr'><strong>tur:</strong></span> <span class='ocrx_word' id='word_1_127' title='bbox 1122 1035 1224 1088; x_wconf 77' lang='lat' dir='ltr'><strong>bootes</strong></span> <span class='ocrx_word' id='word_1_128' title='bbox 1238 1033 1327 1096; x_wconf 85' lang='lat' dir='ltr'><strong>ibant.</strong></span> <span class='ocrx_word' id='word_1_129' title='bbox 1346 1033 1400 1089; x_wconf 91' lang='lat' dir='ltr'><strong>hoc</strong></span> <span class='ocrx_word' id='word_1_130' title='bbox 1413 1039 1456 1088; x_wconf 88' lang='lat' dir='ltr'><strong>est</strong></span> <span class='ocrx_word' id='word_1_131' title='bbox 1475 1039 1692 1102; x_wconf 89' lang='lat' dir='ltr'><strong>perseveranter</strong></span> <span class='ocrx_word' id='word_1_132' title='bbox 1705 1039 1795 1104; x_wconf 85' lang='lat' dir='ltr'><strong>atque</strong></span> <span class='ocrx_word' id='word_1_133' title='bbox 1812 1047 1880 1089; x_wconf 90' lang='lat' dir='ltr'><strong>con·</strong></span> 
     </span>
     <span class='ocr_line' id='line_1_11' title="bbox 135 1113 1881 1192; baseline 0 -16"><span class='ocrx_word' id='word_1_134' title='bbox 135 1117 291 1185; x_wconf 78' lang='lat' dir='ltr'><strong>nordendi,</strong></span> <span class='ocrx_word' id='word_1_135' title='bbox 308 1115 470 1190; x_wconf 80' lang='lat' dir='ltr'><strong>generalem</strong></span> <span class='ocrx_word' id='word_1_136' title='bbox 498 1114 627 1171; x_wconf 84' lang='lat' dir='ltr'><strong>fidelium</strong></span> <span class='ocrx_word' id='word_1_137' title='bbox 647 1115 760 1171; x_wconf 89' lang='lat' dir='ltr'><strong>Patrem</strong></span> <span class='ocrx_word' id='word_1_138' title='bbox 787 1116 842 1172; x_wconf 91' lang='lat' dir='ltr'><strong>bac</strong></span> <span class='ocrx_word' id='word_1_139' title='bbox 866 1113 926 1172; x_wconf 90' lang='lat' dir='ltr'><strong>loco</strong></span> <span class='ocrx_word' id='word_1_140' title='bbox 952 1129 983 1173; x_wconf 88' lang='lat' dir='ltr'><strong>se</strong></span> <span class='ocrx_word' id='word_1_141' title='bbox 1038 1120 1159 1179; x_wconf 83' lang='lat' dir='ltr'><strong>tidenter</strong></span> <span class='ocrx_word' id='word_1_142' title='bbox 1183 1128 1310 1192; x_wconf 89' lang='lat' dir='ltr'><strong>sperant,</strong></span> <span class='ocrx_word' id='word_1_143' title='bbox 1335 1121 1417 1177; x_wconf 88' lang='lat' dir='ltr'><strong>bonis</strong></span> <span class='ocrx_word' id='word_1_144' title='bbox 1441 1119 1548 1178; x_wconf 88' lang='lat' dir='ltr'><strong>scilicet</strong></span> <span class='ocrx_word' id='word_1_145' title='bbox 1567 1119 1703 1190; x_wconf 87' lang='lat' dir='ltr'><strong>operibns</strong></span> <span class='ocrx_word' id='word_1_146' title='bbox 1729 1133 1795 1176; x_wconf 86' lang='lat' dir='ltr'><strong>eam</strong></span> <span class='ocrx_word' id='word_1_147' title='bbox 1816 1133 1881 1190; x_wconf 88' lang='lat' dir='ltr'><strong>pro·</strong></span> 
     </span>
     <span class='ocr_line' id='line_1_12' title="bbox 135 1202 1882 1280; baseline 0.001 -17"><span class='ocrx_word' id='word_1_148' title='bbox 135 1207 305 1279; x_wconf 89' lang='lat' dir='ltr'><strong>intelligere,</strong></span> <span class='ocrx_word' id='word_1_149' title='bbox 319 1213 347 1262; x_wconf 90' lang='grc' dir='ltr'><strong>ει</strong></span> <span class='ocrx_word' id='word_1_150' title='bbox 361 1220 419 1261; x_wconf 92' lang='lat' dir='ltr'><strong>non</strong></span> <span class='ocrx_word' id='word_1_151' title='bbox 435 1212 493 1260; x_wconf 90' lang='lat' dir='ltr'><strong>tam</strong></span> <span class='ocrx_word' id='word_1_152' title='bbox 509 1203 611 1275; x_wconf 86' lang='lat' dir='ltr'><strong>quales</strong></span> <span class='ocrx_word' id='word_1_153' title='bbox 627 1202 668 1260; x_wconf 90' lang='lat' dir='ltr'><strong>illl</strong></span> <span class='ocrx_word' id='word_1_154' title='bbox 685 1210 779 1260; x_wconf 89' lang='lat' dir='ltr'><strong>esseut</strong></span> <span class='ocrx_word' id='word_1_155' title='bbox 800 1217 889 1275; x_wconf 87' lang='lat' dir='ltr'><strong>qnam</strong></span> <span class='ocrx_word' id='word_1_156' title='bbox 906 1218 985 1275; x_wconf 86' lang='lat' dir='ltr'><strong>qna·</strong></span> <span class='ocrx_word' id='word_1_157' title='bbox 1037 1217 1188 1266; x_wconf 89' lang='lat' dir='ltr'><strong>merentes.</strong></span> <span class='ocrx_word' id='word_1_158' title='bbox 1205 1210 1409 1264; x_wconf 82' lang='lat' dir='ltr'><strong>Revelationem</strong></span> <span class='ocrx_word' id='word_1_159' title='bbox 1431 1208 1553 1280; x_wconf 75' lang='lat' dir='ltr'><strong>filiorum</strong></span> <span class='ocrx_word' id='word_1_160' title='bbox 1578 1208 1637 1276; x_wconf 89' lang='lat' dir='ltr'><strong>liei,</strong></span> <span class='ocrx_word' id='word_1_161' title='bbox 1667 1207 1695 1263; x_wconf 93' lang='lat' dir='ltr'><strong>id</strong></span> <span class='ocrx_word' id='word_1_162' title='bbox 1718 1214 1762 1264; x_wconf 90' lang='lat' dir='ltr'><strong>est</strong></span> <span class='ocrx_word' id='word_1_163' title='bbox 1786 1220 1882 1264; x_wconf 81' lang='lat' dir='ltr'><strong>rentu-</strong></span> 
     </span>
     <span class='ocr_line' id='line_1_13' title="bbox 136 1293 1883 1369; baseline -0.002 -14"><span class='ocrx_word' id='word_1_164' title='bbox 136 1297 175 1355; x_wconf 89' lang='lat' dir='ltr'><strong>les</strong></span> <span class='ocrx_word' id='word_1_165' title='bbox 197 1310 257 1354; x_wconf 89' lang='lat' dir='ltr'><strong>esse</strong></span> <span class='ocrx_word' id='word_1_166' title='bbox 278 1295 413 1353; x_wconf 88' lang='lat' dir='ltr'><strong>deberent</strong></span> <span class='ocrx_word' id='word_1_167' title='bbox 434 1306 586 1364; x_wconf 88' lang='lat' dir='ltr'><strong>exponere.</strong></span> <span class='ocrx_word' id='word_1_168' title='bbox 614 1293 645 1349; x_wconf 84' lang='lat' dir='ltr'><strong>si</strong></span> <span class='ocrx_word' id='word_1_169' title='bbox 668 1297 760 1348; x_wconf 87' lang='lat' dir='ltr'><strong>autem</strong></span> <span class='ocrx_word' id='word_1_170' title='bbox 783 1295 847 1363; x_wconf 71' lang='lat' dir='ltr'><strong>tilii,</strong></span> <span class='ocrx_word' id='word_1_171' title='bbox 878 1293 984 1351; x_wconf 88' lang='lat' dir='ltr'><strong>scilicet</strong></span> <span class='ocrx_word' id='word_1_172' title='bbox 1037 1296 1215 1355; x_wconf 85' lang='lat' dir='ltr'><strong>uenationem</strong></span> <span class='ocrx_word' id='word_1_173' title='bbox 1235 1296 1325 1365; x_wconf 89' lang='lat' dir='ltr'><strong>illam,</strong></span> <span class='ocrx_word' id='word_1_174' title='bbox 1349 1298 1454 1369; x_wconf 86' lang='lat' dir='ltr'><strong>inqua</strong></span> <span class='ocrx_word' id='word_1_175' title='bbox 1478 1295 1656 1353; x_wconf 78' lang='lat' dir='ltr'><strong>revelabitur</strong></span> <span class='ocrx_word' id='word_1_176' title='bbox 1678 1296 1730 1367; x_wconf 85' lang='lat' dir='ltr'><strong>qul</strong></span> <span class='ocrx_word' id='word_1_177' title='bbox 1755 1294 1808 1352; x_wconf 85' lang='lat' dir='ltr'><strong>olii</strong></span> <span class='ocrx_word' id='word_1_178' title='bbox 1835 1297 1883 1352; x_wconf 87' lang='lat' dir='ltr'><strong>Dei</strong></span> 
     </span>
     <span class='ocr_line' id='line_1_14' title="bbox 135 1381 1884 1458; baseline -0.002 -14"><span class='ocrx_word' id='word_1_179' title='bbox 135 1385 305 1458; x_wconf 84' lang='lat' dir='ltr'><strong>adoptionis,</strong></span> <span class='ocrx_word' id='word_1_180' title='bbox 322 1384 424 1455; x_wconf 86' lang='lat' dir='ltr'><strong>utique</strong></span> <span class='ocrx_word' id='word_1_181' title='bbox 442 1390 467 1438; x_wconf 88' lang='lat' dir='ltr'><strong>et</strong></span> <span class='ocrx_word' id='word_1_182' title='bbox 484 1382 614 1451; x_wconf 77' lang='lat' dir='ltr'><strong>heredes,</strong></span> <span class='ocrx_word' id='word_1_183' title='bbox 631 1381 700 1453; x_wconf 85' lang='lat' dir='ltr'><strong>qnia</strong></span> <span class='ocrx_word' id='word_1_184' title='bbox 715 1381 749 1437; x_wconf 92' lang='lat' dir='ltr'><strong>ad</strong></span> <span class='ocrx_word' id='word_1_185' title='bbox 774 1381 828 1439; x_wconf 90' lang='lat' dir='ltr'><strong>iloc</strong></span> <span class='ocrx_word' id='word_1_186' title='bbox 842 1382 982 1454; x_wconf 86' lang='lat' dir='ltr'><strong>adoptan·</strong></span> <span class='ocrx_word' id='word_1_187' title='bbox 1037 1386 1102 1453; x_wconf 87' lang='lat' dir='ltr'><strong>sint,</strong></span> <span class='ocrx_word' id='word_1_188' title='bbox 1117 1393 1146 1444; x_wconf 89' lang='lat' dir='ltr'><strong>et</strong></span> <span class='ocrx_word' id='word_1_189' title='bbox 1159 1386 1196 1443; x_wconf 90' lang='lat' dir='ltr'><strong>ad</strong></span> <span class='ocrx_word' id='word_1_190' title='bbox 1220 1386 1309 1443; x_wconf 89' lang='lat' dir='ltr'><strong>vitam</strong></span> <span class='ocrx_word' id='word_1_191' title='bbox 1335 1386 1541 1457; x_wconf 74' lang='lat' dir='ltr'><strong>predestinati,</strong></span> <span class='ocrx_word' id='word_1_192' title='bbox 1566 1385 1646 1456; x_wconf 84' lang='lat' dir='ltr'><strong>qnod</strong></span> <span class='ocrx_word' id='word_1_193' title='bbox 1665 1385 1764 1442; x_wconf 88' lang='lat' dir='ltr'><strong>adbuc</strong></span> <span class='ocrx_word' id='word_1_194' title='bbox 1789 1385 1884 1442; x_wconf 88' lang='lat' dir='ltr'><strong>occul·</strong></span> 
     </span>
     <span class='ocr_line' id='line_1_15' title="bbox 135 1471 1883 1546; baseline -0.003 -13"><span class='ocrx_word' id='word_1_195' title='bbox 135 1482 193 1544; x_wconf 85' lang='lat' dir='ltr'><strong>tur,</strong></span> <span class='ocrx_word' id='word_1_196' title='bbox 215 1475 243 1531; x_wconf 95' lang='lat' dir='ltr'><strong>id</strong></span> <span class='ocrx_word' id='word_1_197' title='bbox 266 1482 306 1531; x_wconf 87' lang='lat' dir='ltr'><strong>est</strong></span> <span class='ocrx_word' id='word_1_198' title='bbox 329 1473 421 1545; x_wconf 87' lang='lat' dir='ltr'><strong>gratis</strong></span> <span class='ocrx_word' id='word_1_199' title='bbox 440 1472 599 1543; x_wconf 85' lang='lat' dir='ltr'><strong>eliguntur,</strong></span> <span class='ocrx_word' id='word_1_200' title='bbox 628 1478 661 1528; x_wconf 93' lang='grc' dir='ltr'><strong>ιιι</strong></span> <span class='ocrx_word' id='word_1_201' title='bbox 684 1471 879 1528; x_wconf 74' lang='lat' dir='ltr'><strong>hereditatem</strong></span> <span class='ocrx_word' id='word_1_202' title='bbox 903 1485 983 1528; x_wconf 88' lang='lat' dir='ltr'><strong>asse·</strong></span> <span class='ocrx_word' id='word_1_203' title='bbox 1037 1482 1100 1532; x_wconf 92' lang='lat' dir='ltr'><strong>tum</strong></span> <span class='ocrx_word' id='word_1_204' title='bbox 1114 1483 1165 1533; x_wconf 89' lang='lat' dir='ltr'><strong>est.</strong></span> <span class='ocrx_word' id='word_1_205' title='bbox 1189 1476 1356 1533; x_wconf 81' lang='lat' dir='ltr'><strong>creaturam</strong></span> <span class='ocrx_word' id='word_1_206' title='bbox 1385 1490 1433 1532; x_wconf 91' lang='lat' dir='ltr'><strong>eos</strong></span> <span class='ocrx_word' id='word_1_207' title='bbox 1447 1475 1529 1542; x_wconf 89' lang='lat' dir='ltr'><strong>dicit,</strong></span> <span class='ocrx_word' id='word_1_208' title='bbox 1545 1473 1616 1546; x_wconf 86' lang='lat' dir='ltr'><strong>quia</strong></span> <span class='ocrx_word' id='word_1_209' title='bbox 1636 1473 1810 1530; x_wconf 86' lang='lat' dir='ltr'><strong>creationem</strong></span> <span class='ocrx_word' id='word_1_210' title='bbox 1833 1474 1883 1530; x_wconf 86' lang='lat' dir='ltr'><strong>Ilei</strong></span> 
     </span>
     <span class='ocr_line' id='line_1_16' title="bbox 136 1551 1883 1661; baseline -0.001 -40"><span class='ocrx_word' id='word_1_211' title='bbox 136 1570 275 1636; x_wconf 86' lang='lat' dir='ltr'><strong>quantur,</strong></span> <span class='ocrx_word' id='word_1_212' title='bbox 292 1563 417 1618; x_wconf 72' lang='lat' dir='ltr'><strong>Herode</strong></span> <span class='ocrx_word' id='word_1_213' title='bbox 435 1561 545 1631; x_wconf 82' lang='lat' dir='ltr'><strong>quidem</strong></span> <span class='ocrx_word' id='word_1_214' title='bbox 566 1563 626 1626; x_wconf 83' lang='lat' dir='ltr'><strong>bel,</strong></span> <span class='ocrx_word' id='word_1_215' title='bbox 650 1560 679 1617; x_wconf 96' lang='lat' dir='ltr'><strong>id</strong></span> <span class='ocrx_word' id='word_1_216' title='bbox 699 1567 742 1617; x_wconf 87' lang='grc' dir='ltr'><strong>εει</strong></span> <span class='ocrx_word' id='word_1_217' title='bbox 767 1560 867 1630; x_wconf 89' lang='lat' dir='ltr'><strong>Patris,</strong></span> <span class='ocrx_word' id='word_1_218' title='bbox 893 1567 920 1618; x_wconf 88' lang='grc' dir='ltr'><strong>ει</strong></span> <span class='ocrx_word' id='word_1_219' title='bbox 940 1577 982 1617; x_wconf 88' lang='lat' dir='ltr'><strong>co·</strong></span> <span class='ocrx_word' id='word_1_220' title='bbox 999 1607 1020 1661; x_wconf 70' lang='lat' dir='ltr'><strong>B</strong></span> <span class='ocrx_word' id='word_1_221' title='bbox 1038 1564 1068 1621; x_wconf 93' lang='lat' dir='ltr'><strong>iu</strong></span> <span class='ocrx_word' id='word_1_222' title='bbox 1084 1565 1185 1635; x_wconf 86' lang='lat' dir='ltr'><strong>seipsis</strong></span> <span class='ocrx_word' id='word_1_223' title='bbox 1200 1551 1401 1634; x_wconf 75' lang='lat' dir='ltr'><strong>incorruptam</strong></span> <span class='ocrx_word' id='word_1_224' title='bbox 1420 1570 1557 1636; x_wconf 88' lang='lat' dir='ltr'><strong>satagunt</strong></span> <span class='ocrx_word' id='word_1_225' title='bbox 1572 1562 1726 1632; x_wconf 88' lang='lat' dir='ltr'><strong>custodire,</strong></span> <span class='ocrx_word' id='word_1_226' title='bbox 1743 1577 1778 1620; x_wconf 88' lang='lat' dir='ltr'><strong>ao</strong></span> <span class='ocrx_word' id='word_1_227' title='bbox 1796 1564 1883 1620; x_wconf 88' lang='lat' dir='ltr'><strong>reior-</strong></span> 
     </span>
     <span class='ocr_line' id='line_1_17' title="bbox 80 1649 1882 1726; baseline -0.001 -16"><span class='ocrx_word' id='word_1_228' title='bbox 80 1682 87 1690; x_wconf 94' lang='lat'><em>·</em></span> <span class='ocrx_word' id='word_1_229' title='bbox 136 1653 254 1710; x_wconf 77' lang='lat' dir='ltr'><strong>heredes</strong></span> <span class='ocrx_word' id='word_1_230' title='bbox 279 1651 394 1720; x_wconf 78' lang='lat' dir='ltr'><strong>Christi,</strong></span> <span class='ocrx_word' id='word_1_231' title='bbox 421 1652 510 1708; x_wconf 90' lang='lat' dir='ltr'><strong>idest</strong></span> <span class='ocrx_word' id='word_1_232' title='bbox 534 1649 675 1707; x_wconf 90' lang='lat' dir='ltr'><strong>naturalis</strong></span> <span class='ocrx_word' id='word_1_233' title='bbox 696 1649 761 1722; x_wconf 88' lang='lat' dir='ltr'><strong>ejus</strong></span> <span class='ocrx_word' id='word_1_234' title='bbox 782 1650 858 1721; x_wconf 79' lang='lat' dir='ltr'><strong>billi,</strong></span> <span class='ocrx_word' id='word_1_235' title='bbox 880 1649 910 1706; x_wconf 92' lang='lat' dir='ltr'><strong>iu</strong></span> <span class='ocrx_word' id='word_1_236' title='bbox 935 1650 984 1707; x_wconf 90' lang='lat' dir='ltr'><strong>iila</strong></span> <span class='ocrx_word' id='word_1_237' title='bbox 1037 1654 1327 1726; x_wconf 89' lang='lat' dir='ltr'><strong>mareadimaginem</strong></span> <span class='ocrx_word' id='word_1_238' title='bbox 1338 1652 1882 1726; x_wconf 76' lang='lat' dir='ltr'><strong>Deiinonacreatisnnt,poocatisquae</strong></span> 
     </span>
     <span class='ocr_line' id='line_1_18' title="bbox 134 1738 1882 1814; baseline -0.002 -14"><span class='ocrx_word' id='word_1_239' title='bbox 134 1742 241 1800; x_wconf 89' lang='lat' dir='ltr'><strong>scilicet</strong></span> <span class='ocrx_word' id='word_1_240' title='bbox 264 1741 450 1800; x_wconf 83' lang='lat' dir='ltr'><strong>beatitudinis</strong></span> <span class='ocrx_word' id='word_1_241' title='bbox 475 1739 650 1811; x_wconf 77' lang='lat' dir='ltr'><strong>professione</strong></span> <span class='ocrx_word' id='word_1_242' title='bbox 678 1746 827 1810; x_wconf 86' lang='lat' dir='ltr'><strong>perpetua.</strong></span> <span class='ocrx_word' id='word_1_243' title='bbox 854 1738 984 1796; x_wconf 88' lang='lat' dir='ltr'><strong>Ostendit</strong></span> <span class='ocrx_word' id='word_1_244' title='bbox 1036 1757 1101 1801; x_wconf 87' lang='lat' dir='ltr'><strong>eam</strong></span> <span class='ocrx_word' id='word_1_245' title='bbox 1117 1743 1212 1800; x_wconf 91' lang='lat' dir='ltr'><strong>delent</strong></span> <span class='ocrx_word' id='word_1_246' title='bbox 1227 1743 1442 1812; x_wconf 88' lang='lat' dir='ltr'><strong>velmaenlant,</strong></span> <span class='ocrx_word' id='word_1_247' title='bbox 1463 1748 1606 1814; x_wconf 85' lang='lat' dir='ltr'><strong>quantum</strong></span> <span class='ocrx_word' id='word_1_248' title='bbox 1622 1741 1730 1808; x_wconf 85' lang='lat' dir='ltr'><strong>valent,</strong></span> <span class='ocrx_word' id='word_1_249' title='bbox 1749 1741 1882 1799; x_wconf 86' lang='grc' dir='ltr'>ιεειειειι-</span> 
     </span>
     <span class='ocr_line' id='line_1_19' title="bbox 135 1828 1879 1905; baseline -0.001 -17"><span class='ocrx_word' id='word_1_250' title='bbox 135 1839 280 1905; x_wconf 85' lang='lat' dir='ltr'><strong>quantum</strong></span> <span class='ocrx_word' id='word_1_251' title='bbox 301 1830 337 1887; x_wconf 91' lang='lat' dir='ltr'><strong>sil</strong></span> <span class='ocrx_word' id='word_1_252' title='bbox 361 1828 475 1901; x_wconf 84' lang='lat' dir='ltr'><strong>assequi</strong></span> <span class='ocrx_word' id='word_1_253' title='bbox 505 1829 583 1885; x_wconf 87' lang='lat' dir='ltr'><strong>iliam</strong></span> <span class='ocrx_word' id='word_1_254' title='bbox 613 1828 808 1885; x_wconf 83' lang='lat' dir='ltr'><strong>haereditatem</strong></span> <span class='ocrx_word' id='word_1_255' title='bbox 841 1828 901 1896; x_wconf 84' lang='lat' dir='ltr'><strong>bei,</strong></span> <span class='ocrx_word' id='word_1_256' title='bbox 934 1842 983 1898; x_wconf 90' lang='lat' dir='ltr'><strong>per</strong></span> <span class='ocrx_word' id='word_1_257' title='bbox 1037 1832 1082 1889; x_wconf 90' lang='lat' dir='ltr'><strong>do.</strong></span> <span class='ocrx_word' id='word_1_258' title='bbox 1099 1833 1135 1889; x_wconf 82' lang='lat' dir='ltr'><strong>Et</strong></span> <span class='ocrx_word' id='word_1_259' title='bbox 1159 1846 1225 1891; x_wconf 86' lang='lat' dir='ltr'><strong>vere</strong></span> <span class='ocrx_word' id='word_1_260' title='bbox 1251 1831 1327 1888; x_wconf 89' lang='lat' dir='ltr'><strong>hanc</strong></span> <span class='ocrx_word' id='word_1_261' title='bbox 1355 1830 1558 1889; x_wconf 88' lang='lat' dir='ltr'><strong>revelationem</strong></span> <span class='ocrx_word' id='word_1_262' title='bbox 1582 1837 1750 1901; x_wconf 85' lang='lat' dir='ltr'><strong>exspectant</strong></span> <span class='ocrx_word' id='word_1_263' title='bbox 1778 1830 1879 1899; x_wconf 84' lang='lat' dir='ltr'><strong>fideles,</strong></span> 
     </span>
     <span class='ocr_line' id='line_1_20' title="bbox 135 1916 1880 1995; baseline -0.003 -16"><span class='ocrx_word' id='word_1_264' title='bbox 135 1936 225 1995; x_wconf 87' lang='lat' dir='ltr'><strong>qnam</strong></span> <span class='ocrx_word' id='word_1_265' title='bbox 250 1919 322 1976; x_wconf 84' lang='lat' dir='ltr'><strong>Filio</strong></span> <span class='ocrx_word' id='word_1_266' title='bbox 353 1918 417 1990; x_wconf 88' lang='lat' dir='ltr'><strong>ejus</strong></span> <span class='ocrx_word' id='word_1_267' title='bbox 440 1918 555 1976; x_wconf 83' lang='lat' dir='ltr'><strong>Christo</strong></span> <span class='ocrx_word' id='word_1_268' title='bbox 579 1917 685 1974; x_wconf 90' lang='lat' dir='ltr'><strong>similes</strong></span> <span class='ocrx_word' id='word_1_269' title='bbox 708 1916 862 1984; x_wconf 77' lang='lat' dir='ltr'><strong>efficimur,</strong></span> <span class='ocrx_word' id='word_1_270' title='bbox 878 1916 981 1972; x_wconf 76' lang='lat' dir='ltr'><strong>Sita·</strong></span> <span class='ocrx_word' id='word_1_271' title='bbox 1037 1919 1239 1993; x_wconf 77' lang='lat' dir='ltr'><strong>quiapropter</strong></span> <span class='ocrx_word' id='word_1_272' title='bbox 1256 1935 1320 1977; x_wconf 88' lang='lat' dir='ltr'><strong>eam</strong></span> <span class='ocrx_word' id='word_1_273' title='bbox 1336 1919 1606 1978; x_wconf 84' lang='lat' dir='ltr'><strong>contemnuntvitae</strong></span> <span class='ocrx_word' id='word_1_274' title='bbox 1629 1919 1781 1991; x_wconf 85' lang='lat' dir='ltr'><strong>praesentis</strong></span> <span class='ocrx_word' id='word_1_275' title='bbox 1801 1920 1880 1976; x_wconf 84' lang='lat' dir='ltr'><strong>rani·</strong></span> 
     </span>
     <span class='ocr_line' id='line_1_21' title="bbox 134 2006 1881 2080; baseline -0.002 -13"><span class='ocrx_word' id='word_1_276' title='bbox 134 2027 207 2067; x_wconf 85' lang='lat' dir='ltr'><strong>men.</strong></span> <span class='ocrx_word' id='word_1_277' title='bbox 227 2010 293 2066; x_wconf 85' lang='lat' dir='ltr'><strong>Dixi</strong></span> <span class='ocrx_word' id='word_1_278' title='bbox 314 2008 431 2064; x_wconf 67' lang='lat' dir='ltr'><strong>liereaes</strong></span> <span class='ocrx_word' id='word_1_279' title='bbox 456 2023 559 2078; x_wconf 83' lang='lat' dir='ltr'><strong>sumas,</strong></span> <span class='ocrx_word' id='word_1_280' title='bbox 576 2007 630 2064; x_wconf 88' lang='lat' dir='ltr'><strong>bac</strong></span> <span class='ocrx_word' id='word_1_281' title='bbox 659 2014 756 2064; x_wconf 89' lang='lat' dir='ltr'><strong>tamea</strong></span> <span class='ocrx_word' id='word_1_282' title='bbox 775 2006 941 2075; x_wconf 90' lang='lat' dir='ltr'><strong>intentione,</strong></span> <span class='ocrx_word' id='word_1_283' title='bbox 958 2007 982 2063; x_wconf 90' lang='lat' dir='ltr'><strong>si</strong></span> <span class='ocrx_word' id='word_1_284' title='bbox 1037 2017 1133 2078; x_wconf 89' lang='lat' dir='ltr'><strong>tatem,</strong></span> <span class='ocrx_word' id='word_1_285' title='bbox 1163 2017 1191 2066; x_wconf 92' lang='lat' dir='ltr'><strong>et</strong></span> <span class='ocrx_word' id='word_1_286' title='bbox 1234 2009 1363 2067; x_wconf 88' lang='lat' dir='ltr'><strong>nolentes</strong></span> <span class='ocrx_word' id='word_1_287' title='bbox 1392 2023 1457 2067; x_wconf 89' lang='lat' dir='ltr'><strong>eam</strong></span> <span class='ocrx_word' id='word_1_288' title='bbox 1491 2008 1645 2075; x_wconf 89' lang='lat' dir='ltr'><strong>sustinent,</strong></span> <span class='ocrx_word' id='word_1_289' title='bbox 1679 2008 1881 2080; x_wconf 87' lang='lat' dir='ltr'><strong>concupientes</strong></span> 
     </span>
     <span class='ocr_line' id='line_1_22' title="bbox 135 2095 1881 2171; baseline -0.001 -15"><span class='ocrx_word' id='word_1_290' title='bbox 135 2101 329 2171; x_wconf 87' lang='lat' dir='ltr'><strong>compatimur</strong></span> <span class='ocrx_word' id='word_1_291' title='bbox 344 2099 397 2171; x_wconf 90' lang='lat' dir='ltr'><strong>ipsi</strong></span> <span class='ocrx_word' id='word_1_292' title='bbox 412 2098 534 2163; x_wconf 78' lang='lat' dir='ltr'><strong>cbristo,</strong></span> <span class='ocrx_word' id='word_1_293' title='bbox 552 2098 622 2170; x_wconf 91' lang='lat' dir='ltr'><strong>quia</strong></span> <span class='ocrx_word' id='word_1_294' title='bbox 639 2111 698 2154; x_wconf 92' lang='lat' dir='ltr'><strong>non</strong></span> <span class='ocrx_word' id='word_1_295' title='bbox 713 2095 898 2153; x_wconf 85' lang='lat' dir='ltr'><strong>coronabitur</strong></span> <span class='ocrx_word' id='word_1_296' title='bbox 917 2096 983 2166; x_wconf 84' lang='lat' dir='ltr'><strong>quis</strong></span> <span class='ocrx_word' id='word_1_297' title='bbox 1036 2099 1122 2158; x_wconf 90' lang='lat' dir='ltr'><strong>etiam</strong></span> <span class='ocrx_word' id='word_1_298' title='bbox 1135 2098 1196 2171; x_wconf 88' lang='lat' dir='ltr'><strong>jam</strong></span> <span class='ocrx_word' id='word_1_299' title='bbox 1212 2099 1308 2169; x_wconf 88' lang='lat' dir='ltr'><strong>potius</strong></span> <span class='ocrx_word' id='word_1_300' title='bbox 1336 2098 1453 2155; x_wconf 86' lang='lat' dir='ltr'><strong>dissolri</strong></span> <span class='ocrx_word' id='word_1_301' title='bbox 1476 2108 1504 2155; x_wconf 90' lang='grc' dir='ltr'><strong>ει</strong></span> <span class='ocrx_word' id='word_1_302' title='bbox 1525 2112 1587 2155; x_wconf 86' lang='grc' dir='ltr'>εεεε</span> <span class='ocrx_word' id='word_1_303' title='bbox 1607 2112 1675 2155; x_wconf 92' lang='lat' dir='ltr'><strong>cum</strong></span> <span class='ocrx_word' id='word_1_304' title='bbox 1700 2098 1824 2155; x_wconf 82' lang='lat' dir='ltr'><strong>cbristo.</strong></span> <span class='ocrx_word' id='word_1_305' title='bbox 1848 2099 1881 2154; x_wconf 86' lang='lat' dir='ltr'><strong>llt</strong></span> 
     </span>
     <span class='ocr_line' id='line_1_23' title="bbox 135 2185 1880 2261; baseline -0.002 -14"><span class='ocrx_word' id='word_1_306' title='bbox 135 2191 192 2247; x_wconf 91' lang='lat' dir='ltr'><strong>nisi</strong></span> <span class='ocrx_word' id='word_1_307' title='bbox 207 2191 258 2261; x_wconf 84' lang='lat' dir='ltr'><strong>qui</strong></span> <span class='ocrx_word' id='word_1_308' title='bbox 284 2190 411 2261; x_wconf 89' lang='lat' dir='ltr'><strong>legitimo</strong></span> <span class='ocrx_word' id='word_1_309' title='bbox 430 2187 583 2245; x_wconf 89' lang='lat' dir='ltr'><strong>certaverit</strong></span> <span class='ocrx_word' id='word_1_310' title='bbox 610 2186 649 2258; x_wconf 88' lang='lat' dir='ltr'><strong>(ll</strong></span> <span class='ocrx_word' id='word_1_311' title='bbox 675 2186 746 2241; x_wconf 84' lang='lat' dir='ltr'><strong>Tim.</strong></span> <span class='ocrx_word' id='word_1_312' title='bbox 772 2201 803 2252; x_wconf 88' lang='grc' dir='ltr'><strong>ιι,</strong></span> <span class='ocrx_word' id='word_1_313' title='bbox 819 2185 856 2257; x_wconf 81' lang='grc' dir='ltr'><strong>ι),</strong></span> <span class='ocrx_word' id='word_1_314' title='bbox 882 2185 983 2242; x_wconf 88' lang='lat' dir='ltr'><strong>adver·</strong></span> <span class='ocrx_word' id='word_1_315' title='bbox 1036 2189 1090 2246; x_wconf 88' lang='lat' dir='ltr'><strong>boo</strong></span> <span class='ocrx_word' id='word_1_316' title='bbox 1103 2194 1146 2244; x_wconf 92' lang='lat' dir='ltr'><strong>est</strong></span> <span class='ocrx_word' id='word_1_317' title='bbox 1161 2188 1238 2258; x_wconf 86' lang='lat' dir='ltr'><strong>quod</strong></span> <span class='ocrx_word' id='word_1_318' title='bbox 1253 2188 1293 2244; x_wconf 89' lang='lat' dir='ltr'><strong>ait</strong></span> <span class='ocrx_word' id='word_1_319' title='bbox 1309 2203 1315 2242; x_wconf 95' lang='lat'><strong>:</strong></span> <span class='ocrx_word' id='word_1_320' title='bbox 1332 2189 1471 2243; x_wconf 74' lang='lat' dir='ltr'><strong>creatora</strong></span> <span class='ocrx_word' id='word_1_321' title='bbox 1492 2189 1554 2257; x_wconf 86' lang='lat' dir='ltr'><strong>ipsa</strong></span> <span class='ocrx_word' id='word_1_322' title='bbox 1568 2187 1692 2256; x_wconf 84' lang='lat' dir='ltr'><strong>sabjecta</strong></span> <span class='ocrx_word' id='word_1_323' title='bbox 1717 2192 1758 2243; x_wconf 78' lang='lat' dir='ltr'><strong>ert</strong></span> <span class='ocrx_word' id='word_1_324' title='bbox 1777 2187 1880 2254; x_wconf 76' lang='lat' dir='ltr'><strong>miens,</strong></span> 
     </span>
     <span class='ocr_line' id='line_1_24' title="bbox 136 2264 1880 2348; baseline -0.001 -13"><span class='ocrx_word' id='word_1_325' title='bbox 136 2292 186 2336; x_wconf 91' lang='lat' dir='ltr'><strong>sus</strong></span> <span class='ocrx_word' id='word_1_326' title='bbox 200 2279 326 2335; x_wconf 89' lang='lat' dir='ltr'><strong>bostium</strong></span> <span class='ocrx_word' id='word_1_327' title='bbox 342 2276 474 2334; x_wconf 88' lang='lat' dir='ltr'><strong>videlicet</strong></span> <span class='ocrx_word' id='word_1_328' title='bbox 488 2291 540 2332; x_wconf 89' lang='lat' dir='ltr'><strong>seu</strong></span> <span class='ocrx_word' id='word_1_329' title='bbox 561 2274 699 2332; x_wconf 90' lang='lat' dir='ltr'><strong>vitiorum</strong></span> <span class='ocrx_word' id='word_1_330' title='bbox 723 2275 982 2346; x_wconf 87' lang='lat' dir='ltr'><strong>impugnationem.</strong></span> <span class='ocrx_word' id='word_1_331' title='bbox 1036 2277 1120 2335; x_wconf 89' lang='lat' dir='ltr'><strong>idest</strong></span> <span class='ocrx_word' id='word_1_332' title='bbox 1134 2264 1210 2332; x_wconf 88' lang='lat' dir='ltr'><strong>hano</strong></span> <span class='ocrx_word' id='word_1_333' title='bbox 1224 2290 1330 2332; x_wconf 86' lang='lat' dir='ltr'><strong>vanam</strong></span> <span class='ocrx_word' id='word_1_334' title='bbox 1345 2277 1448 2343; x_wconf 87' lang='lat' dir='ltr'><strong>vitam,</strong></span> <span class='ocrx_word' id='word_1_335' title='bbox 1471 2291 1537 2348; x_wconf 86' lang='lat' dir='ltr'><strong>quae</strong></span> <span class='ocrx_word' id='word_1_336' title='bbox 1558 2284 1586 2333; x_wconf 91' lang='grc' dir='ltr'><strong>ει</strong></span> <span class='ocrx_word' id='word_1_337' title='bbox 1605 2275 1772 2332; x_wconf 89' lang='lat' dir='ltr'><strong>transitoria</strong></span> <span class='ocrx_word' id='word_1_338' title='bbox 1790 2284 1842 2346; x_wconf 89' lang='lat' dir='ltr'><strong>est,</strong></span> <span class='ocrx_word' id='word_1_339' title='bbox 1856 2283 1880 2333; x_wconf 90' lang='lat' dir='ltr'><strong>et</strong></span> 
     </span>
     <span class='ocr_line' id='line_1_25' title="bbox 136 2362 1878 2437; baseline -0.002 -14"><span class='ocrx_word' id='word_1_340' title='bbox 136 2367 267 2437; x_wconf 80' lang='lat' dir='ltr'><strong>Etonia,</strong></span> <span class='ocrx_word' id='word_1_341' title='bbox 284 2373 317 2422; x_wconf 94' lang='grc' dir='ltr'><strong>ιιι</strong></span> <span class='ocrx_word' id='word_1_342' title='bbox 341 2365 380 2422; x_wconf 93' lang='lat' dir='ltr'><strong>ait</strong></span> <span class='ocrx_word' id='word_1_343' title='bbox 394 2364 556 2436; x_wconf 88' lang='lat' dir='ltr'><strong>Cyprianus</strong></span> <span class='ocrx_word' id='word_1_344' title='bbox 578 2362 634 2435; x_wconf 85' lang='lat' dir='ltr'><strong>(iil)</strong></span> <span class='ocrx_word' id='word_1_345' title='bbox 658 2369 813 2433; x_wconf 89' lang='lat' dir='ltr'><strong>martyrem</strong></span> <span class='ocrx_word' id='word_1_346' title='bbox 835 2377 894 2420; x_wconf 92' lang='lat' dir='ltr'><strong>non</strong></span> <span class='ocrx_word' id='word_1_347' title='bbox 914 2362 983 2420; x_wconf 88' lang='lat' dir='ltr'><strong>iacit</strong></span> <span class='ocrx_word' id='word_1_348' title='bbox 1035 2365 1174 2424; x_wconf 78' lang='lat' dir='ltr'><strong>arumnis</strong></span> <span class='ocrx_word' id='word_1_349' title='bbox 1189 2364 1283 2436; x_wconf 83' lang='lat' dir='ltr'><strong>plena,</strong></span> <span class='ocrx_word' id='word_1_350' title='bbox 1300 2365 1421 2422; x_wconf 90' lang='lat' dir='ltr'><strong>sustinet</strong></span> <span class='ocrx_word' id='word_1_351' title='bbox 1437 2366 1537 2429; x_wconf 87' lang='lat' dir='ltr'><strong>invita,</strong></span> <span class='ocrx_word' id='word_1_352' title='bbox 1561 2364 1754 2436; x_wconf 86' lang='lat' dir='ltr'><strong>quantumin</strong></span> <span class='ocrx_word' id='word_1_353' title='bbox 1779 2379 1809 2422; x_wconf 90' lang='lat' dir='ltr'><strong>se</strong></span> <span class='ocrx_word' id='word_1_354' title='bbox 1831 2373 1878 2422; x_wconf 92' lang='grc' dir='ltr'>εει.</span> 
     </span>
     <span class='ocr_line' id='line_1_26' title="bbox 136 2451 1879 2526; baseline -0.001 -16"><span class='ocrx_word' id='word_1_355' title='bbox 136 2468 230 2526; x_wconf 76' lang='lat' dir='ltr'><strong>peona,</strong></span> <span class='ocrx_word' id='word_1_356' title='bbox 246 2453 294 2510; x_wconf 91' lang='lat' dir='ltr'><strong>sed</strong></span> <span class='ocrx_word' id='word_1_357' title='bbox 316 2467 413 2520; x_wconf 84' lang='lat' dir='ltr'><strong>causa,</strong></span> <span class='ocrx_word' id='word_1_358' title='bbox 430 2451 520 2515; x_wconf 89' lang='lat' dir='ltr'><strong>addit,</strong></span> <span class='ocrx_word' id='word_1_359' title='bbox 536 2459 569 2508; x_wconf 91' lang='lat' dir='ltr'><strong>ut</strong></span> <span class='ocrx_word' id='word_1_360' title='bbox 581 2451 844 2523; x_wconf 84' lang='lat' dir='ltr'><strong>conglorificemur,</strong></span> <span class='ocrx_word' id='word_1_361' title='bbox 861 2451 889 2507; x_wconf 95' lang='lat' dir='ltr'><strong>id</strong></span> <span class='ocrx_word' id='word_1_362' title='bbox 902 2459 943 2508; x_wconf 91' lang='lat' dir='ltr'><strong>est</strong></span> <span class='ocrx_word' id='word_1_363' title='bbox 958 2452 983 2508; x_wconf 92' lang='lat' dir='ltr'><strong>si</strong></span> <span class='ocrx_word' id='word_1_364' title='bbox 1037 2456 1091 2512; x_wconf 78' lang='lat' dir='ltr'><strong>seii</strong></span> <span class='ocrx_word' id='word_1_365' title='bbox 1117 2458 1232 2526; x_wconf 84' lang='lat' dir='ltr'><strong>propter</strong></span> <span class='ocrx_word' id='word_1_366' title='bbox 1260 2470 1332 2521; x_wconf 83' lang='lat' dir='ltr'><strong>eam,</strong></span> <span class='ocrx_word' id='word_1_367' title='bbox 1350 2455 1458 2512; x_wconf 91' lang='lat' dir='ltr'><strong>scilicet</strong></span> <span class='ocrx_word' id='word_1_368' title='bbox 1481 2468 1544 2511; x_wconf 88' lang='lat' dir='ltr'><strong>cam</strong></span> <span class='ocrx_word' id='word_1_369' title='bbox 1568 2454 1679 2520; x_wconf 88' lang='lat' dir='ltr'><strong>tolerat,</strong></span> <span class='ocrx_word' id='word_1_370' title='bbox 1707 2457 1758 2524; x_wconf 83' lang='lat' dir='ltr'><strong>gui</strong></span> <span class='ocrx_word' id='word_1_371' title='bbox 1768 2455 1879 2525; x_wconf 79' lang='lat' dir='ltr'><strong>subjecit</strong></span> 
     </span>
     <span class='ocr_line' id='line_1_27' title="bbox 137 2539 1900 2614; baseline -0.002 -13"><span class='ocrx_word' id='word_1_372' title='bbox 137 2544 177 2601; x_wconf 88' lang='lat' dir='ltr'><strong>ita</strong></span> <span class='ocrx_word' id='word_1_373' title='bbox 192 2542 321 2613; x_wconf 90' lang='lat' dir='ltr'><strong>patimur</strong></span> <span class='ocrx_word' id='word_1_374' title='bbox 335 2551 369 2599; x_wconf 95' lang='lat' dir='ltr'><strong>ut</strong></span> <span class='ocrx_word' id='word_1_375' title='bbox 384 2540 495 2598; x_wconf 84' lang='lat' dir='ltr'><strong>Christo</strong></span> <span class='ocrx_word' id='word_1_376' title='bbox 510 2539 667 2612; x_wconf 89' lang='lat' dir='ltr'><strong>glorificari</strong></span> <span class='ocrx_word' id='word_1_377' title='bbox 685 2540 767 2613; x_wconf 81' lang='lat' dir='ltr'><strong>digni</strong></span> <span class='ocrx_word' id='word_1_378' title='bbox 785 2541 886 2597; x_wconf 90' lang='lat' dir='ltr'><strong>simus.</strong></span> <span class='ocrx_word' id='word_1_379' title='bbox 902 2540 983 2606; x_wconf 89' lang='lat' dir='ltr'><strong>Quod</strong></span> <span class='ocrx_word' id='word_1_380' title='bbox 1037 2558 1097 2598; x_wconf 88' lang='lat' dir='ltr'><strong>eam</strong></span> <span class='ocrx_word' id='word_1_381' title='bbox 1110 2543 1141 2597; x_wconf 85' lang='lat' dir='ltr'><strong>in</strong></span> <span class='ocrx_word' id='word_1_382' title='bbox 1155 2557 1203 2613; x_wconf 91' lang='lat' dir='ltr'><strong>spe</strong></span> <span class='ocrx_word' id='word_1_383' title='bbox 1216 2543 1303 2610; x_wconf 83' lang='lat' dir='ltr'><strong>iilius,</strong></span> <span class='ocrx_word' id='word_1_384' title='bbox 1327 2543 1434 2600; x_wconf 86' lang='lat' dir='ltr'><strong>seilicet</strong></span> <span class='ocrx_word' id='word_1_385' title='bbox 1461 2544 1567 2600; x_wconf 86' lang='lat' dir='ltr'><strong>iuturae</strong></span> <span class='ocrx_word' id='word_1_386' title='bbox 1592 2543 1787 2614; x_wconf 69' lang='lat' dir='ltr'><strong>revelationis·</strong></span> <span class='ocrx_word' id='word_1_387' title='bbox 1801 2543 1829 2601; x_wconf 92' lang='lat' dir='ltr'><strong>id</strong></span> <span class='ocrx_word' id='word_1_388' title='bbox 1841 2550 1879 2601; x_wconf 92' lang='grc' dir='ltr'><strong>εει</strong></span> <span class='ocrx_word' id='word_1_389' title='bbox 1897 2554 1900 2575; x_wconf 74' lang='lat'>³</span> 
     </span>
     <span class='ocr_line' id='line_1_28' title="bbox 137 2629 1877 2706; baseline 0 -16"><span class='ocrx_word' id='word_1_390' title='bbox 137 2641 207 2690; x_wconf 91' lang='lat' dir='ltr'><strong>tunc</strong></span> <span class='ocrx_word' id='word_1_391' title='bbox 229 2633 260 2689; x_wconf 88' lang='lat' dir='ltr'><strong>dt</strong></span> <span class='ocrx_word' id='word_1_392' title='bbox 282 2631 399 2703; x_wconf 85' lang='lat' dir='ltr'><strong>quando</strong></span> <span class='ocrx_word' id='word_1_393' title='bbox 425 2630 551 2687; x_wconf 87' lang='lat' dir='ltr'><strong>charitas</strong></span> <span class='ocrx_word' id='word_1_394' title='bbox 575 2630 611 2685; x_wconf 88' lang='lat' dir='ltr'><strong>ad</strong></span> <span class='ocrx_word' id='word_1_395' title='bbox 639 2629 806 2701; x_wconf 87' lang='lat' dir='ltr'><strong>patiendum</strong></span> <span class='ocrx_word' id='word_1_396' title='bbox 830 2636 982 2701; x_wconf 87' lang='lat' dir='ltr'><strong>praeparat,</strong></span> <span class='ocrx_word' id='word_1_397' title='bbox 1037 2630 1068 2689; x_wconf 92' lang='lat' dir='ltr'><strong>in</strong></span> <span class='ocrx_word' id='word_1_398' title='bbox 1084 2631 1139 2689; x_wconf 89' lang='lat' dir='ltr'><strong>bac</strong></span> <span class='ocrx_word' id='word_1_399' title='bbox 1160 2644 1223 2688; x_wconf 88' lang='lat' dir='ltr'><strong>eam</strong></span> <span class='ocrx_word' id='word_1_400' title='bbox 1242 2630 1396 2703; x_wconf 85' lang='lat' dir='ltr'><strong>affligendo</strong></span> <span class='ocrx_word' id='word_1_401' title='bbox 1423 2631 1567 2702; x_wconf 83' lang='lat' dir='ltr'><strong>humiliat,</strong></span> <span class='ocrx_word' id='word_1_402' title='bbox 1584 2637 1616 2690; x_wconf 88' lang='lat' dir='ltr'><strong>nt</strong></span> <span class='ocrx_word' id='word_1_403' title='bbox 1631 2632 1662 2689; x_wconf 93' lang='lat' dir='ltr'><strong>iu</strong></span> <span class='ocrx_word' id='word_1_404' title='bbox 1675 2632 1727 2689; x_wconf 90' lang='lat' dir='ltr'><strong>ilia</strong></span> <span class='ocrx_word' id='word_1_405' title='bbox 1740 2646 1809 2706; x_wconf 80' lang='lat' dir='ltr'><strong>qne</strong></span> <span class='ocrx_word' id='word_1_406' title='bbox 1823 2646 1877 2704; x_wconf 88' lang='lat' dir='ltr'><strong>spe·</strong></span> 
     </span>
     <span class='ocr_line' id='line_1_29' title="bbox 136 2719 1879 2792; baseline -0.001 -12"><span class='ocrx_word' id='word_1_407' title='bbox 136 2737 195 2780; x_wconf 89' lang='lat' dir='ltr'><strong>non</strong></span> <span class='ocrx_word' id='word_1_408' title='bbox 210 2721 363 2779; x_wconf 88' lang='lat' dir='ltr'><strong>necessitas</strong></span> <span class='ocrx_word' id='word_1_409' title='bbox 378 2719 476 2786; x_wconf 87' lang='lat' dir='ltr'><strong>trabit,</strong></span> <span class='ocrx_word' id='word_1_410' title='bbox 492 2726 519 2775; x_wconf 91' lang='lat' dir='ltr'><strong>et</strong></span> <span class='ocrx_word' id='word_1_411' title='bbox 541 2732 592 2789; x_wconf 90' lang='lat' dir='ltr'><strong>pra</strong></span> <span class='ocrx_word' id='word_1_412' title='bbox 607 2719 719 2776; x_wconf 80' lang='lat' dir='ltr'><strong>Christo</strong></span> <span class='ocrx_word' id='word_1_413' title='bbox 740 2719 827 2776; x_wconf 85' lang='lat' dir='ltr'><strong>sicuti</strong></span> <span class='ocrx_word' id='word_1_414' title='bbox 850 2733 902 2791; x_wconf 90' lang='lat' dir='ltr'><strong>pra</strong></span> <span class='ocrx_word' id='word_1_415' title='bbox 928 2734 982 2775; x_wconf 92' lang='lat' dir='ltr'><strong>no·</strong></span> <span class='ocrx_word' id='word_1_416' title='bbox 1037 2723 1122 2777; x_wconf 89' lang='lat' dir='ltr'><strong>ratur</strong></span> <span class='ocrx_word' id='word_1_417' title='bbox 1148 2720 1265 2777; x_wconf 89' lang='lat' dir='ltr'><strong>exaltet.</strong></span> <span class='ocrx_word' id='word_1_418' title='bbox 1288 2720 1371 2785; x_wconf 83' lang='lat' dir='ltr'><strong>Quod</strong></span> <span class='ocrx_word' id='word_1_419' title='bbox 1399 2734 1468 2777; x_wconf 93' lang='lat' dir='ltr'><strong>vero</strong></span> <span class='ocrx_word' id='word_1_420' title='bbox 1496 2721 1533 2777; x_wconf 93' lang='lat' dir='ltr'><strong>sit</strong></span> <span class='ocrx_word' id='word_1_421' title='bbox 1564 2735 1629 2792; x_wconf 89' lang='lat' dir='ltr'><strong>spes</strong></span> <span class='ocrx_word' id='word_1_422' title='bbox 1653 2720 1704 2778; x_wconf 91' lang='lat' dir='ltr'><strong>illa</strong></span> <span class='ocrx_word' id='word_1_423' title='bbox 1730 2731 1879 2787; x_wconf 81' lang='lat' dir='ltr'><strong>creatura,</strong></span> 
     </span>
     <span class='ocr_line' id='line_1_30' title="bbox 137 2808 1878 2882; baseline -0.002 -12"><span class='ocrx_word' id='word_1_424' title='bbox 137 2813 200 2881; x_wconf 81' lang='lat' dir='ltr'><strong>bis3</strong></span> <span class='ocrx_word' id='word_1_425' title='bbox 215 2819 249 2869; x_wconf 90' lang='grc' dir='ltr'><strong>ιιι</strong></span> <span class='ocrx_word' id='word_1_426' title='bbox 263 2810 307 2868; x_wconf 89' lang='lat' dir='ltr'><strong>sic</strong></span> <span class='ocrx_word' id='word_1_427' title='bbox 320 2809 347 2868; x_wconf 89' lang='lat' dir='ltr'><strong>ei</strong></span> <span class='ocrx_word' id='word_1_428' title='bbox 362 2815 499 2867; x_wconf 88' lang='lat' dir='ltr'><strong>mutuum</strong></span> <span class='ocrx_word' id='word_1_429' title='bbox 513 2809 670 2866; x_wconf 84' lang='lat' dir='ltr'><strong>solvamus.</strong></span> <span class='ocrx_word' id='word_1_430' title='bbox 1038 2808 1068 2865; x_wconf 93' lang='lat' dir='ltr'><strong>id</strong></span> <span class='ocrx_word' id='word_1_431' title='bbox 1082 2815 1125 2865; x_wconf 92' lang='lat' dir='ltr'><strong>est</strong></span> <span class='ocrx_word' id='word_1_432' title='bbox 1139 2809 1217 2881; x_wconf 86' lang='lat' dir='ltr'><strong>qued</strong></span> <span class='ocrx_word' id='word_1_433' title='bbox 1231 2816 1347 2880; x_wconf 88' lang='lat' dir='ltr'><strong>sperent</strong></span> <span class='ocrx_word' id='word_1_434' title='bbox 1369 2809 1417 2865; x_wconf 90' lang='lat' dir='ltr'><strong>hio</strong></span> <span class='ocrx_word' id='word_1_435' title='bbox 1431 2808 1533 2866; x_wconf 76' lang='lat' dir='ltr'><strong>abdicti</strong></span> <span class='ocrx_word' id='word_1_436' title='bbox 1556 2809 1663 2878; x_wconf 82' lang='lat' dir='ltr'><strong>fideles,</strong></span> <span class='ocrx_word' id='word_1_437' title='bbox 1679 2811 1819 2882; x_wconf 91' lang='lat' dir='ltr'><strong>supponit</strong></span> <span class='ocrx_word' id='word_1_438' title='bbox 1840 2810 1878 2866; x_wconf 91' lang='lat' dir='ltr'><strong>di·</strong></span> 
     </span>
     <span class='ocr_line' id='line_1_31' title="bbox 171 2895 1878 2972; baseline -0.001 -15"><span class='ocrx_word' id='word_1_439' title='bbox 171 2900 276 2958; x_wconf 88' lang='lat' dir='ltr'><strong>Omnes</strong></span> <span class='ocrx_word' id='word_1_440' title='bbox 294 2900 403 2971; x_wconf 86' lang='lat' dir='ltr'><strong>itaque,</strong></span> <span class='ocrx_word' id='word_1_441' title='bbox 418 2904 562 2969; x_wconf 87' lang='lat' dir='ltr'><strong>quantum</strong></span> <span class='ocrx_word' id='word_1_442' title='bbox 578 2896 608 2954; x_wconf 92' lang='lat' dir='ltr'><strong>in</strong></span> <span class='ocrx_word' id='word_1_443' title='bbox 633 2895 703 2967; x_wconf 88' lang='lat' dir='ltr'><strong>ipsis</strong></span> <span class='ocrx_word' id='word_1_444' title='bbox 721 2904 773 2961; x_wconf 89' lang='grc' dir='ltr'>εει,</span> <span class='ocrx_word' id='word_1_445' title='bbox 791 2910 843 2967; x_wconf 88' lang='lat' dir='ltr'><strong>pro</strong></span> <span class='ocrx_word' id='word_1_446' title='bbox 857 2911 890 2954; x_wconf 89' lang='lat' dir='ltr'><strong>eo</strong></span> <span class='ocrx_word' id='word_1_447' title='bbox 905 2910 981 2954; x_wconf 91' lang='lat' dir='ltr'><strong>com-</strong></span> <span class='ocrx_word' id='word_1_448' title='bbox 996 2896 1019 2956; x_wconf 78' lang='lat' dir='ltr'><strong>d</strong></span> <span class='ocrx_word' id='word_1_449' title='bbox 1034 2911 1125 2954; x_wconf 91' lang='lat' dir='ltr'><strong>cons:</strong></span> <span class='ocrx_word' id='word_1_450' title='bbox 1148 2897 1217 2964; x_wconf 84' lang='lat' dir='ltr'><strong>Quia</strong></span> <span class='ocrx_word' id='word_1_451' title='bbox 1230 2902 1256 2952; x_wconf 88' lang='lat' dir='ltr'><strong>ct</strong></span> <span class='ocrx_word' id='word_1_452' title='bbox 1279 2899 1352 2969; x_wconf 85' lang='lat' dir='ltr'><strong>ipsa,</strong></span> <span class='ocrx_word' id='word_1_453' title='bbox 1376 2906 1442 2967; x_wconf 69' lang='lat' dir='ltr'><strong>etc,</strong></span> <span class='ocrx_word' id='word_1_454' title='bbox 1459 2898 1488 2955; x_wconf 93' lang='lat' dir='ltr'><strong>id</strong></span> <span class='ocrx_word' id='word_1_455' title='bbox 1511 2905 1554 2955; x_wconf 89' lang='lat' dir='ltr'><strong>est</strong></span> <span class='ocrx_word' id='word_1_456' title='bbox 1571 2897 1618 2955; x_wconf 90' lang='lat' dir='ltr'><strong>bic</strong></span> <span class='ocrx_word' id='word_1_457' title='bbox 1636 2907 1755 2968; x_wconf 89' lang='lat' dir='ltr'><strong>sperant</strong></span> <span class='ocrx_word' id='word_1_458' title='bbox 1781 2900 1835 2972; x_wconf 85' lang='lat' dir='ltr'><strong>qui</strong></span> <span class='ocrx_word' id='word_1_459' title='bbox 1849 2900 1878 2956; x_wconf 94' lang='lat' dir='ltr'><strong>ll-</strong></span> 
     </span>
     <span class='ocr_line' id='line_1_32' title="bbox 136 2984 1878 3062; baseline -0.002 -14"><span class='ocrx_word' id='word_1_460' title='bbox 136 2992 299 3062; x_wconf 90' lang='lat' dir='ltr'><strong>patiuntur,</strong></span> <span class='ocrx_word' id='word_1_461' title='bbox 317 2989 497 3061; x_wconf 87' lang='lat' dir='ltr'><strong>quicunque,</strong></span> <span class='ocrx_word' id='word_1_462' title='bbox 519 2994 551 3042; x_wconf 91' lang='grc' dir='ltr'><strong>ιιι</strong></span> <span class='ocrx_word' id='word_1_463' title='bbox 566 2986 704 3055; x_wconf 82' lang='lat' dir='ltr'><strong>diximus,</strong></span> <span class='ocrx_word' id='word_1_464' title='bbox 730 2999 781 3057; x_wconf 89' lang='lat' dir='ltr'><strong>pro</strong></span> <span class='ocrx_word' id='word_1_465' title='bbox 805 3000 838 3043; x_wconf 88' lang='lat' dir='ltr'><strong>eo</strong></span> <span class='ocrx_word' id='word_1_466' title='bbox 859 2985 920 3056; x_wconf 86' lang='lat' dir='ltr'><strong>pati</strong></span> <span class='ocrx_word' id='word_1_467' title='bbox 935 2999 984 3056; x_wconf 86' lang='lat' dir='ltr'><strong>pa·</strong></span> <span class='ocrx_word' id='word_1_468' title='bbox 1037 2984 1220 3044; x_wconf 87' lang='lat' dir='ltr'><strong>berabuntur</strong></span> <span class='ocrx_word' id='word_1_469' title='bbox 1246 2987 1286 3042; x_wconf 92' lang='grc' dir='ltr'><strong>ιιι</strong></span> <span class='ocrx_word' id='word_1_470' title='bbox 1320 3001 1337 3043; x_wconf 93' lang='lat' dir='ltr'><strong>a</strong></span> <span class='ocrx_word' id='word_1_471' title='bbox 1360 2987 1432 3059; x_wconf 86' lang='lat' dir='ltr'><strong>jugo</strong></span> <span class='ocrx_word' id='word_1_472' title='bbox 1461 2987 1606 3059; x_wconf 88' lang='lat' dir='ltr'><strong>passibilis</strong></span> <span class='ocrx_word' id='word_1_473' title='bbox 1633 2995 1660 3044; x_wconf 91' lang='grc' dir='ltr'><strong>ει</strong></span> <span class='ocrx_word' id='word_1_474' title='bbox 1686 2988 1878 3061; x_wconf 83' lang='lat' dir='ltr'><strong>cormptilrilis</strong></span> 
     </span>
     <span class='ocr_line' id='line_1_33' title="bbox 135 3074 1878 3149; baseline -0.003 -11"><span class='ocrx_word' id='word_1_475' title='bbox 135 3081 192 3138; x_wconf 90' lang='lat' dir='ltr'><strong>rati</strong></span> <span class='ocrx_word' id='word_1_476' title='bbox 206 3087 285 3149; x_wconf 89' lang='lat' dir='ltr'><strong>sunl,</strong></span> <span class='ocrx_word' id='word_1_477' title='bbox 312 3080 335 3136; x_wconf 89' lang='lat' dir='ltr'><strong>si</strong></span> <span class='ocrx_word' id='word_1_478' title='bbox 350 3077 482 3135; x_wconf 76' lang='lat' dir='ltr'><strong>videlicet</strong></span> <span class='ocrx_word' id='word_1_479' title='bbox 503 3075 556 3148; x_wconf 88' lang='lat' dir='ltr'><strong>ipsi</strong></span> <span class='ocrx_word' id='word_1_480' title='bbox 583 3075 759 3146; x_wconf 88' lang='lat' dir='ltr'><strong>persecutori</strong></span> <span class='ocrx_word' id='word_1_481' title='bbox 784 3090 843 3133; x_wconf 91' lang='lat' dir='ltr'><strong>nou</strong></span> <span class='ocrx_word' id='word_1_482' title='bbox 867 3074 982 3147; x_wconf 90' lang='lat' dir='ltr'><strong>desunt,</strong></span> <span class='ocrx_word' id='word_1_483' title='bbox 1036 3076 1142 3144; x_wconf 89' lang='lat' dir='ltr'><strong>carnis,</strong></span> <span class='ocrx_word' id='word_1_484' title='bbox 1173 3090 1231 3146; x_wconf 83' lang='lat' dir='ltr'><strong>quo</strong></span> <span class='ocrx_word' id='word_1_485' title='bbox 1271 3077 1326 3133; x_wconf 90' lang='lat' dir='ltr'><strong>hoc</strong></span> <span class='ocrx_word' id='word_1_486' title='bbox 1353 3077 1559 3147; x_wconf 86' lang='lat' dir='ltr'><strong>opprimuntur</strong></span> <span class='ocrx_word' id='word_1_487' title='bbox 1588 3076 1682 3135; x_wconf 88' lang='lat' dir='ltr'><strong>inviti.</strong></span> <span class='ocrx_word' id='word_1_488' title='bbox 1711 3078 1878 3136; x_wconf 86' lang='lat' dir='ltr'><strong>Libertatem</strong></span> 
     </span>
     <span class='ocr_line' id='line_1_34' title="bbox 135 3163 1878 3239; baseline -0.001 -12"><span class='ocrx_word' id='word_1_489' title='bbox 135 3170 201 3227; x_wconf 89' lang='lat' dir='ltr'><strong>licet</strong></span> <span class='ocrx_word' id='word_1_490' title='bbox 214 3169 255 3227; x_wconf 93' lang='lat' dir='ltr'><strong>eis</strong></span> <span class='ocrx_word' id='word_1_491' title='bbox 269 3169 341 3226; x_wconf 87' lang='lat' dir='ltr'><strong>desii</strong></span> <span class='ocrx_word' id='word_1_492' title='bbox 356 3174 532 3239; x_wconf 87' lang='lat' dir='ltr'><strong>persecutor.</strong></span> <span class='ocrx_word' id='word_1_493' title='bbox 553 3167 689 3221; x_wconf 75' lang='lat' dir='ltr'><strong>Existimo</strong></span> <span class='ocrx_word' id='word_1_494' title='bbox 717 3166 802 3220; x_wconf 83' lang='lat' dir='ltr'><strong>enim.</strong></span> <span class='ocrx_word' id='word_1_495' title='bbox 820 3166 860 3220; x_wconf 74' lang='lat' dir='ltr'><strong>do</strong></span> <span class='ocrx_word' id='word_1_496' title='bbox 880 3164 905 3221; x_wconf 92' lang='grc' dir='ltr'><strong>ει</strong></span> <span class='ocrx_word' id='word_1_497' title='bbox 927 3163 982 3220; x_wconf 89' lang='lat' dir='ltr'><strong>ali·</strong></span> <span class='ocrx_word' id='word_1_498' title='bbox 1036 3164 1106 3222; x_wconf 89' lang='lat' dir='ltr'><strong>dieii</strong></span> <span class='ocrx_word' id='word_1_499' title='bbox 1129 3164 1207 3222; x_wconf 82' lang='lat' dir='ltr'><strong>iilius</strong></span> <span class='ocrx_word' id='word_1_500' title='bbox 1224 3165 1291 3222; x_wconf 75' lang='lat' dir='ltr'><strong>vitae</strong></span> <span class='ocrx_word' id='word_1_501' title='bbox 1318 3165 1451 3237; x_wconf 81' lang='lat' dir='ltr'><strong>gloriam,</strong></span> <span class='ocrx_word' id='word_1_502' title='bbox 1467 3166 1497 3223; x_wconf 92' lang='lat' dir='ltr'><strong>iu</strong></span> <span class='ocrx_word' id='word_1_503' title='bbox 1518 3179 1577 3237; x_wconf 85' lang='lat' dir='ltr'><strong>qua</strong></span> <span class='ocrx_word' id='word_1_504' title='bbox 1591 3165 1675 3223; x_wconf 90' lang='lat' dir='ltr'><strong>nulia</strong></span> <span class='ocrx_word' id='word_1_505' title='bbox 1694 3166 1751 3224; x_wconf 88' lang='lat' dir='ltr'><strong>erit</strong></span> <span class='ocrx_word' id='word_1_506' title='bbox 1770 3180 1878 3239; x_wconf 80' lang='lat' dir='ltr'><strong>oppres</strong></span> 
     </span>
     <span class='ocr_line' id='line_1_35' title="bbox 136 3253 1877 3332; baseline -0.003 -15"><span class='ocrx_word' id='word_1_507' title='bbox 136 3259 204 3331; x_wconf 83' lang='lat' dir='ltr'><strong>nnis</strong></span> <span class='ocrx_word' id='word_1_508' title='bbox 219 3264 361 3332; x_wconf 80' lang='lat' dir='ltr'><strong>quaereret</strong></span> <span class='ocrx_word' id='word_1_509' title='bbox 377 3273 384 3312; x_wconf 94' lang='lat'><strong>:</strong></span> <span class='ocrx_word' id='word_1_510' title='bbox 400 3256 487 3312; x_wconf 79' lang='lat' dir='ltr'><strong>Estne</strong></span> <span class='ocrx_word' id='word_1_511' title='bbox 507 3262 589 3311; x_wconf 89' lang='lat' dir='ltr'><strong>tanta</strong></span> <span class='ocrx_word' id='word_1_512' title='bbox 612 3253 661 3310; x_wconf 89' lang='lat' dir='ltr'><strong>iila</strong></span> <span class='ocrx_word' id='word_1_513' title='bbox 685 3253 848 3320; x_wconf 76' lang='lat' dir='ltr'><strong>baereditas,</strong></span> <span class='ocrx_word' id='word_1_514' title='bbox 878 3260 910 3311; x_wconf 90' lang='lat' dir='ltr'><strong>ut</strong></span> <span class='ocrx_word' id='word_1_515' title='bbox 931 3266 983 3322; x_wconf 89' lang='lat' dir='ltr'><strong>pro</strong></span> <span class='ocrx_word' id='word_1_516' title='bbox 1037 3254 1089 3322; x_wconf 90' lang='lat' dir='ltr'><strong>sio,</strong></span> <span class='ocrx_word' id='word_1_517' title='bbox 1105 3268 1172 3311; x_wconf 86' lang='lat' dir='ltr'><strong>cum</strong></span> <span class='ocrx_word' id='word_1_518' title='bbox 1186 3268 1270 3311; x_wconf 90' lang='lat' dir='ltr'><strong>nemo</strong></span> <span class='ocrx_word' id='word_1_519' title='bbox 1293 3254 1407 3325; x_wconf 81' lang='lat' dir='ltr'><strong>aliquid</strong></span> <span class='ocrx_word' id='word_1_520' title='bbox 1422 3264 1522 3312; x_wconf 88' lang='lat' dir='ltr'><strong>contra</strong></span> <span class='ocrx_word' id='word_1_521' title='bbox 1539 3254 1718 3313; x_wconf 85' lang='lat' dir='ltr'><strong>voluntalem</strong></span> <span class='ocrx_word' id='word_1_522' title='bbox 1741 3270 1826 3315; x_wconf 87' lang='lat' dir='ltr'><strong>suam</strong></span> <span class='ocrx_word' id='word_1_523' title='bbox 1840 3257 1877 3312; x_wconf 93' lang='lat' dir='ltr'><strong>in-</strong></span> 
     </span>
     <span class='ocr_line' id='line_1_36' title="bbox 135 3341 1171 3420; baseline -0.01 -14"><span class='ocrx_word' id='word_1_524' title='bbox 135 3362 170 3405; x_wconf 88' lang='lat' dir='ltr'><strong>ea</strong></span> <span class='ocrx_word' id='word_1_525' title='bbox 193 3347 382 3420; x_wconf 87' lang='lat' dir='ltr'><strong>promerenda</strong></span> <span class='ocrx_word' id='word_1_526' title='bbox 408 3343 578 3416; x_wconf 90' lang='lat' dir='ltr'><strong>patiendum</strong></span> <span class='ocrx_word' id='word_1_527' title='bbox 608 3341 644 3399; x_wconf 89' lang='lat' dir='ltr'><strong>sit</strong></span> <span class='ocrx_word' id='word_1_528' title='bbox 674 3357 767 3414; x_wconf 85' lang='lat' dir='ltr'><strong>usqne</strong></span> <span class='ocrx_word' id='word_1_529' title='bbox 797 3342 833 3398; x_wconf 82' lang='lat' dir='ltr'><strong>ad</strong></span> <span class='ocrx_word' id='word_1_530' title='bbox 862 3349 983 3399; x_wconf 88' lang='lat' dir='ltr'><strong>mortem</strong></span> <span class='ocrx_word' id='word_1_531' title='bbox 1037 3341 1171 3400; x_wconf 88' lang='lat' dir='ltr'><strong>currerit.</strong></span> 
     </span>
     <span class='ocr_line' id='line_1_37' title="bbox 135 3431 1876 3505; baseline -0.003 -11"><span class='ocrx_word' id='word_1_532' title='bbox 135 3436 358 3495; x_wconf 83' lang='lat' dir='ltr'><strong>sicnttllrrislns</strong></span> <span class='ocrx_word' id='word_1_533' title='bbox 385 3447 487 3505; x_wconf 88' lang='lat' dir='ltr'><strong>passus</strong></span> <span class='ocrx_word' id='word_1_534' title='bbox 511 3432 576 3488; x_wconf 83' lang='lat' dir='ltr'><strong>esti</strong></span> <span class='ocrx_word' id='word_1_535' title='bbox 590 3431 763 3501; x_wconf 85' lang='lat' dir='ltr'><strong>Respondet,</strong></span> <span class='ocrx_word' id='word_1_536' title='bbox 791 3431 848 3488; x_wconf 91' lang='lat' dir='ltr'><strong>imo</strong></span> <span class='ocrx_word' id='word_1_537' title='bbox 872 3437 983 3487; x_wconf 91' lang='lat' dir='ltr'><strong>tantam</strong></span> <span class='ocrx_word' id='word_1_538' title='bbox 1073 3432 1179 3488; x_wconf 73' lang='lat' dir='ltr'><strong>Sciam</strong></span> <span class='ocrx_word' id='word_1_539' title='bbox 1203 3433 1283 3487; x_wconf 82' lang='lat' dir='ltr'><strong>esim.</strong></span> <span class='ocrx_word' id='word_1_540' title='bbox 1312 3432 1442 3489; x_wconf 86' lang='lat' dir='ltr'><strong>Ostendit</strong></span> <span class='ocrx_word' id='word_1_541' title='bbox 1464 3447 1515 3504; x_wconf 88' lang='lat' dir='ltr'><strong>per</strong></span> <span class='ocrx_word' id='word_1_542' title='bbox 1540 3435 1635 3502; x_wconf 87' lang='lat' dir='ltr'><strong>partes</strong></span> <span class='ocrx_word' id='word_1_543' title='bbox 1656 3442 1822 3491; x_wconf 85' lang='lat' dir='ltr'><strong>creaturam</strong></span> <span class='ocrx_word' id='word_1_544' title='bbox 1837 3433 1876 3490; x_wconf 88' lang='lat' dir='ltr'><strong>bic</strong></span> 
     </span>
     <span class='ocr_line' id='line_1_38' title="bbox 136 3519 1876 3597; baseline -0.003 -13"><span class='ocrx_word' id='word_1_545' title='bbox 136 3541 196 3584; x_wconf 88' lang='lat' dir='ltr'><strong>esse</strong></span> <span class='ocrx_word' id='word_1_546' title='bbox 228 3525 369 3592; x_wconf 85' lang='lat' dir='ltr'><strong>existimo,</strong></span> <span class='ocrx_word' id='word_1_547' title='bbox 394 3529 426 3579; x_wconf 91' lang='lat' dir='ltr'><strong>ut</strong></span> <span class='ocrx_word' id='word_1_548' title='bbox 451 3520 549 3578; x_wconf 90' lang='lat' dir='ltr'><strong>omnia</strong></span> <span class='ocrx_word' id='word_1_549' title='bbox 577 3521 680 3578; x_wconf 91' lang='lat' dir='ltr'><strong>merila</strong></span> <span class='ocrx_word' id='word_1_550' title='bbox 704 3521 866 3588; x_wconf 91' lang='lat' dir='ltr'><strong>bominum,</strong></span> <span class='ocrx_word' id='word_1_551' title='bbox 893 3533 985 3591; x_wconf 87' lang='lat' dir='ltr'><strong>quan·</strong></span> <span class='ocrx_word' id='word_1_552' title='bbox 1037 3519 1173 3577; x_wconf 88' lang='lat' dir='ltr'><strong>aidictam</strong></span> <span class='ocrx_word' id='word_1_553' title='bbox 1197 3521 1234 3578; x_wconf 93' lang='lat' dir='ltr'><strong>ad</strong></span> <span class='ocrx_word' id='word_1_554' title='bbox 1248 3520 1337 3587; x_wconf 85' lang='lat' dir='ltr'><strong>iilam,</strong></span> <span class='ocrx_word' id='word_1_555' title='bbox 1355 3536 1445 3594; x_wconf 89' lang='lat' dir='ltr'><strong>quam</strong></span> <span class='ocrx_word' id='word_1_556' title='bbox 1460 3521 1501 3578; x_wconf 94' lang='lat' dir='ltr'><strong>ibi</strong></span> <span class='ocrx_word' id='word_1_557' title='bbox 1515 3530 1619 3592; x_wconf 90' lang='lat' dir='ltr'><strong>sperat,</strong></span> <span class='ocrx_word' id='word_1_558' title='bbox 1641 3522 1805 3582; x_wconf 82' lang='lat' dir='ltr'><strong>libertatem</strong></span> <span class='ocrx_word' id='word_1_559' title='bbox 1820 3523 1876 3597; x_wconf 79' lang='lat' dir='ltr'><strong>gie</strong></span> 
     </span>
     <span class='ocr_line' id='line_1_39' title="bbox 136 3607 1877 3684; baseline -0.002 -14"><span class='ocrx_word' id='word_1_560' title='bbox 136 3620 317 3684; x_wconf 88' lang='lat' dir='ltr'><strong>tnmcunque</strong></span> <span class='ocrx_word' id='word_1_561' title='bbox 336 3610 389 3683; x_wconf 85' lang='lat' dir='ltr'><strong>ipsi</strong></span> <span class='ocrx_word' id='word_1_562' title='bbox 406 3609 541 3682; x_wconf 88' lang='lat' dir='ltr'><strong>patiendo</strong></span> <span class='ocrx_word' id='word_1_563' title='bbox 560 3616 738 3676; x_wconf 88' lang='lat' dir='ltr'><strong>mereantur,</strong></span> <span class='ocrx_word' id='word_1_564' title='bbox 754 3608 839 3680; x_wconf 87' lang='lat' dir='ltr'><strong>longo</strong></span> <span class='ocrx_word' id='word_1_565' title='bbox 852 3607 982 3664; x_wconf 84' lang='lat' dir='ltr'><strong>excedat.</strong></span> <span class='ocrx_word' id='word_1_566' title='bbox 1037 3611 1090 3668; x_wconf 82' lang='lat' dir='ltr'><strong>riae</strong></span> <span class='ocrx_word' id='word_1_567' title='bbox 1105 3617 1162 3667; x_wconf 90' lang='lat' dir='ltr'><strong>toto</strong></span> <span class='ocrx_word' id='word_1_568' title='bbox 1185 3609 1326 3668; x_wconf 89' lang='lat' dir='ltr'><strong>desiderio</strong></span> <span class='ocrx_word' id='word_1_569' title='bbox 1355 3611 1500 3675; x_wconf 85' lang='lat' dir='ltr'><strong>anhelare,</strong></span> <span class='ocrx_word' id='word_1_570' title='bbox 1525 3612 1597 3684; x_wconf 87' lang='lat' dir='ltr'><strong>quia</strong></span> <span class='ocrx_word' id='word_1_571' title='bbox 1621 3612 1759 3670; x_wconf 84' lang='lat' dir='ltr'><strong>videlicet</strong></span> <span class='ocrx_word' id='word_1_572' title='bbox 1776 3621 1835 3670; x_wconf 77' lang='lat' dir='ltr'><strong>mm</strong></span> <span class='ocrx_word' id='word_1_573' title='bbox 1852 3610 1877 3668; x_wconf 92' lang='grc' dir='ltr'><strong>ιι</strong></span> 
     </span>
     <span class='ocr_line' id='line_1_40' title="bbox 138 3697 1878 3774; baseline -0.001 -16"><span class='ocrx_word' id='word_1_574' title='bbox 138 3703 174 3758; x_wconf 86' lang='lat' dir='ltr'><strong>Et</strong></span> <span class='ocrx_word' id='word_1_575' title='bbox 186 3702 240 3759; x_wconf 91' lang='lat' dir='ltr'><strong>boc</strong></span> <span class='ocrx_word' id='word_1_576' title='bbox 253 3708 295 3758; x_wconf 91' lang='lat' dir='ltr'><strong>est</strong></span> <span class='ocrx_word' id='word_1_577' title='bbox 323 3700 401 3772; x_wconf 86' lang='lat' dir='ltr'><strong>quod</strong></span> <span class='ocrx_word' id='word_1_578' title='bbox 414 3700 477 3755; x_wconf 90' lang='lat' dir='ltr'><strong>ait:</strong></span> <span class='ocrx_word' id='word_1_579' title='bbox 502 3700 562 3756; x_wconf 84' lang='lat' dir='ltr'><strong>Non</strong></span> <span class='ocrx_word' id='word_1_580' title='bbox 585 3703 650 3753; x_wconf 82' lang='lat' dir='ltr'><strong>sont</strong></span> <span class='ocrx_word' id='word_1_581' title='bbox 674 3697 815 3766; x_wconf 78' lang='lat' dir='ltr'><strong>condigna</strong></span> <span class='ocrx_word' id='word_1_582' title='bbox 841 3698 984 3768; x_wconf 81' lang='lat' dir='ltr'><strong>passiones</strong></span> <span class='ocrx_word' id='word_1_583' title='bbox 1038 3699 1089 3770; x_wconf 87' lang='lat' dir='ltr'><strong>qui</strong></span> <span class='ocrx_word' id='word_1_584' title='bbox 1106 3699 1181 3755; x_wconf 91' lang='lat' dir='ltr'><strong>inter</strong></span> <span class='ocrx_word' id='word_1_585' title='bbox 1205 3698 1301 3756; x_wconf 88' lang='lat' dir='ltr'><strong>ddeles</strong></span> <span class='ocrx_word' id='word_1_586' title='bbox 1319 3707 1388 3757; x_wconf 87' lang='lat' dir='ltr'><strong>sunt</strong></span> <span class='ocrx_word' id='word_1_587' title='bbox 1404 3700 1539 3770; x_wconf 89' lang='lat' dir='ltr'><strong>minores,</strong></span> <span class='ocrx_word' id='word_1_588' title='bbox 1562 3715 1651 3773; x_wconf 85' lang='lat' dir='ltr'><strong>qnam</strong></span> <span class='ocrx_word' id='word_1_589' title='bbox 1667 3701 1709 3758; x_wconf 91' lang='lat' dir='ltr'><strong>llli</strong></span> <span class='ocrx_word' id='word_1_590' title='bbox 1731 3703 1785 3774; x_wconf 86' lang='lat' dir='ltr'><strong>qui</strong></span> <span class='ocrx_word' id='word_1_591' title='bbox 1799 3703 1878 3774; x_wconf 82' lang='lat' dir='ltr'><strong>majo</strong></span> 
     </span>
     <span class='ocr_line' id='line_1_41' title="bbox 137 3786 1877 3863; baseline 0.001 -17"><span class='ocrx_word' id='word_1_592' title='bbox 137 3792 219 3862; x_wconf 79' lang='lat' dir='ltr'><strong>bojas</strong></span> <span class='ocrx_word' id='word_1_593' title='bbox 246 3792 383 3861; x_wconf 84' lang='lat' dir='ltr'><strong>temporis,</strong></span> <span class='ocrx_word' id='word_1_594' title='bbox 406 3789 494 3845; x_wconf 88' lang='lat' dir='ltr'><strong>idest</strong></span> <span class='ocrx_word' id='word_1_595' title='bbox 521 3786 692 3859; x_wconf 87' lang='lat' dir='ltr'><strong>temporales</strong></span> <span class='ocrx_word' id='word_1_596' title='bbox 721 3786 776 3842; x_wconf 77' lang='lat' dir='ltr'><strong>ille</strong></span> <span class='ocrx_word' id='word_1_597' title='bbox 796 3793 824 3843; x_wconf 92' lang='grc' dir='ltr'><strong>ει</strong></span> <span class='ocrx_word' id='word_1_598' title='bbox 849 3786 984 3842; x_wconf 85' lang='lat' dir='ltr'><strong>transito·</strong></span> <span class='ocrx_word' id='word_1_599' title='bbox 1038 3787 1228 3846; x_wconf 81' lang='lat' dir='ltr'><strong>resbiinores</strong></span> <span class='ocrx_word' id='word_1_600' title='bbox 1247 3795 1345 3844; x_wconf 75' lang='lat' dir='ltr'><strong>auem</strong></span> <span class='ocrx_word' id='word_1_601' title='bbox 1367 3788 1519 3860; x_wconf 82' lang='lat' dir='ltr'><strong>distinguit</strong></span> <span class='ocrx_word' id='word_1_602' title='bbox 1537 3803 1588 3860; x_wconf 88' lang='lat' dir='ltr'><strong>per</strong></span> <span class='ocrx_word' id='word_1_603' title='bbox 1615 3790 1670 3848; x_wconf 89' lang='lat' dir='ltr'><strong>hoo</strong></span> <span class='ocrx_word' id='word_1_604' title='bbox 1697 3791 1779 3863; x_wconf 88' lang='lat' dir='ltr'><strong>quod</strong></span> <span class='ocrx_word' id='word_1_605' title='bbox 1805 3791 1877 3859; x_wconf 85' lang='lat' dir='ltr'><strong>dicit,</strong></span> 
     </span>
     <span class='ocr_line' id='line_1_42' title="bbox 135 3875 1878 3953; baseline -0.001 -15"><span class='ocrx_word' id='word_1_606' title='bbox 135 3879 188 3938; x_wconf 84' lang='lat' dir='ltr'><strong>riae</strong></span> <span class='ocrx_word' id='word_1_607' title='bbox 202 3879 411 3945; x_wconf 88' lang='lat' dir='ltr'><strong>tribulationes,</strong></span> <span class='ocrx_word' id='word_1_608' title='bbox 430 3884 666 3949; x_wconf 75' lang='lat' dir='ltr'><strong>quantacunque</strong></span> <span class='ocrx_word' id='word_1_609' title='bbox 684 3875 801 3942; x_wconf 88' lang='lat' dir='ltr'><strong>inerint,</strong></span> <span class='ocrx_word' id='word_1_610' title='bbox 829 3889 888 3932; x_wconf 92' lang='lat' dir='ltr'><strong>uon</strong></span> <span class='ocrx_word' id='word_1_611' title='bbox 915 3879 984 3929; x_wconf 90' lang='lat' dir='ltr'><strong>sunt</strong></span> <span class='ocrx_word' id='word_1_612' title='bbox 1038 3877 1123 3931; x_wconf 82' lang='lat' dir='ltr'><strong>omnis</strong></span> <span class='ocrx_word' id='word_1_613' title='bbox 1136 3881 1273 3931; x_wconf 78' lang='lat' dir='ltr'><strong>mentera.</strong></span> <span class='ocrx_word' id='word_1_614' title='bbox 1290 3877 1410 3946; x_wconf 78' lang='lat' dir='ltr'><strong>Maiores</strong></span> <span class='ocrx_word' id='word_1_615' title='bbox 1437 3891 1506 3934; x_wconf 82' lang='lat' dir='ltr'><strong>vero</strong></span> <span class='ocrx_word' id='word_1_616' title='bbox 1530 3892 1581 3948; x_wconf 86' lang='lat' dir='ltr'><strong>per</strong></span> <span class='ocrx_word' id='word_1_617' title='bbox 1599 3878 1654 3935; x_wconf 90' lang='lat' dir='ltr'><strong>hoo</strong></span> <span class='ocrx_word' id='word_1_618' title='bbox 1675 3879 1755 3951; x_wconf 86' lang='lat' dir='ltr'><strong>quod</strong></span> <span class='ocrx_word' id='word_1_619' title='bbox 1777 3893 1878 3953; x_wconf 86' lang='lat' dir='ltr'><strong>suppo-</strong></span> 
     </span>
     <span class='ocr_line' id='line_1_43' title="bbox 111 3959 1878 4040; baseline 0 -14"><span class='ocrx_word' id='word_1_620' title='bbox 111 3959 113 3965; x_wconf 76' lang='grc'><strong>’</strong></span> <span class='ocrx_word' id='word_1_621' title='bbox 136 3969 209 4027; x_wconf 89' lang='lat' dir='ltr'><strong>tanti</strong></span> <span class='ocrx_word' id='word_1_622' title='bbox 225 3968 331 4036; x_wconf 90' lang='lat' dir='ltr'><strong>meriti,</strong></span> <span class='ocrx_word' id='word_1_623' title='bbox 349 3974 383 4025; x_wconf 94' lang='grc' dir='ltr'><strong>ιιι</strong></span> <span class='ocrx_word' id='word_1_624' title='bbox 396 3967 437 4023; x_wconf 89' lang='lat' dir='ltr'><strong>eis</strong></span> <span class='ocrx_word' id='word_1_625' title='bbox 452 3966 592 4022; x_wconf 90' lang='lat' dir='ltr'><strong>debeatur</strong></span> <span class='ocrx_word' id='word_1_626' title='bbox 614 3964 662 4020; x_wconf 93' lang='lat' dir='ltr'><strong>illa</strong></span> <span class='ocrx_word' id='word_1_627' title='bbox 685 3962 838 4020; x_wconf 77' lang='lat' dir='ltr'><strong>ineffabilis</strong></span> <span class='ocrx_word' id='word_1_628' title='bbox 857 3968 885 4018; x_wconf 92' lang='lat' dir='ltr'><strong>et</strong></span> <span class='ocrx_word' id='word_1_629' title='bbox 903 3968 984 4018; x_wconf 84' lang='lat' dir='ltr'><strong>aeter·</strong></span> <span class='ocrx_word' id='word_1_630' title='bbox 1037 3966 1091 4033; x_wconf 89' lang='lat' dir='ltr'><strong>nit,</strong></span> <span class='ocrx_word' id='word_1_631' title='bbox 1103 3966 1244 4035; x_wconf 72' lang='lat' dir='ltr'><strong>primiano</strong></span> <span class='ocrx_word' id='word_1_632' title='bbox 1255 3967 1370 4034; x_wconf 78' lang='lat' dir='ltr'><strong>spiritus</strong></span> <span class='ocrx_word' id='word_1_633' title='bbox 1384 3966 1523 4022; x_wconf 83' lang='lat' dir='ltr'><strong>babentes.</strong></span> <span class='ocrx_word' id='word_1_634' title='bbox 1544 3967 1625 4035; x_wconf 91' lang='lat' dir='ltr'><strong>Quod</strong></span> <span class='ocrx_word' id='word_1_635' title='bbox 1649 3967 1749 4040; x_wconf 87' lang='lat' dir='ltr'><strong>itaque</strong></span> <span class='ocrx_word' id='word_1_636' title='bbox 1763 3968 1878 4035; x_wconf 83' lang='lat' dir='ltr'><strong>dicitur.</strong></span> 
     </span>
     <span class='ocr_line' id='line_1_44' title="bbox 136 4050 1879 4130; baseline 0.001 -16"><span class='ocrx_word' id='word_1_637' title='bbox 136 4071 176 4114; x_wconf 88' lang='lat' dir='ltr'><strong>na</strong></span> <span class='ocrx_word' id='word_1_638' title='bbox 190 4057 282 4130; x_wconf 89' lang='lat' dir='ltr'><strong>gioria</strong></span> <span class='ocrx_word' id='word_1_639' title='bbox 298 4056 405 4113; x_wconf 79' lang='lat' dir='ltr'><strong>iuturae</strong></span> <span class='ocrx_word' id='word_1_640' title='bbox 418 4055 495 4121; x_wconf 76' lang='lat' dir='ltr'><strong>vite,</strong></span> <span class='ocrx_word' id='word_1_641' title='bbox 509 4069 570 4125; x_wconf 83' lang='lat' dir='ltr'><strong>qua</strong></span> <span class='ocrx_word' id='word_1_642' title='bbox 585 4051 751 4107; x_wconf 81' lang='lat' dir='ltr'><strong>revelabitur</strong></span> <span class='ocrx_word' id='word_1_643' title='bbox 767 4054 798 4105; x_wconf 85' lang='lat' dir='ltr'><strong>in</strong></span> <span class='ocrx_word' id='word_1_644' title='bbox 812 4050 899 4119; x_wconf 81' lang='grc' dir='ltr'>ηοιιε,</span> <span class='ocrx_word' id='word_1_645' title='bbox 912 4050 982 4120; x_wconf 87' lang='lat' dir='ltr'><strong>qula</strong></span> <span class='ocrx_word' id='word_1_646' title='bbox 1036 4055 1123 4109; x_wconf 78' lang='grc' dir='ltr'>οηιιιιε</span> <span class='ocrx_word' id='word_1_647' title='bbox 1148 4058 1283 4121; x_wconf 83' lang='lat' dir='ltr'><strong>creatora,</strong></span> <span class='ocrx_word' id='word_1_648' title='bbox 1306 4054 1362 4110; x_wconf 87' lang='lat' dir='ltr'><strong>tale</strong></span> <span class='ocrx_word' id='word_1_649' title='bbox 1382 4062 1424 4111; x_wconf 92' lang='lat' dir='ltr'><strong>est</strong></span> <span class='ocrx_word' id='word_1_650' title='bbox 1448 4069 1482 4111; x_wconf 91' lang='lat' dir='ltr'><strong>ao</strong></span> <span class='ocrx_word' id='word_1_651' title='bbox 1510 4055 1533 4110; x_wconf 91' lang='lat' dir='ltr'><strong>si</strong></span> <span class='ocrx_word' id='word_1_652' title='bbox 1549 4054 1656 4113; x_wconf 89' lang='lat' dir='ltr'><strong>diceret</strong></span> <span class='ocrx_word' id='word_1_653' title='bbox 1671 4071 1678 4111; x_wconf 75' lang='grc' dir='ltr'><strong>ι</strong></span> <span class='ocrx_word' id='word_1_654' title='bbox 1696 4057 1731 4112; x_wconf 88' lang='lat' dir='ltr'><strong>lli</strong></span> <span class='ocrx_word' id='word_1_655' title='bbox 1756 4057 1811 4129; x_wconf 84' lang='lat' dir='ltr'><strong>qui</strong></span> <span class='ocrx_word' id='word_1_656' title='bbox 1826 4071 1879 4115; x_wconf 92' lang='lat' dir='ltr'><strong>om·</strong></span> 
     </span>
     <span class='ocr_line' id='line_1_45' title="bbox 131 4138 1879 4248; baseline 0.001 -47"><span class='ocrx_word' id='word_1_657' title='bbox 131 4147 193 4217; x_wconf 86' lang='lat' dir='ltr'><strong>jam</strong></span> <span class='ocrx_word' id='word_1_658' title='bbox 207 4147 260 4217; x_wconf 73' lang='lat' dir='ltr'><strong>plia·</strong></span> <span class='ocrx_word' id='word_1_659' title='bbox 281 4146 334 4199; x_wconf 85' lang='lat' dir='ltr'><strong>Dei</strong></span> <span class='ocrx_word' id='word_1_660' title='bbox 347 4158 451 4211; x_wconf 84' lang='lat' dir='ltr'><strong>sumas,</strong></span> <span class='ocrx_word' id='word_1_661' title='bbox 477 4142 552 4198; x_wconf 91' lang='lat' dir='ltr'><strong>sicut</strong></span> <span class='ocrx_word' id='word_1_662' title='bbox 566 4139 706 4210; x_wconf 88' lang='lat' dir='ltr'><strong>scriptum</strong></span> <span class='ocrx_word' id='word_1_663' title='bbox 725 4147 777 4206; x_wconf 92' lang='grc' dir='ltr'>εει,</span> <span class='ocrx_word' id='word_1_664' title='bbox 800 4138 981 4194; x_wconf 69' lang='lat' dir='ltr'><strong>sesnandum</strong></span> <span class='ocrx_word' id='word_1_665' title='bbox 1000 4191 1021 4248; x_wconf 68' lang='grc' dir='ltr'>ὓ</span> <span class='ocrx_word' id='word_1_666' title='bbox 1037 4142 1105 4197; x_wconf 93' lang='lat' dir='ltr'><strong>nina</strong></span> <span class='ocrx_word' id='word_1_667' title='bbox 1132 4149 1202 4198; x_wconf 93' lang='lat' dir='ltr'><strong>sunt</strong></span> <span class='ocrx_word' id='word_1_668' title='bbox 1215 4149 1359 4210; x_wconf 85' lang='lat' dir='ltr'><strong>creatura,</strong></span> <span class='ocrx_word' id='word_1_669' title='bbox 1380 4141 1426 4199; x_wconf 86' lang='lat' dir='ltr'><strong>vel</strong></span> <span class='ocrx_word' id='word_1_670' title='bbox 1442 4143 1492 4215; x_wconf 88' lang='lat' dir='ltr'><strong>qui</strong></span> <span class='ocrx_word' id='word_1_671' title='bbox 1508 4143 1558 4200; x_wconf 91' lang='lat' dir='ltr'><strong>toti</strong></span> <span class='ocrx_word' id='word_1_672' title='bbox 1582 4152 1651 4201; x_wconf 88' lang='lat' dir='ltr'><strong>sunt</strong></span> <span class='ocrx_word' id='word_1_673' title='bbox 1664 4152 1813 4215; x_wconf 85' lang='lat' dir='ltr'><strong>creatura,</strong></span> <span class='ocrx_word' id='word_1_674' title='bbox 1829 4158 1879 4203; x_wconf 89' lang='lat' dir='ltr'><strong>non</strong></span> 
     </span>
     <span class='ocr_line' id='line_1_46' title="bbox 135 4225 1880 4305; baseline 0.002 -16"><span class='ocrx_word' id='word_1_675' title='bbox 135 4237 254 4303; x_wconf 87' lang='lat' dir='ltr'><strong>apparet</strong></span> <span class='ocrx_word' id='word_1_676' title='bbox 268 4231 335 4302; x_wconf 81' lang='lat' dir='ltr'><strong>qaid</strong></span> <span class='ocrx_word' id='word_1_677' title='bbox 343 4233 444 4286; x_wconf 73' lang='grc' dir='ltr'>εειιιιιιε</span> <span class='ocrx_word' id='word_1_678' title='bbox 465 4228 490 4298; x_wconf 89' lang='lat' dir='ltr'><strong>(l</strong></span> <span class='ocrx_word' id='word_1_679' title='bbox 502 4229 581 4284; x_wconf 81' lang='lat' dir='ltr'><strong>ioan.</strong></span> <span class='ocrx_word' id='word_1_680' title='bbox 594 4242 634 4295; x_wconf 91' lang='grc' dir='ltr'>ιιι,</span> <span class='ocrx_word' id='word_1_681' title='bbox 645 4227 684 4299; x_wconf 74' lang='grc' dir='ltr'><strong>ι).</strong></span> <span class='ocrx_word' id='word_1_682' title='bbox 701 4225 780 4283; x_wconf 87' lang='grc' dir='ltr'>Νιιιιι</span> <span class='ocrx_word' id='word_1_683' title='bbox 795 4227 877 4283; x_wconf 91' lang='lat' dir='ltr'><strong>enim</strong></span> <span class='ocrx_word' id='word_1_684' title='bbox 892 4233 984 4284; x_wconf 88' lang='lat' dir='ltr'><strong>trans·</strong></span> <span class='ocrx_word' id='word_1_685' title='bbox 1037 4238 1188 4298; x_wconf 87' lang='lat' dir='ltr'><strong>creatores,</strong></span> <span class='ocrx_word' id='word_1_686' title='bbox 1204 4229 1299 4286; x_wconf 89' lang='lat' dir='ltr'><strong>nullos</strong></span> <span class='ocrx_word' id='word_1_687' title='bbox 1320 4230 1454 4288; x_wconf 87' lang='lat' dir='ltr'><strong>videlicet</strong></span> <span class='ocrx_word' id='word_1_688' title='bbox 1476 4245 1574 4289; x_wconf 90' lang='lat' dir='ltr'><strong>creare</strong></span> <span class='ocrx_word' id='word_1_689' title='bbox 1598 4233 1642 4290; x_wconf 82' lang='lat' dir='ltr'><strong>voi</strong></span> <span class='ocrx_word' id='word_1_690' title='bbox 1666 4247 1809 4305; x_wconf 86' lang='lat' dir='ltr'><strong>generare</strong></span> <span class='ocrx_word' id='word_1_691' title='bbox 1829 4236 1880 4292; x_wconf 82' lang='lat' dir='ltr'><strong>lieo</strong></span> 
     </span>
     <span class='ocr_line' id='line_1_47' title="bbox 136 4314 1878 4394; baseline 0.004 -18"><span class='ocrx_word' id='word_1_692' title='bbox 136 4321 229 4387; x_wconf 90' lang='lat' dir='ltr'><strong>itorio,</strong></span> <span class='ocrx_word' id='word_1_693' title='bbox 246 4320 382 4393; x_wconf 80' lang='lat' dir='ltr'><strong>quamvis</strong></span> <span class='ocrx_word' id='word_1_694' title='bbox 397 4318 433 4374; x_wconf 91' lang='lat' dir='ltr'><strong>sit</strong></span> <span class='ocrx_word' id='word_1_695' title='bbox 458 4316 568 4373; x_wconf 89' lang='lat' dir='ltr'><strong>bonum</strong></span> <span class='ocrx_word' id='word_1_696' title='bbox 582 4330 619 4372; x_wconf 90' lang='lat' dir='ltr'><strong>ex</strong></span> <span class='ocrx_word' id='word_1_697' title='bbox 643 4315 747 4385; x_wconf 91' lang='lat' dir='ltr'><strong>debito,</strong></span> <span class='ocrx_word' id='word_1_698' title='bbox 773 4314 905 4372; x_wconf 91' lang='lat' dir='ltr'><strong>redditur</strong></span> <span class='ocrx_word' id='word_1_699' title='bbox 919 4328 983 4386; x_wconf 87' lang='lat' dir='ltr'><strong>per·</strong></span> <span class='ocrx_word' id='word_1_700' title='bbox 1037 4333 1089 4390; x_wconf 89' lang='lat' dir='ltr'><strong>per</strong></span> <span class='ocrx_word' id='word_1_701' title='bbox 1110 4318 1342 4389; x_wconf 82' lang='lat' dir='ltr'><strong>pradicationem</strong></span> <span class='ocrx_word' id='word_1_702' title='bbox 1369 4321 1508 4377; x_wconf 85' lang='lat' dir='ltr'><strong>volentes.</strong></span> <span class='ocrx_word' id='word_1_703' title='bbox 1536 4321 1663 4394; x_wconf 79' lang='lat' dir='ltr'><strong>Apostoli</strong></span> <span class='ocrx_word' id='word_1_704' title='bbox 1687 4336 1757 4381; x_wconf 87' lang='lat' dir='ltr'><strong>vcro</strong></span> <span class='ocrx_word' id='word_1_705' title='bbox 1781 4333 1812 4383; x_wconf 90' lang='lat' dir='ltr'><strong>et</strong></span> <span class='ocrx_word' id='word_1_706' title='bbox 1839 4339 1878 4383; x_wconf 86' lang='lat' dir='ltr'><strong>oo</strong></span> 
     </span>
     <span class='ocr_line' id='line_1_48' title="bbox 135 4403 1880 4484; baseline 0.002 -15"><span class='ocrx_word' id='word_1_707' title='bbox 135 4418 256 4484; x_wconf 88' lang='lat' dir='ltr'><strong>petuam</strong></span> <span class='ocrx_word' id='word_1_708' title='bbox 273 4410 391 4477; x_wconf 90' lang='lat' dir='ltr'><strong>bonum,</strong></span> <span class='ocrx_word' id='word_1_709' title='bbox 409 4407 458 4464; x_wconf 88' lang='lat' dir='ltr'><strong>sed</strong></span> <span class='ocrx_word' id='word_1_710' title='bbox 473 4420 525 4477; x_wconf 89' lang='lat' dir='ltr'><strong>per</strong></span> <span class='ocrx_word' id='word_1_711' title='bbox 539 4404 662 4478; x_wconf 89' lang='lat' dir='ltr'><strong>gratiam</strong></span> <span class='ocrx_word' id='word_1_712' title='bbox 675 4404 724 4462; x_wconf 87' lang='lat' dir='ltr'><strong>bei</strong></span> <span class='ocrx_word' id='word_1_713' title='bbox 749 4405 860 4463; x_wconf 89' lang='lat' dir='ltr'><strong>meritis</strong></span> <span class='ocrx_word' id='word_1_714' title='bbox 878 4403 984 4461; x_wconf 91' lang='lat' dir='ltr'><strong>nostris</strong></span> <span class='ocrx_word' id='word_1_715' title='bbox 1036 4419 1103 4464; x_wconf 92' lang='lat' dir='ltr'><strong>rum</strong></span> <span class='ocrx_word' id='word_1_716' title='bbox 1119 4407 1220 4464; x_wconf 88' lang='lat' dir='ltr'><strong>vicarii</strong></span> <span class='ocrx_word' id='word_1_717' title='bbox 1235 4414 1376 4479; x_wconf 79' lang='lat' dir='ltr'><strong>tanquam</strong></span> <span class='ocrx_word' id='word_1_718' title='bbox 1400 4409 1535 4479; x_wconf 90' lang='lat' dir='ltr'><strong>aliorum,</strong></span> <span class='ocrx_word' id='word_1_719' title='bbox 1561 4418 1594 4468; x_wconf 93' lang='lat' dir='ltr'><strong>ut</strong></span> <span class='ocrx_word' id='word_1_720' title='bbox 1613 4411 1751 4482; x_wconf 85' lang='lat' dir='ltr'><strong>diximus,</strong></span> <span class='ocrx_word' id='word_1_721' title='bbox 1775 4420 1880 4472; x_wconf 84' lang='lat' dir='ltr'><strong>creato</strong></span> 
     </span>
     <span class='ocr_line' id='line_1_49' title="bbox 135 4493 1881 4584; baseline 0 -27"><span class='ocrx_word' id='word_1_722' title='bbox 135 4497 352 4572; x_wconf 87' lang='lat' dir='ltr'><strong>superadditam</strong></span> <span class='ocrx_word' id='word_1_723' title='bbox 381 4497 409 4553; x_wconf 94' lang='lat' dir='ltr'><strong>id</strong></span> <span class='ocrx_word' id='word_1_724' title='bbox 431 4496 605 4565; x_wconf 89' lang='lat' dir='ltr'><strong>obtinemus,</strong></span> <span class='ocrx_word' id='word_1_725' title='bbox 627 4494 663 4551; x_wconf 94' lang='lat' dir='ltr'><strong>ad</strong></span> <span class='ocrx_word' id='word_1_726' title='bbox 688 4493 766 4566; x_wconf 85' lang='lat' dir='ltr'><strong>quod</strong></span> <span class='ocrx_word' id='word_1_727' title='bbox 794 4503 983 4565; x_wconf 86' lang='lat' dir='ltr'><strong>nequaquam</strong></span> <span class='ocrx_word' id='word_1_728' title='bbox 1036 4508 1083 4552; x_wconf 90' lang='lat' dir='ltr'><strong>res</strong></span> <span class='ocrx_word' id='word_1_729' title='bbox 1096 4496 1310 4567; x_wconf 86' lang='lat' dir='ltr'><strong>quodammodo</strong></span> <span class='ocrx_word' id='word_1_730' title='bbox 1333 4504 1413 4584; x_wconf 90' lang='lat' dir='ltr'><strong>sunt,</strong></span> <span class='ocrx_word' id='word_1_731' title='bbox 1430 4499 1518 4569; x_wconf 80' lang='lat' dir='ltr'><strong>Juxta</strong></span> <span class='ocrx_word' id='word_1_732' title='bbox 1532 4499 1610 4570; x_wconf 85' lang='lat' dir='ltr'><strong>qnod</strong></span> <span class='ocrx_word' id='word_1_733' title='bbox 1633 4501 1700 4557; x_wconf 88' lang='lat' dir='ltr'><strong>alibi</strong></span> <span class='ocrx_word' id='word_1_734' title='bbox 1730 4502 1793 4572; x_wconf 86' lang='lat' dir='ltr'><strong>ipse</strong></span> <span class='ocrx_word' id='word_1_735' title='bbox 1818 4502 1881 4560; x_wconf 90' lang='lat' dir='ltr'><strong>dicit</strong></span> 
     </span>
     <span class='ocr_line' id='line_1_50' title="bbox 135 4566 1879 4660; baseline 0.001 -15"><span class='ocrx_word' id='word_1_736' title='bbox 135 4587 244 4645; x_wconf 84' lang='lat' dir='ltr'><strong>meritis</strong></span> <span class='ocrx_word' id='word_1_737' title='bbox 256 4601 293 4644; x_wconf 92' lang='lat' dir='ltr'><strong>ex</strong></span> <span class='ocrx_word' id='word_1_738' title='bbox 308 4584 415 4643; x_wconf 92' lang='lat' dir='ltr'><strong>nostris</strong></span> <span class='ocrx_word' id='word_1_739' title='bbox 433 4582 657 4642; x_wconf 86' lang='lat' dir='ltr'><strong>suillciebamus.</strong></span> <span class='ocrx_word' id='word_1_740' title='bbox 675 4582 710 4639; x_wconf 86' lang='lat' dir='ltr'><strong>Et</strong></span> <span class='ocrx_word' id='word_1_741' title='bbox 732 4596 756 4639; x_wconf 93' lang='grc' dir='ltr'><strong>ει</strong></span> <span class='ocrx_word' id='word_1_742' title='bbox 769 4581 922 4653; x_wconf 85' lang='lat' dir='ltr'><strong>diligenter</strong></span> <span class='ocrx_word' id='word_1_743' title='bbox 943 4586 985 4636; x_wconf 83' lang='lat' dir='ltr'><strong>at·</strong></span> <span class='ocrx_word' id='word_1_744' title='bbox 1038 4582 1208 4653; x_wconf 79' lang='lat' dir='ltr'><strong>Apostolus:</strong></span> <span class='ocrx_word' id='word_1_745' title='bbox 1239 4585 1276 4639; x_wconf 85' lang='lat' dir='ltr'><strong>ln</strong></span> <span class='ocrx_word' id='word_1_746' title='bbox 1299 4566 1410 4640; x_wconf 66' lang='lat' dir='ltr'><strong>viriste</strong></span> <span class='ocrx_word' id='word_1_747' title='bbox 1440 4589 1512 4642; x_wconf 84' lang='lat' dir='ltr'><strong>enim</strong></span> <span class='ocrx_word' id='word_1_748' title='bbox 1532 4587 1603 4643; x_wconf 72' lang='lat' dir='ltr'><strong>desa</strong></span> <span class='ocrx_word' id='word_1_749' title='bbox 1623 4603 1676 4659; x_wconf 83' lang='lat' dir='ltr'><strong>per</strong></span> <span class='ocrx_word' id='word_1_750' title='bbox 1702 4590 1879 4660; x_wconf 72' lang='lat' dir='ltr'><strong>Euangeliou</strong></span> 
     </span>
     <span class='ocr_line' id='line_1_51' title="bbox 135 4670 1882 4744; baseline -0.001 -11"><span class='ocrx_word' id='word_1_751' title='bbox 135 4675 299 4744; x_wconf 89' lang='lat' dir='ltr'><strong>tondamus,</strong></span> <span class='ocrx_word' id='word_1_752' title='bbox 328 4672 400 4731; x_wconf 91' lang='lat' dir='ltr'><strong>nibil</strong></span> <span class='ocrx_word' id='word_1_753' title='bbox 419 4672 619 4730; x_wconf 90' lang='lat' dir='ltr'><strong>transitorium</strong></span> <span class='ocrx_word' id='word_1_754' title='bbox 642 4670 731 4728; x_wconf 89' lang='lat' dir='ltr'><strong>etiam</strong></span> <span class='ocrx_word' id='word_1_755' title='bbox 756 4670 823 4726; x_wconf 92' lang='lat' dir='ltr'><strong>boni</strong></span> <span class='ocrx_word' id='word_1_756' title='bbox 848 4682 982 4726; x_wconf 87' lang='lat' dir='ltr'><strong>remune-</strong></span> <span class='ocrx_word' id='word_1_757' title='bbox 1037 4686 1084 4740; x_wconf 80' lang='lat' dir='ltr'><strong>epo</strong></span> <span class='ocrx_word' id='word_1_758' title='bbox 1107 4686 1153 4727; x_wconf 85' lang='lat' dir='ltr'><strong>ces</strong></span> <span class='ocrx_word' id='word_1_759' title='bbox 1179 4674 1261 4740; x_wconf 82' lang='lat' dir='ltr'><strong>penui</strong></span> <span class='ocrx_word' id='word_1_760' title='bbox 1288 4671 1313 4743; x_wconf 85' lang='lat' dir='ltr'><strong>(l</strong></span> <span class='ocrx_word' id='word_1_761' title='bbox 1337 4674 1398 4729; x_wconf 80' lang='lat' dir='ltr'><strong>Cor.</strong></span> <span class='ocrx_word' id='word_1_762' title='bbox 1423 4688 1462 4744; x_wconf 89' lang='lat' dir='ltr'><strong>lv,</strong></span> <span class='ocrx_word' id='word_1_763' title='bbox 1491 4675 1543 4733; x_wconf 78' lang='grc' dir='ltr'>ιιι.</span> <span class='ocrx_word' id='word_1_764' title='bbox 1574 4677 1609 4732; x_wconf 82' lang='lat' dir='ltr'><strong>Et</strong></span> <span class='ocrx_word' id='word_1_765' title='bbox 1628 4676 1757 4735; x_wconf 86' lang='lat' dir='ltr'><strong>iterum:</strong></span> <span class='ocrx_word' id='word_1_766' title='bbox 1792 4678 1882 4737; x_wconf 81' lang='lat' dir='ltr'><strong>Filioli</strong></span> 
     </span>
     <span class='ocr_line' id='line_1_52' title="bbox 135 4757 1879 4842; baseline 0.001 -21"><span class='ocrx_word' id='word_1_767' title='bbox 135 4765 248 4822; x_wconf 85' lang='lat' dir='ltr'><strong>ratione</strong></span> <span class='ocrx_word' id='word_1_768' title='bbox 263 4763 387 4836; x_wconf 89' lang='lat' dir='ltr'><strong>dignum</strong></span> <span class='ocrx_word' id='word_1_769' title='bbox 400 4769 452 4819; x_wconf 91' lang='lat' dir='ltr'><strong>est.</strong></span> <span class='ocrx_word' id='word_1_770' title='bbox 470 4760 533 4818; x_wconf 86' lang='lat' dir='ltr'><strong>Sola</strong></span> <span class='ocrx_word' id='word_1_771' title='bbox 550 4760 655 4832; x_wconf 82' lang='lat' dir='ltr'><strong>quippo</strong></span> <span class='ocrx_word' id='word_1_772' title='bbox 666 4757 803 4825; x_wconf 87' lang='lat' dir='ltr'><strong>charitas,</strong></span> <span class='ocrx_word' id='word_1_773' title='bbox 821 4772 887 4829; x_wconf 81' lang='lat' dir='ltr'><strong>quae</strong></span> <span class='ocrx_word' id='word_1_774' title='bbox 902 4771 982 4815; x_wconf 89' lang='lat' dir='ltr'><strong>nun·</strong></span> <span class='ocrx_word' id='word_1_775' title='bbox 1036 4761 1100 4827; x_wconf 87' lang='lat' dir='ltr'><strong>mei,</strong></span> <span class='ocrx_word' id='word_1_776' title='bbox 1115 4775 1182 4830; x_wconf 80' lang='lat' dir='ltr'><strong>quos</strong></span> <span class='ocrx_word' id='word_1_777' title='bbox 1205 4765 1305 4817; x_wconf 82' lang='lat' dir='ltr'><strong>iterum</strong></span> <span class='ocrx_word' id='word_1_778' title='bbox 1327 4767 1462 4832; x_wconf 75' lang='lat' dir='ltr'><strong>parterm,</strong></span> <span class='ocrx_word' id='word_1_779' title='bbox 1483 4762 1565 4819; x_wconf 81' lang='lat' dir='ltr'><strong>donec</strong></span> <span class='ocrx_word' id='word_1_780' title='bbox 1577 4766 1723 4835; x_wconf 74' lang='lat' dir='ltr'><strong>somnetnr,</strong></span> <span class='ocrx_word' id='word_1_781' title='bbox 1737 4775 1792 4825; x_wconf 88' lang='lat' dir='ltr'><strong>cte.</strong></span> <span class='ocrx_word' id='word_1_782' title='bbox 1809 4767 1879 4842; x_wconf 76' lang='lat' dir='ltr'><strong>(Gai.</strong></span> 
     </span>
     <span class='ocr_line' id='line_1_53' title="bbox 136 4844 1880 4928; baseline 0.001 -17"><span class='ocrx_word' id='word_1_783' title='bbox 136 4868 226 4926; x_wconf 87' lang='lat' dir='ltr'><strong>quam</strong></span> <span class='ocrx_word' id='word_1_784' title='bbox 240 4852 356 4914; x_wconf 88' lang='lat' dir='ltr'><strong>excidit,</strong></span> <span class='ocrx_word' id='word_1_785' title='bbox 378 4850 468 4907; x_wconf 89' lang='lat' dir='ltr'><strong>vitam</strong></span> <span class='ocrx_word' id='word_1_786' title='bbox 491 4851 672 4921; x_wconf 88' lang='lat' dir='ltr'><strong>promeretur</strong></span> <span class='ocrx_word' id='word_1_787' title='bbox 695 4853 842 4915; x_wconf 80' lang='lat' dir='ltr'><strong>aternam,</strong></span> <span class='ocrx_word' id='word_1_788' title='bbox 864 4854 892 4904; x_wconf 92' lang='grc' dir='ltr'><strong>ει</strong></span> <span class='ocrx_word' id='word_1_789' title='bbox 914 4844 984 4918; x_wconf 85' lang='lat' dir='ltr'><strong>qui·</strong></span> <span class='ocrx_word' id='word_1_790' title='bbox 1037 4864 1076 4913; x_wconf 84' lang='lat' dir='ltr'><strong>rr,</strong></span> <span class='ocrx_word' id='word_1_791' title='bbox 1095 4852 1150 4923; x_wconf 85' lang='grc' dir='ltr'>ιιι).</span> <span class='ocrx_word' id='word_1_792' title='bbox 1173 4851 1330 4918; x_wconf 80' lang='lat' dir='ltr'><strong>Ingemiscit</strong></span> <span class='ocrx_word' id='word_1_793' title='bbox 1344 4857 1369 4907; x_wconf 90' lang='grc' dir='ltr'><strong>ει</strong></span> <span class='ocrx_word' id='word_1_794' title='bbox 1392 4855 1528 4924; x_wconf 82' lang='lat' dir='ltr'><strong>portarit,</strong></span> <span class='ocrx_word' id='word_1_795' title='bbox 1555 4854 1585 4910; x_wconf 92' lang='lat' dir='ltr'><strong>id</strong></span> <span class='ocrx_word' id='word_1_796' title='bbox 1608 4861 1651 4911; x_wconf 92' lang='lat' dir='ltr'><strong>est</strong></span> <span class='ocrx_word' id='word_1_797' title='bbox 1669 4855 1880 4928; x_wconf 86' lang='lat' dir='ltr'><strong>ingemiscendo</strong></span> 
     </span>
     <span class='ocr_line' id='line_1_54' title="bbox 135 4934 1881 5014; baseline 0.002 -17"><span class='ocrx_word' id='word_1_798' title='bbox 135 4955 252 5013; x_wconf 86' lang='lat' dir='ltr'><strong>cunque</strong></span> <span class='ocrx_word' id='word_1_799' title='bbox 270 4940 396 5014; x_wconf 81' lang='lat' dir='ltr'><strong>aequales</strong></span> <span class='ocrx_word' id='word_1_800' title='bbox 424 4946 493 4996; x_wconf 88' lang='lat' dir='ltr'><strong>sunt</strong></span> <span class='ocrx_word' id='word_1_801' title='bbox 507 4937 657 5003; x_wconf 84' lang='lat' dir='ltr'><strong>charitate,</strong></span> <span class='ocrx_word' id='word_1_802' title='bbox 684 4948 769 5007; x_wconf 86' lang='lat' dir='ltr'><strong>pares</strong></span> <span class='ocrx_word' id='word_1_803' title='bbox 788 4934 869 5006; x_wconf 90' lang='lat' dir='ltr'><strong>apud</strong></span> <span class='ocrx_word' id='word_1_804' title='bbox 892 4937 982 4992; x_wconf 85' lang='lat' dir='ltr'><strong>boum</strong></span> <span class='ocrx_word' id='word_1_805' title='bbox 1038 4939 1174 5010; x_wconf 87' lang='lat' dir='ltr'><strong>parturit.</strong></span> <span class='ocrx_word' id='word_1_806' title='bbox 1190 4941 1317 4998; x_wconf 83' lang='lat' dir='ltr'><strong>Gemitus</strong></span> <span class='ocrx_word' id='word_1_807' title='bbox 1338 4949 1435 4998; x_wconf 84' lang='lat' dir='ltr'><strong>autem</strong></span> <span class='ocrx_word' id='word_1_808' title='bbox 1452 4941 1580 4998; x_wconf 89' lang='lat' dir='ltr'><strong>fidelium</strong></span> <span class='ocrx_word' id='word_1_809' title='bbox 1595 4942 1625 4999; x_wconf 91' lang='lat' dir='ltr'><strong>bi</strong></span> <span class='ocrx_word' id='word_1_810' title='bbox 1650 4943 1697 5001; x_wconf 88' lang='lat' dir='ltr'><strong>vel</strong></span> <span class='ocrx_word' id='word_1_811' title='bbox 1720 4945 1758 5002; x_wconf 91' lang='lat' dir='ltr'><strong>de</strong></span> <span class='ocrx_word' id='word_1_812' title='bbox 1773 4953 1881 5004; x_wconf 81' lang='lat' dir='ltr'><strong>terrem</strong></span> 
     </span>
     <span class='ocr_line' id='line_1_55' title="bbox 134 5021 1880 5102; baseline -0.002 -17"><span class='ocrx_word' id='word_1_813' title='bbox 134 5028 243 5087; x_wconf 90' lang='lat' dir='ltr'><strong>babent</strong></span> <span class='ocrx_word' id='word_1_814' title='bbox 257 5027 515 5092; x_wconf 87' lang='lat' dir='ltr'><strong>remunerationes,</strong></span> <span class='ocrx_word' id='word_1_815' title='bbox 537 5024 591 5081; x_wconf 89' lang='lat' dir='ltr'><strong>etsi</strong></span> <span class='ocrx_word' id='word_1_816' title='bbox 617 5021 808 5081; x_wconf 87' lang='lat' dir='ltr'><strong>allereiieotu</strong></span> <span class='ocrx_word' id='word_1_817' title='bbox 834 5022 984 5080; x_wconf 85' lang='lat' dir='ltr'><strong>charitatis</strong></span> <span class='ocrx_word' id='word_1_818' title='bbox 1038 5028 1192 5087; x_wconf 85' lang='lat' dir='ltr'><strong>afflictione</strong></span> <span class='ocrx_word' id='word_1_819' title='bbox 1230 5031 1415 5102; x_wconf 86' lang='lat' dir='ltr'><strong>proveniunt,</strong></span> <span class='ocrx_word' id='word_1_820' title='bbox 1454 5032 1615 5089; x_wconf 88' lang='lat' dir='ltr'><strong>secundum</strong></span> <span class='ocrx_word' id='word_1_821' title='bbox 1656 5033 1760 5092; x_wconf 75' lang='lat' dir='ltr'><strong>istud:</strong></span> <span class='ocrx_word' id='word_1_822' title='bbox 1783 5039 1880 5093; x_wconf 61' lang='lat' dir='ltr'><strong>gaesa</strong></span> 
     </span>
     <span class='ocr_line' id='line_1_56' title="bbox 134 5112 1879 5197; baseline 0.002 -21"><span class='ocrx_word' id='word_1_823' title='bbox 134 5118 265 5190; x_wconf 85' lang='lat' dir='ltr'><strong>privetur</strong></span> <span class='ocrx_word' id='word_1_824' title='bbox 292 5118 393 5190; x_wconf 86' lang='lat' dir='ltr'><strong>aliquo</strong></span> <span class='ocrx_word' id='word_1_825' title='bbox 421 5130 491 5174; x_wconf 86' lang='lat' dir='ltr'><strong>casu</strong></span> <span class='ocrx_word' id='word_1_826' title='bbox 515 5112 700 5186; x_wconf 87' lang='lat' dir='ltr'><strong>praepeditus.</strong></span> <span class='ocrx_word' id='word_1_827' title='bbox 726 5113 807 5172; x_wconf 88' lang='lat' dir='ltr'><strong>Unde</strong></span> <span class='ocrx_word' id='word_1_828' title='bbox 830 5120 858 5170; x_wconf 93' lang='lat' dir='ltr'><strong>et</strong></span> <span class='ocrx_word' id='word_1_829' title='bbox 882 5112 984 5170; x_wconf 88' lang='lat' dir='ltr'><strong>merito</strong></span> <span class='ocrx_word' id='word_1_830' title='bbox 1036 5117 1154 5174; x_wconf 83' lang='lat' dir='ltr'><strong>ibantet</strong></span> <span class='ocrx_word' id='word_1_831' title='bbox 1179 5119 1289 5188; x_wconf 67' lang='lat' dir='ltr'><strong>aebeat,</strong></span> <span class='ocrx_word' id='word_1_832' title='bbox 1319 5121 1455 5177; x_wconf 83' lang='lat' dir='ltr'><strong>mittentes</strong></span> <span class='ocrx_word' id='word_1_833' title='bbox 1480 5123 1584 5177; x_wconf 81' lang='lat' dir='ltr'><strong>semina</strong></span> <span class='ocrx_word' id='word_1_834' title='bbox 1607 5137 1658 5177; x_wconf 87' lang='lat' dir='ltr'><strong>saa</strong></span> <span class='ocrx_word' id='word_1_835' title='bbox 1677 5121 1763 5195; x_wconf 78' lang='lat' dir='ltr'><strong>(real.</strong></span> <span class='ocrx_word' id='word_1_836' title='bbox 1783 5138 1879 5197; x_wconf 61' lang='lat' dir='ltr'><strong>cxxv,</strong></span> 
     </span>
     <span class='ocr_line' id='line_1_57' title="bbox 134 5202 1878 5282; baseline 0.002 -19"><span class='ocrx_word' id='word_1_837' title='bbox 134 5208 165 5264; x_wconf 85' lang='lat' dir='ltr'><strong>ll.</strong></span> <span class='ocrx_word' id='word_1_838' title='bbox 184 5207 367 5280; x_wconf 71' lang='lat' dir='ltr'><strong>angustinus</strong></span> <span class='ocrx_word' id='word_1_839' title='bbox 389 5205 531 5278; x_wconf 78' lang='lat' dir='ltr'><strong>equalem</strong></span> <span class='ocrx_word' id='word_1_840' title='bbox 556 5202 591 5261; x_wconf 92' lang='lat' dir='ltr'><strong>de</strong></span> <span class='ocrx_word' id='word_1_841' title='bbox 616 5202 757 5275; x_wconf 80' lang='lat' dir='ltr'><strong>martyrio</strong></span> <span class='ocrx_word' id='word_1_842' title='bbox 780 5216 915 5261; x_wconf 89' lang='lat' dir='ltr'><strong>eoronam</strong></span> <span class='ocrx_word' id='word_1_843' title='bbox 935 5215 984 5258; x_wconf 85' lang='lat' dir='ltr'><strong>as·</strong></span> <span class='ocrx_word' id='word_1_844' title='bbox 1037 5204 1075 5278; x_wconf 86' lang='lat'><strong>6),</strong></span> <span class='ocrx_word' id='word_1_845' title='bbox 1092 5206 1137 5264; x_wconf 82' lang='lat' dir='ltr'><strong>vel</strong></span> <span class='ocrx_word' id='word_1_846' title='bbox 1156 5207 1190 5265; x_wconf 94' lang='lat' dir='ltr'><strong>de</strong></span> <span class='ocrx_word' id='word_1_847' title='bbox 1208 5208 1330 5266; x_wconf 88' lang='lat' dir='ltr'><strong>eoelestis</strong></span> <span class='ocrx_word' id='word_1_848' title='bbox 1346 5209 1444 5282; x_wconf 81' lang='lat' dir='ltr'><strong>patrie</strong></span> <span class='ocrx_word' id='word_1_849' title='bbox 1459 5210 1611 5279; x_wconf 88' lang='lat' dir='ltr'><strong>desiderio,</strong></span> <span class='ocrx_word' id='word_1_850' title='bbox 1635 5212 1710 5271; x_wconf 90' lang='lat' dir='ltr'><strong>siout</strong></span> <span class='ocrx_word' id='word_1_851' title='bbox 1733 5223 1778 5272; x_wconf 89' lang='grc' dir='ltr'><strong>εει</strong></span> <span class='ocrx_word' id='word_1_852' title='bbox 1792 5214 1878 5273; x_wconf 89' lang='lat' dir='ltr'><strong>iliud:</strong></span> 
     </span>
    </p>
   </div>
   <div class='ocr_carea' id='block_1_3' title="bbox 134 5291 1878 5378">
    <p class='ocr_par' dir='ltr' id='par_1_3' title="bbox 134 5291 1878 5378">
     <span class='ocr_line' id='line_1_58' title="bbox 134 5291 1878 5378; baseline 0.004 -24"><span class='ocrx_word' id='word_1_853' title='bbox 134 5299 203 5356; x_wconf 88' lang='lat' dir='ltr'><strong>serit</strong></span> <span class='ocrx_word' id='word_1_854' title='bbox 216 5297 322 5356; x_wconf 90' lang='lat' dir='ltr'><strong>babere</strong></span> <span class='ocrx_word' id='word_1_855' title='bbox 337 5296 510 5364; x_wconf 83' lang='lat' dir='ltr'><strong>iohannem,</strong></span> <span class='ocrx_word' id='word_1_856' title='bbox 535 5291 586 5367; x_wconf 85' lang='lat' dir='ltr'><strong>qui</strong></span> <span class='ocrx_word' id='word_1_857' title='bbox 611 5306 714 5365; x_wconf 87' lang='lat' dir='ltr'><strong>passus</strong></span> <span class='ocrx_word' id='word_1_858' title='bbox 732 5306 792 5351; x_wconf 90' lang='lat' dir='ltr'><strong>non</strong></span> <span class='ocrx_word' id='word_1_859' title='bbox 815 5299 867 5364; x_wconf 89' lang='grc' dir='ltr'>εει,</span> <span class='ocrx_word' id='word_1_860' title='bbox 889 5305 982 5365; x_wconf 87' lang='lat' dir='ltr'><strong>quall-</strong></span> <span class='ocrx_word' id='word_1_861' title='bbox 1036 5295 1097 5354; x_wconf 79' lang='lat' dir='ltr'><strong>ileo</strong></span> <span class='ocrx_word' id='word_1_862' title='bbox 1105 5295 1186 5354; x_wconf 82' lang='grc' dir='ltr'>ιιιιιιι</span> <span class='ocrx_word' id='word_1_863' title='bbox 1202 5298 1416 5370; x_wconf 64' lang='lat' dir='ltr'><strong>gemmatos</strong></span> <span class='ocrx_word' id='word_1_864' title='bbox 1440 5313 1514 5357; x_wconf 84' lang='lat' dir='ltr'><strong>meas</strong></span> <span class='ocrx_word' id='word_1_865' title='bbox 1534 5301 1717 5372; x_wconf 74' lang='lat' dir='ltr'><strong>pronepote</strong></span> <span class='ocrx_word' id='word_1_866' title='bbox 1732 5307 1774 5361; x_wconf 86' lang='grc' dir='ltr'><strong>εει</strong></span> <span class='ocrx_word' id='word_1_867' title='bbox 1794 5302 1878 5378; x_wconf 79' lang='lat' dir='ltr'><strong>(Psoi</strong></span> 
     </span>
    </p>
   </div>
   <div class='ocr_carea' id='block_1_4' title="bbox 169 5471 648 5546">
    <p class='ocr_par' dir='ltr' id='par_1_4' title="bbox 169 5471 648 5546">
     <span class='ocr_line' id='line_1_59' title="bbox 169 5471 648 5546; baseline 0 -17"><span class='ocrx_word' id='word_1_868' title='bbox 169 5473 228 5546; x_wconf 79' lang='lat' dir='ltr'><strong>(sl)</strong></span> <span class='ocrx_word' id='word_1_869' title='bbox 242 5474 350 5534; x_wconf 84' lang='lat' dir='ltr'><strong>Patrai.</strong></span> <span class='ocrx_word' id='word_1_870' title='bbox 362 5480 432 5534; x_wconf 89' lang='lat' dir='ltr'><strong>tom.</strong></span> <span class='ocrx_word' id='word_1_871' title='bbox 447 5472 501 5543; x_wconf 85' lang='lat' dir='ltr'><strong>IV,</strong></span> <span class='ocrx_word' id='word_1_872' title='bbox 516 5471 572 5532; x_wconf 83' lang='lat' dir='ltr'><strong>col.</strong></span> <span class='ocrx_word' id='word_1_873' title='bbox 585 5473 648 5531; x_wconf 79' lang='lat' dir='ltr'><strong>ill.</strong></span> 
     </span>
    </p>
   </div>
   <div class='ocr_carea' id='block_1_5' title="bbox 0 0 1906 5956">
    <p class='ocr_par' dir='ltr' id='par_1_5' title="bbox 0 0 1906 5956">
     <span class='ocr_line' id='line_1_60' title="bbox 0 0 1906 5956; baseline 0 0"><span class='ocrx_word' id='word_1_874' title='bbox 0 0 1906 5956; x_wconf 95' lang='lat' dir='ltr'><strong> </strong></span> 
     </span>
    </p>
   </div>
   <div class='ocr_carea' id='block_1_6' title="bbox 1900 2048 1903 3052">
    <p class='ocr_par' dir='ltr' id='par_1_6' title="bbox 1900 2048 1903 3052">
     <span class='ocr_line' id='line_1_61' title="bbox 1900 2048 1903 3052; baseline 0 0"><span class='ocrx_word' id='word_1_875' title='bbox 1900 2048 1903 3052; x_wconf 95' lang='lat' dir='ltr'><strong> </strong></span> 
     </span>
    </p>
   </div>
  </div>
 </body>
</html>
