3804 5962
130 113 182 168 rar
588 109 695 171 rurus
713 97 907 170 tumtunm
925 109 1001 169 ore.
1022 108 1111 165 raus
1129 110 1153 167 1.
1172 137 1207 152 -
1226 108 1415 168 urrsrouln.
1440 176 1445 191 ,
1821 112 1871 164 us

124 234 273 294 scientiam
286 233 447 292 litterarum
462 235 626 304 promoveri
641 235 809 293 studuerat.
825 235 894 302 Quae
904 249 970 293 cum
986 238 1011 288 ll
1027 232 1091 290 licet
1111 233 1259 290 blanditiis
1272 247 1331 290 nou
1346 247 1468 304 possem,
1483 233 1573 290 minis
1589 241 1618 291 et
1633 231 1804 290 verberibus
1833 232 1873 288 la·

125 323 580 398 perlacicmuonessetiutlma,
612 323 971 395 perabundautiamlitte-
1026 321 1548 391 ciliusllecteremlsedduoeraut,
1576 336 1721 395 quaeum
1746 321 1873 379 inarime

124 426 225 472 rarum
239 420 301 470 erat
326 426 461 485 suprema
476 452 484 469 .
506 413 578 470 llam
594 425 654 483 quo
668 411 776 468 bonum
801 410 855 468 boc
870 453 877 478 ,
902 411 972 468 litte
1016 425 1045 468 a
1059 411 1137 483 turpi
1152 412 1315 484 suspicione
1328 410 1502 469 revocabant
1516 426 1613 481 ,arnor
1626 410 1754 469 videlicet
1768 410 1871 480 neptis,

123 500 237 559 ratariae
247 500 354 559 scilicet
379 501 506 558 scientia
523 543 531 570 ,
547 500 576 557 iu
605 498 776 557 mulieribus
790 507 834 557 est
856 501 970 558 rarius:
1026 503 1055 556 ct
1080 499 1263 557 continentiae
1288 514 1358 558 mete
1382 500 1459 557 lama
1474 500 1639 572 praterlta.
1665 499 1739 569 Quid
1756 497 1872 571 plura?

124 604 157 648 eo
170 589 296 661 amplius
311 589 435 661 puellam
452 586 692 655 commendabat,
706 595 735 645 et
758 587 788 645 in
799 591 857 645 toto
872 603 972 661 regno,
1027 587 1157 646 Primum
1171 588 1255 645 doute
1277 603 1335 646 uua
1362 589 1592 661 conjungimur,
1609 588 1791 661 postmodum
1809 585 1872 644 ani·

125 674 384 737 nominatissimam
396 679 502 736 lecerat
517 719 524 734 .
540 676 621 735 lianc
635 676 725 749 igitur
746 717 755 745 ,
770 676 906 734 omnibus
920 677 974 734 cir·
1027 690 1074 734 mo
1086 718 1093 733 .
1105 676 1163 735 Sub
1178 677 1326 735 occasione
1339 676 1438 750 itaque
1461 677 1621 748 discipliuae
1634 676 1726 734 amori
1757 676 1871 748 penitus

125 767 297 839 cumspectis
312 807 321 838 ,
336 782 402 839 quae
421 773 550 823 amantes
575 765 689 823 allicere
713 765 827 833 solent,
847 779 974 822 commo·
1028 767 1233 831 vacabamus,
1255 774 1283 825 et
1309 774 1433 825 secretos
1460 780 1609 839 regressus
1632 765 1682 837 [ol.
1712 763 1871 834 recessus],
1893 807 1898 849 1

125 854 233 913 diorem
248 856 349 913 censui
363 855 393 910 in
413 866 540 910 amorem
566 853 638 910 mibi
651 851 815 924 copulare,
841 861 870 910 et
882 866 927 910 me
943 852 973 909 id
1027 868 1103 926 quos
1127 867 1209 912 amor
1235 855 1372 927 optabat,
1394 854 1523 912 studium
1549 852 1678 910 lectionis
1702 851 1872 910 offerebat.

118 943 259 1006 ‚lacillime
285 943 335 1015 [cl.
352 942 456 1014 lacere]
485 942 594 999 credidi
627 955 731 1013 posse.
764 941 849 998 Tanti
867 940 975 1012 quippe
1027 943 1141 1013 Apertis
1156 942 1255 1015 itaque
1277 942 1359 1000 libris
1372 943 1456 1014 plura
1487 943 1522 1000 do
1548 955 1646 998 amore
1673 954 1762 1013 quam
1783 939 1818 996 de
1837 937 1874 995 le-

125 1040 196 1092 tunc
210 1033 335 1089 nominis
357 1044 448 1099 eram,
468 1037 496 1087 ct
513 1031 679 1102 juventutis
703 1037 731 1088 et
754 1029 853 1087 lormae
880 1030 974 1101 gratia
1027 1031 1123 1088 ctione
1137 1031 1265 1090 rerbase
1288 1032 1459 1105 ingerebant
1482 1030 1568 1102 plura
1581 1028 1772 1088 crantoscula
1785 1041 1898 1101 quam¹

125 1120 346 1194 praeminebaru
366 1162 373 1187 ,
398 1127 430 1177 ut
454 1133 663 1191 quamcunque
686 1119 859 1176 lemiuarum
874 1127 973 1175 nostro
1026 1119 1185 1177 mutantia.
1209 1120 1320 1192 sapius
1349 1121 1386 1178 ad
1399 1120 1482 1178 sinus
1500 1133 1589 1191 quam
1605 1118 1641 1175 ad
1657 1118 1744 1174 libros
1756 1117 1875 1174 reduce·
1895 1112 1898 1119 ’

124 1209 262 1280 dignarer
284 1221 391 1277 amore,
412 1205 523 1264 nullam
547 1219 664 1264 vererer
687 1206 857 1278 repulsam.
881 1207 972 1265 'lanto
1027 1207 1137 1266 bantur
1151 1223 1256 1266 manus
1269 1223 1278 1275 ;
1293 1208 1424 1266 crebrius
1438 1207 1537 1266 oculos
1557 1221 1639 1264 amor
1662 1207 1692 1263 in
1706 1220 1735 1263 se
1748 1204 1875 1262 rcllecte·

123 1303 221 1354 autem
235 1295 432 1353 laciliusbanc
460 1294 531 1352 mibi
551 1294 674 1366 puellam
692 1308 897 1352 consensuram
907 1307 973 1352 cre-
1029 1295 1079 1353 bat
1091 1311 1180 1368 quam
1190 1296 1320 1355 lectionis
1334 1296 1365 1354 in
1379 1296 1552 1367 scripturam
1567 1294 1732 1367 dirigebat.
1754 1291 1876 1363 Quoque

124 1384 195 1453 didi,
224 1393 335 1458 quanto
357 1383 484 1456 amplius
512 1397 575 1440 eam
603 1384 763 1441 litterarum
782 1382 929 1439 scientiam
945 1389 973 1439 et
1026 1386 1126 1443 miuus
1147 1385 1319 1457 suspicionis
1330 1386 1520 1454 haberemus,
1551 1382 1674 1441 verbera
1699 1381 1876 1453 quandoque

124 1473 231 1532 babere
246 1481 274 1530 ct
288 1473 406 1546 diligere
434 1486 569 1531 noveram
586 1515 594 1541 ,
611 1486 722 1544 uosque
736 1472 823 1529 ctiam
841 1471 972 1529 absentes
987 1511 1011 1571 Β
1027 1473 1115 1531 dabat
1128 1488 1221 1544 amor,
1233 1489 1291 1532 uon
1303 1474 1401 1542 luror;
1413 1474 1517 1546 gratia,
1529 1488 1587 1531 uon
1599 1473 1653 1539 ira,
1666 1486 1732 1543 quac
1744 1469 1876 1526 omnium

122 1563 238 1634 scriptis
256 1561 444 1620 internuntiis
469 1561 591 1618 invicem
606 1560 704 1618 liceret
724 1569 919 1632 prasentare,
943 1568 972 1618 et
1031 1569 1247 1633 unguentorum
1260 1563 1439 1621 suavitatem
1456 1561 1716 1619 transcenderent.
1738 1557 1812 1625 Quid
1829 1556 1877 1613 dc·

124 1650 262 1722 pleraque
289 1649 431 1708 audacius
459 1650 584 1708 scribere
606 1663 696 1722 quam
724 1649 851 1721 colloqui
867 1691 875 1714 ,
893 1657 921 1706 ct
932 1650 974 1706 sic
1027 1651 1143 1722 niquet
1159 1650 1290 1709 nullusa
1308 1652 1420 1722 cupidis
1436 1652 1666 1708 intermissusest
1678 1647 1787 1720 gradus
1800 1658 1878 1702 amo

123 1739 382 1811 semperjucundis
407 1739 542 1796 interesse
570 1738 745 1811 colloquiis.
767 1738 799 1794 ln
815 1739 904 1810 bujus
919 1738 971 1795 ita·
1028 1738 1077 1807 ris,
1099 1739 1165 1796 etsi
1180 1739 1251 1810 quid
1267 1739 1415 1798 insolitum
1432 1754 1514 1796 amor
1527 1738 1692 1810 excogitare
1707 1735 1810 1808 potuit,
1834 1740 1878 1789 est

124 1842 182 1900 que
197 1827 416 1884 adolescentulae
436 1841 564 1885 amorem
585 1835 662 1886 totus
682 1827 901 1895 inflammatus,
926 1842 973 1884 oc·
1028 1827 1159 1885 additum
1174 1867 1182 1884 .
1198 1828 1234 1886 tlt
1248 1843 1308 1900 quo
1322 1828 1420 1886 miuus
1434 1829 1488 1885 ista
1505 1828 1656 1885 lueramus
1678 1823 1788 1897 experti
1805 1837 1877 1895 gau·

112 1915 268 1994 casioucm
295 1915 416 1986 qussiri
441 1929 500 1988 qua
531 1930 595 1973 eam
623 1916 693 1973 mibi
719 1916 873 1973 domestica
900 1929 973 1987 quo·
1028 1916 1098 1985 dia,
1115 1915 1264 1974 ardentius
1278 1916 1334 1974 illis
1358 1917 1562 1974 insistebamus
1589 1916 1728 1973 etmiuus
1744 1912 1775 1969 in
1793 1910 1871 1968 lasti·

122 2003 235 2062 tidiana
260 2003 477 2062 couversatione
496 2004 667 2061 lamiliarem
692 2003 885 2069 adliceremus
903 2003 972 2059 laci·
1027 2004 1309 2062 diumvertebaotur.
1330 2006 1434 2077 thuo
1459 2019 1503 2061 me
1524 2005 1649 2076 amplius
1662 2004 1723 2060 baec
1744 2000 1877 2070 voluptas

124 2093 181 2150 lius
220 2093 257 2149 ad
287 2106 460 2150 consensum
483 2092 628 2150 traberem
652 2133 659 2148 .
687 2091 768 2161 Quod
796 2090 914 2163 quidem
942 2100 974 2149 ut
1027 2101 1229 2165 occupaverat,
1255 2093 1354 2151 miuus
1372 2092 1560 2165 pbilosopbitc
1594 2105 1698 2149 vacare
1721 2099 1875 2162 poteram,

124 2181 214 2250 lieret,
227 2180 273 2253 egi
287 2196 354 2238 cum
369 2180 506 2253 prodicta
520 2180 623 2252 puellae
637 2186 784 2238 avunculo
798 2181 973 2253 quibusdam
1027 2189 1056 2239 et
1087 2182 1191 2239 scholis
1202 2196 1317 2252 operam
1328 2182 1407 2239 darc.
1423 2182 1585 2240 Tadiosum
1601 2178 1673 2236 mibi
1691 2180 1877 2235 rebementer

123 2271 215 2342 ipsius
237 2270 338 2327 amicis
363 2270 631 2337 intervenientibus,
647 2278 793 2342 qnatenus
805 2284 850 2327 me
871 2270 901 2326 iu
917 2270 968 2326 do·
1028 2272 1136 2329 eratad
1150 2272 1263 2329 scbolas
1278 2272 1441 2344 procedere,
1455 2271 1500 2328 vel
1519 2270 1549 2327 in
1563 2270 1605 2328 eis
1618 2269 1724 2326 morari
1739 2283 1747 2338 ;
1765 2266 1874 2338 pariter

124 2374 205 2417 mum
220 2373 314 2428 suam,
335 2373 402 2430 qua
416 2359 521 2421 scbolis
536 2359 640 2416 nostris
664 2358 799 2429 proxima
817 2365 879 2416 erat
897 2357 973 2425 ,sub
1028 2368 1056 2417 ct
1101 2360 1276 2418 laboriosum
1317 2375 1383 2417 cum
1405 2368 1569 2417 nocturnas
1592 2358 1685 2415 amori
1710 2355 1826 2428 vigilias
1848 2361 1876 2412 et

123 2462 301 2519 quocunque
323 2447 533 2518 procurationis
550 2447 639 2519 pretio
653 2446 810 2518 susciperet
825 2489 832 2502 .
847 2446 974 2503 llancri-
1027 2448 1148 2506 diurnas
1161 2449 1257 2506 studio
1271 2462 1489 2506 conservarem.
1509 2448 1599 2516 Quem
1624 2448 1710 2504 etiam
1728 2446 1767 2501 ita
1781 2442 1876 2515 negli-

123 2536 224 2594 delicet
251 2536 428 2593 occasionem
452 2536 652 2607 praetendens,
679 2535 756 2607 quod
781 2535 910 2593 studium
924 2550 974 2592 no·
1028 2544 1141 2609 gentem
1156 2545 1184 2595 et
1199 2538 1326 2609 tepidum
1346 2537 1428 2594 lectio
1443 2545 1513 2594 tune
1528 2536 1671 2603 babebat,
1688 2542 1720 2591 ut
1732 2534 1791 2606 jam
1803 2531 1876 2588 nibil

123 2632 216 2682 strum
231 2623 386 2681 domestica
400 2622 628 2680 nostraelamilia
642 2622 887 2694 cumplurimum
903 2637 974 2695 prae·
1028 2640 1063 2683 ex
1079 2625 1204 2698 ingenio,
1225 2626 1274 2683 scd
1298 2640 1335 2682 ex
1351 2640 1408 2683 usu
1422 2634 1527 2683 cuncta
1553 2624 1709 2695 prolerrcm
1727 2638 1735 2690 ;
1751 2636 1802 2679 nec
1813 2622 1875 2694 jam

123 2713 242 2784 pediret,
259 2720 287 2769 ct
302 2712 430 2782 impensa
442 2712 533 2769 nimia
543 2711 666 2769 nimium
682 2713 732 2768 me'
741 2720 887 2784 gravaret.
904 2712 975 2769 Erat
1029 2714 1085 2771 nisi
1101 2715 1235 2773 recitator
1263 2715 1451 2785 pristinorum
1474 2729 1564 2771 essem
1580 2712 1763 2770 inventorum
1782 2718 1832 2778 ,et
1850 2710 1873 2767 si

124 2808 221 2859 auum
239 2800 364 2873 cupidus
383 2800 430 2857 ille
445 2801 528 2858 valde
543 2842 551 2865 ,
568 2808 656 2872 atque
670 2815 741 2873 erga
755 2801 864 2872 neptim
878 2813 971 2866 suam,
1030 2817 1090 2876 qua
1105 2803 1236 2861 invenire
1251 2803 1348 2861 liceret
1361 2803 1513 2871 carmina,
1530 2810 1624 2860 essent
1636 2801 1794 2869 amatoria,
1815 2813 1874 2856 uon

123 2889 295 2961 utamplius
313 2902 426 2960 semper
449 2890 480 2945 in
503 2889 663 2946 doctrinam
690 2888 839 2960 proficeret
861 2888 974 2945 littera·
1030 2891 1216 2963 pbilosopbiae
1231 2901 1349 2949 secreta.
1378 2892 1507 2960 Quorum
1526 2891 1614 2948 etiam
1640 2889 1802 2946 carminum
1817 2887 1876 2959 plc-

123 2978 237 3045 toriam,
259 2978 418 3049 plurimum
446 2977 603 3034 studiosus.
628 2976 740 3044 Quibus
762 2976 877 3034 duobus
891 2976 973 3033 lacile
1028 2994 1121 3052 raquc
1133 2981 1231 3037 adbuc
1241 2981 1271 3037 io
1294 2981 1404 3049 multis,
1415 2981 1488 3037 sicut
1507 2987 1536 3037 et
1551 2980 1610 3051 ipse
1638 2977 1721 3046 nosti,
1738 2976 1874 3047 trequen-

124 3079 275 3123 asseusum
289 3072 438 3122 assecutus
452 3079 517 3123 snm
538 3072 587 3133 ,et
600 3066 679 3137 quod
692 3065 825 3137 optabam
837 3063 971 3129 obtinui,
1028 3074 1129 3125 tantm
1158 3075 1187 3125 et
1210 3067 1402 3125 decantantur
1416 3067 1594 3141 regionibus,
1614 3066 1651 3123 ab
1678 3065 1724 3121 bis
1748 3062 1876 3120 maxime

107 3168 190 3230 ‚cum
206 3152 394 3211 illeridelicet
411 3162 439 3211 et
457 3153 494 3210 ad
518 3153 669 3224 pecuniam
692 3160 769 3211 totus
796 3152 931 3222 inhiaret,
944 3160 973 3211 et
1027 3169 1101 3229 quos
1136 3156 1197 3212 rita
1219 3155 1305 3214 simul
1330 3157 1491 3214 oblectabat
1515 3157 1564 3228 [ot.
1590 3154 1692 3212 similis
1716 3152 1875 3224 oblectat].

123 3242 231 3312 neptim
244 3255 327 3300 suam
342 3256 378 3298 ex
393 3240 524 3299 doctriua
536 3250 635 3299 nostra
645 3241 755 3314 aliquid
771 3249 972 3314 percepturam
1028 3247 1170 3312 Quantam
1186 3249 1282 3303 autem
1308 3247 1483 3311 mmstitiam,
1497 3259 1570 3317 quos
1588 3244 1735 3316 gemitus,
1752 3255 1819 3314 quas
1832 3241 1876 3297 la·

123 3329 269 3387 crederet.
295 3328 386 3400 Super
413 3344 472 3401 quo
495 3330 681 3388 vehementer
710 3344 756 3387 me
777 3330 972 3400 deprecatus,
1028 3342 1126 3392 menta
1141 3334 1232 3391 nostri
1260 3347 1348 3404 super
1362 3332 1417 3390 boc
1442 3333 1587 3390 scholares
1614 3337 1803 3395 assumerent,
1824 3328 1877 3386 ubi

123 3431 214 3489 supra
233 3431 322 3490 quam
336 3432 451 3488 sperare
464 3432 666 3488 presumerem
682 3419 756 3475 rotis
782 3418 853 3475 meis
878 3431 973 3475 acces·
1026 3411 1159 3479 videlicet
1173 3422 1250 3478 banc
1264 3420 1353 3477 animi
1368 3421 1423 3478 roei
1438 3420 1675 3492 occupationem,
1691 3419 1748 3475 imo
1764 3425 1877 3488 pertur-

124 3506 171 3575 sit,
187 3514 215 3563 et
229 3506 319 3562 amori
335 3506 504 3564 consuluit:
530 3520 593 3563 eam
609 3507 741 3564 videlicet
764 3514 851 3563 totam
875 3514 973 3565 nostro
1027 3510 1172 3568 bationem
1199 3518 1421 3581 praeseuserunt,
1437 3523 1496 3566 nou
1509 3517 1550 3565 est
1565 3507 1647 3565 lacile
1666 3507 1711 3564 vel
1726 3505 1874 3578 cogitare.

123 3595 291 3668 magisterio
314 3596 516 3663 committens,
543 3603 577 3653 ut
603 3596 717 3668 quoties
739 3595 808 3652 mibi
833 3595 973 3653 ascbolis
1027 3598 1136 3656 Paucos
1149 3597 1226 3654 enim
1247 3599 1307 3670 jam
1330 3612 1376 3654 res
1396 3604 1454 3654 tam
1483 3597 1635 3654 manilesta
1655 3596 1783 3668 decipere
1797 3602 1878 3665 pote·

124 3698 240 3742 reverso
254 3691 380 3753 vacaret,
409 3691 467 3741 tam
482 3684 512 3741 in
527 3683 572 3741 die
585 3699 673 3756 quaro
688 3687 718 3741 in
741 3692 842 3752 nocte,
860 3673 898 3741 ¹ei
923 3684 973 3741 do·
1027 3695 1091 3755 rat,
1105 3700 1139 3742 ac
1151 3686 1415 3758 nemiuemlcrcdo)
1431 3695 1534 3758 praeter
1544 3699 1623 3755 curn,
1640 3685 1677 3742 ad
1692 3684 1777 3756 cujus
1795 3685 1877 3756 igno·

123 3772 222 3830 oendae
235 3786 352 3844 operam
376 3773 494 3840 darom,
519 3780 546 3830 et
569 3787 635 3830 eam
663 3773 687 3830 si
700 3773 892 3845 negligentem
908 3787 973 3829 sen·
1029 3775 1148 3832 minium
1163 3777 1291 3832 maxime
1302 3775 1330 3833 id
1348 3776 1504 3846 spectabat,
1522 3776 1615 3847 ipsum
1626 3773 1755 3831 videlicet
1772 3773 1875 3844 puellae

104 3938 106 3943 .
124 3861 207 3919 tirem
239 3861 408 3918 vcbmeuter
421 3861 666 3933 constringerem.
682 3863 833 3933 loquare
855 3860 973 3933 quidem
1027 3864 1219 3922 avunculum.
1240 3864 1293 3922 Cui
1306 3864 1423 3935 quidem
1439 3865 1494 3921 boc
1507 3879 1574 3922 cum
1590 3877 1607 3919 a
1636 3861 1784 3920 nonnullis
1804 3875 1876 3918 nou·

124 3957 237 4021 quauta
262 3949 326 4021 eius
351 3948 519 4020 simplicitas
541 3958 615 4007 esset
639 3951 824 4007 vehementer
846 3950 973 4006 admira-
1027 3965 1181 4023 uunquam
1209 3959 1378 4025 suggestum
1401 3952 1511 4020 luisset,
1538 3954 1653 4009 eredere
1667 3966 1726 4009 non
1753 3959 1875 4022 poterat,

123 4045 182 4106 tus,
199 4052 258 4094 non
273 4039 371 4096 minus
392 4039 470 4109 aqud
486 4053 533 4095 me
561 4039 698 4109 obstupui
718 4051 806 4110 quam
829 4040 853 4093 si
867 4051 973 4110 agnam
1028 4048 1101 4109 tum,
1119 4049 1256 4112 utsupra
1271 4041 1389 4098 memini
1404 4083 1412 4111 ,
1430 4050 1546 4114 propter
1573 4042 1791 4099 immoderatam
1814 4054 1876 4096 suto

123 4133 252 4184 teneram
280 4126 410 4184 lamelieo
436 4127 505 4197 lupo
533 4127 732 4184 committeret.
748 4125 802 4193 Qui
829 4140 895 4183 cum
910 4139 974 4181 cam
991 4130 1014 4185 lt
1030 4131 1123 4200 neptis
1137 4130 1293 4188 amicitiam
1310 4147 1318 4197 ;
1334 4138 1396 4188 tum
1413 4132 1498 4188 ctiam
1517 4139 1630 4203 propter
1645 4139 1782 4187 anteacta
1808 4129 1876 4185 vitm

124 4220 195 4276 mibi
217 4220 382 4277 nonsolum
405 4219 573 4286 docendam,
591 4233 694 4277 rerum
717 4217 971 4276 etiamvcbemen·
1026 4233 1097 4275 men
1124 4220 1328 4277 continentiam
1355 4219 1523 4291 cognitam.
1555 4221 1617 4278 Non
1636 4220 1713 4277 cuim
1734 4217 1816 4274 lacile
1837 4215 1875 4272 de

124 4315 169 4365 ter
193 4307 448 4379 constringendam
468 4307 622 4377 traderet,
650 4307 722 4379 qnid
760 4306 841 4363 aliud
868 4303 973 4377 agebat
1026 4308 1082 4376 bis,
1097 4322 1171 4379 quos
1184 4306 1344 4379 plurimum
1359 4308 1518 4380 diligimus,
1539 4307 1747 4380 turpitudinem
1781 4304 1876 4375 suspi-

124 4413 214 4473 qnam
229 4407 263 4458 nt
284 4400 359 4457 votis
379 4400 449 4457 mois
465 4399 610 4458 licentiam
631 4399 745 4471 penitus
759 4400 840 4457 daret
856 4439 863 4465 ,
878 4406 906 4455 ct
928 4412 973 4454 oc·
1026 4410 1142 4453 camur.
1168 4396 1226 4454 Nec
1248 4397 1278 4452 in
1300 4396 1462 4453 rebcmcnti
1491 4395 1641 4453 dilectione
1662 4393 1755 4466 turpis
1781 4393 1876 4463 suspi-

123 4489 278 4559 casionem,
300 4487 412 4546 etiamsi
429 4488 571 4545 nollemus
597 4487 712 4546 ederret
741 4497 877 4560 utquam
897 4485 974 4542 ride
1026 4484 1117 4542 cionis
1141 4484 1220 4542 labes
1239 4492 1329 4556 potest
1343 4484 1442 4542 inesse.
1474 4484 1554 4542 Unde
1576 4493 1605 4544 et
1634 4484 1705 4541 illud
1733 4490 1775 4540 est
1799 4481 1874 4541 beati

726 4639 886 4699 ANDIIEAE
906 4635 1137 4705 obsurdueram
1155 4636 1261 4696 llorAE

124 4768 213 4826 luisse
243 4767 330 4826 filiam
356 4765 519 4825 naturalem
539 4766 659 4834 ioannis
681 4767 777 4825 nesdo
801 4767 887 4838 cujus
918 4764 971 4822 Pa·
1025 4778 1055 4821 se
1073 4763 1199 4833 credam,
1215 4763 1290 4820 ratio
1312 4762 1492 4834 potissimum
1514 4765 1652 4835 temporis
1667 4762 1743 4819 lacit.
1771 4783 1785 4812 a
1800 4761 1872 4842 lieg-

124 4838 544 4896 risiensiscanooici.Verum
575 4839 696 4896 idunde
715 4838 895 4920 sumpserit,
913 4849 971 4891 uon
1025 4843 1124 4901 naute,
1142 4857 1153 4884 ι
1171 4834 1277 4906 inquit,
1299 4853 1313 4886 a
1338 4834 1483 4891 Ludovico
1506 4849 1583 4907 rege,
1607 4835 1726 4915 qnidam
1752 4846 1871 4914 moont-

123 4909 212 4965 estin
247 4918 362 4981 romptu
379 4925 451 4977 ,nec
466 4918 541 4967 certe
555 4911 709 4967 concordat
722 4915 773 4966 aut
787 4909 876 4979 ipsius
892 4906 972 4964 llbae·
1026 4919 1079 4962 cus
1104 4909 1220 4963 nomine
1243 4905 1398 4962 Fulbertus
1422 4906 1549 4962 Parisius
1570 4915 1651 4970 erat,
1675 4919 1727 4976 qut
1755 4910 1872 4959 osrotc·

124 4978 197 5035 lardi
225 4923 307 5036 Kietis
334 4988 406 5049 ,aut
443 4979 615 5039 Kalendario
637 4982 723 5037 ctiam
748 4976 970 5058 Paracleteosi,
1047 4977 1162 5033 rumdc
1185 4976 1269 5046 spina
1290 4976 1382 5032 sancti
1397 4976 1518 5058 Ubrulbi
1533 4976 1668 5042 babebat,
1688 4972 1873 5046 quodcapcl-

125 5048 205 5121 quod
228 5059 355 5130 recenset
372 5052 484 5110 obitum
508 5051 633 5110 Fulberti
661 5049 815 5115 canonici,
839 5049 971 5127 llelotssas
1025 4992 1111 5104 fimus
1134 5049 1169 5129 de
1196 5046 1304 5118 capella
1332 5047 1447 5103 llenrrcr
1461 5048 1536 5120 regis
1555 5047 1731 5103 Francorum
1757 5045 1872 5102 subtra-

125 5119 384 5187 aruncult,corru
408 5131 434 5179 te
449 5132 544 5180 tamen
557 5124 613 5180 sub
629 5122 749 5179 liuberti
772 5120 889 5176 nomine
904 5159 912 5184 ,
927 5118 972 5173 bu
1025 5126 1118 5184 xerat,
1140 5133 1224 5190 etque
1248 5118 1412 5190 iandudum
1435 5131 1486 5188 pro
1509 5119 1616 5175 amoris
1644 5119 1670 5189 pi
1694 5131 1762 5174 nors
1790 5115 1873 5172 dede·

125 5187 243 5271 uerbis:
261 5210 275 5238 s
291 5136 409 5270 vrrllaf.
422 5192 538 5263 januar.
557 5193 628 5251 obiit
652 5192 798 5250 llubertus
812 5190 971 5271 canonicus
1024 5196 1078 5246 rat.
1092 5188 1207 5246 Timens
1225 5197 1321 5246 autem
1337 5200 1388 5259 pro
1404 5187 1523 5269 dirersis
1543 5189 1638 5270 causis
1661 5132 1731 5244 ifiud
1752 5186 1869 5267 babere,

125 5260 249 5318 domina
270 5260 403 5316 liclotssm
421 5264 586 5322 avunculus
602 5262 702 5332 »Quin
717 5270 744 5321 et
772 5260 900 5320 Fnlbertr
922 5272 970 5316 ea·
1025 5259 1150 5316 Fulcone
1192 5261 1358 5333 presbytero
1393 5257 1508 5315 Manliae
1541 5259 1711 5322 mediante,
1749 5264 1869 5314 accersit

96 5360 100 5368 ·
126 5329 224 5387 conici
265 5329 433 5389 parisiensis
471 5335 601 5391 meminit
634 5334 788 5392 ordericus
829 5330 970 5390 Uticensis
1024 5327 1208 5389 Guillelmum
1223 5329 1258 5389 tle
1285 5328 1458 5389 llonsterolo
1477 5329 1601 5398 priorem
1623 5326 1738 5384 llaulia
1761 5326 1871 5399 ,eique

126 5400 355 5470 monacbus,lib.
372 5415 411 5458 ru
425 5400 629 5461 Historiasua
639 5403 861 5462 ecclesiasticas:
881 5415 969 5475 quem
1023 5400 1163 5472 reliquias
1187 5400 1304 5459 tradidit
1333 5398 1502 5457 deterendus
1524 5396 1646 5454 Uticensi
1674 5396 1829 5455 Ecclesia.
1853 5419 1867 5447 »ι

126 5476 159 5528 ut
169 5469 248 5527 bunc
261 5485 379 5543 quoque
390 5469 523 5528 eumdem
543 5473 677 5531 lloloissae
700 5475 880 5532 arunculam
902 5471 970 5530 luis
