3804 5962
150 232 218 289 tolle
414 232 518 289 PETRI
537 229 723 288 ABAELARDI
742 228 820 316 OPP.
840 230 930 289 PARS
949 230 997 287 lll.
1013 260 1048 277 -
1061 230 1282 291 ruuotoomb
1297 233 1340 288 ET
1360 230 1628 289 rullosorutcn.

145 364 174 415 et
204 353 328 413 verbum
342 352 478 419 bomlnis,
495 367 527 409 co
552 351 686 409 videlicet
699 365 759 424 quo
773 351 912 423 scriplum
926 358 969 410 est
984 366 991 408 :
1007 355 1031 407 Α
1047 351 1117 410 ιιειιε
1140 352 1227 409 dicit:
1243 353 1291 421 lta,
1320 352 1410 408 docete
1451 366 1544 407 amnes
1568 355 1672 421 oentes,
1703 358 1728 409 el

145 446 225 503 binii
248 443 459 510 Deus,ettucta
488 446 552 498 suut
576 440 664 511 (Paul.
684 455 767 509 xxxi,
784 441 822 514 9),
849 441 993 514 alqueita
1048 456 1146 508 xxrru,
1177 441 1232 514 ι9.)
1263 440 1592 511 Necnonetnpostolus
1624 448 1694 498 teste
1720 471 1728 497 ι

145 535 222 592 Deus
237 546 355 604 quoqne
379 532 454 588 sicut
483 531 568 588 bomo
586 531 670 587 modo
696 531 843 601 loquatur,
858 544 924 588 cum
940 531 990 598 ait,
1046 545 1113 587 cum
1128 529 1265 601 templum
1281 529 1407 601 Spiritus
1427 530 1517 585 sancti
1533 530 1704 599 nominavit,
1720 545 1728 586 i

142 625 206 680 Fiat
227 623 274 677 tur
302 623 381 691 (Gen,
398 635 417 688 ι,
437 621 474 692 3),
509 619 592 677 modo
620 620 772 687 conticeat,
793 618 917 691 prolecto
930 632 992 689 per·
1046 633 1106 675 esse
1122 619 1211 675 Deum
1234 619 1412 690 pronuntiat,
1428 618 1595 674 cumsolius
1613 619 1728 691 templut

141 710 291 786 mutabilis
314 717 357 766 est
387 708 548 766 divinitatis
575 708 730 777 aeternitas,
764 722 833 765 cum
850 721 992 765 nonsem-
1046 706 1169 763 dicatur.
1195 706 1339 776 Scriptum
1369 708 1533 778 quippeest
1550 707 1579 763 in
1601 708 1728 778 Apostoli

141 814 192 872 per
217 800 303 868 dicat,
333 798 382 854 flal
407 797 471 865 iux,
499 805 565 867 etc„
595 810 661 868 quae
682 797 744 868 jam
767 796 881 854 condita
910 804 988 853 sunl.
1046 798 1174 863 quoniam
1199 796 1327 867 tempium
1355 798 1403 850 Dei
1426 798 1500 863 estis,
1531 801 1557 851 et
1588 797 1710 866 Spiritus

142 888 315 954 Quinetiam
331 900 404 958 opus
419 885 642 943 verboaudibili
662 883 718 941 luit
735 891 802 941 ante
810 884 988 942 mundicon-
1047 889 1087 940 tat
1101 886 1233 965 iauuobis
1246 883 1260 938 ‘i
1274 884 1300 956 (l
1319 885 1379 941 Cor.
1408 900 1447 954 m,
1477 886 1533 956 ιι.)
1562 885 1615 942 Ubi
1641 891 1728 957 apert

140 978 333 1042 stitutionem,
362 990 429 1032 oum
469 975 600 1032 nondum
629 980 702 1031 esset
730 974 782 1045 qui
811 974 990 1046 loqueretur,
1047 975 1137 1030 Deum
1175 974 1269 1043 ipsum
1295 974 1380 1043 cujus
1402 980 1445 1029 est
1469 973 1619 1043 templum,
1635 974 1723 1046 etSpi

140 1063 602 1138 velquiaudlretur‘iNunqnid
620 1062 989 1133 inanererbnmnonpro·
1046 1077 1132 1132 quem
1163 1061 1327 1119 inhabitare
1354 1062 1423 1118 dicit
1454 1062 1527 1119 idem
1556 1077 1627 1119 csse.
1657 1063 1703 1120 Sic

141 1155 216 1222 tulit,
231 1154 255 1212 si
269 1169 342 1226 opus
372 1153 460 1210 verbo
474 1167 532 1209 non
549 1151 646 1218 luerit,
667 1151 826 1222 praesertim
841 1165 909 1207 cnm
928 1149 990 1207 sola
1045 1153 1148 1208 Petrus
1171 1153 1201 1207 in
1231 1151 1343 1208 actibus
1364 1150 1562 1222 apostolorum
1594 1152 1728 1223 Spiritum

142 1243 279 1301 voluntas
306 1241 462 1309 sutdceret,
486 1239 589 1298 necad
617 1240 677 1297 brec
705 1239 816 1312 aliquis
839 1241 922 1307 esset,
938 1239 990 1311 qui
1045 1241 1135 1296 Deum
1163 1254 1224 1297 esse
1252 1241 1403 1312 profitetur
1436 1240 1557 1296 dicens:
1575 1242 1608 1296 Ut
1631 1242 1727 1311 quide

142 1333 241 1389 audito
265 1330 355 1388 verbo
383 1330 586 1387 instrueretur.
615 1327 677 1396 Quo
706 1327 793 1385 etiam
820 1327 990 1399 proferendo
1043 1329 1166 1400 Spiritui
1187 1334 1292 1395 sancto,
1324 1331 1436 1385 Anania
1456 1332 1470 1384 i
1491 1346 1546 1384 non
1575 1346 1601 1385 es
1623 1335 1727 1386 menlitt

141 1420 265 1478 verbum
293 1420 445 1486 emitteret,
461 1432 526 1477 curn
543 1416 642 1474 nullus
667 1416 764 1474 adbuc
778 1416 858 1473 locus
876 1425 990 1474 creatus
1045 1418 1105 1487 bus,
1120 1418 1177 1478 ,sed
1204 1419 1261 1474 Deo
1281 1418 1352 1490 (Act.
1380 1435 1406 1484 v,
1427 1417 1466 1489 ι).
1497 1421 1534 1475 [ιε
1561 1434 1620 1490 quo
1646 1418 1727 1476 iterus

142 1515 226 1577 esset,
242 1522 296 1565 nec
309 1522 358 1565 aer
373 1509 469 1566 adbuc
483 1507 617 1564 conditus
631 1520 668 1563 ex
688 1521 747 1578 qno
762 1505 852 1563 verba
866 1505 991 1563 lorman-
1045 1505 1075 1563 in
1089 1507 1195 1565 eisdem
1226 1508 1346 1565 Actibus
1367 1507 1541 1564 continetur.
1571 1509 1628 1565 Hoc
1656 1509 1723 1566 dicit

140 1604 200 1656 tur.
228 1598 342 1664 Quibus
367 1598 454 1654 etiam
483 1595 682 1653 instrumentis
713 1596 804 1652 rerba
840 1593 988 1664 formaret,
1042 1596 1149 1668 jubens
1171 1597 1324 1667 :separate
1351 1597 1418 1651 miii
1438 1597 1593 1652 barnabam
1629 1604 1655 1652 et
1682 1600 1727 1654 Ραι

142 1701 209 1745 cum
238 1701 293 1744 nec
310 1700 353 1754 os,
381 1699 435 1742 nec
461 1698 529 1756 pars
554 1684 654 1756 aliqua
677 1684 770 1740 inesse
794 1684 881 1755 possit
897 1684 923 1740 ei
938 1683 990 1755 qui
1006 1705 1028 1760 B
1047 1684 1121 1757 (Act.
1149 1701 1210 1755 ιιιιι,
1233 1686 1261 1757 ι)
1288 1693 1345 1756 ;ει
1372 1700 1491 1742 rursum
1507 1705 1515 1740 r
1531 1686 1727 1758 PlacuitSpiri

141 1774 261 1833 omnino
276 1773 399 1844 simplex
427 1777 480 1841 est,
505 1781 532 1831 et
556 1772 758 1830 indivisibile?
773 1772 864 1829 Omne
881 1772 990 1844 quippe
1047 1779 1073 1830 et
1096 1775 1173 1830 nobis
1201 1777 1275 1844 (Act.
1292 1789 1339 1844 xv,
1354 1775 1409 1845 ie).
1438 1776 1474 1831 Et
1504 1775 1653 1833 Psalmista
1672 1776 1727 1846 Spit

143 1864 222 1936 quod
238 1863 504 1935 partibuscanstat,
535 1862 677 1934 posterius
695 1869 737 1918 εει
753 1861 927 1919 naturaliter
948 1861 992 1917 bis
1047 1863 1159 1935 ubique
1187 1878 1248 1921 esse
1281 1871 1421 1936 tanlquam
1449 1865 1727 1936 incircumscriptum

141 1953 300 2025 exquibus
321 1959 443 2016 constat,
463 1959 631 2024 etquorum
657 1959 803 2008 conventu
828 1950 990 2021 perficitur,
1046 1952 1143 2009 dicens
1156 1969 1165 2008 :
1180 1951 1237 2018 Quo
1262 1953 1307 2008 iba
1332 1971 1349 2008 u
1371 1956 1473 2023 spiritu
1499 1959 1545 2008 tao
1560 1954 1574 2009 i
1589 1953 1674 2024 (Psoi.
1705 1970 1727 2010 c·

142 2054 210 2097 cum
233 2055 270 2098 cx
296 2040 366 2112 ipsis
388 2055 476 2097 suum
506 2054 567 2097 esse
593 2039 745 2095 contrabat
775 2052 813 2095 ex
827 2038 992 2109 qnibnsest
1046 2038 1142 2108 Quiet
1156 2043 1252 2097 statim
1278 2042 1414 2112 utipsum
1441 2042 1573 2113 spiritum
1597 2043 1725 2115 licique

142 2131 343 2187 constitutum.
372 2128 455 2186 Omne
476 2131 568 2194 etiarn,
594 2127 688 2198 inquit
716 2126 804 2195 Plato,
830 2126 902 2198 quad
923 2127 992 2197 jun·
1045 2143 1105 2187 esse
1134 2130 1294 2200 profitetur,
1311 2131 1384 2188 idem
1415 2145 1555 2187 essecum
1576 2134 1636 2203 ipso
1667 2134 1723 2190 ileo

142 2223 215 2274 ctum
244 2223 284 2273 est
308 2222 410 2273 nutura
434 2216 591 2271 dissolubile
613 2219 662 2271 est.
693 2215 774 2280 Quod
800 2215 823 2271 si
853 2214 991 2285 Spiritum
1046 2218 1187 2289 loquitur,
1218 2220 1430 2290 insinuet;per
1459 2221 1512 2276 boc
1536 2228 1727 2290 patentcroslt

143 2306 259 2362 Domini
283 2320 404 2361 venum
431 2305 604 2376 intelligant,
628 2303 705 2359 sicut
735 2303 774 2359 ibi
796 2304 926 2374 accipere
941 2318 991 2361 vo·
1050 2307 1145 2362 statim
1173 2309 1308 2378 spiritum
1340 2308 1433 2378 ipsum
1462 2309 1573 2385 ubique
1598 2325 1659 2367 csse
1689 2325 1727 2367 ast

141 2394 217 2461 lunt,
240 2395 362 2464 Spiritus
381 2395 490 2448 bomini
511 2392 653 2461 terebatur
667 2408 750 2462 super
778 2409 864 2463 aquus
882 2393 959 2465 (Gen.
970 2410 990 2462 1,
1048 2394 1140 2465 ipsum
1169 2396 1257 2452 Deum
1283 2411 1369 2468 quem
1397 2398 1508 2467 ubique
1536 2413 1596 2455 esse
1625 2400 1727 2457 astruit

141 2482 277 2551 2).eo,ul
301 2483 396 2539 aiunl.
424 2481 620 2552 quadrentus
653 2481 780 2552 inaquls
811 2495 888 2552 quas
913 2496 991 2538 com·
1045 2485 1076 2540 Si
1096 2485 1241 2540 ascendero
1266 2486 1642 2553 incolum,tuillices,etc.
1664 2488 1726 2559 (Psa

141 2576 247 2638 movet,
276 2569 399 2625 maxime
428 2576 565 2639 appareat
589 2569 733 2640 quomodo
760 2569 889 2640 spiritus,
905 2570 991 2626 idest
1045 2571 1084 2643 8.)
1109 2572 1283 2630 Sedetcum
1312 2575 1424 2631 Veritas
1440 2576 1501 2646 ipsa
1529 2577 1668 2647 perbibet,
1695 2591 1726 2648 pe

116 2652 120 2662 '
141 2659 228 2715 flatus
243 2658 357 2716 bomini
373 2657 430 2715 oris
445 2671 506 2714 esse
526 2657 650 2726 dicatur,
667 2671 736 2714 cum
751 2658 884 2715 videlicet
896 2673 990 2731 neque
1045 2661 1183 2733 Spiritum
1213 2678 1272 2720 non
1287 2678 1348 2720 csse
1376 2664 1557 2733 remissibile,
1587 2681 1654 2722 cum
1683 2680 1726 2737 pet

143 2761 184 2815 os,
201 2762 295 2820 neque
310 2747 440 2819 aliquam
468 2753 588 2818 perlem,
606 2753 639 2804 ut
663 2746 840 2814 dictumest,
855 2747 990 2805 babeat?
1044 2750 1156 2807 Patrem
1185 2751 1229 2808 rel
1260 2752 1288 2807 ln
1331 2751 1434 2809 Filium
1462 2754 1630 2812 remissibile
1670 2755 1726 2812 dica

140 2836 287 2905 Quomodo
312 2838 399 2894 etiam
411 2849 463 2908 per
484 2837 605 2893 rentum
624 2836 718 2892 virtus
741 2835 804 2892 culi
818 2835 948 2893 consistit
961 2844 990 2894 et
1043 2853 1096 2907 xli,
1110 2840 1166 2911 ii),
1184 2839 1232 2895 cui
1247 2848 1343 2910 aperte
1359 2856 1415 2897 non
1427 2842 1554 2899 insinuet
1569 2842 1706 2913 Spiritum
1723 2845 1726 2898 i

141 2925 248 2983 terrae‘i
1042 2928 1183 2985 minorem
1193 2943 1252 2985 esse
1268 2929 1350 2986 Patre
1366 2931 1410 2986 vel
1427 2931 1509 2999 Filio,
1535 2946 1585 3002 per
1610 2931 1664 2988 boc
1683 2932 1722 2989 eti

176 3014 342 3086 intelligant
358 3027 427 3084 ergo
442 3013 592 3069 buncesse
606 3011 688 3068 illum
711 3013 846 3083 spiritum
862 3014 986 3082 Domini,
1004 2983 1027 3040 ⁰
1043 3017 1134 3072 Deum
1157 3016 1275 3087 plenum
1301 3031 1361 3075 esse
1387 3018 1462 3075 sicut
1473 3028 1515 3076 est
1529 3020 1612 3076 Pater
1626 3021 1684 3091 ipse
1709 3035 1727 3078 v

141 3105 226 3176 cnjus
249 3103 445 3174 septilormem
470 3101 593 3173 gratiam
622 3101 712 3157 isaias
737 3101 902 3159 describens
927 3103 987 3159 ait:
1078 3104 1179 3177 Liquet
1203 3107 1350 3180 itaqueex
1379 3109 1571 3181 suprapositis
1595 3118 1652 3166 tam
1693 3111 1726 3168 Vr

140 3195 176 3248 Et
203 3193 351 3262 requiescet
380 3191 495 3258 spiritus
520 3192 627 3245 bomini
655 3204 737 3259 super
765 3205 836 3257 eum,
866 3192 988 3261 Spiritus
1043 3205 1131 3263 quam
1147 3192 1286 3264 Spiritum
1303 3196 1365 3266 ejus
1382 3196 1470 3253 Deum
1485 3212 1564 3257 esse:
1594 3198 1669 3255 sicut
1683 3207 1711 3257 et

140 3283 284 3350 sapientie
306 3283 331 3331 ει
351 3275 515 3344 intellectus,
548 3277 664 3345 spiritus
692 3275 800 3331 consilii
827 3281 853 3332 et
876 3272 987 3346 tortitu-
1040 3289 1082 3337 est
1118 3280 1247 3339 Verbum
1276 3283 1321 3339 rel
1351 3285 1484 3355 Spiritus.
1519 3287 1684 3359 Intelligant
1723 3305 1726 3343 t

140 3364 226 3432 dinis,
251 3373 305 3420 etc.
337 3365 399 3433 (isa.
428 3364 575 3436 xr,2.)Et
594 3364 740 3421 alibi:Et
763 3380 837 3420 nunc
858 3369 988 3420 Dominus
1041 3369 1150 3427 dictum
1178 3379 1230 3439 est,
1270 3372 1323 3428 boc
1355 3373 1480 3431 Verbum
1508 3375 1609 3443 Deum,
1648 3376 1675 3431 id
1709 3391 1725 3433 e

138 3452 216 3509 misit
239 3469 281 3507 me
296 3458 321 3507 et
336 3453 459 3523 Spiritus
486 3454 544 3523 eius
573 3454 640 3522 (Iso.
671 3467 774 3522 xuvur,
799 3455 853 3526 le).
870 3455 988 3511 Etrus·
1043 3458 1102 3527 Dei,
1129 3474 1187 3516 non
1212 3462 1410 3520 transitorium
1437 3465 1570 3532 verbum,
1591 3481 1648 3522 non
1677 3480 1725 3523 ant

139 3541 566 3631 sus:SpiritusDomiuisuper
589 3558 684 3609 muco
710 3542 984 3613 quadunceritme;
1042 3547 1242 3619 intellectuale,
1272 3552 1325 3608 boc
1353 3560 1395 3608 est
1410 3552 1502 3623 ipsam
1531 3555 1671 3611 rationem
1695 3555 1725 3612 si

139 3631 177 3687 ad
202 3631 426 3687 annuntiandum
449 3633 598 3687 mansuetis
618 3633 692 3686 misit
715 3647 758 3687 mc
777 3632 848 3701 (isc.
864 3645 922 3699 nrt,
949 3635 985 3702 ι).
1041 3637 1110 3692 tiam
1139 3646 1309 3695 coaeternam
1323 3641 1390 3708 Deo,
1407 3656 1495 3712 quam
1525 3643 1578 3699 dici
1607 3648 1725 3700 consen

139 3720 179 3776 lie
193 3720 351 3791 quostiam
366 3719 394 3775 iu
415 3719 562 3790 Sapientia
586 3720 694 3776 dicitur
710 3734 716 3774 :
733 3721 857 3790 Spiritus
875 3725 986 3775 sanctus
1043 3727 1181 3796 pientiam
1203 3729 1278 3785 siout
1297 3737 1324 3786 oi
1343 3731 1465 3787 oioimos
1479 3734 1725 3804 omnipotentiam,

138 3808 250 3878 eructet
285 3809 438 3878 aisupttnae
466 3808 578 3879 ictum:
593 3808 723 3877 betianus
743 3814 783 3865 est
803 3811 874 3864 enim
901 3813 987 3881 spiri·
1041 3816 1256 3888 scriptumest:
1273 3819 1366 3874 Omnis
1388 3823 1553 3890 sapientiae
1568 3825 1681 3877 nomino
1709 3826 1725 3880 l

139 3903 183 3952 tus
202 3900 354 3968 sapientiae,
383 3905 436 3953 etc.
454 3897 521 3968 (Sap
545 3937 551 3951 .
568 3913 587 3965 1,
608 3897 645 3968 5.)
663 3898 700 3954 lie
714 3912 773 3968 quo
800 3897 904 3954 iterum
918 3913 984 3955 cnm
1040 3917 1101 3955 urin
1129 3903 1177 3957 illa
1190 3905 1247 3972 tuit
1261 3919 1375 3975 semper,
1393 3911 1419 3960 et
1439 3912 1479 3960 εει
1504 3915 1566 3962 unte
1588 3925 1674 3963 auum
1701 3909 1725 3981 (i

141 3987 300 4043 subditur:
316 3989 353 4042 ut
372 3986 419 4041 boc
435 3986 507 4052 quod
528 3989 645 4041 continet
670 3988 762 4041 omniu
779 3988 921 4041 scientiam
938 3987 986 4041 ltc-
1039 3987 1095 4057 Qui
1123 3992 1210 4048 ctiam
1232 3993 1261 4048 in
1276 3992 1349 4050 libro
1374 3993 1527 4065 Sapientiae
1549 4012 1633 4054 verus
1657 3998 1707 4054 liei

142 4075 185 4131 bet
199 4078 272 4130 uocis
286 4073 376 4145 (ibid,
393 4076 431 4145 7),
461 4081 559 4143 aperte
595 4074 654 4145 ipse
675 4073 795 4144 spiritus
824 4075 898 4130 neus
925 4090 985 4132 esse
1039 4080 1292 4138 consubstantialis
1324 4092 1512 4153 monstratur,
1538 4087 1576 4141 ad
1601 4087 1725 4144 dideren

135 4163 392 4235 perhibetur,cum
408 4162 506 4218 omnia
519 4162 665 4218 continere
686 4160 812 4218 dicatur.
830 4160 865 4216 Et
879 4160 982 4216 iterum
1039 4175 1082 4223 oot
1097 4168 1299 4239 adoptivorum
1327 4171 1463 4240 filiorum,
1480 4174 1514 4228 qo
1529 4174 1636 4244 quibus
1665 4190 1717 4245 per

135 4252 171 4307 ad
193 4253 282 4308 Deum
305 4250 426 4321 loquens
458 4249 603 4320 Sapientia
626 4250 695 4305 dicit
721 4265 727 4303 :
753 4250 867 4306 Sensum
890 4254 980 4304 autem
997 4249 1020 4308 lt
1036 4256 1141 4312 tionem
1166 4259 1229 4330 ejus
1253 4260 1318 4324 Deo,
1336 4262 1487 4332 acquisitis
1513 4262 1652 4334 scriptum
1681 4273 1725 4322 εει

136 4344 212 4396 tuum
236 4343 298 4411 quis
322 4341 411 4407 sciuit,
437 4341 495 4393 uisi
515 4343 544 4392 tu
563 4339 670 4393 dederis
695 4341 872 4408 sapientium,
887 4344 912 4393 et
925 4342 979 4394 mi·
1036 4350 1299 4416 autemrcceperunt
1314 4365 1384 4416 eum,
1412 4349 1488 4405 dedit
1502 4354 1539 4405 eis
1563 4357 1725 4422 potestatam

133 4433 202 4485 seris
231 4431 367 4499 Spiritum
399 4432 475 4483 tuum
499 4431 624 4482 sanctum
652 4428 685 4482 de
715 4429 978 4500 altissimorum),
1032 4435 1102 4503 fieri,
1129 4434 1172 4489 itis
1188 4441 1235 4502 qui
1257 4438 1372 4493 credunt
1394 4441 1422 4493 iu
1449 4445 1557 4495 nornine
1584 4442 1642 4510 ejus
1671 4444 1724 4510 (Joc

133 4533 175 4584 ut,
208 4517 261 4589 li.)
282 4517 316 4572 Et
331 4530 435 4572 rursus
448 4535 460 4571 :
488 4516 626 4585 Oquam
643 4515 728 4571 bonus
750 4521 776 4570 et
797 4519 902 4585 suauis,
930 4521 980 4573 lto·
1034 4521 1079 4577 Sic
1107 4523 1215 4594 quippe
1245 4541 1310 4582 cum
1326 4527 1389 4598 ejus
1405 4529 1498 4598 passio
1514 4531 1546 4585 in
1564 4530 1711 4601 Sapientia

133 4608 213 4671 mine,
231 4605 354 4676 Spiritus
370 4607 474 4661 tuasin
493 4605 573 4660 nobis
588 4603 593 4659 Ι
609 4605 685 4678 (Sap.
703 4619 754 4672 ΧΠ,
773 4604 827 4675 ll.)
1031 4611 1262 4682 prophetaretur,
1292 4615 1365 4671 inter
1393 4624 1495 4673 caetera
1511 4619 1548 4674 ab
1564 4619 1659 4690 impiis
1679 4621 1725 4679 dic

510 4694 580 4752 ulv.
1033 4699 1064 4755 Si
1079 4703 1150 4755 enim
1170 4717 1251 4758 uerus
1275 4706 1322 4758 Dei
1352 4704 1443 4760 Filius
1462 4712 1511 4774 εει,
1536 4712 1666 4778 suscipiet
1685 4711 1725 4766 illi

167 4784 339 4842 Hiucetiam
357 4798 424 4842 cum
451 4783 510 4855 ipse
526 4782 651 4854 Spiritus
664 4783 816 4855 supientiae
834 4783 975 4840 describe·
1032 4788 1106 4843 rabit
1128 4790 1161 4845 cia
1184 4807 1268 4846 mauu
1290 4797 1489 4850 contrariorum
1514 4797 1585 4867 (Sap.
1616 4815 1644 4865 u,
1670 4801 1724 4870 ιιι),

130 4881 222 4942 retur,
246 4873 422 4931 verusbeus
441 4872 723 4943 planepracdicatur,
747 4871 904 4929 cuminter
921 4887 977 4929 cae·
1031 4887 1130 4948 aperte
1160 4882 1373 4951 generationem
1406 4885 1557 4954 profitetur
1578 4895 1679 4943 sanata
1710 4904 1724 4946 o

129 4969 190 5019 tera
204 4964 239 5020 de
267 4978 300 5020 eo
328 4962 470 5034 scriptum
496 4961 532 5018 sit
560 4961 589 5017 in
614 4960 760 5032 Sapientia
782 4960 975 5018 sia:0naen
1030 4965 1122 5022 ileum
1135 4966 1257 5025 liberata
1282 4985 1348 5026 oum
1362 4972 1392 5027 io
1422 4972 1622 5031 Ecclesiastico
1657 4975 1724 5033 dicit

127 5050 231 5107 babens
258 5054 395 5114 uirtutem,
431 5051 521 5105 omnia
547 5051 728 5120 prospiciens,
755 5055 781 5105 et
806 5052 856 5120 qui
883 5053 977 5121 capiat
1031 5058 1175 5111 bominum
1200 5056 1313 5113 Patrem
1341 5063 1453 5118 Domiti
1489 5066 1542 5117 mci
1567 5070 1607 5133 ut,
1628 5081 1682 5120 nan
1707 5068 1724 5124 d

127 5155 219 5196 omnes
231 5143 347 5211 spiritus
368 5140 446 5212 (Sap.
468 5154 515 5204 vu,
531 5139 588 5211 23).
614 5136 704 5206 Quem
730 5138 817 5195 eliam
843 5138 930 5194 Eliud
945 5138 975 5194 in
1030 5160 1071 5200 me
1088 5146 1176 5202 indie
1191 5148 1377 5204 tribulationis
1395 5151 1567 5222 mcaeidccli.
1584 5171 1621 5225 nt,
1645 5155 1700 5227 li).

127 5226 201 5285 libro
234 5229 286 5286 lob
315 5229 468 5287 confltetur
494 5236 652 5285 creatorem
688 5227 788 5284 dicens
814 5241 821 5282 :
850 5227 975 5297 spiritus
1430 5240 1488 5295 xv·

127 5319 236 5372 bamini
261 5319 328 5386 itti!
356 5332 408 5384 me,
425 5321 451 5372 ti
479 5316 650 5388 spiraculum
679 5316 877 5386 Omisimus
900 5317 974 5371 uici-
1064 5321 1148 5378 Nunc
1171 5331 1268 5380 autem
1284 5333 1346 5395 post
1360 5328 1523 5386 testimonia
1547 5332 1724 5402 prophetaru

126 5407 220 5473 raucit
247 5405 478 5478 meliabxxtuu,
495 5407 535 5477 il.
551 5407 642 5479 Cuius
670 5413 698 5463 ει
712 5406 803 5463 Filius
817 5404 909 5477 ipsius
923 5405 973 5462 ilci
1027 5419 1133 5467 sanctie
1164 5412 1323 5486 Trinitatis,
1348 5414 1416 5473 libet
1451 5420 1537 5476 etiam
1563 5423 1724 5481 testimonia

126 5492 156 5549 in
172 5494 328 5564 Evangelio
339 5493 479 5565 equalem
495 5495 549 5552 sibi
564 5502 592 5552 et
608 5495 682 5551 Patri
697 5493 867 5566 dignitatem
882 5495 971 5552 ascri-
1028 5497 1153 5568 pborum
1173 5513 1345 5574 supponere,
1375 5506 1495 5576 quosad
1529 5504 1617 5565 nnius
1636 5508 1686 5567 Dei
1712 5511 1724 5569 i:
