3736 5962
442 214 622 275 expostulo
640 214 676 273 nt
696 215 805 275 misr.
824 214 930 276 Paeti
946 217 994 277 Ab
1013 216 1141 278 Bolb-
1156 215 1222 274 tte.
1238 215 1271 276 V.
1674 221 1728 279 att

91 349 158 400 ecte
171 340 313 399 dicamur.
331 342 366 398 Et
383 349 417 398 nt
430 339 591 412 specialiter
605 340 753 400 Cbristum
782 341 864 398 inb
882 342 936 400 bus
958 344 1152 401 communiter
1183 343 1320 414 abstinet,
1346 349 1375 399 ct
1395 341 1547 400 vilioribus
1574 350 1728 402 contentus

91 431 201 499 ussitis,
211 430 365 487 carnaliter
376 446 411 486 ne
420 432 536 500 vivatis,
548 446 614 489 cnm
624 430 830 488 videlicetcaro
882 441 925 488 est
948 433 1031 500 cibis,
1046 433 1180 506 religioni
1202 434 1296 504 potius
1311 447 1400 505 quam
1416 431 1508 490 errori
1538 432 1605 490 fidei
1631 433 1727 504 depu-

91 521 264 591 usspiritum
271 521 456 591 concupiscat
470 520 499 577 id
510 521 717 578 esthristum.
729 524 830 578 curum
883 528 973 579 tatur.

91 615 159 665 eltis
175 612 205 664 in
220 609 382 679 derium
396 610 424 666 in
440 611 600 678 desideriis,
617 610 724 682 inquit,
741 610 827 667 idest
918 613 945 669 la
961 614 1019 683 qui.
1045 613 1202 684 Postquam
1228 612 1305 670 dixit
1327 612 1356 669 in
1381 611 1488 669 talibus
1506 625 1564 668 non
1585 626 1647 670 esse
1661 625 1728 670 cou-

106 698 307 769 supertluitate
327 699 521 768 voluptatum,
544 700 638 757 sedin
663 702 830 757 necessitate
882 702 1067 765 tendendum.
1083 701 1153 758 dicit
1171 704 1257 758 etiam
1272 717 1330 758 nou
1343 701 1380 757 ab
1407 701 1497 758 altero
1517 701 1547 757 iu
1559 703 1643 758 corde
1664 715 1728 771 suo,

93 796 197 843 torum.
228 787 344 858 Oportet
366 788 442 844 euim
458 797 486 845 et
508 791 619 860 corpori
636 804 754 861 quoque
776 803 828 846 no·
881 801 910 846 et
931 791 1017 862 quasi
1037 792 1238 848 damnandnm
1259 798 1383 859 censeat,
1408 789 1460 862 qni
1486 804 1545 847 non
1574 789 1731 848 manducat

91 875 226 955 ecessaria
255 877 389 947 impendi,
413 879 487 935 sieut
510 878 659 948 snperllua
683 878 827 944 subtrahi,
880 878 991 948 omnia,
1008 879 1036 936 id
1050 889 1092 937 est
1105 880 1308 952 aquibusdam
1328 879 1461 936 abstinet.
1474 882 1508 937 st
1523 881 1725 951 quinonmuu·

91 962 163 1020 ilicet
179 972 291 1021 naturae
310 964 473 1022 substantia
493 976 691 1036 conservetur,
704 975 731 1022 et
745 966 827 1023 vitio
882 967 976 1032 ducet,
1001 968 1109 1024 scilicet
1123 969 1220 1026 omnia
1234 968 1413 1038 simpliciter,
1434 982 1493 1025 nou
1527 967 1592 1024 ideo
1608 967 1729 1040 judicet,

93 1061 189 1109 menta
208 1053 397 1125 denegentur.
420 1054 483 1112 Non
504 1056 629 1127 ergoait
649 1055 827 1127 simpliciter,
882 1055 911 1112 id
936 1065 979 1112 est
1003 1057 1202 1114 damnandum
1233 1065 1348 1114 censeat
1380 1057 1617 1125 manducantem,
1644 1056 1730 1127 quasi

108 1157 201 1197 curum
226 1158 260 1196 ue
284 1143 444 1210 debueritis,
473 1145 533 1212 sed,
560 1147 590 1199 tu
617 1145 772 1208 desideriis,
800 1144 829 1201 id
881 1143 954 1216 legis
976 1153 1229 1218 transgressorem.
1258 1148 1329 1202 Deus
1346 1146 1417 1200 euim
1439 1147 1528 1213 idum,
1549 1152 1607 1202 tam
1621 1144 1731 1204 scilieet

104 1231 303 1302 voluptatibus
319 1233 517 1306 potiusquam
542 1234 573 1291 in
597 1234 826 1291 necessitatibus.
881 1233 934 1304 qui
946 1234 1104 1293 manducat
1119 1249 1209 1307 quam
1229 1234 1283 1307 qui
1298 1235 1433 1297 abstinet,
1449 1233 1581 1298 assumit,
1596 1247 1655 1292 nou
1680 1233 1729 1292 ab

91 1319 144 1376 nim
171 1330 296 1388 natura,
309 1321 359 1378 sed
378 1322 516 1380 vitiorum
530 1323 625 1381 hostes
653 1337 715 1380 esse
742 1323 826 1381 debe·
878 1320 955 1392 jicit;
976 1323 1060 1381 multi
1083 1325 1189 1381 etenim
1210 1324 1247 1381 ad
1267 1324 1352 1381 iidem
1366 1323 1497 1380 conversi
1511 1330 1581 1380 suut
1605 1323 1636 1379 in
1653 1322 1730 1381 mul·

880 1410 917 1467 tls
944 1412 1043 1470 adbuc
1069 1421 1210 1481 errantes,
1238 1421 1267 1470 ει
1290 1421 1387 1485 postea
1410 1411 1552 1484 paulatim
1575 1412 1641 1468 inde
1662 1425 1730 1470 cor·

301 1500 416 1560 CAPUT
430 1501 506 1558 xiv.
881 1502 954 1572 repti
973 1509 1001 1558 et
1016 1502 1109 1560 edocti
1129 1510 1207 1560 sunt.
1223 1501 1296 1560 Nota
1310 1502 1389 1574 qnod
1400 1501 1441 1559 ait
1454 1502 1604 1572 assumpsit
1613 1499 1728 1570 potins?

91 1602 158 1643 num
176 1581 282 1645 'cutem¹
310 1590 383 1647 cum
397 1591 533 1660 superius
560 1590 690 1658 dixisset,
722 1605 777 1647 oon
797 1591 866 1676 in„
883 1602 901 1645 a
916 1592 969 1647 beo
985 1605 1072 1663 quam
1084 1604 1177 1661 perse
1195 1591 1370 1659 venientem,
1383 1591 1470 1661 juxta
1484 1589 1556 1646 illud
1576 1588 1723 1646 Veritatis:

91 1679 158 1745 ioue,
175 1679 221 1735 bic
236 1680 379 1749 precipue
398 1679 514 1737 cuidam
539 1695 682 1752 perversae
709 1689 828 1739 conten·
883 1681 965 1738 Nemo
978 1682 1050 1735 uenit
1066 1680 1225 1735 edicentes·
1247 1681 1330 1736 Pater
1345 1680 1551 1735 meustrcuen't
1567 1677 1727 1748 eumlloon.

91 1781 109 1823 n
126 1766 274 1837 primitiva
286 1769 411 1826 Ecclesia
426 1769 524 1826 statim
539 1770 718 1841 expositione
743 1771 830 1829 linem
882 1784 922 1837 vr,
933 1769 989 1841 tt).
1010 1772 1050 1824 lu
1064 1771 1128 1840 quis
1141 1785 1185 1826 es:
1215 1783 1249 1826 ac
1262 1771 1285 1827 si
1300 1769 1421 1826 diceret:
1437 1768 1527 1836 Quem
1543 1775 1570 1824 te
1583 1781 1645 1825 esse
1668 1766 1727 1824 exi·

91 1868 129 1912 tre
154 1857 261 1913 studet.
284 1857 409 1922 Quidam
438 1858 516 1915 enim
540 1859 576 1916 ad
603 1858 688 1916 fidem
718 1860 830 1919 noviter
883 1858 1055 1929 stimasqui
1071 1859 1222 1929 praesumis
1233 1872 1350 1916 servum
1360 1857 1480 1916 alterius
1492 1857 1633 1928 judicare,
1649 1855 1730 1913 idest

93 1945 116 2000 si
136 1945 229 2002 ludaei
255 1955 282 2003 et
304 1947 434 2004 noudum
450 1950 485 2005 de
512 1948 643 2006 libertate
656 1950 829 2007 Christianae
883 1947 919 2004 de
934 1948 1055 2019 bisque
1070 1947 1183 2020 agenda
1195 1947 1303 2006 suntei
1314 1961 1365 2017 pro
1378 1955 1429 2005 tuo
1440 1946 1561 2004 arbitrio
1579 1946 1730 2016 disponere

91 2032 138 2090 ttis
164 2033 299 2092 instructi
314 2039 454 2106 potabant
478 2037 576 2093 adbuc
590 2038 677 2093 etiam
698 2037 830 2096 carnales
883 2036 965 2104 Quod
989 2044 1033 2092 est
1051 2035 1161 2093 dicere:
1181 2033 1298 2094 Dimitte
1328 2036 1404 2092 bane
1425 2036 1636 2094 ordinationem
1663 2033 1730 2090 vitu

91 2123 183 2180 antias
207 2123 277 2196 legis
309 2125 476 2183 retinendas
496 2140 568 2194 esse,
588 2134 616 2184 et
640 2127 788 2198 praeeipue
811 2141 830 2184 a
883 2125 960 2184 servi
981 2124 1102 2181 Domino
1117 2138 1181 2194 suo,
1198 2124 1251 2196 qui
1263 2123 1308 2180 vel
1337 2138 1388 2195 per
1410 2125 1537 2196 seipsum
1557 2123 1602 2180 vel
1617 2136 1668 2194 per
1681 2121 1730 2179 vi-

91 2213 214 2282 porcina,
235 2221 263 2270 et
275 2215 386 2271 ceteris
399 2215 474 2272 cibis
501 2229 574 2286 quos
589 2215 636 2272 lex
667 2216 828 2287 interdixit,
884 2217 978 2272 caries
996 2227 1065 2271 suos
1082 2213 1179 2270 debis
1200 2228 1268 2270 cnm
1283 2213 1407 2270 voluerit
1429 2228 1496 2271 eum
1512 2214 1647 2279 instruat,
1670 2224 1730 2268 uon

91 2313 116 2357 m
131 2316 248 2373 quoque
262 2303 467 2361 abstinendum
482 2317 554 2370 esse,
581 2319 615 2361 eo
631 2305 757 2362 maxime
772 2305 830 2363 tor·
882 2313 915 2361 tu
930 2304 981 2377 qui
993 2317 1153 2361 conversus
1180 2318 1212 2360 es
1225 2318 1279 2360 uec
1293 2301 1397 2360 venisti
1414 2304 1565 2374 imperare,
1595 2301 1644 2358 sed
1659 2300 1726 2358 obe·

104 2389 183 2459 quod
203 2390 348 2462 quidquid
361 2390 541 2448 abstinentie
556 2392 744 2450 essevidetur
768 2392 830 2450 vir·
883 2394 946 2451 dire
973 2394 1049 2451 sicut
1077 2401 1104 2448 et
1126 2393 1381 2460 ilie,euollomioo,
1416 2392 1510 2448 idest
1537 2388 1728 2456 arbitriollo·

91 2483 218 2546 putatur.
239 2477 318 2537 Sicut
336 2491 405 2551 ergo
433 2480 568 2550 superius
581 2480 745 2551 superfluas
753 2494 829 2537 com-
884 2482 955 2540 mini
969 2481 1017 2539 sui
1031 2489 1090 2537 tam
1107 2481 1200 2538 bonus
1213 2481 1276 2552 eius
1290 2488 1383 2537 status
1401 2479 1432 2536 in
1448 2479 1513 2546 tide,
1538 2479 1616 2537 unde
1631 2478 1730 2548 lapsus

91 2565 171 2622 iones
194 2566 355 2635 interdixit,
376 2568 423 2624 bic
446 2569 487 2625 ita
506 2569 831 2640 superdcisabstineu-
884 2571 1056 2628 inerrorem
1079 2570 1290 2641 relinquendus
1308 2576 1360 2637 est,
1382 2576 1411 2626 et
1438 2568 1476 2625 ad
1492 2567 1586 2638 ipsum
1600 2560 1727 2624 tantum·
1799 2640 1801 2643 Ι

91 2653 185 2721 nectit,
214 2670 251 2713 ne
278 2669 329 2727 per
345 2658 433 2730 bujus
453 2658 650 2715 contentionis
671 2658 831 2716 dissensio·
884 2660 969 2717 modo
983 2666 1092 2729 spectat
1106 2667 1298 2726 ntrnmouea
1314 2672 1373 2728 ouo
1396 2658 1456 2727 ipse
1484 2655 1563 2729 quod
1590 2655 1730 2712 meruerit

91 2741 192 2799 nfirma
218 2742 325 2812 adhuc,
355 2744 449 2804 idest
477 2746 642 2817 imperfecta
665 2746 831 2803 ludaeornm
883 2756 1053 2819 recepturus
1079 2755 1130 2803 est.
1155 2746 1364 2803 Stobituutem:
1395 2759 1430 2802 ac
1454 2746 1479 2801 si
1499 2744 1622 2802 diceret:
1644 2742 1729 2799 llixi:

91 2844 190 2889 sorum
213 2847 231 2889 a
258 2834 315 2892 lieo
351 2835 576 2901 scandalizaret,
601 2842 635 2892 ut
657 2837 692 2892 ad
727 2833 830 2893 ludai-
883 2841 1001 2894 autaut
1023 2836 1107 2891 cudit.
1137 2835 1192 2891 Sed
1219 2833 1458 2906 quiaquaedieta
1485 2831 1606 2891 suntin
1631 2830 1730 2888 melio·
1777 2898 1784 2909 ,

109 2922 245 2990 redirent,
261 2924 285 2979 si
311 2924 348 2981 ab
373 2925 427 2992 bis,
444 2924 563 2993 scilieet,
586 2924 830 2982 interdicerentur
846 2908 868 2966 G
884 2939 945 2984 rem
961 2932 1071 2996 partem
1084 2922 1267 2993 interpretari
1281 2923 1325 2979 vel
1340 2934 1484 2992 exponere
1498 2920 1648 2988 debemus,
1666 2918 1729 2976 dico

91 3010 175 3078 tntiis,
203 3025 279 3083 quas
315 3013 361 3070 lex
395 3020 481 3069 antea
513 3020 660 3079 sanxerat,
686 3013 744 3070 imo
769 3012 829 3082 ipse
882 3015 979 3087 potins
1006 3012 1104 3080 stabit,
1121 3011 1150 3068 id
1173 3019 1216 3068 est
1242 3025 1301 3068 uon
1325 3018 1440 3081 propter
1460 3011 1515 3067 boe
1529 3006 1728 3076 damnabitur,

91 3111 124 3154 us
146 3113 196 3169 per
222 3100 324 3172 legem,
347 3101 425 3158 unde
451 3101 497 3158 bis
521 3103 572 3173 qni
587 3101 661 3159 iuter
684 3102 829 3159 Romanos
882 3104 961 3176 qnod
974 3102 1089 3160 velaelo
1103 3101 1174 3172 legis
1187 3100 1322 3168 abstinet,
1339 3114 1374 3157 ne
1402 3107 1505 3157 contra
1519 3097 1726 3165 conscientiam

91 3199 116 3242 ιε
132 3185 198 3244 ddei
213 3186 258 3244 vel
274 3189 411 3246 doctrine
422 3190 482 3261 jam
486 3228 564 3246 .......
584 3197 677 3258 erant,
702 3186 828 3246 consulit
881 3201 986 3266 peccet.
1004 3194 1100 3249 Potens
1118 3195 1159 3247 est
1171 3191 1253 3248 enim.
1270 3192 1311 3247 dc
1341 3189 1365 3246 si
1393 3188 1514 3246 diceret:
1530 3188 1594 3244 ldeo
1609 3189 1729 3260 quidem

93 3273 147 3342 ¹¹¹⁸,
163 3283 197 3332 ¹1¹
220 3276 244 3333 Si
259 3276 326 3348 (luit
352 3278 388 3334 de
417 3279 529 3337 noviter
547 3277 696 3335 conversis
719 3275 828 3335 Judaeis
880 3281 984 3340 melius
1002 3286 1055 3348 est,
1085 3278 1191 3349 opinor
1211 3279 1254 3335 vel
1270 3275 1445 3334 charitative
1471 3289 1578 3342 amero,
1592 3274 1664 3347 quia
1684 3274 1729 3334 nil

96 3361 240 3433 indrmns,
256 3365 283 3422 id
308 3374 351 3422 est
369 3366 552 3437 imperfectus
575 3366 671 3423 iulide
689 3367 737 3434 sit,
754 3376 827 3421 non·
881 3369 1028 3428 adversari
1053 3368 1167 3424 videtur
1190 3369 1263 3438 quin
1282 3367 1336 3423 boc
1351 3367 1527 3437 sperandum
1551 3363 1673 3422 nonsit.
1695 3364 1731 3422 Et

91 3449 204 3510 idelicet
218 3454 338 3511 credens
348 3454 495 3512 Cbristum
506 3469 558 3512 seu
568 3454 764 3526 evangelicam
778 3453 828 3509 do·
881 3460 937 3518 1100
950 3463 1113 3537 estzpoteus
1136 3460 1175 3512 est
1188 3458 1268 3520 Deus,
1292 3463 1345 3512 etc.
1377 3454 1442 3512 ldeo
1457 3455 1534 3511 enim
1551 3454 1626 3510 lleus
1648 3465 1730 3524 posse

91 3554 106 3596 1¹
119 3541 155 3597 δᾶ
169 3540 291 3599 salutem
304 3543 436 3601 sulficere
450 3545 510 3600 sine
524 3543 691 3601 carnalibus
701 3542 830 3614 ¹⁶3i80b·
881 3550 989 3607 dieitur
1003 3546 1082 3618 quod
1093 3560 1129 3603 ue
1146 3545 1223 3601 abeo
1243 3543 1292 3602 ilat
1308 3543 1388 3601 nulla
1408 3542 1542 3614 impediri
1559 3543 1672 3605 ratione
1688 3542 1732 3600 vi·

91 3627 146 3695 tis
176 3643 235 3686 non
259 3644 327 3687 eum
353 3631 502 3702 abjiciant.
527 3631 576 3688 sed
596 3639 828 3688 asumanteum
881 3638 977 3705 deror,
1005 3636 1034 3693 m
1073 3643 1115 3692 est
1137 3633 1181 3690 vet
1217 3635 1387 3690 auctoritate
1414 3631 1633 3689 untradtettur.
1660 3631 1730 3690 rate

91 3725 157 3784 tem,
172 3718 279 3776 scilicet
293 3720 330 3776 ad
341 3721 569 3783 conversionem,
590 3734 649 3776 non
665 3720 828 3790 disceptau·
881 3733 925 3784 est
945 3738 1025 3796 ergo,
1047 3729 1142 3795 potens
1157 3727 1198 3778 εει
1212 3726 1293 3785 Deus.
1316 3735 1350 3778 ac
1378 3721 1402 3777 si
1417 3720 1548 3777 dicatur:
1572 3719 1661 3777 Nulla
1690 3732 1727 3777 ue

91 3805 394 3880 cogitationibusque
411 3809 493 3865 idest
507 3810 543 3865 de
561 3808 615 3865 boc
628 3808 707 3880 quod
722 3807 752 3864 ln
766 3807 830 3864 tali·
883 3814 937 3871 boc
952 3812 1037 3870 iaciat
1051 3811 1195 3868 contraire
1205 3811 1279 3867 ratio
1294 3809 1418 3866 videtur.

91 3895 153 3964 edit,
169 3899 459 3968 noncoutendentes;
476 3897 558 3954 lacile
572 3898 649 3954 enim
663 3899 831 3968 contingere
919 3903 990 3960 Nou
1013 3901 1096 3956 clius.
1123 3898 1204 3956 Unde
1227 3898 1267 3953 ita
1296 3897 1347 3954 alii
1374 3896 1445 3953 aiios
1465 3896 1597 3968 iudicent
1615 3895 1662 3952 vel
1685 3908 1730 3952 re·

92 3991 124 4042 ut
151 3986 202 4056 qni
231 3985 260 4043 iu
290 3988 408 4044 exordio
431 4001 492 4043 suae
505 3986 703 4044 conversionis
723 3986 830 4056 imper·
885 3989 1076 4061 prehendant,
1102 3986 1256 4058 subjungit
1283 3985 1447 4056 Apostolus,
1464 3998 1501 4041 ex
1523 3984 1648 4055 propriis
1670 3982 1731 4041 sci·

91 4081 130 4130 est
150 4073 216 4131 illei
238 4075 379 4146 paulatim
405 4075 587 4146 postmodum
614 4075 775 4132 instructus
789 4073 826 4132 ad
884 4079 951 4137 lieet
967 4077 1161 4143 conscientiis,
1186 4075 1339 4132 cumatius
1357 4074 1465 4131 scilieet
1492 4080 1607 4130 censeat
1630 4072 1729 4129 obscr-

91 4161 186 4219 ionem
224 4164 385 4234 perveniat.
411 4165 493 4221 Attus
529 4165 602 4219 enim
628 4163 706 4221 nude
742 4164 831 4222 disce
847 4204 869 4259 D
886 4167 1017 4224 vandum
1032 4166 1061 4222 iu
1091 4163 1267 4221 abstinentia
1289 4162 1523 4234 supradictorum
1553 4162 1626 4217 diem
1653 4162 1728 4217 inter

91 4265 124 4307 es
138 4252 226 4324 nujus
240 4253 298 4308 sint
311 4254 430 4324 exponit
444 4254 553 4320 dicens,
567 4254 638 4324 quia
652 4253 727 4311 alius
741 4267 830 4325 onam
884 4259 968 4324 dum,
986 4256 1069 4312 idest
1090 4254 1177 4322 diem,
1197 4252 1299 4325 aliqua
1317 4253 1374 4309 alia
1389 4252 1435 4309 die
1460 4251 1640 4322 interposita,
1655 4248 1732 4309 sieut

91 4339 175 4397 :ilicet
212 4343 387 4411 praemissus,
416 4343 467 4413 qui
494 4343 666 4414 imperfectae
687 4350 730 4401 est
763 4342 828 4400 tidei
884 4339 1733 4418 modoquauaetsextaieria‚quibusmaximeabomnibus

91 4445 116 4486 te
133 4431 298 4486 manducare
312 4433 414 4499 omnim
431 4430 460 4488 id
474 4441 516 4488 est
531 4433 617 4491 licere
630 4433 686 4490 sibi
706 4432 828 4505 quibus·
882 4449 1000 4507 quoque
1017 4431 1186 4490 carnalibus
1207 4431 1346 4488 abstineri
1366 4431 1436 4489 solet
1451 4434 1567 4501 propter
1589 4428 1732 4486 edoman-

90 4518 146 4576 ibis
173 4520 261 4588 vesci,
291 4528 324 4578 ut
343 4521 457 4578 nullum
482 4522 612 4580 videlicet
634 4522 699 4579 iude
714 4530 829 4579 reatum
882 4526 949 4582 dam
966 4524 1211 4589 scillcetearuem,
1233 4534 1291 4577 non
1308 4528 1422 4591 propter
1437 4519 1556 4591 aliquod
1569 4518 1640 4591 legis
1650 4531 1730 4575 mau-

91 4622 100 4664 r
122 4607 214 4680 legem
244 4609 385 4666 incorrat.
413 4609 465 4676 oui
480 4615 585 4667 omem:
607 4624 642 4668 ac
665 4611 690 4667 si
710 4610 827 4679 diceret,
882 4614 994 4671 datum.
1009 4612 1092 4669 Altus
1105 4606 1637 4677 omoemdiem,sciliretobservandum
1648 4619 1721 4677 esse,

91 4698 99 4756 i
125 4699 180 4756 boc
199 4714 258 4757 uon
284 4701 387 4769 credit,
413 4701 555 4757 abstineat
578 4701 615 4758 ab
644 4699 699 4765 bis,
719 4701 830 4758 scilicet
881 4705 919 4761 ab
935 4700 1120 4761 bisvidelieet
1133 4699 1282 4766 carnibus,
1296 4699 1429 4771 quaslex
1444 4697 1599 4755 interdicit.

93 4788 272 4857 cibis,
299 4803 335 4845 ne
356 4788 486 4845 videlicet
512 4788 830 4845 contraconscientiam
920 4795 1111 4862 Unusquisque
1133 4791 1162 4847 in
1191 4788 1297 4846 talibus
1326 4791 1371 4848 bis
1402 4787 1511 4845 scilicet
1539 4784 1735 4856 dijudicandis

91 4889 131 4932 lm
159 4891 248 4950 ³80¹ss
273 4887 378 4948 lessoel·
395 4878 431 4933 lit
459 4877 513 4934 11⁰0
527 4885 583 4933 ⁹³¹²
612 4877 667 4945 Qui
694 4874 830 4934 infirmus
883 4882 928 4942 vel
945 4881 1148 4950 deliberandis,
1174 4880 1210 4936 de
1235 4879 1345 4950 quibus
1367 4877 1450 4936 nulla
1475 4875 1572 4933 adbuc
1590 4873 1733 4933 discussio

98 4965 153 5022 11³0
173 4967 282 5023 scilicet
299 4967 353 5023 fide
368 4967 523 5022 verborum
545 4966 660 5031 timens,
677 4964 784 5022 scilicet
799 4980 830 5024 se
882 4971 927 5028 vel
951 4971 1063 5028 ratione
1088 4969 1133 5026 vei
1149 4968 1320 5025 auctoritate
1334 4967 1410 5024 laeta
1424 4974 1478 5033 est,
1502 4963 1623 5020 abundet
1640 4965 1670 5020 iu
1681 4978 1731 5022 suo

91 5053 692 5126 linariortibusdamcibis‚clusmuudueet‚
705 5053 733 5110 id
747 5055 828 5112 estid
881 5076 975 5124 seusu.
988 5060 1017 5117 id
1032 5066 1075 5116 est
1089 5072 1172 5115 snam
1187 5058 1280 5129 magis
1294 5057 1458 5127 opinionem
1492 5067 1583 5126 quam
1609 5052 1747 5112 alterius.

91 5143 158 5212 mlo,
184 5152 218 5200 ιιι
231 5143 273 5200 eis
288 5152 389 5200 utatur
404 5143 486 5202 cibis.
504 5156 579 5214 quus
589 5149 618 5199 et
634 5142 718 5200 lacile
739 5143 829 5214 possit
882 5158 1036 5221 sequatur.
1050 5147 1186 5204 Nondum
1200 5146 1277 5203 enim
1292 5146 1329 5202 ab
1341 5143 1475 5214 apostolo
1490 5142 1536 5200 vel
1556 5141 1622 5200 aliis
1636 5142 1734 5201 docto·

92 5239 142 5298 ,et
157 5234 254 5289 minus
264 5231 391 5288 scandali
403 5230 543 5288 aliisinde
558 5231 695 5302 prebere,
710 5239 738 5289 et
758 5246 829 5289 non·
881 5234 964 5292 ribus
983 5232 1135 5289 manifesta
1154 5231 1228 5288 ratio
1258 5229 1364 5287 tradita
1379 5226 1515 5284 Romanis
1538 5228 1600 5284 istis
1626 5226 1732 5298 luerat,

91 5321 269 5378 tetiamsuae
288 5319 439 5394 religionis
461 5319 737 5377 commendationem
752 5321 827 5379 acci·
881 5334 935 5379 cnr
951 5326 1247 5391 propterpraeeeptum
1268 5315 1339 5388 legis
1366 5315 1428 5372 baec
1449 5314 1625 5372 abstinentia
1669 5329 1733 5374 ser·

93 5410 123 5469 Si
137 5412 216 5469 enim
242 5411 317 5468 alias
344 5423 447 5467 carnes
470 5409 575 5478 ederet,
600 5409 672 5467 alias
686 5424 765 5481 u0n3
788 5410 827 5468 la·
881 5409 980 5468 venda
1004 5422 1062 5465 nou
1094 5415 1177 5465 esset.
1205 5405 1258 5473 Oet·
1288 5406 1363 5478 sepit
1390 5406 1474 5462 diem
1501 5406 1542 5461 Ac
1565 5402 1590 5462 si
1609 5403 1732 5464 diceret:

91 5501 206 5560 deitare
228 5502 460 5561 convinceretur.
490 5499 544 5559 sed
570 5514 639 5560 cum
660 5499 698 5559 ab
732 5499 826 5560 omni·
881 5499 947 5558 ldeo
982 5496 1108 5572 quisque
1142 5503 1276 5557 nostrum
1310 5495 1341 5553 in
1367 5492 1477 5555 talibus
1489 5493 1589 5555 adbuc
1612 5506 1742 5569 prorsus
