3804 5962
103 159 158 220 923

371 158 476 216 PETRI
494 157 687 216 Muthul
704 156 780 216 OPP.
800 156 892 215 PARS
910 153 1253 215 1M.-tlsstoh0olca
1272 154 1315 210 ET
1333 153 1586 214 Primosorfflce

1875 40 1882 97 l

1800 154 1882 275 924⁸

101 293 142 348 Ac
157 289 181 346 si
198 288 294 346 dlcat:
316 287 392 345 Licet
406 288 446 344 sic
474 300 521 344 eos
543 287 716 360 vituperem,
742 293 849 354 tamen,
862 299 879 342 o
897 297 949 341 vos
962 281 988 339 A
1002 282 1053 340 illa
1063 283 1189 355 iustitia,
1205 297 1271 356 qua
1285 296 1322 341 ιι
1336 282 1392 340 ιιι
1402 290 1444 340 est
1458 281 1574 352 Christi,
1595 281 1624 338 id
1646 289 1688 339 est
1703 281 1766 353 ipsa
1784 281 1854 340 ddos

99 377 214 446 iratres,
238 391 322 434 orare
348 389 399 448 pro
425 375 480 433 illis
506 383 539 432 ut
567 374 718 432 salventur
745 388 803 432 non
834 373 948 432 desisto.

102 467 184 526 Unde
210 474 238 523 et
257 464 384 522 Ecclesia
408 463 534 536 singulis
548 465 633 521 annis
647 464 800 536 specialem
828 476 880 534 pro
902 463 952 518 lu·

102 556 169 614 deis
197 555 356 612 orationem
380 554 477 621 habet,
500 557 534 610 lit
559 557 631 610 heus
661 555 772 620 eufeot
794 552 951 608 oetomeuo

102 644 230 702 cordibus
259 659 351 698 eorum
365 646 391 697 et
415 647 512 715 aquito
535 645 659 711 oert'tote,
684 659 744 712 ιιι
759 643 882 699 Christus
900 647 950 708 est,

103 733 141 790 od
167 737 258 802 ipsum
286 735 479 786 conectuntur
516 730 584 803 (85).
619 732 732 788 Fratres
760 745 818 800 eos,
845 731 952 802 quibus

103 821 205 881 scribit
219 819 380 891 Apostolus,
398 819 475 887 dicit,
492 820 654 876 secundum
671 820 748 892 quod
764 820 876 879 Veritas
896 820 949 877 ait:

106 915 181 969 Unus
205 914 244 966 est
268 912 340 964 enim
362 912 444 964 Peter
462 914 549 964 uester
572 913 621 978 qui
643 911 673 963 irt
700 910 771 964 ooelis
786 914 826 964 est
841 909 951 980 (Mettis.

103 1016 183 1065 ιιιιι,
214 999 255 1071 9);
281 1006 313 1054 ut
328 998 391 1069 ejus
420 997 630 1068 correptionem
655 998 739 1068 quasi
767 1011 784 1053 ι
812 997 900 1055 tratre
923 1005 950 1055 et

104 1102 238 1159 compare
278 1102 336 1144 non
381 1087 529 1161 superiore
580 1088 721 1144 libentius
762 1087 950 1158 susciperent.

106 1179 185 1236 Unde
200 1178 262 1233 hec
276 1185 302 1234 ιι
319 1177 348 1232 in
364 1177 491 1232 Ecclesia
522 1175 641 1232 inolevit
663 1175 850 1243 consuetudo,
873 1184 906 1233 ut
923 1177 952 1233 in

105 1267 233 1326 exordiis
248 1266 418 1333 lectionum,
434 1279 499 1336 quae
519 1264 554 1321 de
572 1264 709 1335 Epistolis
722 1265 886 1337 apostolicis
901 1280 948 1322 su·

1003 371 1034 429 in
1049 372 1197 430 Christum
1223 371 1321 429 habita
1336 386 1389 429 nos
1400 371 1573 443 iustificens.
1591 370 1638 428 Sic
1660 371 1793 443 loquitur
1813 372 1851 429 ib-

1004 461 1090 530 idem,
1103 463 1210 520 scilicet
1231 463 1261 518 in
1275 463 1508 529 Deuteronomio,
1529 477 1580 533 per
1599 462 1697 532 ipsum
1712 462 1847 532 Moyscm,

1005 552 1056 623 qui
1074 566 1125 623 per
1145 566 1208 608 eam
1223 566 1290 609 rere
1308 553 1407 622 justus
1428 560 1499 620 erat,
1522 566 1574 607 nos
1595 551 1797 618 corroborans,
1819 560 1851 609 ιιι

1007 641 1037 697 ιι
1059 641 1150 698 nullis
1170 642 1340 698 deficiamus
1356 640 1400 698 vel
1427 641 1614 712 desperemus
1633 641 1770 697 adversis.
1796 642 1853 698 Hoc
1883 668 1886 693 ι

1004 740 1057 801 ιιι,
1088 731 1200 803 ipsoex
1224 731 1273 787 illa
1285 730 1409 802 justitie,
1431 744 1521 802 quam
1536 731 1596 801 jam
1622 729 1759 796 habebat,
1779 731 1853 789 sicut
1883 714 1886 733 '

1008 822 1096 878 dicit:
1121 822 1160 878 Ne
1188 821 1293 876 disceris
1323 822 1352 875 ιἰι
1372 819 1521 886 cordetuo,
1544 819 1570 874 id
1594 827 1709 876 estnon
1734 818 1851 891 cogites,

1007 918 1039 967 tu
1068 911 1154 966 homo
1182 909 1362 980 quicunque,
1391 910 1436 966 vel
1466 916 1497 964 tn
1527 907 1632 979 popule
1655 907 1759 964 Israel:
1790 908 1854 974 Quis
1886 956 1888 961 ,

1006 1000 1133 1055 ascendet
1166 1001 1195 1052 ire
1223 999 1328 1065 ocium,
1341 999 1369 1054 id
1388 1005 1430 1054 est
1452 1013 1488 1054 ne
1514 998 1646 1067 desperes
1664 996 1700 1053 de
1720 998 1782 1053 vite
1805 998 1854 1054 illa

1007 1088 1124 1156 coelesti,
1146 1088 1175 1144 iu
1196 1101 1256 1159 qua
1277 1087 1346 1145 sides
1358 1087 1465 1143 Christi
1492 1086 1634 1156 consistit,
1649 1095 1676 1143 et
1698 1087 1785 1158 cujus
1803 1101 1856 1144 nos

1008 1177 1200 1249 promissione
1215 1175 1341 1232 maxime
1364 1176 1497 1233 Christus
1512 1175 1609 1242 allicit,
1640 1175 1733 1248 quasi,
1759 1175 1795 1232 ad
1812 1176 1855 1232 vi-

1007 1275 1067 1324 tam
1082 1267 1161 1323 illam
1188 1266 1378 1322 conscendere
1407 1265 1537 1321 humana
1565 1264 1685 1321 minimo
1700 1265 1789 1335 possit
1809 1280 1857 1321 na-

107 1365 239 1425 muntur,
262 1357 372 1410 Fratres
390 1353 611 1425 prenuntietur.
628 1353 702 1421 Quia
721 1361 818 1410 antem
835 1368 886 1425 pro
903 1356 954 1411 ln·
1010 1364 1082 1421 tura,
1099 1356 1170 1428 quia
1185 1355 1240 1411 hoc
1254 1362 1337 1422 esset,
1364 1354 1460 1426 inquit
1474 1352 1637 1425 Apostolus,
1652 1368 1688 1411 ιι
1703 1368 1758 1410 sua
1777 1363 1856 1425 parto

106 1446 176 1504 daeis
205 1445 349 1502 orandum
372 1453 424 1512 est,
460 1442 622 1500 veloorum
649 1443 777 1500 maxime
802 1444 893 1501 errori
918 1445 954 1500 sit
1009 1444 1155 1502 Christum
1182 1445 1278 1514 ipsum
1302 1442 1414 1506 ahilla
1433 1443 1495 1498 vita
1521 1443 1673 1512 deducere,
1688 1441 1718 1500 id
1734 1450 1778 1500 est
1795 1457 1852 1500 cre·

106 1534 351 1605 compatiendum,
370 1532 507 1604 supponit
520 1533 634 1589 dicens:
653 1533 849 1588 Testimonium
871 1538 952 1601 errem,
1009 1535 1076 1592 dere
1090 1549 1143 1591 nec
1171 1534 1267 1604 ipsum
1292 1533 1361 1589 illuc
1390 1533 1598 1589 ascendissem
1621 1534 1750 1590 humana
1767 1546 1856 1603 quam

106 1636 144 1683 ιι
170 1637 216 1680 me
238 1625 300 1695 ipso
324 1624 376 1695 qui
400 1623 469 1679 olim
484 1611 619 1679 similiter
640 1622 790 1679 iacieham.
807 1624 954 1678 demutatio
1010 1625 1168 1694 assumpsit
1184 1622 1372 1680 naturadut
1391 1623 1451 1688 quis
1463 1621 1604 1676 descendet
1623 1624 1653 1675 iu
1671 1622 1813 1692 abyssum,
1829 1620 1857 1676 id

107 1723 148 1773 est
158 1730 213 1770 hort
223 1712 373 1769 secundom
387 1715 537 1778 scientium,
553 1712 582 1768 id
593 1719 635 1769 est
643 1712 735 1768 zelum
751 1712 782 1767 in
792 1712 883 1767 Deum
898 1727 955 1768 non
1010 1722 1052 1770 ιιι
1075 1713 1219 1784 usquead
1242 1712 1338 1783 ipsum
1354 1710 1442 1767 etiam
1456 1710 1626 1768 inlemumi
1651 1719 1701 1768 aut
1725 1724 1801 1781 quos
1818 1709 1857 1766 vi·
1892 1690 1894 1711 '

106 1802 309 1862 rationabilem
337 1816 389 1857 nec
404 1801 524 1869 bonum,
552 1801 624 1872 quia
644 1815 799 1866 erroneum
822 1808 957 1872 putantes
1011 1801 1111 1860 delicet
1131 1816 1190 1858 non
1216 1801 1350 1858 liberavit
1380 1800 1417 1856 ad
1439 1799 1564 1857 coelestia
1592 1815 1690 1857 secum
1720 1799 1857 1871 perducat

108 1892 216 1950 scilicet
236 1890 314 1960 quod
331 1904 389 1946 non
417 1897 459 1947 ιιι
476 1891 563 1961 iuxta
578 1890 649 1947 illud
664 1889 812 1956 Veritatis,
829 1890 953 1946 scilicet:

112 1983 192 2040 Vertit
206 1982 274 2035 horo
300 1985 331 2034 ιιι
350 1981 436 2034 omnis
452 1982 499 2046 qai
508 1995 554 2034 uos
569 1981 705 2050 interficit,
719 1978 872 2034 arbitretur
885 1979 957 2035 obse-

110 2073 205 2138 quium
218 2085 246 2125 se
256 2073 391 2140 praestare
409 2070 463 2124 Deo
479 2072 504 2123 et
519 2067 573 2123 ιιι
600 2070 703 2135 {ocimu
718 2065 787 2138 quio
801 2083 855 2123 aon
881 2083 958 2123 uoce-

107 2166 173 2215 rurtt
194 2163 305 2215 Putrem
330 2174 417 2227 neque
430 2173 472 2212 ιιι
489 2157 578 2229 (Joort.
596 2171 656 2224 ιιι,
673 2160 700 2223 2,
725 2157 762 2227 3).
787 2157 870 2214 Zelus
894 2158 954 2213 sive

111 2249 206 2305 bonus
219 2249 279 2304 sive
298 2246 509 2303 malnsdicitur
525 2247 620 2302 lervor
632 2245 764 2317 quilibet,
781 2254 868 2317 atque
881 2260 956 2301 com·

109 2337 197 2393 motio
211 2335 324 2391 accensi
339 2335 476 2390 animiad
489 2334 598 2405 aliquid
614 2335 783 2406 gerendum.
808 2334 958 2402 Quomodo

111 2430 208 2482 autem
237 2437 295 2478 non
317 2422 479 2478 secundum
507 2422 657 2478 scientiam
685 2422 782 2479 statim
813 2423 956 2494 adjungit,

111 2514 227 2571 dicens:
250 2513 411 2579 lquorontes
435 2513 508 2566 seim
529 2525 596 2582 quae
618 2512 693 2567 Deus
718 2513 870 2583 approbat,
892 2527 958 2583 quae

111 2610 152 2660 est
171 2601 303 2658 videlieet
318 2614 354 2658 ιι
379 2599 434 2656 ιιι
456 2600 571 2669 christi,
587 2606 613 2655 et
638 2615 726 2666 suom,
752 2600 781 2657 id
804 2608 846 2658 est
865 2615 956 2674 quam

1011 1893 1081 1962 quia
1102 1892 1156 1947 hoc
1171 1898 1244 1948 esset
1258 1890 1407 1949 Christum
1431 1891 1460 1946 in
1476 1890 1626 1960 abyssum,
1654 1890 1710 1946 hoc
1732 1896 1776 1945 est
1798 1902 1855 1945 cre·

1011 1981 1105 2039 dendo
1119 1981 1256 2037 reducere
1272 1979 1418 2036 Christum
1434 1979 1495 2036 sive
1516 1979 1663 2035 retrahere
1686 1978 1723 2035 ab
1744 1977 1795 2034 illo
1813 1977 1858 2034 de

1011 2086 1122 2135 scensu,
1150 2085 1209 2140 quo
1224 2069 1320 2126 fideles
1335 2084 1402 2126 suos
1419 2077 1548 2125 mortuos
1565 2069 1602 2126 ab
1618 2068 1731 2125 inlerno
1750 2067 1856 2125 libera·

1012 2161 1052 2217 ιιι
1065 2167 1093 2217 ιι
1104 2174 1201 2216 secum
1220 2159 1256 2215 ad
1278 2159 1404 2215 coelestia
1426 2158 1583 2214 transtulit.
1599 2158 1652 2214 Sed
1667 2158 1734 2224 quid
1759 2159 1855 2212 dicum

1011 2249 1106 2317 idest,
1129 2249 1223 2319 inquit
1238 2246 1402 2318 Apostolus,
1430 2247 1544 2304 attende
1559 2246 1637 2317 quod
1666 2245 1772 2303 ibidem
1795 2245 1859 2303 snb

1009 2338 1145 2410 iunctum
1160 2346 1203 2394 est
1222 2338 1258 2394 ab
1285 2337 1347 2407 ipso
1363 2337 1464 2407 Moyse,
1484 2337 1537 2392 hoc
1562 2334 1704 2403 videlicet,
1719 2350 1806 2407 prope
1818 2337 1858 2388 est

1011 2427 1135 2493 uerbum,
1150 2432 1216 2493 etc,
1234 2426 1262 2481 id
1278 2433 1320 2481 est
1335 2424 1417 2480 lacile
1432 2433 1473 2481 est
1492 2431 1519 2480 ιι
1543 2424 1573 2479 in
1593 2423 1704 2481 Christo
1723 2423 1779 2480 hoc
1792 2436 1856 2493 pro-

1013 2514 1087 2571 llteri
1102 2515 1276 2585 completum
1291 2513 1337 2569 vel
1352 2513 1477 2580 credere,
1495 2513 1530 2570 de
1545 2527 1664 2569 ascensu
1687 2512 1797 2569 scilicet
1811 2512 1857 2567 ho

1012 2603 1100 2660 minis
1119 2603 1154 2659 ad
1166 2603 1302 2669 coelestia,
1323 2610 1350 2658 et
1372 2602 1510 2659 descensu
1538 2602 1664 2658 hominis
1678 2601 1714 2657 ad
1734 2598 1857 2657 inferna.

112 2691 165 2764 ipsi
193 2705 244 2763 pro
266 2691 378 2763 justitia
402 2698 536 2761 reputant
560 2698 588 2746 ιι
607 2691 780 2761 approbant,
811 2691 842 2746 in
865 2690 959 2747 obser·
1014 2693 1080 2749 ldco
1109 2692 1192 2749 lacile
1219 2691 1297 2770 quia
1324 2690 1430 2748 rationi
1457 2705 1514 2747 non
1546 2699 1589 2748 est
1613 2690 1780 2754 adversum,
1812 2688 1857 2745 sed

112 2781 220 2838 ventiis
249 2780 355 2837 soilicet
380 2779 547 2837 carnalibus
560 2781 678 2834 uolentes
708 2784 836 2848 statuere,
867 2780 895 2835 id
918 2786 960 2836 est
1013 2781 1139 2837 maxime
1154 2794 1319 2853 congruum
1338 2779 1442 2836 divinoe
1464 2780 1631 2848 clementiae,
1661 2780 1726 2846 hoo,
1745 2786 1800 2845 est,
1817 2778 1859 2834 in·

114 2869 288 2927 immobilem
317 2870 623 2936 conseruaridustitio
650 2871 708 2937 Dei,
730 2869 816 2925 idest
834 2867 891 2924 illis
910 2867 959 2924 liei
1014 2870 1079 2941 quit
1092 2869 1254 2940 Apostolus,
1274 2870 1386 2924 vebum
1403 2869 1478 2939 fidei,
1507 2869 1592 2926 idest
1614 2869 1737 2925 verbum
1769 2867 1805 2923 de
1828 2880 1859 2923 eo

114 2960 272 3032 praeceptis,
289 2973 354 3030 qum
373 2957 537 3015 obedientes
543 2959 716 3029 justificant,
732 2973 789 3014 non
809 2965 878 3014 sunt
893 2959 960 3015 sub·
1014 2959 1092 3030 quod
1107 2957 1177 3015 fides
1201 2956 1297 3027 habet,
1322 2967 1350 3014 et
1376 2958 1411 3014 de
1431 2973 1464 3015 ιο
1486 2958 1562 3030 quod
1591 2958 1733 3015 creditum
1765 2955 1861 3012 lideles

111 3049 192 3120 jecti,
209 3047 296 3104 idest
321 3046 496 3113 obedientes,
519 3047 605 3116 quale
619 3055 661 3103 est
682 3046 768 3102 illud:
795 3046 910 3103 Creditis
931 3049 960 3100 in
1018 3049 1096 3105 lacit.
1112 3047 1196 3113 Quod
1211 3048 1335 3104 verbum
1357 3047 1464 3104 scilicet
1480 3062 1533 3104 nos
1557 3047 1676 3118 apostoli
1700 3045 1860 3118 predicare

113 3142 197 3195 Deum
213 3142 239 3192 et
267 3139 352 3191 ieme
375 3135 475 3190 credite
500 3137 594 3204 (doun.
631 3148 692 3202 ιιι,
715 3134 750 3205 l).
784 3136 863 3190 Finis
889 3136 961 3188 enim
1015 3137 1094 3193 missi
1108 3150 1219 3193 sumus.
1245 3137 1277 3193 Et
1293 3136 1404 3205 merito,
1429 3136 1500 3207 quia
1522 3137 1550 3192 in
1576 3136 1664 3206 huius
1690 3133 1772 3192 verbi
1796 3147 1860 3190 con·

114 3241 181 3285 rere
196 3228 362 3299 ignorantes
370 3224 420 3279 Dei
431 3224 585 3295 justitiam,
597 3223 667 3295 quia
680 3223 765 3280 iidem
780 3223 885 3281 Christi
903 3238 960 3280 non
1013 3226 1171 3283 lessioneet
1187 3225 1241 3282 lide
1256 3226 1335 3282 salus
1351 3234 1450 3283 nostra
1460 3225 1599 3282 consistit.

24 3366 29 3385 ,
114 3317 232 3383 habent,
253 3327 314 3385 qna
332 3313 539 3384 unusquisque
562 3313 654 3369 tidelis
672 3313 859 3384 justificatur.
880 3314 961 3381 Quod
1049 3315 1085 3371 Et
1100 3314 1154 3372 hoc
1167 3322 1219 3381 est,
1236 3317 1345 3381 quiesi
1368 3320 1408 3382 tu,
1424 3316 1595 3386 quicunque
1610 3315 1656 3379 sis.
1673 3321 1727 3370 ιιι.
1740 3313 1797 3371 Ore
1811 3325 1861 3369 suo

115 3419 184 3462 vero
198 3418 234 3460 ιι
260 3403 315 3458 ιιι
329 3402 437 3459 Christi
460 3403 586 3474 quisque
598 3403 785 3474 iustificetur,
811 3412 839 3460 et
854 3418 912 3459 non
925 3417 961 3460 ιι
1014 3404 1175 3471 confltetur,
1196 3405 1250 3475 qui
1278 3404 1355 3474 qnod
1374 3406 1509 3461 enuntiat
1533 3404 1678 3476 intelligit.
1698 3403 1791 3460 Corde
1810 3415 1861 3459 suo

116 3508 171 3552 sua
195 3492 317 3564 iustitia,
353 3490 490 3562 legalium
514 3491 619 3548 scilicet
648 3505 778 3562 operum,
809 3492 851 3549 sic
878 3493 959 3550 dicit:
1016 3494 1106 3551 credit
1121 3494 1173 3567 qui
1186 3507 1235 3550 cor
1249 3501 1276 3551 et
1287 3493 1559 3551 voluntatemsuam
1588 3494 1714 3567 applicat
1730 3492 1777 3550 his
1793 3506 1859 3563 que

116 3582 272 3650 Quioomri
284 3581 416 3648 credenti,
434 3580 461 3636 id
476 3587 517 3636 est
532 3581 687 3653 unicuiqui
715 3581 803 3651 ildeli,
835 3582 961 3638 Christus
999 3583 1117 3651 credit,
1128 3590 1162 3640 ut
1185 3583 1247 3653 ipsa
1270 3582 1402 3639 videlicet
1418 3583 1488 3639 ildes
1502 3597 1571 3639 cum
1594 3582 1630 3639 ad
1646 3596 1735 3656 opera
1754 3583 1859 3647 trahat,

117 3673 147 3730 id
168 3671 290 3729 estlides
309 3669 425 3727 Christi.
447 3670 649 3741 adjustitiam,
675 3670 703 3726 id
725 3680 769 3728 ιιι
798 3672 835 3728 ad
861 3672 916 3727 hoc
931 3677 963 3727 ut
1016 3671 1109 3732 veluti
1130 3685 1198 3727 cum
1223 3671 1289 3743 quis
1312 3670 1455 3728 credendo
1470 3670 1615 3728 Christum
1639 3670 1797 3727 amortuis
1819 3683 1860 3725 re-

117 3777 167 3835 pen
190 3775 224 3820 ιι
235 3760 421 3834 iustificetur,
442 3759 486 3817 vel
511 3759 577 3815 linis
601 3759 682 3831 legis,
712 3760 801 3817 idest
824 3759 962 3832 legalium
1017 3760 1178 3820 surrexisse
1204 3761 1233 3816 in
1250 3761 1340 3816 vitam
1367 3769 1516 3826 aeternam,
1536 3760 1642 3831 satagit
1664 3766 1750 3829 prout
1775 3764 1864 3828 potest

117 3866 249 3923 operum,
270 3863 336 3921 quae
350 3849 492 3920 gaudium
516 3849 617 3905 inillis
636 3850 774 3921 operibns
787 3865 867 3921 spem
882 3850 960 3906 salu·
1017 3858 1050 3908 ut
1064 3849 1187 3921 vestigia
1200 3850 1264 3922 ejus
1282 3849 1429 3920 sequendo
1451 3850 1487 3905 ad
1502 3849 1634 3919 ejusdcm
1654 3848 1721 3905 vite
1738 3847 1865 3905 beatitu-

118 3940 358 3998 tisconstitnunt.
383 3936 516 3995 Christus
538 3938 652 3995 cisnon
672 3938 807 4009 proderit.
841 3938 922 3995 Unde
938 3945 965 3995 et
1018 3939 1115 3996 dinem
1140 3937 1298 4008 perveniat.
1331 3937 1497 3994 Notandum
1522 3951 1589 3994 vero
1617 3937 1784 4009 frequenter
1804 3950 1866 3993 ιιι

119 4030 155 4086 ιι
173 4028 288 4087 Calates
315 4027 402 4082 dicit:
419 4026 450 4082 Si
478 4024 722 4092 circumcidemini,
740 4025 862 4081 Christus
889 4024 964 4079 vobis
1018 4028 1180 4100 nire,quod
1197 4041 1264 4083 oum
1277 4027 1312 4083 de
1331 4027 1423 4083 Veteri
1433 4028 1614 4083 Testamento
1629 4027 1731 4097 aliqua
1744 4027 1773 4081 in
1789 4025 1866 4083 Novo

119 4114 408 4186 nihilorodertthlot.
427 4131 450 4179 v,
475 4113 515 4185 ι).
543 4114 579 4170 Et
594 4127 644 4184 per
671 4122 859 4185 semetipsum
884 4112 964 4170 Chri·
1020 4116 1186 4174 testimonia
1208 4116 1399 4184 inducuntur,
1422 4116 1504 4172 laoile
1525 4123 1566 4172 ιιι
1595 4115 1714 4172 indues
1740 4115 1867 4171 testimo·

120 4215 182 4264 slus
196 4207 283 4263 dicit:
308 4207 396 4270 Usque
412 4203 450 4258 ad
461 4206 591 4258 ioannem
602 4204 646 4258 lew
663 4208 688 4258 el
700 4204 839 4274 prophete
854 4203 963 4274 (Mattb.
981 4204 1070 4262 unta
1090 4205 1229 4278 applicari
1253 4204 1289 4261 ad
1325 4204 1555 4262 confirmandam
1582 4204 1619 4260 ad
1650 4203 1727 4275 quod
1752 4203 1869 4260 inducta

121 4312 161 4364 ιι,
177 4294 230 4364 lii).
1023 4303 1101 4363 sunt,
1130 4295 1154 4350 si
1182 4309 1232 4366 per
1262 4295 1378 4365 seipsa
1408 4294 1636 4351 considerentur.
1671 4291 1699 4348 Si
1722 4306 1794 4349 vero
1817 4291 1869 4348 loci

153 4389 256 4455 Moyses
293 4384 373 4438 enim.
399 4382 529 4439 Ostendit
558 4382 650 4452 ipsius
676 4380 849 4452 legislatoris
872 4381 964 4452 Moysi
1022 4383 1193 4441 illiusunde
1208 4392 1324 4453 sumpta
1339 4390 1408 4440 sunt
1422 4381 1655 4439 circumstantias
1675 4380 1762 4437 simul
1780 4389 1869 4438 atten-

121 4471 290 4534 testimoniis
317 4485 354 4528 ιι
380 4470 493 4542 justitia
515 4470 586 4543 legis
613 4469 740 4541 impleta,
775 4469 805 4524 in
830 4470 969 4540 operibns
1023 4474 1138 4538 damus,
1152 4481 1180 4531 ιι
1213 4473 1358 4544 quomodo
1387 4473 1537 4544 superiora
1562 4471 1776 4543 Scriptnraevel
1803 4470 1869 4527 inle-

119 4563 225 4621 soilicet
252 4561 309 4617 illis
345 4560 524 4624 carnalibus,
561 4559 707 4615 neminem
736 4559 852 4630 assequi
874 4559 966 4614 vitam
1023 4564 1102 4620 riora
1124 4563 1152 4620 ei
1167 4564 1247 4635 quod
1272 4563 1339 4620 inde
1353 4570 1504 4633 sumptum
1526 4571 1567 4619 est
1594 4562 1736 4618 cohaerere
1751 4567 1870 4632 queant,

121 4661 269 4719 salernam,
290 4664 343 4707 11⁶⁰
364 4650 453 4706 luisse
471 4648 654 4719 promissam,
670 4648 719 4704 sed
743 4648 890 4719 li⁰li11⁸⁰¹
914 4646 970 4704 fide
1024 4651 1186 4724 plurimum
1201 4659 1300 4710 nostra
1320 4659 1494 4724 angustatur
1509 4651 1721 4723 intelligentia:
1744 4650 1827 4716 Quod
1846 4651 1873 4704 in

122 4741 235 4802 Christi.
249 4739 392 4797 tristitiom
416 4755 476 4809 quar
490 4753 525 4793 ere
549 4737 606 4804 tere
620 4740 670 4805 est,
693 4739 742 4808 qui
764 4738 859 4803 {coeit
882 4738 970 4804 bomo,
1025 4742 1079 4799 hoo
1096 4755 1212 4813 quoque
1233 4741 1307 4811 ipso,
1333 4741 1412 4812 quod
1422 4755 1502 4797 nunc
1516 4740 1681 4810 expositum
1691 4747 1744 4806 est,
1760 4739 1873 4795 contin·

122 4834 151 4890 id
170 4839 212 4889 est
231 4829 437 4902 legaliaopera
468 4826 641 4897 impleverit,
654 4828 726 4882 eioet
741 4841 828 4897 super
851 4834 969 4893 terram,
1027 4829 1068 4901 git
1098 4829 1271 4885 testimonio.
1308 4827 1390 4895 Quod
1428 4835 1460 4884 ut
1490 4826 1660 4898 diligentius
1695 4827 1873 4893 intueamur,

121 4921 229 4980 scilicet
248 4923 278 4975 in
297 4935 338 4987 eo,
357 4918 442 4974 idest
467 4925 581 4988 propter
603 4914 693 4986 ipsius
719 4915 791 4988 legis
815 4917 970 4974 observan-
1029 4917 1285 4989 ipsiusSeripturae
1303 4917 1393 4974 verba
1409 4916 1500 4973 latius
1525 4916 1708 4987 replicemus.
1730 4915 1875 4987 Scriptum

126 5012 197 5070 tiam
210 5010 276 5066 vitre
289 5009 377 5080 hujus
402 5005 484 5065 bonis
498 5005 621 5072 iruetur,
637 5019 695 5061 non
710 5014 832 5063 aeternae.
849 5005 913 5071 Qua
922 5023 972 5062 ou·
1027 5016 1070 5064 est
1083 5007 1163 5064 enim
1176 5007 1207 5064 in
1220 5006 1455 5074 Deuteronomio,
1468 5021 1529 5076 cap.
1545 5020 1619 5075 ιιι,
1631 5019 1697 5062 cum
1714 5014 1776 5075 post
1786 5006 1875 5077 legem

125 5107 177 5157 tem
198 5116 233 5156 ec
245 5100 298 5170 tide
314 5104 363 5168 est,
381 5097 408 5153 id
423 5104 465 5154 est
481 5095 620 5167 quoniam
630 5093 701 5152 fides
711 5096 745 5152 de
760 5109 819 5152 non
829 5109 972 5167 apparen·
1029 5097 1125 5152 datam
1140 5096 1249 5167 Moyses
1272 5095 1310 5152 ad
1332 5095 1545 5153 observantiam
1569 5095 1641 5167 legis
1662 5093 1804 5165 populum
1829 5108 1877 5150 ιι·

124 5191 202 5248 tibus
215 5198 267 5258 est,
281 5187 459 5245 vitamillam
477 5193 623 5253 aeternam,
641 5199 707 5256 quae
723 5186 752 5241 in
769 5184 890 5254 :Christo
911 5184 975 5243 ιιι·
1030 5184 1196 5241 hortaretur
1214 5184 1259 5241 his
1281 5184 1395 5241 verbis:
1423 5183 1588 5240 Mandatum
1610 5184 1659 5239 hoe
1676 5183 1750 5253 qood
1773 5199 1823 5253 eqo
1831 5182 1879 5238 tibi

125 5279 240 5336 condita
268 5285 321 5346 est,
346 5278 442 5350 potius
472 5275 612 5347 promittit
631 5288 720 5346 quam
748 5281 932 5345 presentem
948 5283 976 5332 ιι
1028 5274 1159 5344 praecipio
1174 5273 1262 5342 bodh,
1283 5289 1337 5330 nort
1360 5289 1446 5344 supro
1461 5278 1486 5330 te
1509 5278 1549 5328 est
1564 5288 1651 5343 neque
1678 5273 1775 5343 procel
1801 5276 1879 5343 post·

127 5367 285 5425 invisibilia
310 5365 405 5439 potins
432 5379 522 5437 quam
540 5363 668 5424 visibilia
697 5364 784 5423 bona.
800 5365 837 5423 Et
855 5366 916 5423 ιιι
933 5372 976 5424 ιιι
1031 5367 1099 5429 tum,
1113 5378 1163 5421 ιιι
1176 5366 1206 5420 rit
1218 5362 1282 5420 eolo
1302 5366 1387 5421 sitem
1404 5368 1436 5419 ut
1455 5365 1545 5435 possis
1558 5363 1663 5419 dicere:
1677 5361 1745 5430 Quis
1759 5366 1881 5420 rtostrttrtt

167 5472 225 5546 (ιιι)
242 5469 324 5533 Ollio.
339 5471 416 5530 licei.
432 5469 469 5529 ad
482 5472 602 5532 missam
622 5472 653 5530 in
667 5471 815 5531 admonit.
837 5471 869 5530 in
882 5470 967 5532 dies.
980 5472 1162 5531 Percuteret.
