3804 5962
781 190 901 250 sentit)
919 190 969 249 tv.
1702 194 1758 253 iib'

79 315 256 386 erbloysem
279 321 338 371 tam
363 314 526 386 significata
552 328 643 387 quam
664 315 742 382 data,
767 315 853 386 Nihil,
870 322 892 374 11
909 316 1065 388 gistrorum
1101 317 1250 374 conversio
1276 317 1483 390 discipulorum
1511 317 1640 374 maxima
1676 318 1757 378 iteret

79 402 270 473 tllpesiolus,
298 402 337 458 ad
364 403 515 473 perfectam
539 403 659 459 adducit
682 403 775 476 (Heba.
802 417 853 474 vit,
910 405 1058 462 aediiicatio
1075 406 1208 476 ;sicutet
1225 407 1253 463 in
1276 406 1439 473 Gamaliele‚
1457 407 1621 474 Nicodemo,
1652 407 1754 478 Paulo,

79 492 247 560 Impossibile
268 493 338 546 enim
365 498 412 554 est,
440 492 547 561 inquit,
575 494 711 560 scapulae
734 493 856 548 bacarum
910 494 1044 565 Dionysio
1072 496 1256 568 areopagita,
1285 496 1426 553 etmultis
1449 497 1523 562 altis,
1553 505 1609 552 tam
1643 497 1672 551 in
1693 496 1755 567 lege

79 587 225 636 tatarorum
258 581 365 648 cessere-i
388 586 501 650 peccato
528 582 623 652 (Hebe.
649 595 682 650 x,
710 582 747 647 i).
774 582 855 638 Unde
910 598 998 654 quam
1028 586 1056 640 in
1084 584 1263 655 pbilosoplua
1299 586 1544 655 praeminentibus,
1571 585 1753 656 postmodum

79 669 90 725 Ι1
123 671 211 726 losue
243 669 394 757 succedere
423 683 537 726 necesse
563 670 625 737 luit,
654 670 724 741 quia
749 671 856 728 irustra
909 680 1069 730 actuurest.
1087 672 1157 740 Quis
1177 673 1253 730 enim
1281 688 1390 745 magos,
1420 674 1481 730 sive
1504 673 1608 728 arieles
1634 675 1662 729 in
1693 680 1756 729 tau·

79 757 188 815 essisset
222 756 377 828 legislator,
417 758 472 814 nisi
513 768 684 828 sequeretur
709 758 853 815 Salvator.
910 769 970 817 tum
991 761 1172 818 detestandos
1195 777 1256 819 esse
1275 765 1397 834 ignoret,
1426 771 1531 819 utnon
1555 762 1647 817 seium
1668 761 1753 832 ipsos,

79 846 205 917 proiecto
235 853 297 916 post
325 846 478 903 transitum
512 848 646 903 iordanis
676 848 856 904 introductos
909 849 1060 906 sedetiam
1082 851 1238 920 quemlibet
1252 851 1288 907 ad
1305 866 1352 907 eos
1367 849 1614 908 declinantemlex
1632 849 1754 906 interllci

79 949 157 992 rram
174 935 372 1006 promissionis
386 950 453 992 oum
473 943 554 1006 petra
576 936 768 1002 circumcidit,
785 936 855 993 dum
907 938 1140 1010 jubeatiaeeit.
1155 954 1204 1007 xx,
1226 941 1264 1011 6.)
1294 939 1422 1008 Quorum
1451 939 1590 996 nefariam
1617 947 1644 994 et
1673 952 1754 994 ease·

78 1024 136 1080 icet
157 1038 210 1079 nos
240 1024 270 1079 in
307 1023 448 1094 baptismo
475 1034 666 1094 regeneratos,
698 1033 785 1096 atoue
819 1025 856 1080 ad
909 1027 1044 1085 crabiletn
1057 1029 1218 1085 doctrinam
1247 1043 1263 1084 a
1289 1029 1468 1085 dromonibus
1489 1029 1635 1084 inventam
1665 1036 1753 1098 atque

79 1126 138 1168 rnre
154 1113 311 1168 vocationis
339 1112 533 1168 haereditatem
565 1114 727 1182 perductos,
755 1127 855 1169 verant
909 1125 1094 1187 assumptam,
1108 1119 1168 1188 ipse
1182 1119 1503 1190 quoquellteronymus
1526 1117 1555 1173 in
1576 1117 1679 1172 isaiam
1707 1115 1752 1172 itis

79 1201 166 1257 nobis
193 1200 441 1257 circumcisionem
467 1201 722 1272 persemetipsum
750 1202 778 1258 in
805 1216 855 1273 pe·
910 1206 1009 1261 asserit
1023 1207 1207 1278 verolamii:
1234 1229 1249 1257 κ
1267 1207 1341 1278 uagi
1356 1208 1393 1264 ab
1416 1206 1531 1265 Oriente
1550 1207 1624 1263 docti
1654 1219 1671 1261 a
1694 1206 1753 1262 dae·

83 1298 227 1362 guratum
243 1290 355 1356 tribuit,
379 1289 427 1345 cui
443 1298 485 1346 est
501 1305 567 1346 cum
585 1292 667 1346 Patre
691 1299 718 1346 et
747 1289 855 1361 Spiritu
910 1294 1054 1362 monibus,
1069 1298 1112 1352 vei
1137 1297 1223 1367 Juxta
1237 1296 1414 1367 prophetiam
1440 1297 1563 1352 Balaam.
1578 1296 1661 1367 (Num
1675 1308 1753 1361 xxiv,

79 1394 102 1435 ,o
124 1378 250 1450 aeapoalis
271 1378 372 1449 gloria,
400 1387 542 1436 coaeterna
555 1379 699 1450 majestas,
716 1392 767 1450 per
791 1379 857 1434 iuli·
913 1383 955 1453 ti)
978 1384 1167 1456 intelligentes
1201 1397 1302 1443 natum
1326 1386 1429 1443 Filium
1469 1387 1527 1454 Dei,
1557 1385 1607 1456 qui
1638 1397 1753 1441 ornnem

79 1468 254 1525 saeculerum
269 1467 384 1524 saecula.
402 1469 504 1524 Amen.
910 1472 980 1529 artis
1006 1488 1106 1531 eorum
1121 1476 1280 1532 destrueret
1296 1484 1472 1546 potestatem,
1500 1482 1642 1532 venerunt
1671 1474 1754 1530 Beth·

910 1562 1016 1629 leuem,
1043 1571 1070 1620 et
1092 1565 1258 1622 ostendente
1286 1565 1377 1633 stella,
1408 1565 1605 1622 adoraverunt
1631 1575 1755 1633 puerum

336 1628 455 1685 5ΕῆΜο
478 1628 526 1688 ¹V·
873 1652 1020 1723 miliani.
1048 1668 1079 1721 tt,
1105 1655 1185 1727 tl).·
1214 1656 1340 1713 isidorus
1367 1670 1485 1727 quoque
1515 1654 1571 1725 (86)
1614 1650 1757 1723 Elymaio-

266 1768 293 1810 ,Ν
316 1768 468 1810 nepam,
490 1769 597 1812 nomm,
912 1741 1026 1812 giorum
1064 1742 1113 1800 lib.
1154 1759 1193 1811 ut,
1237 1759 1388 1818 magorum
1431 1745 1517 1802 etiam
1553 1742 1756 1813 proprietatem

910 1829 1111 1902 distinguens:
1135 1833 1210 1904 Magi
1226 1843 1304 1901 sunt,
1326 1835 1431 1905 inquit,
1448 1833 1499 1905 qui
1521 1830 1608 1902 vulgo
1621 1828 1753 1896 maleilci,

910 1919 946 1975 ob
962 1919 1122 1978 facinorum
1153 1923 1380 1994 magnitudinem
1396 1929 1614 1992 nuncupantur.
1633 1919 1665 1974 iii
1694 1918 1755 1974 elo-

79 2004 215 2076 iphaniae
238 2017 365 2073 praesens
377 2003 542 2061 solemnitas
557 2006 690 2062 vocabuli
719 2007 765 2064 sui
787 2020 856 2078 pro·
910 2016 1007 2065 menta
1021 2012 1330 2076 convertunt,turbant
1346 2019 1453 2068 mentes
1468 2010 1628 2076 bominum,
1641 2021 1675 2063 ac
1693 2007 1755 2063 sine

79 2104 157 2151 amm
173 2092 273 2148 multis
287 2099 313 2148 et
336 2092 423 2147 variis
446 2106 543 2148 rerum
571 2094 724 2149 eventibus
748 2095 856 2151 ntundo
912 2096 970 2154 ullo
993 2098 1096 2154 veneni
1119 2099 1225 2157 haustu
1247 2101 1382 2156 violentia
1409 2108 1522 2156 tantum
1547 2095 1684 2154 carminis
1712 2095 1754 2152 iu·

79 2184 148 2241 suit.
188 2180 272 2247 Quod
303 2181 378 2236 euim
411 2181 594 2250 Theopuaoia
624 2182 669 2238 vel
698 2183 857 2254 Epiphania
911 2184 1436 2260 terimunt.UndectLucanusldilz

79 2287 103 2329 ae
124 2273 242 2337 dieitur,
260 2269 287 2324 id
302 2269 400 2326 Latine
424 2269 473 2325 Dei
501 2271 652 2341 apparitio,
684 2272 729 2327 vel
753 2286 855 2342 super·
982 2293 1055 2346 pen,
1070 2292 1163 2348 paup,
1177 2293 1254 2349 „upa
1268 2295 1567 2364 ,anpepopugavemp

80 2360 150 2417 ritio
164 2366 364 2428 noncupatur.
386 2358 516 2415 Salvator
540 2359 630 2431 igitur
651 2361 763 2427 mundi,
794 2370 857 2431 post
981 2364 1222 2434 incantotoperit.
1607 2394 1619 2402 -

79 2469 83 2506 t
113 2447 280 2519 temporalis
306 2448 351 2502 sui
387 2461 468 2504 ortus
492 2448 710 2518 apparitionem,
735 2463 794 2520 qua
822 2448 857 2508 de
1302 2437 1417 2505 (Pilati
1435 2436 1483 2493 liii·
1501 2448 1626 2501 litim·
1644 2436 1719 2505 457).

79 2554 88 2594 t
114 2538 250 2609 prodiens
270 2535 399 2600 Virainis
422 2549 509 2592 carne
524 2551 552 2592 se
580 2537 720 2593 visibilem
748 2539 857 2594 mundo
912 2538 1181 2598 Daemenibuseuim
1198 2543 1295 2600 accitis
1310 2542 1619 2608 audentventilare,ut
1633 2540 1758 2611 quisque

79 2628 143 2694 tuit,
171 2634 198 2681 et
227 2626 256 2681 in
280 2626 415 2696 praesepio
446 2626 608 2695 pastoribus
631 2627 767 2694 innotuit,
798 2638 857 2684 una
912 2639 980 2682 suos
1003 2629 1124 2697 perimat
1145 2632 1226 2686 neatis
1239 2633 1350 2689 artibus
1366 2633 1504 2688 inimicos.
1524 2631 1656 2687 ilietiam
1688 2643 1755 2684 san·

79 2716 192 2772 nodum
216 2728 266 2785 per
283 2713 489 2770 revolutionem
506 2722 667 2784 temporum
680 2715 736 2776 die,
766 2715 858 2787 signis
913 2714 1000 2786 garine
1011 2724 1136 2774 utuntur
1148 2721 1319 2788 etvieiimis,
1330 2728 1358 2777 et
1371 2735 1444 2790 saepe
1455 2720 1627 2790 contingunt
1638 2729 1757 2786 corpora

79 2804 191 2864 bilibus
217 2818 277 2859 sesa
301 2803 426 2873 amptius
455 2802 638 2860 maniiestare
665 2803 801 2872 decrevit,
825 2811 858 2862 ut
912 2811 1103 2861 mortuorum.
1135 2806 1215 2874 Qrtotl
1262 2822 1330 2865 vero
1357 2806 1397 2864 ait
1436 2809 1638 2876 Hieronymus,
1675 2804 1753 2878 qued

79 2907 139 2950 eunt
158 2906 194 2947 ex
217 2889 367 2962 Scriptura
383 2904 440 2946 non
457 2897 673 2961 cognoscerent,
690 2903 788 2947 rerum
805 2890 859 2947 sal·
912 2890 1002 2948 edocti
1020 2904 1037 2947 a
1052 2893 1231 2951 daemonibus
1245 2895 1320 2965 titagi
1340 2895 1473 2951 venerint
1499 2907 1629 2965 numere
1658 2891 1756 2948 Salva-

95 2980 290 3038 ao'miratione
329 2978 513 3035 traherentur
542 2977 579 3033 ad
613 2977 706 3035 iidem.
742 2979 857 3039 Novum
875 3014 897 3071 G
914 2986 1178 3054 toremperquem
1198 2983 1395 3054 magisterium
1412 2997 1498 3039 suum
1520 2980 1629 3038 destrui
1655 2978 1753 3038 lorini·

79 3085 113 3143 pe
139 3070 262 3126 eoelestts
288 3067 366 3140 regis
389 3074 486 3124 ortum
510 3066 540 3122 in
567 3067 650 3124 terris
673 3083 749 3124 nova
777 3069 859 3127 stella
913 3067 1021 3125 dabant
1036 3085 1093 3127 non
1113 3072 1152 3127 ita
1179 3073 1307 3143 accipere
1335 3073 1476 3144 aegilam,
1503 3079 1534 3128 ut
1562 3072 1615 3127 bac
1634 3083 1682 3126 eos
1710 3070 1754 3124 in·

79 3176 97 3218 s
122 3158 274 3225 revelavit,
313 3166 339 3214 et
366 3171 454 3228 super
483 3157 659 3228 baptizatum
692 3157 856 3226 Dominum,
912 3156 1037 3214 tentione
1051 3159 1191 3216 diabolica
1204 3162 1350 3232 sttgsestio
1378 3161 1422 3218 vel
1445 3161 1605 3217 exhortatio
1621 3158 1755 3225 mitteret,

79 3249 218 3320 ¹apertis,
240 3255 267 3303 et
295 3246 428 3303 columba
453 3247 482 3303 ia
509 3260 575 3303 eum
603 3247 800 3313 descendente,
830 3254 858 3304 et
913 3249 946 3300 ut
963 3247 1042 3302 scad
1058 3249 1210 3306 bantinum
1227 3249 1373 3308 christum
1399 3248 1670 3314 converterent,sed
1698 3262 1758 3304 ma·

79 3351 210 3395 navoee
236 3336 270 3392 de
295 3336 367 3391 Filio
396 3335 574 3400 testificante,
610 3349 668 3391 non
691 3335 784 3391 selum
807 3349 857 3405 po·
913 3331 958 3400 gis
977 3340 1009 3388 ut
1034 3349 1100 3390 eum
1125 3336 1297 3408 inquirendo
1327 3337 1490 3407 proderent,
1518 3350 1604 3407 quein
1635 3335 1755 3392 Herodis

84 3425 303 3492 circumstanti,
321 3439 419 3482 verum
436 3423 522 3480 etiam
536 3424 589 3494 ipsi
607 3425 740 3495 Baptistae
755 3423 858 3480 loanni
913 3420 1151 3481 siveludaeurum
1181 3426 1312 3496 nequitia
1334 3426 1368 3482 ad
1387 3426 1563 3496 perdendum
1594 3424 1758 3490 inveniret3

79 3517 135 3573 trie
150 3521 367 3585 quantusessct
389 3513 525 3580 innotuit,
552 3513 626 3569 sicut
644 3521 672 3569 et
696 3513 755 3583 ipse
772 3512 858 3568 ioan·
913 3513 997 3589 quasi
1020 3516 1057 3570 alt
1071 3530 1103 3571 eo
1119 3522 1287 3580 metuentes,
1303 3513 1347 3569 vel
1363 3527 1510 3569 summum
1535 3527 1604 3569 eum
1628 3526 1758 3583 magum,

79 3606 237 3677 profitetur
263 3603 379 3659 dicens:
401 3604 472 3668 Qlll'tl
499 3603 558 3657 lidi
585 3603 719 3669 Spiritum
752 3603 859 3657 deacea-
913 3605 1136 3663 veltualedoum
1163 3603 1549 3672 opinantesaduuemtam
1574 3601 1629 3656 cito
1657 3614 1758 3673 magos

79 3711 114 3750 em
148 3695 233 3765 quasi
267 3694 418 3748 salutabam
438 3693 471 3746 de
499 3695 574 3759 celo,
602 3697 628 3746 et
651 3695 752 3746 natatasit
779 3707 859 3762 saper
913 3695 1057 3752 continere
1072 3692 1211 3748 viderent.
1229 3691 1309 3748 Unde
1320 3697 1348 3747 et
1361 3690 1463 3745 callide
1475 3704 1522 3745 eos
1550 3691 1586 3746 ad
1618 3691 1755 3747 ilerodem
1800 3697 1802 3701 ’

88 3786 127 3840 Bt
143 3796 193 3851 spo
209 3782 358 3836 nesciebam
373 3797 443 3836 eum.
459 3781 513 3836 Sed
537 3783 585 3847 qai
611 3783 688 3835 misit
709 3796 752 3834 me
769 3780 859 3850 bapti·
913 3790 941 3838 et
956 3777 1132 3850 melrttpolitn
1159 3781 1324 3836 iudaeorum
1349 3779 1450 3835 urbem
1471 3779 1564 3848 primo
1588 3778 1703 3846 direxit,
1726 3784 1758 3834 ut

87 3877 121 3927 in
148 3886 235 3938 equo,
259 3871 307 3924 ilie
329 3870 398 3924 miii
420 3871 518 3925 dicit:
545 3872 633 3939 Super
652 3884 730 3938 quem
755 3869 858 3924 uideris
914 3869 1088 3927 consulendo
1113 3882 1162 3923 eos
1190 3868 1340 3937 proderent
1367 3881 1454 3938 quem
1488 3867 1666 3936 querebant.
1703 3866 1758 3933 Qui

79 3967 143 4017 tum
164 3959 370 4014 descendentem
383 3964 409 4013 ei
431 3954 584 4014 mulcentem
614 3974 699 4028 super
722 3973 792 4024 etam,
817 3958 859 4013 itio
914 3960 989 4017 enim
1005 3958 1175 4013 concubitus
1187 3956 1335 4012 itominuitt
1351 3954 1469 4026 quaudo
1484 3953 1571 4010 luerit
1587 3968 1645 4009 non
1675 3954 1757 4024 iguo-

79 4055 110 4106 ui
137 4050 263 4119 baptizat
291 4051 320 4102 iu
348 4050 456 4118 spiritu
478 4054 582 4103 saucio.
613 4049 715 4114 Elepo
738 4047 807 4112 aidi,
835 4052 860 4102 ci
915 4057 969 4116 rai,
986 4062 1043 4104 non
1069 4045 1208 4102 imittelilo
1232 4045 1347 4100 videtur
1374 4044 1525 4114 agitavisse
1544 4056 1610 4099 euin
1633 4041 1757 4113 dclvii·-

79 4143 195 4195 ttoaium
217 4138 352 4206 perhibui,
376 4140 442 4205 quia
467 4136 510 4192 bic
525 4142 564 4192 esi
587 4138 673 4191 Filius
702 4138 749 4190 lici·
769 4135 858 4207 (Jooa.
915 4137 982 4208 gine
997 4143 1098 4191 natum
1121 4134 1218 4200 luisse,
1241 4133 1326 4204 citius
1346 4133 1460 4189 nullutn
1479 4139 1597 4188 noverat
1622 4128 1757 4187 concubi·

79 4228 236 4297 ‚lienique
264 4226 403 4283 miraculo
426 4240 511 4297 aona
537 4227 567 4282 in
591 4226 692 4281 vinum
717 4237 861 4281 conversae
914 4232 987 4290 tum,
1003 4230 1032 4280 et
1051 4223 1112 4280 sive
1133 4237 1182 4292 per
1196 4223 1332 4294 angelum
1358 4222 1393 4278 ad
1422 4221 1540 4277 blariam
1569 4221 1661 4291 primo
1691 4220 1759 4275 mis·

79 4317 171 4374 titatis
183 4316 248 4386 ejus
264 4316 388 4385 potentia
407 4315 581 4381 declaratur,
596 4313 669 4369 sicut
682 4312 859 4383 evangelista
875 4302 898 4357 Ι)
914 4329 989 4382 snm,
1001 4315 1062 4369 sive
1092 4327 1142 4383 per
1167 4314 1283 4383 angelos
1311 4311 1491 4380 postmodum
1526 4308 1688 4381 pasteribus
1707 4323 1759 4380 ap-

79 4411 227 4472 nemorat,
254 4403 373 4458 diceus:
406 4405 461 4458 iloc
484 4405 550 4471 feeit
578 4404 690 4457 initiatae
717 4403 860 4469 sipnoratm
916 4411 1058 4474 parentes,
1088 4403 1129 4458 rei
1163 4411 1272 4458 eertum
1300 4401 1405 4457 habere
1431 4398 1475 4455 vel
1502 4399 1681 4468 suspicatum
1698 4411 1758 4454 esse

79 4495 134 4547 tin
148 4493 227 4549 duna
243 4491 373 4558 Galilaea,
387 4498 413 4547 et
434 4494 624 4558 monitos-lucit
643 4491 758 4559 pierium
783 4505 861 4544 seem
915 4506 1003 4562 quam
1032 4491 1174 4546 excellens
1192 4491 1252 4560 ipse
1272 4488 1368 4552 inerit,
1385 4496 1483 4544 etsaae
1510 4485 1673 4543 contrarius
1702 4499 1762 4542 ma-

79 4597 136 4649 .tt,
156 4581 214 4650 11).
244 4584 278 4637 ct
298 4582 473 4637 crediderant
496 4583 527 4635 iu
553 4596 613 4635 eum
635 4580 766 4648 discipuli
789 4580 858 4647 ejus.
915 4579 1050 4652 lignitati.
1064 4580 1118 4636 Cui
1137 4579 1221 4635 otiam
1238 4577 1379 4634 nonnulla
1392 4577 1449 4633 alia
1464 4577 1651 4646 praecedentia
1678 4576 1762 4647 signa

79 4688 91 4729 c
111 4671 208 4742 igitur
221 4670 352 4741 singulas
372 4671 439 4727 istas
462 4668 652 4727 revelationes
674 4667 787 4723 tietuini
816 4679 861 4723 or·
915 4683 982 4740 quae
998 4669 1025 4724 iu
1042 4667 1170 4724 historiis
1185 4667 1368 4723 eontinentur
1388 4664 1594 4729 ecelesiasticis,
1620 4664 1690 4719 satis
1713 4663 1761 4720 in-

101 4768 323 4832 prosequentes,
347 4760 384 4816 ad
412 4759 559 4831 praesentis
584 4758 640 4815 diei
666 4757 788 4829 gloriam
815 4755 861 4812 in·
916 4756 989 4813 dicio
1020 4763 1176 4827 potuerunt
1201 4769 1271 4821 esse,
1312 4761 1423 4825 quanta
1451 4765 1548 4809 rerum
1578 4753 1605 4806 in
1631 4749 1762 4820 proximo

79 4862 118 4906 tm
136 4861 372 4906 consummemus
387 4862 513 4918 operam.
915 4854 1039 4901 naturus
1053 4843 1222 4900 excellentia
1237 4844 1427 4913 premineret.
1440 4841 1541 4906 Qualia
1555 4839 1673 4910 quidem
1691 4843 1762 4893 sunt

81 4952 120 4996 ue
149 4935 239 5008 magi,
271 4935 404 5007 primitiae
433 4937 573 5007 gentium,
603 4934 638 4991 ad
660 4933 744 4990 ssdem
767 4931 860 5003 primo
916 4933 965 4990 illa
979 4947 1045 5004 quae
1062 4933 1169 4990 Paulus
1187 4932 1307 4988 Orosius
1319 4932 1376 5002 (88)
1397 4929 1609 4999 antiquitatum
1625 4927 1662 4983 ab
1683 4924 1760 4984 Urbe

80 5027 90 5084 i
113 5025 247 5094 luerunt,
284 5033 316 5082 ut
340 5025 391 5096 qui
419 5024 543 5081 maxime
573 5025 679 5080 erroris
709 5028 861 5080 tenuerant
914 5022 1030 5079 condita
1059 5021 1131 5077 libro
1159 5035 1196 5076 vu
1222 5025 1438 5076 commemorat.
1468 5017 1553 5073 [ilicet
1575 5017 1682 5087 suippe
1711 5013 1760 5080 ibi,

79 5114 222 5180 istoriam,
253 5113 304 5183 ipsi
332 5112 514 5184 postmodum
543 5113 630 5170 etiam
659 5126 720 5168 suae
737 5122 860 5167 conver·
914 5114 1046 5181 Angttsto
1070 5109 1231 5165 Caesareab
1259 5108 1367 5164 oriente
1394 5105 1556 5177 triumphos
1575 5105 1758 5174 importante,

79 5201 246 5270 sexempio
267 5199 332 5256 lidei
349 5200 474 5256 iacerent
503 5200 720 5266 documentum,
744 5207 772 5253 ct
800 5209 860 5252 tite·
913 5206 1024 5256 tantam
1040 5211 1057 5253 a
1073 5199 1193 5253 Detnino
1222 5211 1320 5266 pacem
1345 5195 1454 5252 mundo
1479 5209 1541 5251 esse
1563 5194 1706 5260 collatam,
1730 5198 1762 5247 ut

79 1882 208 1949 Tectum
233 1880 434 1935 etaettdaeimus
458 1896 508 1951 ope
525 1882 625 1937 codicis
649 1883 785 1955 Eittsied.)

79 5382 101 5452 i)
120 5378 230 5438 Paitoi.
248 5387 316 5436 tom.
332 5378 426 5437 XXlV
440 5396 447 5446 ;
463 5377 517 5436 coi.
534 5381 596 5433 aad.
989 5376 1047 5441 1811
1068 5376 1139 5433 ibid.

79 5454 99 5523 t)
117 5451 228 5510 Patrol.
247 5457 316 5509 tom.
335 5450 544 5521 blixxi13col.
560 5452 622 5505 111.
984 5450 1044 5519 (1181
1065 5446 1168 5505 Patrai.
1184 5453 1250 5504 tutti.
1267 5446 1380 5516 xxitt;
1396 5447 1448 5506 eol.
1465 5451 1543 5507 lida.
