3736 5962
581 294 781 354 THEOLOGIA
801 296 1019 355 cubrsrtlud.
1035 326 1070 339 -
1084 295 1212 379 11111111.
1455 346 1458 357 .
1679 294 1749 354 1118

91 435 167 493 igere
179 429 269 492 potest
290 421 326 495 [s.
341 421 437 494 patet}
462 421 539 479 Patri
562 421 670 493 itaque,
689 429 718 480 st
741 436 779 480 ex
798 422 852 480 boc
865 422 892 479 d
906 421 995 480 Filios
1021 437 1083 481 esse
1107 435 1144 480 cx
1158 421 1322 480 substantia
1349 419 1454 489 Patris,
1488 417 1669 480 tantumdem
1698 418 1756 480 boc

103 525 164 567 esse
188 511 270 582 gigni
293 511 397 569 Filium
412 511 462 567 Ilei
484 517 511 568 et
526 511 655 585 genitum
684 525 756 578 esse,
782 525 848 568 cum
903 509 965 569 loco
977 516 1061 570 sonat
1085 525 1146 570 esse
1161 526 1198 569 ex
1224 508 1389 569 substantia
1413 506 1516 575 Patris,
1541 516 1688 580 quantum
1709 507 1752 584 gl·

91 605 132 655 oet
156 598 237 655 nulle
261 600 371 656 ratione
395 598 552 670 intelligere
572 599 715 669 possimus
736 599 850 671 aliquid
903 599 955 673 gni
972 612 1010 659 ex
1024 602 1118 670 Patro,
1135 601 1216 658 abeo
1231 596 1632 671 quodtranslatnmquodin
1646 596 1755 656 nmub

91 687 227 758 genitum,
261 687 285 742 si
308 687 475 744 nullatenus
503 686 599 758 ipsum
627 686 709 759 gigni
736 689 855 746 contin-
903 689 1136 759 generationibus
1163 689 1253 759 isqui
1281 686 1425 760 gignitur,
1454 684 1485 741 in
1505 698 1539 742 eo
1557 683 1593 742 de
1618 683 1755 743 substan·

91 792 93 836 ι
119 788 171 830 ιιι
192 774 318 845 aliquem
344 775 487 846 genuisse,
503 774 527 831 si
546 774 661 845 penitus
682 790 751 832 eum
771 791 846 834 nun·
903 776 943 832 tia
968 777 1137 834 Patrisesse
1159 775 1286 845 dicitur;
1316 773 1394 845 quod
1421 773 1451 830 in
1479 772 1542 844 lpsa
1568 771 1754 845 generatim

114 862 293 934 contingeret
317 863 455 934 gignere.
486 863 644 934 Nunquam
672 872 769 922 autem
794 865 848 922 boc
901 864 1024 920 humani
1052 864 1178 935 corporis
1205 863 1370 920 traductum
1388 869 1432 918 est
1456 868 1484 919 et
1499 872 1672 919 conversum
1699 857 1752 918 all·

91 965 140 1022 pro
175 951 346 1008 aeternaliter
374 966 433 1007 non
472 953 667 1022 temporaliter
691 954 844 1022 sumimus,
901 952 973 1023 quid
987 952 1023 1010 do
1038 953 1098 1023 ipsa
1126 951 1290 1009 substantia
1310 949 1439 1021 corporis
1465 947 1561 1007 Patris
1589 947 1620 1004 in
1643 958 1750 1020 eorpus
1796 962 1799 967 ’

91 1040 139 1107 lla,
166 1046 199 1096 ιι
220 1039 401 1110 dictumest,
420 1041 565 1112 generatio
588 1049 693 1099 aeterna
716 1041 762 1110 sit,
787 1055 845 1099 non
901 1042 977 1099 Filii.
1006 1042 1077 1098 Cum
1105 1054 1175 1114 ergo
1199 1038 1255 1098 tale
1274 1039 1312 1097 sit
1341 1038 1447 1096 Filium
1467 1052 1529 1096 esse
1556 1051 1593 1094 ex
1612 1035 1749 1096 substan·

92 1128 173 1185 ralis.
900 1133 939 1188 tia
958 1131 1051 1188 Patris
1063 1145 1099 1189 ac
1125 1130 1150 1188 si
1177 1130 1291 1187 dicator
1319 1127 1401 1201 gigni
1426 1141 1463 1185 ex
1492 1128 1586 1197 Patre,
1614 1124 1692 1184 sient
1711 1138 1750 1186 ex
1804 1189 1807 1195 ,

91 1225 174 1274 ιιιιι
199 1225 294 1274 tamen
323 1217 471 1275 nonnulla
497 1219 684 1277 auctoritates
712 1219 767 1276 boc
796 1231 844 1290 pe·
898 1220 958 1278 eolo
986 1221 1071 1276 Patre
1106 1218 1249 1292 gignitur,
1272 1217 1314 1275 ita
1331 1216 1513 1275 solummodo
1534 1228 1571 1273 ex
1587 1213 1751 1275 substantia

93 1320 227 1377 respuere
256 1308 335 1378 quod
359 1307 449 1364 Filius
470 1308 520 1365 ilci
535 1308 613 1365 nasci
633 1307 677 1364 rel
704 1308 785 1381 gigni
800 1306 844 1365 di·
899 1309 1064 1366 Patrisesse
1078 1308 1194 1376 dicitur,
1212 1321 1271 1363 non
1284 1307 1372 1364 etiam
1399 1318 1437 1362 ex
1449 1303 1613 1362 substantia
1626 1303 1636 1376 [
1649 1304 1676 1372 t.
1699 1302 1751 1362 od·

91 1409 128 1451 ex
148 1397 241 1462 Patre,
264 1396 314 1451 sed
341 1403 455 1453 tantum
481 1406 568 1454 natus
597 1410 658 1454 esse
685 1397 731 1455 rel
763 1397 842 1469 geni·
897 1394 1103 1470 deudumiilii]
1118 1396 1164 1454 vel
1177 1394 1301 1467 Spiritus
1314 1393 1419 1463 sancti,
1438 1392 1517 1465 qood
1532 1399 1637 1451 assata
1654 1390 1749 1467 seipso

92 1484 152 1554 illd)
168 1484 250 1541 Unde
277 1484 463 1555 Augustinus
490 1486 525 1542 de
553 1486 607 1543 bae
632 1486 694 1557 ipsa
719 1498 843 1558 genera·
896 1486 980 1559 gigni
993 1486 1055 1543 sire
1077 1498 1096 1541 a
1125 1483 1236 1556 Spiritu
1264 1490 1374 1541 sancto.
1406 1482 1565 1555 Gregorius
1586 1482 1617 1538 in
1631 1479 1684 1540 tob
1707 1480 1749 1540 ll·

102 1573 243 1629 disserens
271 1573 301 1628 in
325 1572 400 1630 libro
424 1576 457 1628 83
488 1574 681 1643 Quastiorrum,
716 1574 842 1646 capitolo
897 1576 950 1633 bro
972 1588 1082 1631 xxnrv:
1113 1575 1255 1643 ‹Linguo
1282 1588 1344 1629 meo
1363 1572 1485 1628 ιιιιιιιι
1523 1569 1618 1627 scriba
1657 1568 1744 1642 (Prot

93 1662 203 1728 eminit‚
238 1662 364 1718 dicens:
394 1661 525 1720 «Melius
548 1671 591 1720 est
617 1677 729 1735 semper
753 1671 877 1766 natusB
896 1677 971 1734 xciv,
1001 1667 1040 1733 t).
1056 1662 1138 1729 Quod
1164 1661 1313 1734 loquimur
1340 1660 1456 1727 transit,
1485 1657 1565 1732 quod
1591 1657 1773 1729 scribimus,

103 1753 153 1822 qui
175 1764 287 1820 semper
301 1751 449 1818 nescitur;
467 1752 538 1822 quia
563 1752 616 1824 qui
639 1766 753 1823 semper
768 1766 839 1810 nas-
894 1760 1052 1825 permanet.
1082 1751 1196 1824 Lingua
1224 1749 1317 1808 Patris
1343 1749 1446 1808 scriba
1472 1748 1603 1807 calamus
1621 1745 1742 1818 dicitnr,

106 1839 234 1896 nondum
258 1846 301 1895 est
323 1846 418 1909 natus,
439 1847 466 1897 et
497 1855 651 1913 nunquam
676 1847 762 1898 natus
785 1847 838 1911 est,
892 1841 964 1913 quia
978 1841 1014 1898 ab
1028 1854 1061 1897 eo
1077 1839 1207 1900 Verbum
1233 1837 1312 1895 illins
1332 1844 1509 1896 coeternum
1527 1849 1562 1893 ac
1585 1835 1648 1893 eine
1661 1841 1743 1894 tran·

91 1937 145 1986 itus
167 1928 221 1985 erit
235 1928 259 1985 si
281 1941 393 1998 semper
420 1928 561 1986 nascitur.
581 1929 668 1986 Aliud
696 1936 739 1987 est
760 1929 837 1986 enim
891 1931 950 1988 situ
975 1917 1171 2002 generatur·
1194 1926 1366 1985 Ambrosius
1385 1929 1424 1984 lle
1436 1926 1492 1998 pide
1510 1926 1547 1983 ad
1569 1923 1744 1984 Gratianum

93 2017 171 2074 aliud
188 2024 290 2072 natum
306 2031 376 2072 esse.
405 2020 447 2074 lle
466 2032 517 2088 per
531 2018 586 2075 hoc
613 2012 769 2089 nonquam
793 2017 837 2074 ri·
891 2019 1094 2090 imperatorem
1115 2033 1123 2069 :
1141 2006 1233 2075 »Non
1260 2016 1322 2072 bac
1346 2022 1416 2072 sont
1445 2016 1474 2072 in
1500 2014 1559 2072 lieo
1586 2010 1763 2086 corporall·'

91 2105 264 2175 iuunquem
290 2112 384 2161 nattis.
401 2105 477 2162 Etsi
499 2119 611 2176 semper
634 2107 733 2175 Filius,
760 2119 837 2162 sem-
891 2106 946 2163 bus
986 2106 1166 2162 estimanda.
1209 2103 1540 2176 incomprehensibiliter
1586 2107 1744 2175 generatur

91 2191 145 2249 itur
160 2201 256 2248 natus.
275 2193 373 2248 »Hinc
387 2200 414 2248 et
434 2192 505 2250 illud
521 2193 659 2266 Gregorii,
676 2193 726 2265 qni
753 2193 792 2251 ait
807 2194 836 2250 in
890 2196 991 2253 Filius.
1018 2193 1237 2266 impassibiliter
1255 2201 1374 2266 generat
1401 2194 1485 2251 Pater
1498 2200 1525 2250 ot
1545 2198 1642 2250 iamim
1660 2205 1698 2250 ex
1710 2204 1744 2252 aa

91 2281 148 2350 bus,
166 2281 239 2339 libro
251 2295 341 2336 xxix:
360 2298 373 2332 e
394 2281 534 2338 Dominus
560 2283 635 2338 [leus
659 2282 742 2339 lesus
756 2281 838 2339 Cbri·
889 2293 1008 2359 generat
1032 2292 1060 2342 et
1101 2291 1168 2341 ante
1196 2296 1310 2341 omnem
1339 2281 1517 2340 intellectum
1544 2288 1674 2356 generat,
1706 2283 1743 2339 nt

104 2386 136 2427 eo
153 2370 230 2441 quod
250 2368 345 2425 virtus
369 2376 397 2425 et
415 2369 556 2440 sapientia
575 2370 624 2426 bei
642 2378 694 2439 est,
724 2370 759 2427 de
782 2372 835 2427 Pa·
888 2375 1063 2432 Deusreros
1085 2373 1177 2430 ileum
1190 2385 1305 2429 rerum.
1324 2392 1335 2421 ι
1354 2371 1551 2443 Hieronymus
1579 2370 1610 2429 in
1632 2368 1742 2428 ditant·

91 2464 356 2528 etamporanatus
375 2463 427 2524 ost,
443 2456 489 2513 vel
505 2458 751 2528 potiusquianec
780 2472 833 2516 ιιι-
888 2465 965 2521 tione
1004 2461 1073 2520 fidei
1098 2460 1247 2519 catholicae
1277 2460 1446 2532 Nicaenique
1483 2457 1628 2532 symboli:
1656 2455 1740 2528 Quod

91 2545 136 2601 sci
164 2559 216 2602 nec
243 2545 335 2613 desiit,
362 2544 493 2602 dicamus
522 2545 625 2603 verius
643 2560 756 2617 semper
783 2561 834 2603 na·
887 2551 1299 2610 desubetantiaPatrisnatos
1321 2557 1364 2607 est
1378 2563 1501 2621 semper,
1525 2548 1587 2618 ipse
1608 2547 1650 2604 ait
1674 2544 1740 2604 Sal·

91 2649 121 2689 ιι
141 2642 237 2690 autem
262 2647 420 2703 possumus
434 2634 529 2691 dicere
556 2648 669 2706 semper
693 2636 832 2705 nescitur,
887 2649 972 2700 rator
998 2640 1030 2698 iu
1058 2639 1216 2711 Evangelio
1233 2653 1269 2693 :s
1292 2637 1369 2705 Quod
1383 2637 1422 2709 (1)
1445 2639 1571 2694 coeatur
1595 2650 1630 2690 eor
1656 2649 1740 2692 corae

91 2723 228 2792 periectos
243 2736 305 2778 esse
332 2723 478 2779 videatur.
504 2725 623 2780 atvero
651 2732 684 2780 ut
706 2732 834 2781 aternus
887 2745 950 2786 coro
978 2735 1029 2799 cst,
1057 2733 1083 2785 ct
1110 2728 1183 2796 quod
1207 2730 1331 2783 ιιιιίιιι
1360 2727 1394 2782 de
1421 2727 1525 2797 spiritu
1550 2725 1667 2795 spiritus
1685 2727 1738 2792 eat,

91 2810 129 2866 eri
158 2811 249 2867 valeat
277 2817 304 2866 at
324 2811 477 2881 perlectus,
505 2819 533 2868 et
561 2826 674 2882 semper
702 2813 833 2870 dicamus
887 2821 1016 2886 quoniam
1040 2820 1113 2873 Deus
1129 2818 1246 2888 spiritus
1273 2820 1313 2872 ιιι
1336 2814 1435 2888 (Joon.
1458 2828 1500 2882 m,
1529 2814 1567 2883 d).
1598 2810 1740 2884 Augusti·

91 2907 282 2970 sudomenos
308 2906 336 2955 et
362 2904 443 2954 nctus
472 2900 508 2955 ad
539 2900 741 2970 perlectionem
768 2915 830 2971 per·
886 2908 1143 2965 nusbcrrinucte
1161 2905 1279 2972 libror,
1306 2905 1400 2976 capite
1428 2918 1538 2962 ntus«
1567 2901 1596 2961 si
1613 2900 1738 2973 gignens

113 2995 140 3044 et
168 3003 273 3058 semper
301 2988 338 3043 ad
365 2989 577 3045 aeternitatem:
606 2991 744 3060 quamvis
779 2991 833 3048 boc
849 2980 870 3037 C
887 2997 923 3055 ad
951 2996 980 3053 id
1021 2995 1100 3068 quod
1126 2994 1221 3067 gignit
1247 2992 1435 3066 principium.
1460 2992 1546 3050 Pater
1563 2991 1600 3049 ad
1627 2987 1737 3047 Filium

103 3077 182 3148 quod
216 3074 373 3146 porrectum
406 3076 542 3144 dicimus,
571 3078 697 3135 multum
726 3079 763 3138 ab
795 3079 828 3136 il·
886 3084 1064 3157 principium
1078 3082 1328 3156 est,quiagignit
1347 3095 1425 3139 eom.
1446 3079 1524 3138 idom
1552 3078 1583 3137 in
1602 3090 1736 3137 sermone

94 3165 237 3236 pressione
254 3164 382 3221 veritatis
396 3164 565 3228 deviamus:
593 3167 664 3237 quia
687 3169 765 3239 qnod
788 3169 829 3226 la·
885 3172 1061 3245 deSymbolo
1079 3190 1085 3228 :
1103 3193 1118 3223 o
1146 3172 1241 3230 lloltis
1265 3170 1349 3229 libris
1376 3169 1578 3227 disseruerunt
1603 3165 1680 3225 docti
1707 3171 1737 3225 et

91 3269 141 3310 ιιι
169 3261 222 3319 est,
254 3267 306 3309 ιιι
329 3259 419 3322 potest
442 3252 498 3309 dici
524 3255 693 3324 perrectum.
722 3257 758 3312 Et
787 3265 828 3315 ta·
884 3262 1027 3333 spiritales
1050 3260 1108 3319 viri
1140 3261 1219 3333 quod
1246 3259 1295 3317 ille
1312 3258 1427 3332 genitor
1454 3257 1502 3315 illo
1528 3256 1654 3330 genitus.
1682 3252 1735 3314 illa

91 3342 261 3399 infirmitatis
295 3348 398 3397 nosrrae
424 3341 521 3398 vorbis
553 3342 693 3400 Dominus
727 3345 829 3403 conde·
884 3351 974 3422 buius
1001 3350 1187 3423 principium,
1216 3347 1294 3406 unde
1320 3354 1348 3405 et
1373 3355 1461 3420 caput
1483 3344 1588 3404 Gbristi
1613 3342 1732 3414 dicitnr,

91 3446 159 3497 os,»
188 3433 290 3497 1111011,
331 3429 437 3501 inquit,
462 3431 580 3500 perfecti
599 3433 668 3486 sicut
695 3438 720 3489 ct
747 3436 829 3490 Poler
883 3439 1020 3511 quamvis
1046 3445 1074 3495 et
1097 3437 1227 3495 Gbristus
1255 3435 1444 3509 principium,
1471 3434 1521 3493 sed
1545 3448 1605 3492 uon
1628 3431 1738 3491 Patria,

91 3518 524 3589 11111111111111111111111111111·
540 3532 568 3588 l,
585 3520 641 3589 48).
666 3519 747 3587 Quod
762 3536 829 3579 roro
885 3527 938 3586 ilic
949 3541 1017 3586 vero
1031 3525 1111 3584 illius
1125 3525 1233 3598 imago,
1252 3524 1389 3595 quamvis
1403 3521 1486 3581 nulla
1503 3534 1541 3579 en
1568 3527 1650 3592 parte
1672 3519 1733 3578 dle·

90 3607 260 3675 1ustinusde
275 3621 386 3678 semper
411 3616 544 3664 nascente
568 3614 595 3664 et
623 3623 736 3679 semper
761 3617 829 3668 nato
882 3615 985 3673 similis
999 3614 1156 3672 etomnino
1183 3611 1382 3670 indifferenter
1399 3608 1624 3683 aqualisFilius
1653 3607 1734 3666 Patri

106 3697 134 3754 in
159 3698 206 3754 illo
222 3697 407 3762 Quaestionum
431 3698 465 3753 83
482 3696 564 3764 libro,
591 3696 679 3768 juxta
707 3712 828 3755 consue·
883 3703 967 3761 debet
994 3703 1073 3775 quod
1093 3711 1147 3770 ιιι,
1173 3703 1228 3760 ιιι
1260 3701 1347 3758 etiam
1374 3699 1482 3757 debens
1509 3697 1612 3770 utiquo
1640 3694 1737 3765 Patri,

91 3787 222 3844 erborom
254 3786 494 3857 significationem
522 3784 631 3842 dictum
652 3793 731 3857 puto,
751 3786 828 3857 quod
883 3793 961 3863 quod
990 3793 1069 3849 Patri
1094 3790 1217 3864 aequalis
1245 3798 1305 3847 ost:
1324 3790 1408 3846 Pater
1431 3794 1529 3845 aumm
1545 3784 1619 3844 nulli
1646 3782 1733 3843 debet

91 3876 219 3946 reliquis
234 3874 313 3931 illam
342 3875 529 3945 questionem
558 3888 676 3931 movens
694 3875 775 3930 nasci
799 3882 829 3933 et
883 3881 1027 3954 quitquid
1041 3887 1095 3938 est
1112 3902 1128 3932 »

102 3965 234 4021 eomodo
256 3962 421 4032 sumpserit,
446 3977 504 4033 quo
533 3963 567 4019 de
595 3963 829 4035 generationibus
920 3961 1085 4018 Notandum
1122 3973 1241 4032 quoque
1272 3956 1352 4030 quod
1380 3953 1527 4028 Sapientia
1562 3950 1656 4012 Patris
1683 3950 1738 4012 rel
1779 4022 1786 4034 ι

118 4054 241 4124 agimus.
273 4053 355 4108 Tune
381 4050 459 4107 onim
495 4052 575 4108 nasci
604 4051 727 4108 dicimus
760 4066 828 4109 cum
882 4054 970 4107 Amor
998 4050 1091 4107 Patris
1111 4056 1138 4106 et
1167 4048 1240 4117 Filii,
1269 4062 1336 4106 oum
1364 4047 1401 4103 ad
1426 4043 1637 4104 distinctionem
1664 4054 1737 4114 por·

91 4157 109 4198 ι
129 4141 269 4211 complete
281 4149 324 4197 est
343 4140 490 4210 nativitas,
516 4141 566 4197 sed
592 4140 743 4210 inoboata;
759 4149 830 4199 tunc
881 4152 1020 4196 sonarum
1050 4137 1113 4195 Filii
1131 4145 1159 4194 et
1178 4137 1301 4209 Spiritus
1318 4135 1411 4194 sancti
1440 4132 1625 4207 proierantor
1652 4132 1737 4198 sient,

91 4239 175 4297 itum,
201 4230 319 4300 qnando
346 4229 407 4299 jam
433 4228 557 4298 perfecta
575 4239 627 4286 est.
656 4229 730 4286 Cum
758 4244 827 4301 ergo
881 4236 909 4285 et
923 4228 1048 4299 Spiritus
1076 4234 1195 4285 sanctus
1208 4226 1245 4284 ad
1260 4225 1474 4283 distinctionem
1487 4223 1577 4282 tertiae
1600 4234 1739 4295 ιιιιιιιι

91 4327 117 4375 ta
145 4318 233 4375 rerba
261 4318 402 4388 accipiens
430 4318 620 4389 quaestionem
658 4318 826 4389 hujusmodi
842 4325 865 4381 ι)
880 4325 1022 4388 tanquam
1037 4316 1153 4388 propria
1167 4316 1298 4387 ipsarum
1325 4328 1513 4388 personarum
1537 4311 1658 4370 nomina
1679 4323 1740 4369 ro·,

91 4416 110 4474 ι,
140 4422 198 4464 non
228 4407 388 4477 incongrue
414 4414 531 4463 sanctus
555 4408 610 4475 vir,
640 4416 755 4465 servata
777 4422 827 4465 ea·
877 4405 965 4463 latire
981 4413 1137 4477 ponuntur,
1166 4412 1200 4463 ιι
1222 4405 1278 4463 ιιΙι
1302 4405 1339 4462 sit
1367 4404 1446 4477 quod
1473 4402 1588 4460 dicatur
1609 4399 1737 4473 sapien,

91 4496 230 4554 erborum
260 4495 433 4565 acceptione,
468 4494 573 4552 eisdem
602 4494 738 4554 satisfecit
762 4511 825 4554 rer·
880 4496 920 4553 tia
948 4495 1040 4552 Petris
1054 4509 1088 4551 ac
1114 4496 1138 4552 ei
1153 4495 1268 4552 dicatur
1294 4508 1331 4552 ex
1354 4496 1438 4551 Patre
1457 4491 1565 4565 genita,
1580 4489 1661 4563 quod
1684 4493 1740 4559 att⁸

91 4585 242 4641 reterendo
267 4584 373 4640 scilieet
406 4583 576 4654 completam
609 4591 636 4641 et
672 4585 826 4655 perlectam
880 4583 1008 4644 Verbum
1041 4585 1147 4655 ipsum,
1188 4585 1280 4641 idest
1307 4583 1408 4641 Filius.
1439 4581 1475 4639 Et
1497 4578 1577 4654 qnod
1619 4573 1752 4660 dicitur¹

91 4673 205 4738 tionem,
229 4687 319 4743 oriam
348 4673 417 4728 Filio
447 4674 495 4729 [lei
535 4672 656 4729 ascribit
691 4673 827 4731 inchoare
881 4686 965 4730 amor
987 4673 1078 4731 Patris
1092 4674 1135 4731 vel
1151 4672 1224 4742 rilii,
1252 4673 1332 4730 acsi
1357 4670 1473 4729 dicatur
1499 4683 1536 4727 en
1564 4667 1606 4726 eis
1628 4678 1728 4738 prooe-

91 4761 153 4817 lum
174 4762 322 4832 complete.
350 4763 382 4815 Et
405 4762 460 4818 tale
487 4762 628 4832 estquod
656 4762 725 4819 dicit
749 4760 827 4833 quod
881 4760 960 4834 dens,
977 4761 1032 4818 boc
1050 4769 1091 4818 est
1106 4764 1189 4819 tertia
1212 4762 1263 4820 illa
1287 4774 1430 4833 personna
1456 4758 1582 4830 Spiritus
1596 4761 1741 4827 sanctus„

93 4857 135 4906 est
150 4850 298 4916 nativitas,
311 4865 376 4920 qum
390 4865 544 4922 nunquam
560 4850 694 4907 inchoata
715 4864 828 4921 semper
882 4849 918 4904 Et
940 4849 1125 4920 sicquidem,
1140 4849 1211 4906 dum
1237 4847 1356 4906 relative
1370 4853 1520 4919 ponuntur
1535 4845 1596 4903 istae
1621 4840 1743 4911 oratio,

91 4938 169 5005 lecta,
188 4953 277 5010 qnam
299 4946 371 4995 esset
386 4939 485 5007 aliona
507 4954 573 5010 qum
601 4940 735 4996 inchoata
753 4953 827 4996 sem·
882 4951 941 5007 nes,
959 4937 1018 4994 rim
1038 4937 1144 4995 babent
1158 4938 1340 5009 propriorum
1366 4936 1518 4993 nominum
1544 4930 1743 5007 singularum

91 5035 254 5086 nseveraret
284 5029 459 5099 imperleota.
493 5029 576 5094 Quod
614 5043 682 5085 vero
722 5029 828 5086 dicitur
883 5040 1083 5097 personarum,
1111 5026 1188 5083 sicut
1216 5033 1244 5084 et
1280 5025 1406 5098 Spiritus
1440 5030 1568 5092 sanctus,
1608 5018 1745 5099 quando,

107 5205 136 5261 ld
159 5207 245 5262 etiem
262 5206 366 5262 acriter
387 5206 415 5262 in
443 5205 590 5263 llbaelardo
613 5206 709 5289 arguit
735 5207 830 5266 abbas
883 5203 999 5272 debant,
1017 5217 1049 5259 eo
1065 5203 1142 5281 puod
1160 5218 1274 5276 semper
1287 5204 1321 5262 de
1348 5204 1432 5262 Patre
1460 5202 1639 5289 gigneretur,
1660 5213 1730 5260 cum

91 5291 147 5332 nus
172 5279 200 5333 in
222 5278 294 5334 libro
326 5277 406 5333 tortio
434 5277 641 5334 dissertationis
660 5291 748 5359 qnam
774 5279 829 5336 ad·
884 5275 983 5331 contra
1002 5277 1095 5331 sancti
1111 5276 1207 5332 Patres
1233 5290 1292 5332 non
1310 5290 1415 5347 semper
1439 5274 1526 5345 gigni,
1542 5272 1592 5381 sod
1617 5285 1737 5346 semper

99 5362 166 5403 oum
194 5349 374 5417 conscripsit,
391 5348 556 5429 probatque
571 5348 749 5405 contrarium
777 5362 827 5406 au·
884 5346 1012 5418 gemtum
1028 5359 1088 5401 esse
1103 5354 1272 5403 assererent
1729 5354 1744 5366 ·

91 5420 241 5475 tetumS.
273 5420 338 5490 dog
321 5418 441 5482 pristini,
471 5426 532 5475 tum
563 5421 591 5473 s.
617 5419 716 5476 liilarii
742 5427 831 5504 atque
921 5417 1007 5487 (liin
1036 5417 1195 5489 Evangelio
1217 5417 1456 5490 loannislegitnr
1478 5417 1730 5536 poodaowateet

92 5488 128 5545 S.
162 5490 274 5556 Leonis,
303 5492 442 5546 adversus
470 5491 646 5547 Arianortrm
687 5492 857 5558 argutias,
873 5495 1060 5557 resurrect
1075 5501 1143 5545 mox
1158 5488 1232 5560 quod
1243 5489 1615 5582 nolumeatdeapirt'tuh
1736 5513 1746 5521 ··

90 5560 190 5632 iquam
220 5561 249 5618 in
272 5562 343 5618 Filio
359 5561 408 5618 Dei
436 5559 678 5633 imperfectionem
711 5570 831 5633 praten·
