3804 5962
496 38 757 150 ueonoermcus
774 87 846 148 eno
864 86 977 150 remo
995 88 1205 150 emmeno.

79 235 1727 299 mss

258 393 802 510 asennaeum
862 325 1460 513 ιεοιιοιιιειιοι

639 621 1065 710 APOLOGETICUS

79 843 141 906 ntra
152 834 286 907 beatum
305 837 520 924 bernardum,
537 840 996 999 claraevallcnffimlabgmtem,
1012 848 1046 911 et
1058 839 1139 911 alios
1153 840 1211 930 qui
1230 838 1532 911 condemnaverunt
1550 840 1685 910 Petrum

789 952 816 999 a
829 951 865 998 ar
890 951 958 998 um.

79 1207 173 1277 ideas,
199 1208 291 1276 lector,
314 1208 429 1266 videos:
446 1211 501 1265 imo
522 1211 625 1278 uidem,
649 1216 681 1267 ut
703 1211 823 1268 irrideus
845 1228 905 1284 qua
920 1212 1041 1269 ridiculo
1055 1214 1107 1269 tibi
1129 1216 1279 1269 occurrent.
1296 1215 1332 1269 ut
1350 1212 1575 1285 quemadmodum
1595 1215 1655 1284 ipse
1674 1215 1730 1270 lle-

80 1281 121 1408 ig}
145 1286 287 1408 agonem
312 1283 343 1336 ia
363 1285 441 1353 epist.
466 1296 536 1353 seq„
557 1283 583 1338 si
607 1283 676 1355 quid
699 1285 730 1338 iu
741 1298 888 1355 personum
909 1284 1027 1342 murinis
1053 1288 1099 1342 liet·
1120 1285 1267 1355 (Bumcrdi
1285 1284 1387 1341 scilicet
1407 1287 1514 1342 obbatis
1536 1285 1622 1357 clue.)
1642 1285 1729 1354 dtctt,

79 1372 89 1421 J
125 1392 134 1421 ,
286 1391 293 1406 ι

79 1625 190 1691 prorum
215 1625 331 1676 tuorum
353 1617 543 1691 exemplaria,
574 1617 727 1685 Bernarde,
762 1619 1017 1678 eeteudebitnn
1043 1620 1195 1692 perditioni
1219 1621 1278 1679 tuis
1298 1622 1408 1680 meritis
1432 1623 1587 1681 subsistere
1608 1623 1729 1694 putaba-

81 1721 285 1779 rcumquaque
302 1711 378 1764 lama
395 1709 537 1780 divulgat.
553 1707 611 1765 Nec
625 1709 733 1766 mirum
756 1708 827 1766 scri·
883 1725 959 1768 mus.
975 1712 1168 1781 Sperabamns
1183 1726 1211 1767 ιιι
1230 1713 1338 1784 lingum
1351 1721 1408 1769 tuae
1422 1716 1542 1770 arnnno
1557 1713 1622 1770 cmii
1644 1715 1730 1769 sitam

79 1799 133 1853 tin
159 1795 243 1853 lamae
267 1797 377 1867 pulpito
401 1797 546 1864 collocari,
571 1812 637 1854 cum
653 1805 762 1854 constet
781 1811 826 1864 ea,
882 1801 1074 1868 clementiam,
1111 1800 1188 1857 aeris
1225 1803 1401 1871 temperiem.
1441 1803 1598 1859 ubertatem
1634 1809 1727 1871 terra,

79 1900 196 1957 cunque
227 1885 295 1952 sint,
330 1900 348 1942 a
380 1887 538 1957 majoribus
572 1888 660 1960 buius
693 1889 828 1957 temporis
881 1885 1031 1945 fructuum
1046 1889 1282 1946 benedictionum.
1304 1888 1397 1960 Caput
1413 1899 1496 1948 tuum
1516 1891 1608 1948 nubes
1634 1899 1730 1962 tange-

79 1975 142 2031 tari.
171 1975 311 2031 llirantnr
331 1976 459 2033 nomines
481 1978 510 2032 in
534 1984 570 2044 te,
596 1978 759 2034 liberalium
784 1974 825 2033 di·
882 1976 946 2047 bat;
961 1976 1087 2048 etjurta
1103 1980 1224 2050 vulgare
1245 1979 1441 2049 proverbium.
1460 1980 1532 2037 rami
1550 1981 1592 2037 tui
1609 1979 1730 2036 umbras

80 2078 164 2120 arum
194 2064 306 2136 ignaro,
335 2071 444 2122 tantam
480 2068 639 2125 ubertatem
673 2065 827 2132 iacundue,
882 2067 1024 2123 montium
1049 2068 1298 2124 transcendebant.
1315 2067 1425 2125 Sicdiu
1447 2069 1613 2132 vixisti.sic
1636 2069 1732 2124 Eccle-

79 2154 241 2210 emissiones
264 2167 321 2211 tuae
342 2155 403 2225 jaun
425 2162 637 2225 cooperuerunt
661 2156 827 2211 universam
881 2155 953 2211 siam
975 2158 1061 2212 castis
1081 2155 1312 2214 institutionibus
1334 2157 1507 2228 inlortnasti,
1532 2168 1563 2215 ut
1584 2159 1618 2214 ad
1643 2155 1730 2215 semi·

79 2241 157 2299 lciem
185 2250 278 2298 terra.
295 2241 406 2310 Quibus
423 2251 465 2299 est
488 2244 631 2300 divinitus
654 2244 828 2314 responden·
881 2243 987 2301 cinctia
1010 2255 1059 2302 tua
1071 2259 1169 2316 rugire
1192 2247 1336 2303 daemitnes
1358 2256 1587 2316 autumaremus,
1608 2254 1636 2304 et
1662 2247 1731 2304 bea·

78 2334 141 2402 quia
160 2333 263 2399 Μιιριια
283 2347 367 2400 opem
388 2335 497 2387 bomine·
510 2331 594 2403 (Psnt.
615 2333 681 2406 cx);
701 2340 729 2388 et
745 2333 828 2386 :liae
881 2333 957 2390 tulos
970 2348 1024 2390 nos
1037 2340 1115 2390 tanto
1127 2334 1319 2407 gloriaremur
1332 2343 1462 2406 patrono.

79 2424 156 2475 trotio
176 2421 293 2476 deutera
317 2423 426 2476 Eusebi
443 2421 530 2490 (Psul.
552 2426 663 2493 curvi).
686 2422 738 2478 Sed
755 2419 827 2476 nobil
1154 2453 1157 2459 ·

79 2523 99 2564 r
128 2509 318 2565 admiratione
349 2513 463 2580 percelli
494 2510 626 2567 debeant.
651 2512 711 2566 lmo
736 2510 828 2581 magis
917 2508 1011 2577 Nunc,
1031 2508 1103 2579 prob
1119 2508 1219 2565 dolori
1238 2509 1420 2580 patuitquod
1440 2509 1556 2576 latebat,
1570 2517 1596 2566 et
1609 2509 1722 2567 colubri

79 2597 145 2653 dum
160 2607 233 2653 esset
246 2605 273 2654 te
287 2599 394 2669 eloquii
411 2601 509 2670 urgeri
534 2599 672 2666 siccitate,
689 2611 828 2669 quosnam
882 2597 1009 2666 soporati
1032 2599 1146 2653 tandem
1172 2599 1286 2654 aculens
1306 2597 1461 2654 suscitasti.
1488 2599 1607 2655 Omissis
1639 2599 1732 2655 ornni-

82 2701 145 2742 irtus
178 2686 322 2757 aprintis
345 2687 403 2743 iere
432 2688 629 2744 adolescentiae
656 2687 829 2744 rudimentis
882 2685 946 2752 bus,
963 2686 1079 2742 Petrum
1094 2687 1278 2743 abaelardum
1299 2686 1381 2758 quasi
1401 2701 1519 2757 sgnum
1539 2688 1575 2743 ad
1594 2687 1731 2759 sagittam

82 2777 183 2832 nculas
197 2777 328 2832 mimicas
346 2784 373 2832 et
388 2778 517 2833 urbanos
532 2778 664 2834 iitodulos
681 2777 825 2833 fictitasse.
883 2774 1013 2844 posuisti,
1037 2775 1068 2831 in
1092 2790 1178 2847 quern
1202 2775 1367 2832 acerbitatis
1390 2783 1446 2832 tuae
1468 2776 1550 2832 virus
1571 2789 1729 2855 evomeres,

105 2876 182 2922 certe
213 2867 241 2921 in
275 2865 383 2920 incerto
414 2867 562 2936 loquimur
594 2867 748 2936 opinionis,
777 2866 826 2922 sed
844 2886 865 2942 Β
884 2878 970 2934 quem
984 2865 1019 2921 de
1040 2872 1115 2921 terra
1136 2864 1298 2921 viventium
1315 2863 1437 2931 tolleres,
1455 2878 1543 2936 quern
1557 2866 1632 2921 inter
1656 2878 1732 2923 ntor·

79 2965 118 3011 vst
143 2956 262 3011 alumna
280 2955 320 3010 tui
348 2957 440 3025 patria
456 2955 545 3011 nostri
560 2953 710 3011 sermonis.
726 2953 828 3011 Nonne
886 2960 951 3009 tuos
977 2953 1142 3010 collocares.
1175 2952 1338 3024 corrogatis
1368 2953 1562 3024 undecunque
1588 2953 1731 3024 episcopis

79 3059 115 3098 ιιιι
134 3051 189 3099 tuae
209 3044 355 3100 memoriae
379 3043 467 3100 altius
485 3052 527 3101 est
544 3043 726 3116 insignitum,
751 3043 829 3114 quod
884 3056 950 3100 eum
970 3041 1001 3098 in
1019 3041 1176 3098 Senonensi
1198 3044 1318 3098 (concilio
1338 3045 1504 3098 haereticum
1526 3040 1730 3113 pronuniasti,

79 3147 85 3187 t
106 3141 169 3189 tuns
190 3135 353 3205 rlrytlrmicn
376 3133 532 3190 certamine
551 3142 704 3205 acutaeque
728 3118 829 3190 inven-
884 3132 922 3188 ab
942 3140 1023 3188 utero
1044 3132 1143 3188 matris
1168 3131 1297 3188 Ecclesiae
1311 3133 1389 3188 velut
1409 3132 1545 3188 aborsum
1563 3128 1728 3201 praeoioisti.

100 3219 228 3274 versutia
265 3235 378 3290 semper
408 3235 585 3290 exsuperare
616 3220 830 3278 contendebas?
884 3222 917 3277 ln
945 3221 993 3277 via
1018 3219 1122 3278 Cbristi
1150 3219 1358 3287 ambulantem,
1388 3214 1528 3290 tanquam
1552 3218 1675 3276 sicarius
1697 3218 1732 3274 dc

80 3305 160 3362 ravis
178 3314 206 3362 et
226 3308 381 3377 peracerba
399 3309 553 3366 videbatur
573 3309 682 3381 injuria
706 3311 830 3380 reperire
884 3310 995 3366 occulto
1018 3308 1161 3380 prodiens,
1188 3309 1286 3365 tunica
1302 3309 1468 3364 inconsutili
1492 3307 1629 3377 spoliasti.
1656 3305 1729 3364 Con·

79 3410 113 3451 ern
137 3395 187 3464 qui
223 3395 283 3465 pari
314 3397 496 3464 responderet
530 3404 683 3465 proter-via.
718 3399 830 3455 Possem
885 3398 1047 3456 cinnabaris
1068 3399 1105 3454 ad
1130 3397 1280 3468 pupulum,
1305 3398 1513 3455 utoratiunem
1539 3396 1672 3453 lunderet
1695 3394 1733 3452 ad

79 3500 86 3539 t
109 3486 143 3540 dc
164 3485 251 3555 nng's
267 3483 324 3539 tuis
346 3483 414 3540 ltuic
428 3484 568 3552 opusculo
580 3497 617 3539 ex
630 3485 742 3540 testium
766 3499 830 3556 pru·
886 3487 975 3541 Deum
994 3486 1247 3556 pentemimerim
1267 3498 1362 3541 autem
1385 3486 1560 3556 disponebas
1578 3499 1645 3540 curu
1663 3497 1732 3555 pro·

79 3587 127 3628 um
143 3572 346 3641 astipulatione
361 3571 495 3638 inserere,
512 3573 559 3627 sed
579 3585 679 3628 vereor
695 3573 831 3643 paginam
885 3573 1068 3635 scribendum
1091 3574 1127 3628 ab
1142 3573 1210 3628 nrbc
1235 3571 1409 3630 Christiano.
1430 3573 1503 3640 Quii
1529 3573 1637 3644 vulgus
1660 3571 1734 3629 lace·

79 3662 227 3717 connitenti
253 3661 468 3731 interpositione
493 3661 666 3731 interpolari.
690 3659 832 3718 Caeterum
887 3661 950 3720 ret?
974 3661 1045 3734 quid
1062 3662 1168 3732 vulgus
1183 3670 1289 3725 oraret.
1305 3675 1371 3717 cum
1397 3675 1447 3730 pru
1466 3677 1525 3731 qun
1549 3670 1622 3716 essct
1641 3674 1731 3716 oran-

81 3766 95 3807 s
115 3761 182 3806 nota
203 3758 272 3806 teste
296 3765 353 3806 non
371 3750 511 3822 indigent.
534 3748 616 3806 lllum
642 3751 740 3821 itaque
757 3766 833 3807 com·
887 3752 956 3808 durn
987 3749 1126 3807 nesciret?
1149 3750 1193 3806 l'u
1220 3751 1264 3805 vir
1287 3748 1347 3815 Dei,
1374 3749 1425 3820 qui
1450 3750 1592 3804 miracula
1614 3748 1732 3815 ieceras,

79 3839 132 3894 ndi
155 3848 183 3895 et
208 3841 338 3910 nugandi
365 3853 449 3896 usum
473 3841 507 3895 ad
531 3839 665 3896 divinum
692 3854 767 3911 sape
789 3840 835 3897 in·
887 3840 938 3912 qul
967 3840 1002 3896 ad
1031 3841 1115 3910 pedes
1138 3838 1206 3895 lesu
1227 3853 1294 3895 cutn
1323 3837 1414 3894 biania
1436 3837 1553 3893 sedebas
1579 3838 1656 3908 (luc.
1682 3835 1730 3906 x)‚·

79 3938 176 3984 entum
198 3929 337 3990 accersis:
357 3935 384 3984 et
406 3934 542 3985 astruunt
562 3929 684 3999 inperiti
705 3931 833 4000 graviter
887 3930 937 4001 qui
966 3928 1157 3986 conservabas
1185 3929 1283 3983 omnia
1305 3928 1393 3983 verba
1423 3926 1484 3982 lraec
1512 3925 1541 3982 in
1570 3928 1655 3983 corde
1684 3933 1732 3981 tuo

79 4017 184 4073 inditcr
207 4017 329 4083 dictum,
359 4019 435 4088 quod
463 4016 589 4074 ubertim
612 4024 641 4073 et
662 4017 832 4087 eloquenter
848 4048 870 4104 C
887 4019 963 4090 tina.
980 4017 1021 4088 n),
1048 4016 1235 4088 purissimum
1264 4029 1352 4072 sacrae
1380 4015 1516 4071 orationis
1541 4017 1609 4072 tbus
1633 4025 1733 4070 coram

82 4146 88 4159 .
112 4106 165 4162 Sed
188 4120 243 4161 non
259 4105 301 4162 sic
315 4119 376 4162 esso
400 4104 474 4162 ratio
491 4108 652 4163 necessaria
673 4105 829 4162 convincit.
885 4107 1018 4176 supernis
1044 4104 1195 4180 obtutibus
1222 4102 1336 4160 adolere
1357 4103 1486 4171 deberes,
1508 4111 1541 4160 ut
1570 4117 1637 4159 rcus
1664 4109 1733 4160 tuus

80 4204 161 4250 enter
175 4194 250 4250 enim
270 4202 376 4250 veritas
397 4195 528 4252 absolute
542 4202 570 4252 et
586 4195 697 4266 illepide
722 4194 830 4264 proler-
885 4195 985 4250 Petrus
1010 4193 1196 4264 resipisceret,
1220 4201 1247 4249 et
1272 4191 1337 4248 talis
1350 4191 1513 4248 alliceretur
1541 4206 1628 4263 quem
1650 4189 1735 4248 nulla

80 4282 187 4340 lalsuas
229 4283 390 4353 plausibilis
431 4283 539 4358 eloquii
576 4284 710 4340 comitate
753 4296 833 4339 cotn-
885 4281 1009 4352 suspicio
1035 4281 1212 4353 inquinaret.
1234 4280 1286 4336 Sed
1304 4278 1421 4336 forsitan
1441 4280 1567 4337 malebas
1590 4280 1733 4347 talem‚in

79 4382 146 4428 ttur.
181 4371 354 4445 similesque
386 4381 464 4439 sunt,
500 4381 533 4430 ut
567 4371 607 4429 ait
636 4369 829 4444 Augustinus,
885 4385 943 4442 quo
965 4370 1196 4441 reprehensionis
1222 4369 1353 4426 idoneam
1379 4367 1587 4425 nanciscereris
1610 4367 1736 4426 occasio·

81 4461 151 4516 citas
167 4460 279 4517 dicendi
305 4469 333 4518 et
351 4461 515 4533 eloquentia
537 4461 614 4517 vasis
633 4458 789 4518 rusticanis
803 4463 831 4515 ct
883 4473 960 4516 nem.
977 4460 1108 4531 lienique
1131 4466 1194 4531 post
1210 4458 1363 4530 prandium
1379 4457 1484 4515 allatus
1497 4466 1539 4514 est
1554 4457 1626 4515 liber
1646 4455 1735 4528 Petri,

81 4548 120 4617 is;
146 4549 254 4607 lalsltas
270 4558 380 4606 vernet
402 4554 519 4615 veritas,
541 4550 656 4606 lerculis
679 4548 831 4606 vilibuset
883 4556 911 4605 et
936 4549 1052 4607 cuidam
1081 4556 1257 4619 praeceptum
1285 4554 1327 4605 est
1348 4554 1381 4605 ut
1410 4561 1479 4604 rore
1504 4545 1630 4605 clamosa
1659 4547 1734 4604 Petri

79 4642 123 4698 sis.
149 4641 278 4712 Utraque
301 4648 396 4694 autem
422 4638 530 4695 lercula
555 4638 685 4708 utrisque
709 4643 831 4708 possunt
883 4637 1024 4709 opuscula
1050 4645 1225 4710 personaret.
1242 4642 1278 4694 at
1294 4635 1340 4693 ille
1361 4642 1389 4691 et
1406 4637 1478 4693 Petri
1494 4638 1559 4693 odio
1574 4637 1733 4705 uolutatus,

84 4731 241 4786 utinistrari
268 4727 367 4798 Neque
383 4729 435 4783 linc
459 4728 522 4783 ideo
536 4725 667 4784 dixerim.
686 4737 719 4781 nt
737 4734 764 4781 te
781 4739 829 4781 uc·
883 4738 914 4799 et·
927 4727 993 4784 vitis
1010 4727 1140 4798 germine
1157 4727 1304 4797 irrigatus,
1326 4739 1382 4782 non
1400 4725 1477 4781 illius
1491 4727 1542 4795 qui
1563 4724 1657 4781 dixit:
1676 4726 1730 4793 apo
1749 4716 1755 4725 '

79 4826 141 4875 net
152 4827 317 4888 suspectum
341 4818 469 4881 reddam,
486 4816 534 4872 scd
551 4824 582 4871 ut
605 4814 754 4873 veritatem
771 4828 828 4871 nnn
883 4830 943 4870 sum
961 4816 1025 4871 citis
1045 4830 1109 4870 veru
1127 4814 1214 4886 (locri.
1237 4813 1298 4884 xv),
1312 4813 1361 4870 sed
1377 4811 1454 4870 itlius
1466 4813 1518 4884 qui
1536 4812 1731 4882 patriarcham

84 4909 164 4962 nium
188 4906 322 4961 facundia
340 4919 401 4960 esse
420 4904 588 4972 sivupliciter
612 4913 751 4959 astruam.
775 4901 828 4959 Sed
884 4905 996 4960 nenium
1025 4904 1126 4960 stravit
1153 4904 1181 4959 in
1209 4917 1276 4959 area
1300 4904 1377 4970 (Gen.
1405 4906 1454 4968 rx),
1482 4901 1616 4957 sonorius
1644 4915 1734 4972 qnam

84 4996 136 5051 boc
159 4997 314 5061 lrantenus3
331 4993 365 5048 ad
386 4993 498 5063 reliqua
519 4992 615 5063 potius
635 5000 826 5048 transcamus.
884 4992 1062 5062 postulatum
1077 4992 1170 5048 luerat
1184 4992 1367 5048 (exclamavit.
1387 4991 1450 5047 Post
1470 4991 1569 5061 aliqua
1584 5004 1639 5061 pon
1656 4990 1733 5045 ilices

79 5085 155 5139 ιιΙιιιιι
180 5082 384 5140 sanictitudinis
409 5090 466 5138 tuae
491 5083 605 5138 olorem
626 5081 684 5136 ales
709 5096 759 5151 per
779 5095 828 5137 or·
883 5080 1034 5147 insultare,
1064 5081 1165 5152 pedem
1191 5080 1254 5150 pedi
1280 5079 1463 5150 applaudere,
1493 5079 1596 5148 ridere,
1627 5077 1734 5151 nugari

79 5185 143 5226 ama
164 5172 305 5240 dispersit.
334 5172 536 5239 praeeon'zavit
561 5169 672 5236 merita,
690 5170 829 5227 miracula
882 5174 1071 5240 conspuentes,
1103 5178 1134 5226 ut
1162 5170 1246 5226 latzile
1277 5169 1399 5242 quilbct
1423 5169 1567 5239 judicaret
1593 5169 1654 5226 illos
1673 5181 1732 5226 non

79 5261 163 5315 navit.
181 5259 282 5316 Felicia
298 5257 482 5330 jactabamus
499 5262 635 5315 moderna
649 5260 754 5315 saecula
771 5272 829 5315 tam
883 5259 994 5317 consto
1025 5267 1088 5314 vota
1121 5259 1292 5329 persolvere,
1327 5259 1375 5315 sed
1405 5258 1528 5313 Bucrbu.
1560 5258 1637 5315 inter
1670 5259 1731 5315 baec

79 5351 94 5408 :i
115 5350 217 5409 sideris
237 5357 390 5409 venustata
413 5351 517 5419 nitore,
542 5352 745 5423 mundumque
765 5349 828 5422 jann
882 5350 1049 5410 salutantur
1070 5351 1184 5422 scyphi,
1211 5348 1315 5422 pocttla
1347 5347 1539 5418 celebrantur,
1573 5346 1733 5408 laudantur
