3804 5962
108 159 176 216 ιιιι
573 153 674 208 curm
695 152 880 209 nennium
899 152 976 209 orn.
997 151 1088 209 cans
1106 151 1151 208 ιι.
1166 179 1201 192 -
1214 149 1380 209 cucuma
1399 134 1404 141 ’

214 280 277 337 Et
267 292 352 352 yuges
367 275 475 350 gratias
489 275 524 334 de
539 277 622 333 donis
637 277 737 349 gratiae
967 276 993 333 A
1113 277 1170 333 lieo
1185 274 1346 334 ineiiabiles
1359 274 1514 334 cessabunt
1524 273 1630 347 jubili,

220 352 307 408 Beata
321 349 424 407 releret
438 347 518 420 plebs
532 347 593 417 tihi,
614 349 734 406 nomine
749 349 787 421 (l)
1117 347 1197 412 Quos
1212 347 1432 405 decantabimus
1446 355 1474 405 et
1487 362 1542 404 nos
1557 355 1587 405 et
1599 345 1721 419 angeli

224 456 285 514 lllic
302 470 338 512 ex
354 455 473 513 sabbato
488 454 621 512 suecedet
635 456 800 525 sabbatum,
1116 454 1260 513 perhenni
1274 453 1410 513 Domino.

216 531 320 600 Perpes
329 527 431 585 laeticia
444 527 698 596 sabbatizantium,

849 692 1113 706 m

594 887 947 984 LIBELLUS
999 884 1379 985 SECUNDUS

780 1298 1172 1392 PRAEFATIO.

429 1531 515 1599 'DE
550 1534 795 1599 RATIONE
831 1534 1233 1600 numentinum
1268 1533 1501 1597 ntunnnt.

143 1923 333 1995 Tripartitnm
356 1932 398 1980 est
427 1922 519 1980 divini
541 1921 637 1980 cultus
666 1920 803 1979 olllcium.
833 1920 936 1978 Doctor
966 1921 1096 1990 gentium
1122 1920 1152 1977 in
1180 1919 1307 1992 Epistola
1334 1921 1373 1976 ed
1394 1921 1528 1991 Ephesios
1559 1920 1725 1980 ordinavit
1757 1922 1854 1978 dicem.

109 2034 125 2064 ι
140 2011 272 2069 Etnolite
285 2011 422 2068 inebriari
438 2026 506 2068 rino
533 2011 563 2068 in
579 2025 637 2082 quo
660 2017 703 2067 est
724 2009 854 2077 luxuria,
872 2010 922 2066 sed
941 2008 1100 2079 implemini
1124 2009 1232 2080 Spiritu
1258 2009 1408 2080 loquentes
1432 2008 1662 2080 vobismetipsis
1692 2009 1726 2066 in
1755 2009 1860 2080 psalmis

107 2108 135 2158 et
153 2102 250 2172 ymnis
264 2108 292 2158 et
305 2100 424 2158 canticis
443 2099 656 2170 spiritualibus,
684 2105 834 2155 cantantes
849 2107 876 2155 et
893 2098 1045 2169 psallentes
1061 2098 1091 2152 iu
1124 2097 1260 2154 cordibus
1274 2097 1378 2154 vestris
1391 2096 1514 2154 Domino
1530 2096 1584 2170 (ι).
1602 2119 1620 2147 u
1645 2098 1687 2156 Et
1708 2112 1812 2156 rursus
1832 2097 1861 2150 ad

108 2190 260 2246 colosenses
281 2190 398 2260 inquit:
418 2189 573 2246 «Verbum
585 2187 692 2246 Christi
716 2186 826 2243 habitet
850 2189 879 2243 in
895 2187 975 2243 vobis
991 2186 1196 2243 habundanter
1218 2187 1248 2242 in
1271 2186 1351 2242 omni
1380 2185 1532 2255 sapientia,
1557 2186 1713 2258 ldocentes
1740 2195 1770 2243 et
1796 2201 1861 2242 eon

106 2284 255 2332 monentes
278 2276 465 2345 vosmetipsos
488 2276 518 2332 in
534 2276 661 2346 psalmis,
679 2275 774 2346 ymnis
790 2282 817 2332 et
839 2275 959 2331 canticis
974 2274 1184 2345 spiritualibus,
1203 2275 1233 2330 in
1260 2274 1353 2346 gratia
1368 2277 1520 2331 cantantes
1540 2273 1573 2330 in
1595 2275 1748 2333 cordibus
1772 2274 1860 2332 ιιειιιε

111 2362 231 2420 Domino
251 2364 301 2433 (3).
319 2383 334 2412 u

144 2449 251 2507 Psalmi
275 2464 344 2507 uero
371 2458 398 2507 et
426 2450 540 2507 cantica
555 2451 696 2522 quoniam
710 2465 747 2507 ex
765 2451 913 2508 canonicis
928 2449 1093 2521 antiquitus
1119 2456 1282 2520 preparata
1305 2456 1374 2508 sunt
1402 2449 1574 2521 seripturis,
1610 2465 1670 2508 nec
1690 2459 1793 2507 nostro
1817 2464 1859 2506 nee

111 2538 237 2611 alicujus
256 2548 341 2611 egent
351 2539 446 2596 studio
461 2548 494 2597 ut
505 2539 589 2596 modo
605 2547 826 2610 componantur.

147 2629 186 2685 lie
200 2627 295 2698 ymnis
307 2642 375 2684 vero
389 2642 457 2684 cum
473 2628 546 2685 nihil
560 2629 590 2684 in
613 2629 801 2698 superpositis
821 2628 990 2684 distinctum
1019 2627 1162 2683 habeatur
1183 2625 1344 2698 scripturis,
1371 2626 1508 2697 quamvis
1529 2633 1560 2685 et
1589 2626 1736 2685 nonnulli
1770 2626 1857 2697 psalmi

111 2730 215 2773 nomeu
231 2730 388 2787 ymnorum
407 2717 468 2774 sive
493 2717 672 2774 canticorum
691 2725 858 2774 sanctorum
880 2716 1049 2784 inscriptum
1072 2714 1162 2770 titulis
1185 2714 1321 2784 habeant,
1338 2708 1444 2785 passim
1470 2727 1488 2770 a
1510 2712 1657 2784 pluribus
1681 2722 1782 2785 postea
1802 2712 1856 2768 scri

112 2813 194 2876 ptum
207 2813 261 2875 est,
282 2813 310 2862 et
329 2820 383 2879 pro
411 2814 573 2876 temporum
597 2813 649 2862 aut
677 2805 817 2862 horarum
846 2820 895 2862 seu
921 2803 1109 2860 testivitatem
1124 2802 1438 2874 varietatequibusque
1452 2802 1562 2873 proprii
1591 2801 1702 2874 hymni
1718 2809 1853 2859 suntcou·

111 2894 214 2960 stituti,
237 2901 265 2951 et
294 2893 345 2950 hos
366 2909 446 2952 niune
467 2895 581 2965 proprie
605 2894 727 2965 hymnos
746 2894 935 2965 appellamus,
964 2893 1099 2964 quamvis
1122 2891 1286 2962 antiquitus
1300 2890 1498 2949 indifferenter
1519 2891 1663 2948 nonnulli
1684 2898 1746 2948 tam
1768 2903 1854 2961 ymnos

113 2996 202 3053 quam
225 2981 350 3052 psalmos
368 2983 496 3039 dicerent
511 2981 645 3052 quaelibet
664 2982 771 3039 divinae
790 2981 887 3038 laudis
900 2982 1015 3037 cantica
1029 2980 1136 3037 rithmo
1152 2978 1197 3036 vel
1223 2987 1312 3036 metro
1341 2979 1507 3050 composita.
1531 2979 1617 3037 Unde
1642 2978 1787 3036 Eusebius
1807 2980 1854 3033 te

112 3071 248 3127 sariensis
275 3072 472 3126 Ecchsiostica
497 3071 625 3125 historia
644 3069 710 3126 libri
740 3070 858 3126 meandi
888 3070 927 3141 (ι)
955 3070 1080 3140 capitulo
1103 3082 1169 3125 xvu
1192 3067 1231 3138 (5)
1259 3067 1453 3126 dissertissimi
1481 3066 1575 3125 tudaei
1604 3069 1739 3126 Philonis
1768 3067 1853 3125 laudes

112 3171 181 3229 erga
195 3157 422 3214 Alexandrinam
433 3158 488 3213 suh
503 3158 599 3215 Marco
625 3157 782 3214 Ecclesiam
795 3171 1023 3214 commemorans
1048 3158 1123 3213 inter
1146 3162 1240 3212 cetera
1268 3157 1372 3229 adjecit
1403 3157 1454 3228 (6).
1484 3178 1499 3206 ιι
1523 3157 1591 3212 Post
1619 3171 1717 3226 pauca
1749 3169 1851 3212 rursum

38 3284 42 3295 .
112 3245 199 3302 etiam
213 3246 247 3301 de
258 3260 290 3301 eo
313 3245 391 3315 quod
408 3245 530 3315 psalmos
545 3244 651 3300 iaciant
673 3259 771 3312 novos,
793 3245 832 3301 ita
847 3245 983 3316 scripsit:
1015 3269 1029 3297 ιι
1050 3250 1150 3317 ltaque
1179 3261 1238 3304 non
1261 3245 1356 3302 solum
1380 3243 1536 3302 subtilium
1565 3245 1740 3317 intelligunt
1764 3256 1851 3314 ymnos

113 3352 127 3386 ι
147 3339 289 3398 veterum,
305 3333 353 3388 sed
379 3331 432 3402 ipsi
448 3330 558 3387 iaciunt
571 3345 662 3387 novos
690 3331 720 3388 in
748 3332 851 3400 Deum,
869 3335 1005 3391 omuibus
1028 3348 1075 3390 eos
1097 3342 1124 3391 ct
1144 3335 1243 3392 metris
1266 3333 1382 3391 etsouis
1396 3333 1516 3391 honesta
1531 3333 1603 3390 satis
1622 3340 1652 3390 et
1675 3333 1762 3389 suari
1776 3333 1849 3400 leom-

115 3433 217 3491 »page
238 3419 429 3475 modulantes.
452 3440 467 3469 a
488 3419 572 3475 llaud
599 3417 728 3475 fortassis
758 3419 955 3494 incongruum
975 3429 1017 3479 est
1047 3437 1145 3479 omnes
1174 3423 1297 3494 psalmos
1323 3422 1463 3479 Hebraico
1494 3421 1651 3478 metrovel
1667 3422 1849 3479 rithmocon·

111 3508 218 3579 positos
242 3514 270 3564 et
297 3507 398 3564 melica
426 3506 578 3564 dulcedine
606 3508 736 3565 conditos
765 3508 905 3580 appellari
934 3510 1020 3568 etiam
1036 3525 1148 3581 ymnos,
1171 3513 1257 3582 juxta
1271 3511 1364 3580 ipsam
1378 3509 1510 3566 videlicet
1522 3522 1688 3579 ymnorum
1718 3506 1847 3565 dillinitio

111 3610 275 3666 nemquam
288 3596 316 3651 in
338 3595 533 3666 praephatione
547 3597 639 3667 prima
664 3597 824 3667 posuimus.
845 3599 881 3655 At
896 3614 963 3656 cum
980 3599 1040 3670 jam
1058 3600 1158 3668 psalmi
1173 3614 1209 3656 ex
1230 3599 1349 3655 Hebraeo
1365 3601 1395 3653 in
1423 3597 1510 3653 aliam
1535 3595 1673 3668 linguam
1701 3596 1848 3653 translatis

112 3684 211 3742 rithmi
229 3685 276 3742 vel
292 3685 376 3741 metri
387 3685 448 3757 lege
462 3684 549 3742 soluti
564 3686 631 3754 sint,
648 3685 720 3743 bene
735 3687 771 3743 ad
792 3687 928 3758 Ephesios
956 3688 1008 3760 qui
1023 3688 1114 3745 Graeci
1132 3696 1201 3746 sunt
1214 3687 1367 3759 apostolus
1382 3687 1509 3744 scribens
1523 3687 1686 3757 separatim
1711 3700 1730 3742 a
1745 3683 1846 3758 psalmis

111 3773 236 3843 hymnos
249 3772 382 3829 distinxit
401 3774 475 3830 sicut
490 3780 519 3829 et
533 3774 655 3830 cantica.

148 3862 189 3916 Ile
206 3861 250 3917 his
269 3860 367 3932 itaque
381 3862 520 3932 quoniam
536 3870 668 3918 nostrum
684 3875 760 3934 saepe
772 3863 962 3934 ingeniolum,
975 3864 1166 3922 dilectissimae
1181 3864 1286 3922 Christi
1301 3864 1377 3931 illiae,
1393 3862 1492 3920 multis
1521 3864 1662 3934 precibus
1685 3861 1848 3936 pulsavistis,

113 3948 250 4005 addentes
269 3949 386 4019 insuper
405 3949 513 4020 quihus
528 3949 563 4006 de
578 3950 674 4006 causis
696 3950 723 4008 id
753 3953 945 4010 necessarium
971 3954 1053 4010 vobis
1078 3953 1220 4022 videatur,
1240 3959 1341 4010 vestrae
1359 3951 1420 4025 jam
1436 3951 1581 4023 peticioni,
1608 3960 1702 4022 prout
1727 3951 1850 4008 [lominus

113 4038 258 4102 annuerit,
275 4053 311 4094 ex
333 4047 413 4108 parte
430 4038 592 4108 paruimus.
610 4039 757 4109 Superiori
768 4054 895 4112 namque
908 4041 1003 4099 libello
1018 4040 1178 4096 cotidianos
1205 4040 1343 4097 feriarum
1367 4053 1469 4110 ymnos
1487 4038 1539 4111 qui
1565 4039 1618 4095 toti
1642 4039 1777 4096 sulticcre
1798 4052 1851 4107 pos·

113 4125 351 4182 sintehdomadae
377 4125 656 4196 comprehendimus.
687 4127 764 4193 Quos
789 4127 829 4184 ita
856 4127 1026 4198 compositos
1053 4143 1114 4185 csse
1141 4129 1320 4200 cognoscatis
1341 4134 1374 4185 ut
1398 4127 1554 4198 bipartitus
1582 4127 1621 4183 sit
1641 4141 1746 4184 eorum
1760 4135 1852 4182 cantus

30 4232 31 4236 ¹
113 4213 188 4270 sicut
203 4222 231 4270 et
239 4214 371 4283 rithmus,
389 4221 416 4271 et
431 4215 467 4271 sit
480 4229 541 4270 una
555 4215 691 4271 omnibus
706 4215 856 4272 nocturnis
872 4217 993 4272 melodia
1007 4219 1170 4274 communis
1184 4225 1273 4288 atque
1283 4214 1508 4283 alteradiurnis,
1521 4213 1598 4271 sicut
1613 4215 1655 4288 (7)
1673 4223 1703 4272 et
1726 4216 1851 4272 rithmus.

112 4301 342 4359 Ymnumetiam
360 4301 519 4374 gratiarum
542 4309 603 4373 post
629 4303 730 4374 epulas
755 4304 964 4361 exsolvendum
988 4319 1046 4362 nou
1075 4305 1325 4375 pretermisimus,
1354 4301 1514 4363 secundum
1537 4302 1618 4375 quod
1646 4302 1680 4360 in
1707 4301 1853 4374 Evangelio

112 4390 254 4461 scriptum
268 4397 311 4446 est
325 4405 332 4445 :
346 4411 358 4441 ι
376 4390 468 4447 Ymno
482 4391 559 4447 dicto
573 4390 709 4448 exierunt
723 4391 774 4463 (8).
794 4413 805 4441 »

150 4479 263 4536 Ceteros
286 4493 355 4535 vero
381 4479 576 4550 suprapositos
590 4480 713 4550 hymnos
741 4481 796 4537 hac
814 4481 1043 4538 consideratione
1062 4481 1234 4552 digessimus
1248 4490 1281 4539 ut
1300 4482 1351 4553 qui
1370 4479 1506 4537 nocturni
1530 4486 1601 4536 sunt
1623 4493 1752 4536 suarum
1780 4491 1855 4549 opera

113 4565 253 4624 feriarum
267 4567 441 4635 contineant,
463 4567 561 4624 diurni
582 4576 678 4625 autem
704 4561 832 4640 ipsoruin
855 4584 975 4640 operum
1001 4570 1184 4627 allecoricam
1199 4585 1249 4628 seu
1266 4571 1406 4628 moralem
1431 4569 1644 4640 expositionem
1672 4568 1801 4626 tradant.
1815 4571 1854 4621 dt·

114 4671 171 4728 que
193 4655 234 4713 ita
257 4655 363 4712 lactum
379 4663 468 4712 estut
484 4656 644 4713 obscuritas
671 4657 798 4715 historice
816 4658 901 4727 nocti,
929 4659 982 4715 lun
1004 4673 1072 4716 vero
1087 4659 1275 4730 expositionis
1294 4665 1458 4716 reservetur
1473 4656 1540 4714 diei.
1557 4656 1700 4728 Superest
1718 4657 1755 4715 de
1775 4664 1855 4714 cetero

114 4745 218 4803 vestris
234 4743 470 4802 moorationibus
486 4745 620 4816 adjuvari
636 4752 668 4804 ut
680 4753 813 4818 optatum
827 4748 910 4805 vobis
923 4750 1132 4805 munusculum
1148 4748 1353 4805 transmittam.

151 4950 191 5034 (ι)
207 4949 275 5008 cod.
291 4948 525 5006 habetllomiac:
555 4949 590 5006 cl.
616 4965 644 5006 v.
673 4950 790 5021 Cousin,
817 4952 901 5023 quasi
926 4953 960 5009 de
1049 4951 1089 5024 (6)
1104 4951 1155 5007 llic
1180 4949 1313 5021 apposnit
1340 4949 1377 5006 cl.
1407 4947 1560 5007 v.Cousin
1583 4962 1717 5020 monens
1750 4956 1855 5008 anneta

115 5022 210 5079 snord
225 5021 385 5093 adjecisset,
402 5021 492 5079 edidit
509 5020 665 5094 (fluminei)
1015 5030 1096 5079 tum:
1119 5026 1221 5078 Desunt
1248 5020 1477 5077 incediceeerha
1504 5020 1625 5076 Eusebii.
1645 5021 1854 5092 Nullaldesunt,

163 5092 486 5162 crepusculum.
741 5132 744 5138 .
1014 5093 1128 5151 Verba:
1153 5097 1216 5150 Post
1220 5133 1298 5148 .......
1320 5095 1433 5162 scripsit
1460 5098 1528 5148 sunt
1556 5091 1697 5149 Eusebii.
1727 5095 1829 5160 ltaque.

164 5166 190 5234 3)
205 5162 308 5221 Coloss.
320 5164 368 5230 ιιι,
387 5165 427 5217 ld.
1014 5166 1184 5221 modulantes
1208 5171 1276 5220 sunt
1291 5163 1436 5220 ¹Philonis.
1467 5161 1572 5218 Omnia
1601 5170 1746 5223 accurate
1771 5130 1856 5222 eiecit

151 5235 192 5306 (ι)
208 5233 308 5290 οιιιιειι
321 5205 435 5289 see’andi
448 5232 483 5290 el
495 5247 524 5290 v.
541 5233 659 5292 Cousin.
1013 5236 1182 5292 hbaelardus
1198 5248 1234 5292 ex
1254 5234 1384 5291 versione
1399 5232 1508 5291 Rufini.

152 5305 193 5371 (5)
213 5303 340 5365 SicCod.
370 5305 532 5378 etquidem
560 5315 636 5374 recte
660 5305 701 5364 Cl.
727 5320 756 5365 r.
779 5306 885 5367 cousin
900 5307 960 5365 edi·
1049 5307 1090 5449 (8)
1061 5305 1172 5364 Eod
1184 5308 1234 5374 sie,
1246 5318 1352 5361 omisso
1366 5303 1592 5362 abbreviationis
1606 5317 1709 5379 signo

116 5372 160 5434 (ιιι
171 5387 233 5433 xix
1105 5377 1206 5438 hlatth.
1220 5389 1304 5444 xxm,
1320 5377 1375 5447 ³⁰3
1389 5377 1478 5436 ldarc
1498 5389 1560 5446 xm,
1574 5376 1622 5433 id.
