3804 5962
130 149 184 207 235
588 135 694 194 PETRI
711 136 901 193 abalanti}
921 139 995 197 OPP.
1015 146 1108 202 PARS
1127 149 1149 201 l.
1172 176 1203 186 -
1222 146 1414 204 EPISTOLAE.
1823 151 1877 204 236

129 273 227 331 (ιιιιιι
243 262 427 327 monasteria.
446 281 457 312 ι
474 261 519 317 lix
534 274 593 331 quo
608 268 727 331 apparet
749 260 834 317 talem
850 263 974 331 primum
991 270 1014 325 Α
1029 272 1115 328 etiam
1140 272 1212 328 litias
1243 274 1336 327 Aaron
1359 272 1465 341 pariter
1492 286 1559 327 cum
1589 272 1729 329 tratribus
1758 274 1818 329 suis
1840 275 1875 329 ad

126 360 238 418 Cbristo
263 351 442 414 credentium
464 349 551 407 fuisse
574 349 741 415 Effiiesiaffli
767 350 868 420 (tuales
895 367 973 410 nuno
1027 361 1225 418 sanctuarium
1265 369 1292 416 et
1327 361 1539 416 hereditariam
1576 369 1679 418 sortem
1712 363 1779 417 Levi
1806 363 1877 418 adeo

125 448 259 508 monachi
279 460 340 504 esse
365 442 515 499 imitantur
531 447 558 496 et
577 439 712 509 cupiunt,
730 446 761 495 ui
779 440 851 495 nihil
872 442 970 511 cuius·
1027 450 1179 520 pertinere,
1205 457 1237 506 ut
1261 450 1328 504 binc
1351 464 1468 520 (quoque
1487 450 1529 505 eis
1555 451 1694 506 Dominus
1710 450 1875 508 alimoniam

123 554 213 614 quam
237 535 387 610 proprium
409 531 454 599 sit,
480 528 578 586 nullus
607 528 681 584 iuter
698 543 745 585 eos
768 529 855 597 dives
873 532 972 588 nullus
1026 537 1191 605 instituerit,
1214 539 1288 594 sicut
1303 539 1442 608 scriptum
1458 549 1501 595 ιιι
1527 539 1556 594 ιι
1573 540 1645 596 libro
1670 540 1788 596 Numeri
1805 542 1874 612 ipso,

124 643 245 702 pauper,
274 621 446 696 patrimonia
467 618 618 691 egentibus
644 617 822 687 dividantur.
847 621 970 677 orationi
1025 628 1060 682 ad
1077 629 1172 683 Aaron
1189 629 1229 683 sic
1252 628 1386 683 dicente:
1418 627 1553 684 «Omnes
1582 630 1724 698 primitias
1744 640 1876 685 sanctua-

122 725 243 777 vacetur
260 722 287 772 et
313 709 440 784 psalmis,
469 707 608 765 doctrinae
632 722 750 779 quoque
772 716 799 765 et
822 711 971 767 coutinen-
1024 717 1068 783 rii,
1086 716 1298 787 qnasoliorunt
1325 716 1374 770 titii
1402 717 1489 772 lsrael
1520 717 1651 786 Domino,
1681 718 1730 773 tibi
1757 718 1832 783 dedi,
1848 726 1875 775 et

120 808 177 865 ιιι.
199 803 304 871 Quales
319 808 353 871 ,et
372 803 465 858 Lucas
491 796 579 854 refert
608 796 734 867 primum
762 798 969 869 Hierosolyme
1024 804 1089 859 illlis
1105 819 1138 860 ac
1153 804 1266 861 filiabus
1276 805 1333 861 tuis
1344 806 1411 876 jnrc
1427 809 1565 875 perpetuo
1581 809 1673 872 (Nom.
1690 821 1774 874 xvrn,
1791 808 1845 879 tlt).
1859 828 1873 856 ι

120 893 380 968 ιιιιιιιῑιιιιιιιιιι
399 887 473 962 (Act.
499 901 538 953 ιι,
559 885 614 957 32).
639 886 720 954 Quod
745 887 768 943 Si
790 895 901 945 veteres
920 902 967 943 re·
1023 893 1103 950 Unde
1132 909 1184 950 nec
1212 909 1227 949 a
1256 895 1424 951 clericorum
1457 895 1557 951 ordine
1589 896 1744 952 mulierum
1770 897 1869 968 religio

117 986 270 1044 volvamus
295 978 439 1046 historias,
459 976 635 1047 reperiemus
656 976 686 1031 in
713 977 780 1047 ipsis
795 977 922 1046 pleminas
937 978 967 1034 in
1021 981 1166 1053 disiuncta
1187 983 1311 1039 videtur.
1329 986 1405 1048 Quas
1420 983 1508 1040 etiarn
1524 984 1591 1053 ipsis
1617 986 1733 1041 nomine
1748 986 1871 1057 coujun-

118 1073 239 1146 hisquae
258 1072 294 1128 ad
310 1072 401 1127 Deum
421 1066 575 1138 pertinent,
592 1066 637 1122 vel
653 1066 688 1121 ad
706 1080 915 1138 quamcunque
926 1082 967 1123 re·
1021 1079 1082 1128 ctas
1109 1087 1168 1128 esse
1196 1080 1317 1140 constat,
1342 1087 1409 1128 cum
1434 1073 1566 1129 videlicet
1594 1082 1652 1129 tam
1695 1074 1869 1130 diaconissas

117 1162 231 1234 ligionis
253 1158 496 1233 singularitatem,
526 1156 637 1212 avitis
664 1170 721 1211 nou
743 1156 831 1212 luisse
855 1156 966 1226 disjun·
1020 1175 1109 1231 quant
1132 1162 1268 1218 diaconos
1291 1161 1478 1232 appellemus.
1501 1166 1542 1217 Ac
1564 1163 1588 1217 si
1619 1163 1647 1218 iu
1669 1164 1802 1234 utrisque
1819 1164 1870 1220 tri-

114 1258 185 1309 ctas.
198 1250 276 1319 Quas
300 1248 388 1306 etiam
402 1246 511 1318 pariter
524 1252 558 1301 ut
573 1244 651 1301 viros
665 1244 764 1302 diviua
781 1245 892 1301 cantica
906 1261 965 1302 nou
1019 1250 1089 1306 bum
1110 1250 1186 1319 Levi,
1211 1262 1237 1307 et
1262 1252 1346 1321 quasi
1369 1250 1471 1307 levitas
1497 1264 1699 1322 agnoscamus.
1725 1252 1871 1310 Habemus

114 1340 208 1398 solutu
232 1339 377 1406 cecinisse,
416 1349 519 1392 verum
546 1334 633 1391 etiam
660 1334 854 1404 composuisse
875 1349 964 1392 sacra
1017 1339 1103 1395 etiam
1132 1339 1160 1395 in
1185 1341 1282 1395 eodem
1313 1339 1387 1395 libro
1409 1348 1511 1396 votum
1538 1339 1610 1395 illud
1638 1340 1814 1408 maximum,
1841 1349 1870 1398 ιι

113 1429 235 1487 tradunt
249 1426 390 1484 Historia.
407 1425 537 1481 Primum
556 1423 665 1495 quippe
680 1423 825 1479 canticum
841 1424 877 1479 de
893 1423 963 1480 libe·
1016 1429 1257 1486 consecrationem
1276 1428 1479 1484 Nazareorum
1507 1428 1620 1484 Domini
1644 1443 1726 1500 aeque
1756 1430 1868 1486 leminis

112 1519 223 1578 ratione
242 1515 389 1575 israelitici
410 1513 510 1586 populi
534 1527 592 1569 nou
607 1512 701 1569 solum
714 1512 779 1580 viri,
806 1512 854 1568 sed
876 1514 961 1569 etiam
1017 1516 1091 1574 sicut
1109 1527 1136 1574 et
1155 1517 1226 1573 viris
1243 1531 1302 1573 esse
1318 1517 1493 1585 institutum,
1519 1516 1580 1588 ipso
1604 1518 1640 1574 ad
1659 1518 1782 1589 lloysem
1810 1519 1868 1575 llo-

112 1607 249 1665 mulieres
264 1606 386 1663 Domino
407 1604 652 1668 decantaverunt3
678 1601 748 1657 binc
766 1602 860 1658 statim
884 1603 960 1659 divi·
978 1571 998 1625 Β
1015 1605 1093 1663 mino
1108 1607 1149 1662 sic
1162 1606 1272 1662 dicente
1289 1620 1295 1660 :
1314 1624 1328 1657 ι
1344 1605 1473 1677 Loquere
1487 1606 1523 1661 ad
1536 1607 1615 1676 ,tilios
1632 1605 1729 1673 lsrael,
1747 1615 1774 1663 ιι
1790 1607 1867 1664 dices

112 1710 217 1754 norum
239 1695 400 1752 officiorum
432 1692 462 1749 iu
490 1690 618 1748 Ecclesia
643 1689 882 1747 celebrandorum
904 1706 960 1748 au·
1015 1694 1050 1751 ad
1075 1710 1146 1752 eos:
1176 1695 1228 1752 Vir
1251 1695 1310 1751 sive
1333 1695 1438 1752 mulier
1467 1710 1533 1752 cum
1561 1696 1679 1752 iecerint
1706 1705 1808 1752 votum
1834 1704 1867 1754 ut

112 1784 271 1843 ctoritatem
298 1783 366 1855 ipsa
392 1782 511 1853 adepta.
535 1780 581 1837 Sic
607 1779 715 1851 quippe
737 1779 957 1850 scriptumest:
1013 1784 1239 1851 sanctificentur,
1268 1792 1295 1841 et
1316 1799 1345 1841 se
1360 1785 1512 1855 {volueriut
1540 1784 1658 1841 Domino
1684 1800 1864 1854 consecrare,

113 1873 351 1945 «Sumpsitergo
372 1871 464 1929 blavia
491 1869 672 1945 prophetissa
686 1870 874 1925 sororAarou
887 1878 960 1940 tym·
1013 1874 1082 1930 vino
1109 1882 1136 1931 et
1164 1874 1241 1930 omui
1271 1874 1349 1944 qnod
1377 1873 1519 1930 inebriare
1547 1882 1638 1945 potest
1662 1874 1861 1932 abstinebunt.

110 1978 221 2035 panum
235 1963 266 2019 in
281 1975 372 2019 manu
398 1975 461 2029 sua,
484 1973 667 2032 egressaeque
693 1965 761 2014 sunt
776 1973 876 2016 omnes
891 1974 959 2017 mu·
1013 1965 1132 2021 Acetum
1147 1978 1184 2020 ex
1200 1964 1267 2020 vino
1281 1971 1309 2020 et
1323 1977 1359 2019 ex
1375 1963 1504 2034 qualibet
1519 1963 1576 2019 alia
1589 1964 1715 2034 potione,
1730 1972 1757 2020 et
1772 1964 1860 2035 quid-

84 2054 195 2112 ,lieres
217 2058 280 2124 post
300 2065 363 2109 eam
389 2064 456 2107 cum
485 2048 631 2119 tympanis
666 2054 694 2105 ιι
721 2047 824 2117 ιιιιιι,
850 2048 958 2119 quibus
1014 2053 1084 2125 quid
1104 2055 1139 2110 de
1164 2067 1222 2109 uva
1239 2051 1419 2123 exprimitur
1435 2067 1493 2107 nou
1518 2052 1625 2108 bibent.
1647 2053 1722 2109 Uvas
1738 2061 1864 2110 recentes

111 2143 283 2216 praecinebat
322 2140 439 2197 dicens:
469 2139 623 2195 Cantemus
662 2138 792 2206 Domino,
838 2139 959 2209 gloriose
1013 2142 1161 2212 siccasque
1181 2156 1240 2197 nou
1262 2141 1411 2197 comedent
1427 2141 1539 2197 cunctis
1563 2141 1674 2210 diebus,
1701 2142 1808 2213 quibus
1824 2157 1860 2199 ex

109 2232 186 2290 euim
200 2229 403 2303 magnificatus
414 2236 455 2286 est
471 2227 570 2298 (Hcod.
588 2242 636 2293 xv,
653 2227 709 2298 ιι).
729 2248 739 2276 ι
757 2226 815 2284 Nec
830 2226 869 2282 ibi
889 2229 956 2299 qui·
1014 2239 1078 2288 voto
1102 2231 1221 2287 Domino
1250 2237 1472 2287 consecrantur.
1494 2229 1640 2302 Quidquid
1664 2246 1701 2287 ex
1723 2232 1863 2290 vineaest

109 2322 173 2380 dem
198 2321 308 2393 Moyses
332 2318 575 2375 commemoratur
597 2316 746 2388 propbeta,
772 2330 825 2372 uec
858 2319 957 2386 praeci-
1012 2322 1048 2377 ab
1065 2335 1123 2377 uva
1142 2334 1226 2390 passa
1241 2334 1333 2391 usque
1348 2320 1383 2375 ad
1404 2320 1521 2376 acinum
1536 2335 1592 2377 nou
1615 2321 1764 2378 comedent
1778 2322 1862 2378 omui

108 2410 301 2470 uissedicitur
320 2409 394 2466 sicut
416 2407 517 2475 Maria,
545 2420 597 2462 ιιι
621 2412 794 2477 lympanum
817 2414 868 2463 aut
887 2408 958 2463 cbo·
1013 2418 1137 2481 tempore
1165 2408 1355 2480 separationis
1379 2423 1442 2465 suoe
1468 2409 1560 2481 (Num.
1586 2424 1626 2478 ιι,
1658 2410 1696 2480 ι).
1729 2432 1743 2459 »
1767 2410 1861 2481 Hujus

109 2514 175 2559 rum
199 2499 255 2556 viri
280 2497 416 2555 babuisse
438 2496 604 2553 reieruntur
627 2493 701 2552 sicut
716 2495 860 2552 mulieres.
884 2496 956 2553 Com
1011 2500 1129 2571 quidem
1155 2498 1303 2570 religionis
1336 2497 1399 2554 illas
1431 2496 1520 2555 luisse
1540 2498 1664 2555 arbitror
1685 2499 1861 2557 excubantes

111 2589 209 2660 itaque
232 2588 320 2644 llaria
346 2587 507 2658 praectnens
529 2584 680 2655 prophetes
705 2593 954 2654 commemoratur,
1011 2589 1047 2645 ad
1062 2589 1168 2644 ostium
1192 2586 1382 2653 tabernaculi,
1407 2588 1443 2643 de
1461 2602 1587 2658 quarum
1609 2588 1732 2659 speculis
1750 2590 1859 2659 Moyses

106 2677 224 2735 videtur
245 2677 308 2748 ipsa
322 2690 381 2733 nou
402 2683 460 2731 tam
484 2672 618 2730 dictando
633 2673 678 2729 vel
693 2674 849 2738 recitando,
868 2688 954 2745 quam
1010 2692 1061 2734 vas
1076 2676 1245 2748 composuit,
1263 2676 1292 2731 in
1308 2691 1366 2747 quo
1381 2676 1548 2732 lavarentur
1563 2679 1659 2733 aaron
1674 2686 1701 2733 et
1720 2678 1770 2733 lilii
1785 2677 1857 2748 ejus,

107 2768 305 2840 prophetando
327 2765 473 2824 canticum
493 2765 568 2822 istud
593 2764 755 2835 protulisse.
782 2767 850 2830 Quae
869 2766 955 2820 etiam
1009 2767 1083 2823 sicut
1112 2767 1252 2835 scriptum
1291 2772 1354 2821 est:
1387 2785 1401 2814 «
1426 2765 1565 2836 apposuit
1606 2767 1715 2836 Moyses
1743 2766 1858 2824 labrum

107 2871 174 2914 cum
194 2858 304 2914 ceteris
326 2857 480 2927 praeciuere
498 2853 681 2921 describitur,
706 2867 795 2924 quam
825 2853 955 2910 ordinate
972 2878 992 2933 ρ
1009 2869 1122 2913 aeneum
1140 2854 1168 2909 in
1184 2869 1242 2924 quo
1257 2853 1426 2910 lavarentur
1440 2854 1536 2910 Aaron
1560 2859 1585 2910 ct
1610 2854 1659 2909 dlii
1684 2855 1760 2924 ejus3
1778 2856 1857 2926 quod

106 2948 166 3005 sive
181 2946 359 3005 concorditer
373 2944 525 3016 psallerent
545 2945 768 2999 demonstratur.
795 2942 876 3007 Quod
898 2958 953 2999 an-

105 3044 163 3094 tem
177 3052 235 3096 non
250 3035 345 3092 solum
367 3049 446 3103 voce,
464 3047 566 3090 verum
589 3033 675 3089 etiam
689 3032 833 3103 tympanis
848 3040 875 3089 ιι
888 3034 953 3089 ιιι-

105 3127 145 3183 ιιι
167 3125 334 3191 cecinerint,
363 3138 421 3179 non
443 3122 536 3179 solum
559 3135 661 3178 earum
681 3121 839 3177 maximam
864 3122 952 3178 devo-

105 3215 211 3271 tionem
244 3213 382 3280 insinuat,
413 3226 515 3268 verum
545 3211 630 3266 etiam
670 3210 788 3280 mystice
816 3210 952 3281 spiritalis

103 3302 207 3359 cantici
234 3302 263 3357 in
280 3299 552 3372 congregationibus
579 3298 742 3355 monasticis
759 3296 883 3355 formam
905 3301 949 3354 di-

103 3389 226 3463 ligenter
239 3389 387 3461 exprimit.
406 3389 451 3445 Ad
466 3388 543 3459 quod
558 3395 585 3444 et
601 3387 752 3443 Psalmista
774 3402 827 3443 nos
839 3387 950 3458 {exhor-

103 3487 182 3537 tatur
193 3479 312 3537 dicens:
336 3501 347 3530 ι
374 3478 587 3548 Laudate1eum
611 3477 640 3531 iu
668 3485 804 3546 tympano
820 3485 848 3532 et
862 3478 948 3533 cltoro

86 3569 186 3648 ·(Paot.
211 3584 255 3637 ιι,
280 3568 319 3640 4),
344 3588 358 3619 ι
388 3567 442 3624 ιιι
471 3573 513 3622 est
541 3565 572 3622 iu
598 3564 817 3621 mortificatione
840 3567 947 3633 caruis,

101 3665 129 3716 et
151 3658 303 3715 concordia
335 3656 384 3713 illa
409 3655 567 3720 charitatis,
588 3654 622 3710 de
643 3668 703 3724 qua
723 3653 861 3724 scripturn
882 3663 945 3711 est:

102 3768 117 3798 ι
131 3746 205 3815 Quia
219 3746 415 3804 multitudinis
430 3745 611 3803 credentium
639 3751 701 3800 erat
725 3757 774 3799 cor
803 3758 896 3800 unum
919 3753 946 3801 et

100 3835 198 3894 anima
211 3850 271 3894 uua
287 3835 362 3907 (Act.
376 3849 416 3902 ιι,
431 3834 487 3906 ιι).
504 3854 519 3883 »
534 3834 592 3890 Nec
606 3840 691 3889 vacat
708 3832 794 3890 etiam
809 3847 826 3888 a
839 3843 944 3904 myste-

99 3926 153 3993 rio,
177 3925 256 3997 quod
277 3923 368 3996 egisse
383 3924 420 3980 ad
434 3923 611 3980 cantandum
628 3922 805 3992 reseruntur,
832 3924 861 3978 in
886 3938 944 3994 quo

1008 2945 1072 3003 lecit
1100 2946 1135 3000 de
1158 2941 1281 3014 speculis
1311 2942 1466 2999 mulierum
1500 2956 1566 3012 quaa
1605 2943 1788 3000 excubabant
1822 2945 1856 3000 ad

1007 3034 1111 3091 ostium
1138 3031 1318 3089 tabernaculi
1343 3031 1443 3103 (Haod.
1468 3046 1569 3099 xxvm,
1595 3033 1632 3104 8).
1654 3053 1669 3081 ι
1699 3033 1857 3105 Diligenter

1007 3137 1120 3193 magne
1155 3121 1315 3178 devotionis
1347 3135 1447 3177 earum
1471 3120 1567 3177 terror
1591 3120 1764 3178 describitur
1790 3138 1856 3194 quae

1006 3211 1104 3269 clauso
1133 3212 1221 3267 etiam
1245 3209 1430 3266 tabernaculo
1456 3209 1564 3266 loribus
1590 3211 1654 3281 eius
1677 3211 1877 3268 adhaerentes·

1005 3307 1170 3356 sanctarum
1186 3298 1354 3369 vigiliarum
1369 3296 1508 3354 excubias
1526 3297 1719 3365 celebrabant,
1743 3306 1854 3354 noctem

1003 3389 1089 3444 etiam
1105 3389 1196 3458 ipsam
1211 3387 1241 3442 iu
1256 3385 1437 3443 orationibus
1450 3386 1596 3454 ducentes,
1617 3394 1644 3443 et
1658 3386 1694 3442 ab
1713 3386 1851 3458 obsequio

1004 3477 1100 3533 divino
1115 3476 1185 3532 viris
1197 3474 1413 3546 quiescentibus
1433 3489 1491 3532 uon
1513 3482 1658 3531 vacantes.
1680 3475 1762 3540 Quod
1784 3490 1852 3533 vero

1003 3566 1134 3622 clausum
1156 3566 1197 3621 ιιι
1231 3564 1451 3620 tabernaculum
1480 3574 1659 3622 memoratur
1686 3566 1744 3622 vita
1765 3566 1852 3636 poeni·

1002 3655 1123 3712 teutium
1140 3667 1277 3725 congrue¹
1294 3653 1473 3724 designatur,
1490 3653 1542 3724 qni
1559 3661 1590 3711 ut
1614 3669 1644 3710 se
1667 3654 1770 3711 durius
1794 3669 1852 3725 poe·

1000 3744 1128 3800 nitentia
1151 3743 1284 3799 lamentis
1314 3742 1442 3798 alliciant
1468 3755 1485 3797 a
1513 3744 1622 3800 caeteris
1649 3751 1848 3819 segregantur.

1001 3833 1070 3898 (ιιι
1101 3831 1225 3904 proiecto
1248 3831 1310 3888 vita
1336 3831 1498 3901 specialiter
1519 3833 1684 3888 monastica
1704 3831 1850 3902 professio

999 3920 1045 3976 uis
1059 3935 1119 3978 esse
1140 3920 1315 3991 perhibetur,
1335 3921 1420 3990 cujus
1436 3920 1567 3977 videlicet
1585 3921 1656 3977 ordo
1680 3922 1752 3977 nibil
1768 3922 1848 3980 aliud

97 4016 203 4073 animae
230 4013 458 4084 contemplativae
473 4012 558 4083 jubili
579 4011 755 4083 figurantur.
782 4012 942 4078 Quadam
998 4024 1058 4066 esse
1087 4009 1194 4066 dicitnr
1223 4024 1312 4081 quam
1341 4010 1476 4080 quaedam
1505 4009 1644 4081 parcioris
1673 4009 1844 4080 penitentie

98 4103 134 4160 ad
149 4103 272 4161 coelestia
287 4116 317 4158 se
330 4100 489 4172 suspendit,
511 4099 595 4171 quasi
614 4109 734 4157 terrente
757 4100 944 4157 habitationis
997 4096 1098 4153 torma.
1116 4098 1348 4155 'sabernaculum
1372 4112 1440 4154 vero
1463 4098 1500 4153 ad
1528 4099 1613 4170 cujus
1634 4099 1739 4155 ostium
1761 4113 1848 4156 excu-

96 4199 224 4249 castrum
238 4190 351 4258 deserit,
364 4197 392 4246 et
406 4190 441 4245 de
454 4189 514 4259 ipsa
543 4188 790 4260 contemplationis
813 4204 873 4246 suae
896 4189 943 4245 iu·
958 4161 982 4216 Β
998 4187 1105 4243 ιιιιιι
1126 4186 1197 4244 illud
1213 4194 1256 4245 est
1280 4187 1398 4258 mystice
1414 4187 1645 4259 intelligendum,
1669 4188 1703 4244 de
1729 4202 1788 4258 quo
1807 4188 1844 4244 ad

96 4279 168 4337 tima
181 4277 332 4335 dulcedine
350 4277 492 4347 hymnum
508 4275 666 4349 spiritalem
688 4277 941 4333 summaexsulta·
997 4276 1130 4332 Hebraeos
1151 4276 1305 4347 Apostolus
1325 4276 1447 4332 scribit:
1478 4294 1492 4329 o
1513 4277 1659 4333 Habemus
1685 4277 1784 4341 altare,
1810 4277 1846 4333 de

96 4367 173 4425 tione
187 4365 309 4423 Domino
329 4363 475 4436 persolvit.
503 4364 649 4421 Habemus
673 4365 711 4420 ibi
738 4379 856 4436 quoque
877 4365 941 4422 Del·
996 4381 1054 4437 quo
1077 4380 1135 4422 non
1157 4365 1264 4424 habeut
1287 4366 1370 4422 edere
1398 4365 1428 4420 bi
1454 4366 1506 4437 qui
1539 4366 1726 4423 tabernaculo
1748 4366 1843 4423 deser·

95 4456 173 4516 bore
189 4455 246 4528 [od.
259 4454 399 4526 Deborael.
420 4462 447 4513 ct
465 4453 568 4522 Annae,
586 4468 639 4510 nec
652 4467 710 4509 non
724 4454 823 4510 luditb
845 4454 940 4511 viduae

94 4547 215 4617 cantica,
231 4544 306 4603 sicut
317 4552 345 4602 ιι
360 4544 390 4600 ιι
404 4544 562 4614 Evangelio
584 4542 680 4600 Mariae
697 4542 796 4599 matris
815 4543 938 4599 Domini.

92 4635 161 4705 uua
185 4635 316 4693 videlicet
339 4633 425 4691 Anna
460 4632 621 4688 Samuelem
663 4632 818 4703 parvulum
851 4647 938 4690 suum

91 4722 214 4781 oberans
230 4721 416 4780 tabernaculo
440 4720 553 4777 Domini
579 4719 604 4792 (i
626 4722 691 4786 lieo.
715 4735 734 4787 t,
759 4721 817 4791 ab),
840 4729 937 4777 aucto-

91 4811 204 4869 ritatam
241 4811 479 4882 suscipendorum
510 4809 666 4866 iurantium
690 4809 870 4866 monasteriis
891 4811 937 4866 de·

90 4899 142 4956 dit.
166 4899 247 4957 Unde
272 4901 399 4957 isidorus
428 4897 568 4956 iratribus
591 4898 621 4954 in
645 4897 773 4954 coenobio
795 4898 935 4955 Honoria-

89 4987 170 5046 nensi
197 4985 249 5060 [ot.
270 4988 486 5056 Honoriaceusi]
510 4987 673 5045 constitutis
696 5000 757 5057 cap.
774 4989 808 5041 5:
832 5009 846 5036 «
865 4988 934 5053 Qui-

87 5089 233 5148 cunque»
242 5075 347 5147 iuquit,
358 5090 398 5134 «a
411 5078 579 5149 parentibus
588 5075 712 5148 propriis
724 5076 753 5131 iu
762 5079 933 5135 monasterio

87 5165 142 5225 luit
162 5164 321 5238 delegatus,
345 5165 458 5222 noverit
476 5181 506 5223 ιι
524 5167 563 5223 ιιι
589 5173 724 5237 perpetuo
749 5180 930 5224 mansurum.

86 5254 159 5316 Nam
174 5255 259 5312 iluna
273 5253 434 5311 Samuelem
449 5268 572 5326 puerum
588 5255 645 5312 Deo
657 5255 769 5313 obtulit.
789 5254 843 5322 Qui
859 5263 887 5313 et
902 5257 931 5312 in

85 5342 243 5404 ministerio
256 5340 363 5413 templi,
384 5355 443 5413 quo
463 5352 584 5402 amatre
607 5345 701 5403 tuerat
724 5345 851 5413 iunctus,
867 5359 931 5416 per·

83 5433 201 5509 mansit,
216 5440 245 5497 et
259 5430 310 5492 ubi
331 5429 503 5491 ιοιιιιιιιιιι
525 5439 567 5491 ιιι
591 5433 753 5494 deservivit.
781 5456 791 5486 ι
814 5435 930 5494 Constat

994 4457 1079 4512 vlunt
1104 4456 1194 4526 (Hebr.
1220 4471 1283 4524 xm,
1308 4455 1359 4526 lo),
1385 4454 1514 4511 »idest
1539 4470 1597 4527 quo
1621 4454 1844 4526 participaredi·

994 4544 1044 4616 gni
1057 4558 1115 4600 uon
1130 4552 1198 4601 sunt
1212 4544 1264 4615 qui
1288 4543 1397 4613 corpori
1422 4558 1486 4610 suo,
1513 4542 1544 4599 in
1561 4559 1619 4616 quo
1645 4545 1691 4600 bic
1715 4544 1797 4615 quasi
1814 4544 1842 4600 iu

992 4635 1094 4690 castris
1117 4633 1292 4701 ministrant,
1324 4632 1530 4702 voluptuosum
1560 4634 1732 4704 impendunt
1763 4633 1842 4690 obse-

993 4723 1106 4792 quium.
1122 4722 1233 4779 Ostium
1250 4736 1318 4778 vero
1342 4722 1522 4779 tabernaculi
1542 4723 1607 4779 linis
1629 4732 1671 4779 est
1685 4722 1752 4779 vitae
1768 4736 1840 4793 prae-

991 4812 1088 4880 sentis
1114 4812 1231 4883 quaudo
1246 4811 1314 4868 binc
1332 4812 1430 4868 anima
1443 4813 1503 4870 exit
1529 4813 1563 4870 da
1578 4827 1696 4884 corpora
1708 4819 1736 4869 et
1764 4814 1841 4868 tutu·

990 4913 1054 4957 ram
1069 4900 1233 4972 ingreditur
1247 4901 1347 4957 vitatu.
1363 4903 1404 4958 ιιι
1428 4902 1482 4959 ιιι
1503 4903 1609 4960 ostium
1624 4902 1772 4960 excubant
1787 4901 1839 4972 qui

990 4989 1024 5046 de
1038 4990 1120 5047 exitu
1135 4989 1225 5063 buius
1243 4989 1309 5047 vitae
1324 4999 1351 5047 et
1369 4993 1490 5049 introitu
1506 4991 1613 5048 luturae
1629 4991 1742 5048 solliciti
1757 4998 1837 5057 sunt,

988 5086 1015 5136 et
1039 5079 1079 5136 sic
1105 5081 1269 5151 poenitendo
1294 5080 1454 5153 disponunt
1478 5081 1557 5137 bunc
1580 5082 1692 5139 exitum
1708 5089 1740 5138 ut
1755 5079 1837 5137 illum

987 5177 1154 5226 mereantur
1180 5168 1340 5227 introitum.
1373 5169 1412 5225 De
1441 5168 1495 5224 boc
1524 5169 1642 5240 quidem
1667 5168 1836 5241 quotidiano

987 5256 1107 5315 introitu
1134 5267 1162 5314 et
1188 5259 1269 5316 exitu
1310 5265 1416 5315 sanctae
1444 5256 1578 5314 Ecclesia
1606 5259 1654 5315 illa
1678 5267 1719 5315 est
1744 5258 1835 5313 oratio

986 5345 1165 5404 Psalmista:
1195 5368 1206 5398 ‹
1232 5347 1372 5406 Dominus
1399 5345 1542 5404 custodiat
1565 5347 1717 5404 introitum
1738 5352 1833 5412 tuum,

986 5438 1015 5496 et
1027 5436 1139 5496 exitum
1154 5443 1239 5498 tuum
1252 5437 1335 5510 (Ptol.
1360 5448 1428 5507 cxx,
1453 5433 1491 5505 8).
1507 5457 1522 5488 »
1551 5436 1632 5495 Tunc
1652 5437 1730 5495 enim
1746 5432 1834 5493 simul
