3804 5962
714 226 831 286 snnuo
850 226 964 284 amru.
1660 203 1722 289 'coe

79 367 119 412 sse
145 354 271 422 dicatur,
296 354 512 412 sanctissimum
544 369 574 413 se
601 353 739 427 putabit?
757 355 820 411 tam
834 352 860 408 lt
875 354 974 412 dtrens
990 354 1067 428 qnod
1087 356 1112 413 si
1131 355 1221 414 alicui
1234 371 1285 429 pro
1301 357 1492 416 medicamine
1500 354 1616 428 aliquid
1629 356 1721 424 daret,

79 443 124 501 lei
140 456 262 501 munera
276 444 378 501 crebra
404 444 569 515 mittantur,
586 445 638 502 liei
661 459 691 501 se
705 443 821 517 magni·
876 450 903 500 et
917 443 1028 501 sanitas
1056 457 1236 518 quacunque
1258 447 1294 503 de
1309 458 1397 503 causa
1422 446 1488 502 inde
1502 444 1602 517 aliquo
1620 452 1721 502 curato

79 533 207 590 tasserit
227 533 373 600 honorari,
395 533 443 589 cui
458 534 613 590 dormienti
635 540 723 606 atque
742 547 819 590 reso·
875 539 1056 603 sequeretur,
1089 533 1137 592 ille
1151 542 1271 592 sanatus
1295 536 1372 592 banc
1385 535 1567 592 curationem
1585 533 1649 606 eius
1661 547 1723 591 me·

79 621 213 678 cessaria
229 620 426 679 conterantur.
441 621 521 690 Quod
536 623 560 679 si
579 623 624 680 vel
645 622 680 678 de
707 622 820 679 modico
874 621 979 678 dicineo
998 622 1151 693 deputans,
1176 625 1282 682 multos
1308 625 1441 695 exemplo
1460 624 1507 679 sui
1527 624 1563 680 ad
1589 623 1717 682 medica·

79 722 118 766 ua
128 710 249 766 uirtutis
265 710 350 781 sigua
364 710 559 778 succederent,
573 711 711 781 angelum
727 724 756 767 se
769 724 822 781 pu·
875 717 972 766 menta
983 710 1064 767 iilius
1080 711 1229 778 invitaret,
1249 714 1334 770 etsie
1349 713 1379 769 in
1396 712 1479 769 brevi
1500 725 1641 782 magnum
1664 712 1719 769 sibi

82 799 225 856 Caetemm
252 812 319 855 cum
348 813 443 869 neque
469 814 564 870 opere.
587 815 682 872 neque
711 800 821 857 virtute
875 811 980 854 nomen
994 799 1145 856 medicinae
1165 801 1341 873 acquirerem
1358 814 1501 874 quaecum
1524 799 1554 856 in
1569 798 1721 871 aliquibus

79 878 149 943 suus
163 887 211 954 sit,
234 886 258 942 si
276 886 345 958 quis
358 887 481 944 clericus
498 887 583 945 luerit
604 887 732 955 effectus,
748 886 820 945 dila·
875 887 1091 945 medicamentis
1112 889 1158 946 sui
1185 890 1345 948 citicaciam
1374 905 1432 948 non
1459 888 1588 956 baberet,
1618 887 1719 945 morbo

79 976 174 1032 rtinuo
197 974 330 1032 fimbrias
353 990 431 1043 suas,
454 977 561 1049 gaudet
583 976 819 1044 salutationibus,
875 975 903 1031 id
928 975 1130 1047 imputaretur,
1160 980 1239 1050 qnod
1269 979 1439 1037 incurabilis
1454 984 1536 1047 esset,
1566 985 1593 1034 et
1620 982 1721 1034 contra

80 1077 96 1120 r
121 1064 352 1120 occursionibus.
376 1065 438 1135 lpse
459 1067 548 1122 etiam
571 1066 684 1137 ubique
707 1066 820 1122 discur-
874 1071 995 1120 mortem
1012 1066 1086 1123 nibil
1102 1067 1302 1125 medicamenti
1324 1069 1401 1125 vires
1416 1081 1506 1139 posse.
1524 1066 1600 1136 Quid
1615 1064 1722 1136 plnrai

95 1153 231 1222 quiante
248 1152 372 1224 pedibus
392 1161 442 1209 ant
457 1154 544 1212 asello
564 1157 606 1212 ire
620 1162 818 1224 consueverat,
874 1151 968 1208 laliaci
992 1153 1105 1211 bomini
1133 1161 1166 1212 ut
1181 1157 1289 1213 multos
1317 1156 1426 1214 ialleret
1451 1153 1672 1227 acquievitiila,
1693 1159 1721 1210 et

79 1256 94 1297 o
109 1255 185 1312 equo
211 1241 354 1313 superbus
381 1242 541 1300 invehitur.
569 1247 662 1301 Parva
682 1245 764 1316 prius
787 1258 821 1301 ac
873 1252 980 1311 magna
992 1241 1108 1298 taudem
1124 1243 1153 1299 in
1168 1245 1307 1314 opinione
1322 1244 1475 1301 bominum
1483 1243 1518 1300 de
1535 1243 1643 1300 virtuto
1656 1254 1717 1298 me·

79 1327 149 1386 {luia
169 1337 323 1386 contentus
348 1331 682 1404 habilai'e,ei'igiloelsa
703 1332 821 1405 laquea.
874 1327 1337 1389 (11θὸ111611ῑί[Ιὲώίῑαθθῑ.8ἰῦίὓίί
1361 1331 1396 1390 de
1430 1331 1581 1390 miraculis
1613 1343 1722 1401 praesu·

79 1419 193 1474 rmeruit
207 1418 299 1476 muita
314 1419 475 1488 conclavia,
492 1420 597 1492 sculpit
625 1421 710 1490 ostia,
727 1422 819 1495 pingit
875 1424 995 1488 mentes,
1010 1419 1085 1476 sicut
1100 1420 1148 1477 illa
1163 1421 1198 1477 de
1209 1420 1464 1486 medicaminibus,
1481 1419 1609 1493 quodam
1628 1418 1721 1475 simu·

79 1520 112 1574 a,
132 1515 240 1564 omrem
269 1509 379 1578 respuit
406 1509 590 1581 grossiorem,
616 1511 818 1568 indumentum
874 1502 992 1562 lationis
1008 1507 1094 1578 pallio
1115 1523 1145 1566 se
1168 1517 1314 1577 ornantes,
1339 1510 1501 1567 nrultarum
1529 1505 1724 1565 tebriuneuta·

85 1595 241 1664 desiderat,
265 1603 353 1669 atqne
383 1601 446 1655 baec
469 1599 566 1655 charis
595 1599 705 1667 viduis,
726 1614 760 1657 ao
778 1600 817 1658 la·
834 1620 856 1675 B
873 1606 941 1649 rum
956 1596 1139 1653 curationem
1154 1605 1343 1669 praesumunt,
1368 1605 1401 1655 ut
1426 1612 1495 1655 cnm
1526 1597 1556 1653 in
1570 1594 1724 1668 aliquibus

79 1684 141 1741 ibus
167 1686 285 1741 mandat
300 1685 410 1742 tributa
424 1687 602 1759 virginibus.
632 1688 732 1745 litant
759 1689 820 1747 bir-
877 1696 1053 1756 quoeunque
1068 1700 1135 1742 easu
1162 1688 1271 1744 sanitas
1299 1695 1504 1760 consequatur.
1520 1686 1574 1743 noo
1598 1686 1638 1742 eis
1669 1682 1723 1740 im·

79 1773 222 1845 igentem,
243 1775 305 1831 baec
327 1782 360 1830 ut
385 1774 523 1831 fluentem
553 1783 631 1832 texat
664 1776 820 1833 laromam.
877 1772 974 1841 putari
995 1775 1090 1844 possit.
1117 1775 1189 1833 Cum
1218 1777 1341 1833 veroin
1374 1775 1526 1848 aliquibus
1553 1773 1722 1841 defecerint,

79 1907 82 1916 .
105 1860 167 1918 baec
189 1863 355 1919 mordacius
378 1862 664 1921 describendaiieato
679 1866 743 1922 viro
759 1865 824 1922 iiie-
873 1860 986 1916 uirrmus
1002 1863 1068 1918 lidei
1086 1864 1242 1921 bominum
1269 1866 1444 1933 ascribatur,
1470 1864 1522 1937 qui
1546 1862 1628 1935 digni
1658 1875 1717 1918 non

79 1949 317 2020 orelinquamus.
877 1947 994 2006 inerant
1011 1957 1045 2007 ut
1055 1951 1115 2009 baec
1127 1952 1265 2010 beneficia
1280 1954 1456 2024 susciperent
1468 1958 1521 2009 aut
1535 1952 1624 2009 etiam
1640 1949 1722 2007 vide·

79 2037 136 2094 lad
156 2038 218 2095 baec
232 2036 274 2094 iili
297 2038 406 2095 dicturi
420 2046 500 2109 sunt,
518 2054 593 2111 quos
616 2040 670 2098 boo
695 2047 823 2112 tempore
876 2042 951 2092 rent·

79 2132 143 2182 tum
163 2126 295 2183 vidimus
308 2141 492 2198 presumere,
511 2137 545 2185 ut
560 2129 594 2186 de
614 2129 771 2186 solitudine
785 2129 822 2186 ad
911 2124 1052 2183 Nonnulli
1066 2142 1184 2201 quoque
1202 2130 1363 2187 denomino
1379 2129 1528 2202 religionis
1551 2127 1719 2201 gloriantes,

98 2215 292 2286 procedentes,
316 2216 393 2273 siout
416 2217 450 2274 de
462 2217 526 2274 iroro
541 2217 692 2290 religionis
705 2220 823 2276 nomino
876 2226 943 2268 cum
968 2216 1091 2285 gratiam
1118 2217 1325 2275 miraculorum
1353 2219 1468 2291 assequi
1483 2231 1541 2274 non
1566 2216 1674 2282 valent,
1689 2222 1722 2271 ut

79 2312 137 2370 ant.
168 2304 247 2361 itaet
262 2305 296 2361 de
314 2305 499 2363 simulatione
526 2307 737 2364 miraculorum
752 2321 823 2380 gra-
877 2301 1346 2379 hiss⁰m³15ffl0r0118505l80r11m
1372 2307 1583 2378 ⁰⁰fflii⁰beit1b
1620 2304 1673 2361 110ss
1687 2302 1723 2359 ad

80 2392 143 2448 deri
162 2392 312 2450 mirabiles
330 2394 523 2465 appetebant?
547 2395 654 2452 Omitto
672 2403 822 2453 contactus
877 2391 1101 2450 consolationem
1130 2409 1213 2451 suam
1235 2395 1337 2452 afferre
1362 2394 1464 2460 solent,
1495 2408 1553 2450 uon
1577 2393 1639 2464 jam
1669 2391 1724 2448 boc

79 2480 232 2538 alictiones
252 2495 407 2552 aquarum,
424 2497 498 2554 quas
518 2484 665 2555 languidis
693 2485 824 2554 inpocu·
877 2486 1014 2552 tempore,
1038 2496 1098 2553 quo
1123 2483 1193 2541 tides
1225 2484 1411 2542 corroborata
1437 2489 1479 2540 est
1508 2480 1651 2539 miracula
1680 2481 1722 2536 sir.

79 2569 229 2642 irigebant,
249 2577 281 2626 ut
308 2571 350 2628 sic
373 2579 559 2640 curarentur,
583 2573 824 2629 contrectationes
875 2580 937 2624 csse
967 2571 1127 2628 necessaria
1153 2572 1297 2642 quomodo
1331 2571 1479 2644 qnondam
1506 2571 1536 2627 in
1572 2569 1722 2642 primitiva

79 2657 283 2729 ›nsignaoiones
312 2659 519 2725 membrorum,
549 2668 582 2716 ur
611 2661 722 2717 dotores
745 2660 823 2717 intir-
877 2655 1009 2713 Ecclesia.
1043 2658 1086 2715 tid
1101 2660 1178 2730 quod
1205 2660 1290 2716 etiam
1317 2660 1512 2717 testimonium
1530 2659 1566 2715 de
1589 2657 1724 2729 Apostolo

79 2758 122 2801 rm
143 2746 330 2817 expellerent,
351 2748 482 2819 eulogias
493 2749 523 2805 iu
557 2749 682 2821 panibus
705 2750 820 2818 tractos,
877 2744 1056 2815 inducentes,
1082 2747 1198 2804 dicunt:
1220 2747 1337 2814 Linque
1352 2750 1383 2802 io
1403 2751 1513 2816 aquom
1532 2753 1597 2802 sont
1620 2761 1675 2802 noa
1690 2745 1722 2805 d·

79 2832 213 2890 infirmos
240 2834 405 2893 destinatas.
427 2835 471 2893 Ad
504 2837 615 2908 maiora
635 2838 766 2906 veniam,
794 2843 821 2893 ot
876 2833 994 2902 delibus,
1012 2835 1061 2889 sed
1085 2835 1252 2905 infidelibus,
1266 2837 1420 2906 prophetia
1437 2840 1527 2891 osten
1548 2850 1602 2890 aon
1623 2833 1722 2906 infide-

79 2920 157 2979 tilla
173 2923 316 2979 miracula
331 2926 367 2982 de
386 2926 593 2983 resuscitandis
612 2941 730 2998 quoque
748 2939 823 2983 mor·
840 2911 861 2967 C
878 2921 959 2989 libas,
981 2923 1030 2978 aad
1047 2922 1172 2994 tidelibns
1188 2924 1210 2996 (i
1232 2924 1293 2981 dor.
1315 2939 1374 2994 xiv,
1401 2925 1456 2994 22.)
1478 2923 1559 2980 Sicut
1573 2936 1642 2994 ergo
1658 2923 1725 2979 cui-

79 3010 183 3067 taniter
205 3018 324 3068 tentata.
340 3013 423 3077 Quod
439 3014 558 3084 quidem
574 3029 667 3086 nuper
682 3026 823 3085 praesum·
878 3010 947 3068 libet
958 3025 1063 3083 genera
1084 3012 1254 3084 linguarum
1266 3012 1370 3070 collata
1396 3013 1492 3071 subito
1504 3025 1562 3083 pro
1576 3012 1659 3084 signo
1673 3010 1725 3067 ba·

84 3097 272 3167 Norbertnm,
300 3107 328 3155 et
355 3101 552 3171 coapostolum
582 3101 645 3172 eius
678 3101 823 3158 Farsitum
878 3098 1080 3171 benturapud
1095 3100 1233 3169 infideles,
1248 3109 1357 3158 etcum
1386 3101 1578 3158 admiratione
1616 3112 1724 3172 magna

94 3186 215 3255 luimus,
235 3194 263 3243 et
292 3188 428 3245 risimus:
446 3191 498 3260 qui
521 3189 697 3261 dispariter
717 3190 747 3246 in
761 3202 824 3246 ora·
878 3188 914 3245 ab
929 3189 971 3245 eis
984 3190 1071 3260 quasi
1084 3203 1226 3261 magnum
1246 3191 1320 3261 qnid
1333 3190 1546 3261 suscipiuntur,
1556 3196 1590 3246 nt
1603 3188 1650 3246 bis
1660 3195 1722 3245 tan·

79 3287 165 3332 oram
191 3275 299 3346 populo
320 3278 466 3347 prostrati,
495 3284 522 3334 ot
550 3278 658 3335 desua
683 3291 823 3350 praesum·
878 3291 967 3348 quam
996 3277 1146 3335 miraculis
1160 3279 1197 3336 ad
1220 3279 1305 3337 iidem
1330 3286 1511 3346 moveantur,
1538 3278 1577 3336 ita
1605 3285 1725 3350 etque·

91 3362 237 3434 lrustrati,
262 3379 330 3421 cum
357 3367 540 3436 aproposito
567 3366 680 3423 contusi
713 3366 825 3424 decide·
877 3378 996 3436 cunque
1009 3365 1151 3424 miracula
1167 3366 1335 3425 infidelibus
1361 3367 1562 3439 potiusquam
1587 3366 1724 3425 bdelibns

80 3451 218 3524 biurgare
229 3453 369 3524 populum
380 3455 562 3525 impudenter
572 3463 730 3526 oeperunt,
745 3454 823 3527 qnod
876 3455 1039 3511 necessaria
1067 3455 1182 3512 dicunt:
1201 3455 1323 3528 ideoque
1354 3457 1407 3514 boc
1436 3445 1577 3529 tempore
1592 3456 1648 3524 bis,
1667 3455 1722 3527 qni

79 3541 123 3599 eni
142 3556 202 3598 sua
223 3549 251 3598 et
276 3543 420 3600 constanti
444 3544 510 3601 ddei
544 3545 700 3602 infidelitas
721 3559 823 3602 eorum
878 3541 955 3599 inter
975 3542 1071 3600 nostes
1088 3550 1307 3613 conversantur,
1324 3545 1399 3602 bauo
1413 3546 1567 3617 signorum
1596 3552 1723 3616 gratiam

79 3637 137 3687 ret.
164 3630 187 3688 0
213 3632 354 3688 calliditas
384 3633 583 3691 incautoruml
616 3647 633 3690 o
671 3635 823 3691 excusatio
877 3631 1229 3699 nonesseneoessariam,
1247 3646 1307 3704 qua
1322 3632 1364 3689 illi
1381 3633 1724 3705 ildeleseiiicianturqui

79 3718 364 3777 ¹inexcusabilium!
390 3721 513 3793 Aliquos
536 3722 695 3792 aliquando
728 3723 758 3779 in
779 3730 822 3779 ta·
875 3717 937 3790 iam
953 3717 1050 3775 lideles
1063 3725 1141 3774 sunt.
1158 3718 1212 3775 Sed
1228 3720 1351 3790 proiecto
1380 3734 1447 3777 cnm
1476 3720 1545 3778 lidos
1560 3721 1624 3777 siue
1652 3734 1724 3792 ope-
1799 3794 1801 3798 μ

79 3807 207 3878 decipere
239 3816 368 3879 possunt,
388 3810 448 3878 sed,
469 3810 556 3881 juxta
570 3810 708 3868 Veritatis
731 3824 823 3869 asser·
877 3806 961 3864 ribus
975 3813 1091 3863 mortua
1112 3807 1150 3864 sit
1171 3807 1238 3877 (ior.
1251 3822 1282 3871 u.
1298 3808 1345 3879 ib)
1360 3810 1610 3875 etserrussciens‚
1626 3816 1724 3866 etnou

79 3912 95 3964 i,
123 3896 199 3953 nibil
226 3897 375 3954 occultum
395 3900 472 3969 quod
492 3913 551 3955 non
583 3899 727 3956 reveletur
745 3898 821 3972 (Luc.
876 3894 985 3952 iaciens
998 3894 1181 3951 voluntatem
1210 3894 1327 3951 Domini
1342 3895 1388 3952 sui
1404 3895 1506 3953 multis
1521 3896 1639 3967 vapulet
1655 3895 1721 3967 pla-

79 3980 109 4057 t),
121 3992 160 4052 et,
183 3983 268 4053 iuxta
289 3986 456 4056 Hieronymi
471 3987 652 4051 seutentiam,
667 3985 758 4043 laisus
776 3997 824 4040 ru·
878 3983 1085 4055 guildouin,
1109 3983 1166 4052 ii),
1190 3997 1249 4039 non
1278 3983 1376 4040 minus
1389 3991 1505 4055 propter
1532 3997 1620 4056 opera
1634 3996 1724 4055 quam

79 4070 118 4130 lto
135 4073 321 4144 opprimitur.
342 4073 405 4131 Non
437 4075 606 4146 ignoramus
630 4074 752 4131 astutias
779 4080 821 4129 ta·
878 4077 995 4142 propter
1010 4069 1095 4126 iidem
1110 4069 1293 4140 conterenda,
1310 4071 1466 4128 boeotiam
1481 4079 1609 4143 tempore
1624 4083 1722 4127 neces-

80 4160 132 4235 qui
161 4175 227 4218 cum
245 4162 440 4220 febricitantes
462 4177 480 4220 a
507 4164 623 4221 lenibus
643 4163 753 4221 morbis
774 4176 823 4219 cu·
878 4159 957 4217 saria
971 4158 1108 4219 ridentur
1122 4159 1273 4217 miracula.
1290 4160 1343 4216 Sed
1367 4174 1419 4217 neo
1433 4159 1530 4218 adbuc
1558 4159 1722 4218 inssdelinm

79 4258 247 4318 resumunt,
268 4251 404 4323 pluribus
422 4252 522 4324 aliqua
536 4253 581 4310 vel
605 4254 633 4309 in
654 4251 718 4309 cibo
731 4251 777 4309 rel
793 4251 823 4307 in
878 4255 938 4305 tarn
953 4248 1155 4305 hereticorum
1170 4261 1260 4319 quam
1283 4249 1450 4306 iudeorum
1479 4250 1542 4308 sire
1570 4249 1723 4322 gentilium

78 4338 201 4397 tibuunt
219 4347 252 4396 ut
275 4349 386 4405 curent,
402 4341 446 4398 rel
475 4342 688 4399 benedictiones
701 4342 747 4397 vel
760 4353 823 4397 ora·
880 4338 965 4396 nobis
980 4338 1064 4410 copia
1091 4339 1178 4395 deest.
1208 4339 1251 4395 ild
1281 4352 1408 4410 quorum
1437 4340 1654 4398 couversionem
1684 4340 1725 4397 is·

87 4425 209 4485 iaciunt.
233 4429 412 4501 Hocutique
435 4430 573 4502 cogitant,
605 4438 637 4487 ut
651 4431 676 4486 si
696 4443 826 4501 quoquo
879 4427 1024 4498 ciendam,
1054 4427 1096 4484 rel
1126 4428 1371 4500 oppugnationem
1402 4428 1627 4498 reprimendam,
1664 4441 1724 4484 non

79 4517 189 4575 naratio
204 4525 355 4589 sequatur,
366 4519 511 4575 sanctitati
528 4533 627 4576 eonrm
645 4520 822 4589 imputatum
878 4516 978 4573 minus
993 4516 1137 4573 miracula
1152 4530 1231 4573 nuuc
1246 4530 1362 4588 quoque
1377 4517 1453 4574 sicut
1476 4516 1544 4572 oiim
1560 4515 1723 4573 necessaria

79 4607 251 4674 romiuime,
268 4606 432 4665 infidelitati
449 4621 550 4664 comm
565 4608 610 4665 vel
630 4606 824 4679 desperationi
877 4605 1027 4662 ridentur.
1059 4605 1113 4662 Sed
1128 4605 1201 4675 quia
1216 4619 1274 4661 uon
1289 4605 1426 4676 errorqui
1455 4604 1531 4660 banc
1559 4615 1725 4675 promerue-

79 4701 151 4752 atur.
877 4695 939 4752 rint
954 4694 1090 4766 gratiam,
1107 4708 1161 4750 nec
1176 4700 1235 4750 tam
1250 4692 1287 4750 ad
1303 4693 1426 4751 salutem
1441 4692 1566 4750 aliorum
1582 4703 1672 4763 quam
1687 4689 1724 4746 ad

107 4784 264 4842 consilium
279 4786 401 4858 quidam
416 4787 564 4845 saecularis
580 4793 694 4844 astutus
708 4785 825 4843 atridam
879 4783 1103 4842 ostentationem
1112 4781 1367 4853 suiquisqueeam
1378 4782 1530 4849 desiderat,
1537 4781 1657 4852 iamque
1666 4791 1725 4835 onr-
1825 4773 1830 4780 '

79 4871 164 4928 rculae
177 4873 234 4931 sibi
252 4881 326 4930 notae
339 4875 430 4933 tertrrr
448 4876 572 4932 dedisse.
583 4875 656 4933 Cum
670 4875 750 4933 enim
764 4875 823 4944 illa,
878 4872 949 4930 nino
965 4872 1034 4930 does
1049 4871 1098 4928 ilia
1115 4870 1210 4942 periit,
1227 4870 1263 4927 de
1277 4885 1337 4942 qua
1352 4871 1484 4929 Salvator
1498 4871 1554 4927 ait:
1571 4870 1603 4926 Si
1625 4867 1726 4925 boboa-

79 4967 137 5025 tuc
152 4962 188 5019 ad
204 4971 403 5035 paupertatem
427 4964 548 5021 nimiam
572 4964 742 5032 devenisset,
762 4973 826 5022 eta
879 4964 943 5018 ritis
968 4962 1135 5033 ermetem
1158 4975 1276 5028 granum
1300 4960 1532 5030 recorrectionis
1558 4959 1621 5014 baio
1639 4960 1727 5013 monti

79 5056 115 5107 tto
133 5051 197 5108 viro
212 5052 420 5124 eleemosynam
445 5054 613 5125 postularet,
637 5055 763 5110 miratus
778 5054 826 5111 ille
879 5057 910 5107 ut
926 5066 954 5106 se
968 5051 1130 5117 transferat,
1146 5053 1172 5105 et
1183 5050 1331 5116 transferet
1351 5049 1434 5121 (boc.
1452 5066 1527 5119 surr,
1558 5049 1595 5122 b),
1613 5060 1727 5104 cessan-

80 5153 127 5195 am
148 5140 362 5198 mendicantem
379 5141 499 5210 videret,
525 5156 614 5214 quam
637 5149 723 5199 antea
736 5155 824 5199 noro·
879 5146 928 5196 tur
943 5137 1057 5209 penitus
1079 5136 1128 5194 illa
1158 5136 1369 5193 miraculorum
1398 5136 1547 5207 beneilcia,
1564 5151 1631 5209 quae
1659 5148 1731 5209 prae·

79 5227 256 5293 undantem.
283 5229 361 5286 dedit
379 5232 407 5287 ei
431 5231 547 5288 tandem
563 5231 729 5300 consilium,
748 5238 825 5287 ntse
879 5228 973 5294 dictus
994 5238 1112 5297 onager,
1143 5225 1281 5297 quamvis
1310 5226 1356 5283 bis
1386 5225 1525 5296 indignus
1553 5241 1611 5284 nou
1639 5232 1725 5293 esset,

79 5317 118 5373 iri
139 5318 214 5375 scire
226 5319 385 5389 simularet,
402 5328 429 5377 et
444 5320 549 5378 berbas
564 5334 758 5393 quascunque
769 5320 825 5377 col·
879 5315 978 5387 respui
993 5323 1039 5384 ,et
1054 5315 1106 5387 qui
1131 5315 1210 5387 digni
1227 5328 1285 5371 nou
1312 5322 1393 5384 sunt,
1417 5322 1557 5386 appetunt
1575 5324 1605 5374 et
1633 5317 1728 5388 impu·

79 5412 134 5474 ,et
155 5409 366 5479 egrotantibus
389 5408 456 5468 inde
475 5410 653 5468 curationem
676 5421 823 5480 praepara·
878 5408 981 5464 denter
999 5405 1151 5465 simulant.
1179 5402 1236 5472 Qui
1251 5402 1378 5475 danique
1402 5403 1558 5462 clamorem
1582 5405 1726 5463 exactoris

86 5494 143 5553 bac
155 5504 217 5554 arto
228 5497 285 5556 sibi
301 5498 412 5556 rictum
428 5505 579 5573 quareret,
591 5498 722 5557 Addebat
732 5499 822 5564 enim,
881 5509 939 5555 non
960 5494 1095 5566 audiens,
1108 5501 1136 5552 et
1165 5493 1195 5553 iu
1210 5491 1357 5552 montanis
1370 5492 1496 5552 virentia
1509 5506 1635 5566 quaque
1659 5507 1725 5565 per·
