3804 5962
735 213 790 273 stc
808 216 851 274 ιι
869 215 949 274 non.
1272 291 1279 305 ἱ
1319 223 1324 235 ·
1650 223 1720 280 teas

79 340 171 398 solvat.
203 339 283 397 Sient
312 340 465 398 amissione
494 340 606 411 saporis
632 339 817 397 decoloratur
831 344 856 396 Α
872 348 966 397 terum
978 339 1167 413 coniugatum
1184 347 1323 414 tanquam
1339 341 1518 401 occasionem
1532 343 1721 415 nuptiarum,-

82 430 152 498 ium,
178 430 221 486 llll
245 428 307 485 dies
325 428 500 499 expleantur
523 427 645 500 jejunio.
660 429 704 484 Ee
729 432 814 484 eonci-
869 430 947 501 quod
969 428 1072 488 oiierre
1095 444 1154 487 non
1181 430 1291 496 debeat,
1307 438 1335 487 et
1354 431 1389 488 ab
1410 432 1474 503 ejus
1487 432 1630 490 oblatione
1653 433 1717 491 ideo

79 522 153 574 censi
171 533 232 588 cop.
255 518 295 573 lll
312 533 319 573 :
336 517 500 588 Corporale,
522 531 612 588 supra
636 515 814 588 qnodsacra
869 535 899 576 se
917 518 1051 586 abstinet,
1079 520 1243 577 anathema.
1266 521 1334 576 item
1356 535 1417 591 cop.
1451 521 1487 576 111
1512 521 1718 594 :Quicunque

96 607 274 673 immolatur,
298 620 451 677 nunqnam
468 619 556 676 super
576 606 668 663 altare
686 613 812 672 maneat,
868 609 1007 666 disceruit
1035 609 1248 680 apresbytero,
1280 610 1351 680 qnia
1376 622 1496 666 uxorem
1525 610 1637 678 babuit,
1666 610 1718 683 qui

79 709 174 766 mpure
194 696 297 762 misse,
322 696 371 751 scd
386 703 436 752 ιιιι
452 696 482 751 in
506 695 633 752 sacrario
649 709 716 752 cum
740 693 814 751 libro
868 712 927 754 non
952 695 1038 770 [vult]
1061 712 1095 754 eu
1120 697 1305 754 ministrante
1330 697 1365 755 de
1393 698 1536 755 oblatione
1560 699 1716 770 percipere,

80 798 94 840 r
115 791 165 839 aut
189 797 257 840 cum
278 791 381 854 patena
402 790 430 840 et
451 784 539 840 calice
558 784 740 851 recondatur,
765 781 812 839 vel
869 787 1024 843 anathema
1038 785 1085 842 sit.
1111 787 1272 842 Atenondcr
1292 787 1426 843 sccundus
1449 788 1576 845 :Praeter
1598 788 1651 845 lroc
1664 802 1716 845 au·

79 873 236 940 subluitur,
246 887 315 928 rese
330 881 358 929 et
374 871 411 928 ad
426 872 480 929 hoc
491 879 651 943 praeparato
663 872 813 939 abluatur,
869 881 926 931 tem
948 873 1140 946 precipiendo
1164 875 1347 943 mandamus,
1365 883 1397 931 ut
1414 875 1513 933 nullus
1530 877 1630 933 audiat
1642 875 1717 933 mis-

79 962 93 1017 d
111 974 149 1018 ex
169 962 318 1017 Dominico
342 975 463 1032 corpore
477 970 504 1017 et
516 962 661 1032 sanguine
676 961 813 1019 iniectum
869 977 930 1020 sam
946 963 1116 1034 presbyteri,
1133 977 1220 1032 quem
1235 963 1288 1020 scit
1309 963 1501 1021 concubinam
1518 964 1719 1023 indubitanter

79 1064 156 1104 mens
177 1051 207 1104 in
230 1048 349 1106 secundo
370 1051 494 1119 Epistola
523 1050 559 1105 od
573 1050 703 1106 tocodun
718 1065 725 1104 ι
742 1048 815 1106 Cum
871 1052 977 1110 hebere
1000 1055 1052 1109 aut
1074 1051 1326 1110 subintroductam
1350 1053 1511 1110 mulierem.
1535 1054 1616 1112 Unde
1629 1054 1716 1111 etiam

83 1145 111 1194 ιι
135 1145 257 1195 tremore
280 1137 412 1210 reliquie
431 1139 558 1210 corporis
577 1138 692 1196 Domini
711 1137 815 1196 debent
869 1141 1120 1212 sanctasynodus
1145 1140 1199 1198 lroc
1235 1155 1252 1198 a
1279 1143 1371 1214 capite
1402 1142 1457 1200 sub
1486 1144 1716 1202 excommunica·

81 1225 357 1298 rilragmentorum.
869 1231 947 1289 tione
972 1230 1072 1287 statuit
1100 1229 1198 1287 dicens
1221 1245 1228 1286 :
1254 1230 1427 1303 Quicunque
1446 1232 1639 1301 sacerdotum,
1655 1234 1716 1291 dia·

319 1332 465 1390 Cllvlll.
870 1333 1023 1388 cenorum,
1047 1317 1291 1377 subdiaconorum
1308 1327 1370 1390 post
1390 1322 1581 1379 coustitutum
1604 1322 1718 1394 prede-

79 1419 83 1472 ι
105 1421 271 1477 seiunctio
298 1436 442 1491 „unquam
468 1419 562 1476 doum
580 1422 617 1476 sir
641 1421 768 1490 sarneya,
791 1426 816 1477 er
870 1408 990 1467 cesseris
1017 1407 1107 1464 nostri
1127 1407 1220 1464 sancti
1236 1403 1329 1479 'pape
1355 1409 1456 1466 Leonis
1478 1417 1529 1467 ιιιι
1550 1410 1662 1470 Νιιοιιι
1682 1413 1718 1469 de

340 1497 442 1547 contro.
870 1498 1001 1554 castitate
1022 1495 1191 1553 clericorum
1207 1497 1400 1555 concubinam
1415 1498 1511 1570 palam
1526 1500 1653 1568 duxerit,
1671 1501 1718 1559 rel

79 1579 186 1635 decretis
213 1581 282 1635 tulii
304 1596 388 1652 pape
420 1583 553 1651 episcopis
581 1596 634 1651 per
666 1583 815 1652 egyptum
870 1586 988 1643 ductam
1007 1600 1066 1642 non
1086 1584 1249 1658 reliquerit,
1273 1600 1309 1643 ex
1330 1594 1411 1657 parte
1431 1587 1482 1643 Dei
1505 1595 1533 1644 et
1548 1587 1718 1646 auctoritate

79 1668 173 1724 :lllud
197 1669 275 1739 quod
296 1683 347 1740 pro
370 1669 579 1740 complemento
604 1669 1022 1746 communionisgbeatorum
1052 1673 1246 1744 apostolorum
1281 1673 1444 1746 principum
1478 1675 1553 1733 Petri
1585 1685 1613 1734 ot
1635 1677 1717 1734 Pauli

79 1770 89 1811 ι
105 1756 224 1812 tradunt
246 1757 454 1814 eucharistiam
471 1756 595 1828 populis,
610 1771 664 1815 nec
679 1758 732 1815 hoc
750 1772 814 1829 pro·
870 1762 1065 1834 precipimus,
1094 1769 1123 1819 ιι
1138 1763 1256 1820 omuino
1280 1764 1515 1834 contradicimus,
1545 1772 1578 1822 ut
1599 1766 1717 1823 missam

80 1844 116 1900 ab
146 1845 306 1917 Evangelio
336 1846 532 1903 testimonium
559 1855 741 1917 receperunt,
764 1847 814 1904 ubi
868 1865 929 1908 non
948 1859 1054 1918 cantet,
1066 1864 1161 1921 neque
1175 1850 1358 1922 evangelium
1374 1859 1425 1909 aut
1439 1852 1587 1922 epistolam
1600 1854 1636 1911 ad
1653 1854 1718 1910 mis-

79 1933 102 1989 is
125 1948 230 2004 corpus
252 1950 339 1991 suum
354 1944 382 1992 et
402 1935 575 2008 sanguinem
592 1937 813 1994 commendarit.
869 1953 931 1996 sam
956 1941 1043 2011 legat,
1064 1953 1158 2009 neque
1176 1938 1206 1996 in
1227 1940 1404 2011 presbyterio
1428 1955 1497 1997 cum
1515 1942 1560 1998 liis
1571 1943 1608 1999 ad
1618 1942 1718 2001 divina
1755 1963 1761 1983 ι

79 2036 101 2078 ιι
115 2022 192 2078 enim
209 2025 302 2094 panis,
318 2032 346 2080 et
366 2039 495 2082 seorsum
519 2025 617 2083 calicis
631 2026 815 2082 commenda-
870 2027 974 2095 oilleia,
994 2027 1047 2100 qui
1064 2027 1193 2100 praelalae
1207 2029 1408 2086 constitutioni
1422 2031 1585 2089 obedientes
1599 2032 1717 2103 ineunt,

79 2120 215 2169 moratur.
242 2115 315 2169 llam
338 2115 492 2172 intinctum
521 2129 625 2184 panem
647 2114 711 2172 aliis
733 2114 813 2171 Chri·
868 2122 993 2184 maneat,
1023 2129 1118 2186 neque
1146 2123 1256 2187 partem
1286 2117 1324 2173 ab
1350 2116 1478 2174 Ecclesia
1505 2119 1664 2190 suscipiat3
1690 2129 1718 2179 et

79 2200 233 2272 prebuisse
264 2216 323 2259 non
354 2203 488 2275 legimus,
512 2212 629 2275 excepto
654 2204 702 2260 illo
727 2218 814 2275 quem
868 2204 1068 2276 precipientes
1097 2203 1263 2273 statuimus,
1291 2211 1325 2262 ut
1353 2204 1384 2261 bi
1412 2206 1617 2276 predictorum
1640 2207 1717 2264 ordi·

79 2306 87 2346 ι
101 2289 230 2347 buccella
246 2292 378 2364 magistri
391 2292 566 2363 proditorem
576 2293 741 2361 ostenderit,
757 2307 815 2350 non
868 2306 952 2362 num,
969 2292 1021 2364 qui
1036 2292 1143 2350 eisdem
1157 2293 1416 2363 predecessoribus
1433 2296 1540 2352 nostris
1554 2296 1718 2354 obedientes

99 2379 274 2435 sacramenti
307 2380 396 2452 hujus
434 2381 644 2438 institutionem
675 2381 812 2453 signaret.
868 2382 1027 2437 castitatem
1051 2382 1242 2448 servaverint,
1265 2379 1353 2450 juxta
1375 2381 1515 2438 Ecclesiae
1540 2397 1615 2447 suas,
1643 2384 1719 2441 sieut

79 2469 142 2522 inus
173 2483 257 2537 snper
286 2469 416 2524 ioannem
453 2469 524 2541 (xrn,
549 2470 595 2543 ιι)
619 2484 625 2525 :
651 2469 702 2525 dui
731 2471 816 2525 intin-
868 2477 980 2539 oportet
1015 2468 1164 2540 religiosos
1199 2468 1327 2537 elericos,
1362 2469 1449 2526 simul
1482 2472 1659 2529 manducent
1689 2479 1718 2530 et

80 2570 205 2611 omccero
227 2572 335 2626 ponem,
358 2566 412 2615 etc.
441 2558 553 2615 Donum
572 2559 713 2629 estquod
736 2572 813 2615 acce·
867 2555 1022 2626 dormiant,
1052 2565 1080 2614 et
1116 2557 1262 2629 quidquid
1297 2557 1339 2614 eis
1360 2558 1396 2615 ab
1428 2558 1561 2617 Ecclesiis
1586 2561 1718 2632 competit

79 2645 174 2701 lmalo
189 2659 241 2702 suo
266 2647 384 2717 accepit,
409 2647 480 2718 quia
500 2648 573 2704 male
588 2647 697 2704 bonnm
719 2649 815 2707 malus
868 2646 1062 2704 communiter
1084 2646 1230 2716 habeant;
1251 2654 1278 2704 et
1297 2653 1433 2717 rogantes
1456 2661 1616 2717 monemus,
1632 2656 1665 2706 ut
1680 2648 1717 2707 ad

83 2733 230 2791 ,ιιιιΙιιιιιι
247 2736 355 2808 quippe
375 2736 500 2804 interest,
515 2750 574 2793 non
594 2737 664 2807 quid
681 2737 812 2808 accipiat,
868 2734 1053 2806 apostolicam
1077 2735 1138 2792 sive
1166 2748 1348 2792 communem
1376 2735 1466 2792 vitam
1490 2749 1604 2793 summo
1631 2750 1717 2808 opere

79 2820 102 2877 is
126 2824 259 2894 accipiat3
288 2839 341 2880 nec
367 2823 452 2895 quale
474 2825 511 2881 sit
534 2826 612 2896 quod
638 2825 734 2895 datur,
765 2827 814 2885 sed
867 2822 1038 2895 [pervenirel
1063 2824 1208 2891 studeant,
1232 2831 1379 2894 quatenus
1393 2825 1540 2882 consecuti
1554 2824 1716 2896 [perlectio-

83 2898 120 2966 sit
143 2910 203 2980 ipse
226 2912 274 2968 cui
295 2912 391 2968 datur.
414 2912 539 2969 intravit
559 2926 629 2986 ergo
652 2915 815 2984 posthunc
869 2910 957 2982 nem]‚
986 2924 1053 2968 curn
1079 2911 1126 2968 bis
1151 2911 1203 2983 qui
1230 2909 1385 2967 centesimo
1417 2909 1516 2968 lructu
1540 2912 1671 2971 ditantur
1685 2912 1716 2970 in

89 2996 210 3056 Satanas
231 3001 261 3055 in
283 3000 397 3057 Domini
421 3000 600 3071 traditorem,
624 3010 656 3059 ut
674 3003 730 3060 sibi
752 2969 974 3077 jamccoelesti
1013 3000 1108 3073 patria
1144 3003 1311 3056 mereantur
1338 2998 1454 3057 ascribi.
1498 3000 1610 3072 (blausr,
1648 3002 1715 3072 lllll,

80 3100 107 3141 m
131 3088 245 3158 plenius
272 3090 436 3160 possideret,
462 3090 492 3147 in
509 3105 596 3162 quem
619 3094 700 3163 prius
723 3093 811 3150 intra·
869 3089 959 3159 tois.)

82 3182 114 3232 ut
132 3177 285 3247 deciperet.
308 3179 396 3235 Duxit
416 3179 492 3235 enim
515 3188 664 3250 peccatum
685 3181 814 3240 traditio-
1145 3250 1176 3263 Η
1241 3156 1330 3261 m·
1436 3249 1441 3260 Ι

79 3267 224 3336 resumptio
257 3269 441 3336 sacramenti,
466 3283 541 3326 cum
564 3270 674 3327 bomini
698 3272 813 3343 ingrato
965 3247 1043 3320 (1'10d
1056 3246 1287 3304 limitelimite
1302 3252 1464 3318 conmorit,
1481 3250 1508 3303 et
1521 3253 1625 3305 contra.

79 3361 101 3410 ιι
122 3356 205 3424 panis
228 3355 418 3424 inventrem,
448 3357 537 3414 hostis
560 3357 590 3415 in
616 3367 751 3417 mentem.
777 3363 813 3416 Ει
903 3357 1056 3426 Cyprianus
1081 3371 1087 3413 :
1112 3353 1246 3412 lleretici
1266 3353 1373 3411 oblatio
1397 3351 1577 3410 sanctificare
1591 3366 1649 3410 non
1664 3366 1715 3425 po·

81 3443 209 3498 tinxisset
228 3459 327 3514 ponec
350 3445 424 3499 dedit
451 3445 529 3501 tude
552 3445 660 3519 (ibid).
677 3450 737 3505 Nou
758 3463 812 3506 au·
867 3453 930 3515 test,
956 3443 1028 3514 quia
1052 3443 1092 3501 ibi
1115 3451 1233 3500 sanctus
1262 3442 1385 3512 Spiritus
1409 3449 1535 3511 nonest,
1551 3441 1715 3500 necDomi·

79 3538 204 3602 tputant
223 3533 353 3603 quidam,
377 3541 447 3590 tnnc
470 3535 559 3591 tudes
579 3535 684 3593 Christi
707 3551 813 3609 corpus
868 3547 924 3590 nus
947 3533 1156 3605 perorationes
1183 3533 1246 3602 ejus
1260 3545 1418 3602 precesque
1433 3531 1572 3602 cuiqnam
1590 3531 1713 3601 prodest.

79 3659 86 3674 .
111 3620 333 3693 intelligendum
346 3630 389 3679 est
403 3622 492 3691 enim,
509 3624 661 3695 quodiam
676 3626 813 3683 omuibus
866 3622 930 3680 Nou
953 3623 1030 3679 enim
1053 3622 1116 3677 sine
1143 3619 1202 3677 tide
1223 3633 1328 3691 corpus
1351 3618 1459 3677 Christi
1477 3618 1639 3689 coniicitur,
1656 3632 1716 3692 qua

79 3708 212 3766 ribuerat
235 3711 375 3769 Dominus
393 3720 609 3769 sacramentum
632 3714 762 3784 corporis
785 3721 813 3771 et
867 3711 1071 3768 manducatur.
1100 3710 1282 3778 Hieronymus
1307 3711 1338 3762 in
1364 3708 1479 3778 epistota
1502 3708 1540 3763 od
1566 3709 1716 3780 Epitheto-

79 3796 118 3854 nis
132 3799 188 3866 sui,
217 3798 267 3856 ubi
297 3808 326 3857 et
348 3801 408 3871 ipse
429 3802 518 3858 iudas
538 3809 611 3869 erat,
629 3804 704 3859 sient
720 3802 813 3860 Lucas
866 3816 940 3856 mum
964 3814 971 3855 :
998 3799 1076 3865 Quos
1091 3799 1121 3854 in
1144 3795 1336 3854 ecclesiastico
1354 3796 1455 3854 ordine
1483 3797 1590 3854 videris
1610 3811 1714 3855 usura-

79 3885 177 3944 issime
191 3896 307 3958 narrat;
327 3889 429 3947 deinde
450 3904 499 3961 per
519 3890 677 3947 buccellam
694 3892 811 3947 tinctam
866 3891 934 3954 ries,
958 3887 1115 3955 adulteros,
1146 3894 1173 3943 et
1200 3885 1432 3953 concubinarios,
1454 3886 1532 3942 etad
1553 3899 1713 3943 concumu-

79 3984 236 4045 porrectam
255 3992 342 4034 suum
361 3979 498 4050 exprimit
516 3980 694 4046 traditorem,
711 3980 809 4037 lortas·
866 3978 984 4037 landam
1000 3990 1172 4033 mammone
1195 3972 1348 4046 pecuniam
1371 3974 1504 4041 intentos,
1520 3973 1600 4030 velut
1624 3974 1725 4031 liere‘

78 4065 159 4133 panis
179 4067 346 4123 tinctionem
369 4067 447 4124 illius
462 4068 631 4139 significans
654 4069 809 4125 ilctionem.
867 4069 938 4126 ticos
952 4067 987 4123 de
1013 4067 1083 4131 vita.
1105 4065 1128 4121 si
1146 4063 1294 4137 presbyter
1317 4069 1370 4128 est,
1386 4076 1490 4134 corpus
1503 4063 1716 4134 etsanguinem-

79 4155 100 4207 le
119 4153 281 4210 adulterinis
295 4156 430 4225 conjugiis
446 4157 493 4212 tro.
518 4158 529 4212 t
557 4172 564 4213 :
594 4157 622 4214 Si
639 4166 736 4215 autem
757 4157 812 4215 Do-
868 4156 984 4214 Domini
1007 4155 1089 4212 illum
1104 4160 1229 4212 tractare
1250 4165 1308 4209 neu
1330 4150 1467 4220 audieris,
1489 4150 1638 4208 sedetiam
1655 4159 1710 4209 tra-

103 4240 153 4298 ubi
182 4244 232 4309 ait,
263 4246 347 4300 notite
367 4251 491 4301 sanctum
515 4245 581 4302 dore
608 4247 732 4316 canibus,
757 4247 811 4304 boo
826 4243 849 4298 D
865 4253 943 4303 ctare
965 4258 1024 4302 non
1053 4242 1227 4315 permiseris.
1256 4242 1353 4298 item:
1378 4241 1437 4298 Non
1468 4244 1592 4311 potestis,
1617 4240 1715 4313 inquit

79 4330 102 4388 ui
118 4334 278 4390 carendum
295 4342 398 4404 putent
423 4336 508 4393 vellet
522 4336 654 4408 intelligi,
675 4351 733 4393 non
750 4336 811 4408 ipse
865 4333 982 4402 veritas,
997 4335 1052 4389 Deo
1065 4334 1168 4388 seruire
1187 4336 1212 4386 ιι
1233 4345 1393 4386 mammona
1414 4328 1523 4402 (Metti.
1538 4343 1579 4399 rr,
1592 4330 1646 4399 ιι).
1660 4327 1713 4387 Cui

79 4419 166 4477 ditori
192 4421 325 4492 dedisset,
341 4425 419 4495 quod
443 4426 473 4481 in
487 4439 571 4482 suam
587 4426 633 4482 ille
652 4424 809 4497 perniciem
864 4438 932 4495 ergo
947 4422 1045 4490 servit,
1067 4421 1119 4494 qui
1134 4434 1306 4478 mammone
1330 4418 1441 4477 servit?
1457 4418 1507 4475 Vis
1521 4417 1625 4475 audire
1640 4417 1712 4476 curi

79 4508 125 4579 lpa
143 4509 238 4567 dantis
258 4526 324 4568 cum
347 4513 443 4584 dignis
467 4514 605 4586 indignus
624 4515 741 4586 accepit.
765 4518 811 4571 En
864 4512 1010 4570 idolorum
1024 4510 1156 4568 culture.
1185 4509 1263 4566 dudi
1281 4508 1449 4581 Apostolum
1472 4507 1582 4580 (pres.
1608 4520 1638 4574 ι,
1659 4510 1710 4578 til:

101 4600 232 4656 Turonieo
257 4616 318 4671 cup.
335 4602 397 4658 lli:
418 4601 517 4659 Omnis
538 4602 686 4674 presbyter
706 4603 811 4662 lrabeat
862 4601 984 4669 Avarus,
999 4600 1074 4671 quod
1085 4604 1124 4655 est
1138 4598 1275 4654 idolorum
1287 4599 1415 4665 seruitus,
1429 4612 1485 4653 non
1500 4598 1580 4653 iubet
1598 4597 1712 4653 dendi-

79 4701 99 4743 u
119 4689 164 4744 vel
179 4703 231 4745 vas
246 4697 325 4747 tanto
338 4699 518 4747 sacramento
532 4692 665 4763 dignum,
681 4691 734 4748 ubi
746 4705 809 4749 cor·
864 4692 947 4744 toton
960 4689 991 4742 in
1004 4703 1087 4757 rcpno
1100 4688 1203 4745 cincti
1215 4693 1242 4743 ct
1256 4689 1316 4743 Dei.
1335 4685 1392 4752 Qui
1406 4700 1475 4758 ergo
1491 4693 1607 4758 propter
1627 4699 1711 4743 suam

79 4775 163 4832 >mini
187 4780 363 4837 recondatur
379 4780 415 4835 ad
444 4780 585 4837 viaticum
610 4779 810 4837 recedentibus
864 4778 1029 4835 aviditatem
1045 4776 1171 4834 eflicitur
1196 4776 1317 4833 idolator
1343 4775 1527 4847 [idololatraJ.
1553 4774 1711 4847 possitdiei

81 4862 121 4922 lo.
147 4864 227 4934 Quod
259 4876 356 4925 tamen
382 4882 465 4926 sacra
488 4869 595 4926 oblatio
621 4869 744 4926 intincta
762 4869 810 4926 de·
863 4865 1131 4923 Christicola‘iNon
1144 4863 1212 4921 colit
1225 4863 1381 4933 Christum,
1393 4878 1451 4921 non
1461 4871 1594 4922 sanctum
1608 4877 1711 4934 corpus

78 4965 94 5007 e
122 4953 322 5028 insanguine
350 4957 467 5024 christi,
497 4964 530 5014 nt
559 4957 699 5013 veraciter
722 4957 809 5027 possit
863 4968 1031 5024 suum,nec
1059 4953 1191 5010 Christus
1205 4967 1256 5024 per
1275 4954 1380 5024 ipsum.
1414 4953 1489 5009 idem
1500 4952 1531 5009 in
1550 4955 1711 5029 Amosprp

81 5040 217 5104 infirmo:
240 5045 350 5116 Corpus
365 5045 527 5118 etsanguis
542 5045 657 5103 Domini
679 5044 810 5118 proficiat
861 5046 944 5117 paeto
970 5061 977 5100 :
1004 5042 1069 5101 Odit
1102 5042 1180 5099 Deus
1209 5041 1352 5099 sacrificia
1378 5041 1581 5100 hereticorum
1599 5048 1627 5098 et
1647 5054 1711 5098 ιιι

79 5145 83 5164 '
863 5133 992 5208 proyecit,
1012 5142 1041 5190 et
1064 5132 1293 5203 quotiescunque
1315 5129 1422 5188 luerint
1446 5130 1501 5188 sub
1524 5131 1640 5188 nomine
1656 5131 1708 5188 Do·

324 5225 433 5282 Cilix.
862 5224 934 5280 mini
951 5220 1129 5294 congregati,
1144 5219 1301 5277 detestatur
1328 5219 1446 5277 fetorem
1467 5233 1569 5276 corum
1587 5227 1615 5276 et
1629 5218 1708 5276 clau-

79 5310 193 5380 ·csbyter
210 5319 344 5370 unorotus
366 5331 384 5369 o
404 5313 533 5383 subjectis
549 5329 603 5371 non
623 5315 659 5370 sit
677 5314 808 5384 cbjnien-
861 5312 903 5370 dit
918 5325 1002 5370 nares
1027 5323 1106 5366 suas.
1117 5354 1123 5362 ,.
1131 5311 1167 5367 iit
1180 5311 1205 5366 si
1226 5308 1395 5366 holocausta
1422 5307 1590 5377 obtulerint,
1620 5314 1652 5365 ut
1666 5308 1710 5366 ri·

273 5387 336 5456 dvi,
349 5391 491 5443 θιιθιιῑια·
861 5402 987 5460 deantur
1018 5400 1162 5473 jejunare,
1190 5398 1260 5455 dare
1301 5396 1507 5468 eleemosynas,
1535 5396 1707 5469 pudicitiam

79 5491 173 5549 andito
197 5494 373 5563 conprensi:
394 5493 423 5554 si
444 5493 510 5568 qnis
534 5494 671 5554 disceruit
688 5493 805 5569 prosby-
861 5488 1082 5563 pollicerique
1109 5487 1350 5548 holocaustosim
1366 5499 1519 5558 rera,uon
1537 5498 1572 5545 ea
1586 5485 1708 5561 suscipit
