3804 5962
504 244 707 313 rnnorocta
724 224 948 313 'cunrsrtatto
965 256 1079 314 -ntn
1099 222 1159 312 ιε’
1192 258 1195 262 “
1224 217 1229 255 ³
1405 252 1409 259 ·
1625 208 1695 322 εεει

79 382 178 455 ιείρεεε
198 382 285 455 possit
307 392 358 441 ant
382 383 470 441 latere
487 383 554 457 (98).
570 385 621 441 list
636 383 726 456 igitur
740 383 782 440 di·
799 382 824 438 Δ
839 398 905 442 εεει
917 384 1026 456 existit,
1051 385 1126 444 sicut
1148 385 1220 444 illud
1242 398 1278 444 cx
1304 385 1354 444 illa
1375 400 1427 460 per
1454 374 1691 449 constitutionem

78 473 186 544 pientia
209 487 247 530 ex
268 473 370 530 divina
390 474 520 533 Potentia
543 473 686 545 quomodo
708 488 790 531 cerea
845 474 1034 531 materialem.

79 571 103 620 st
117 576 154 619 ex
169 577 244 632 cera,
265 570 317 621 aut
335 563 479 634 quomodo
499 563 586 635 juxta
605 562 790 635 philosophos
880 563 987 620 Eadem
1009 563 1107 636 itaque
1139 565 1251 622 ratione
1280 579 1340 637 qua
1363 580 1421 624 non
1445 563 1511 625 licet
1536 566 1594 626 dici
1615 567 1694 641 quod

79 667 127 724 psa
140 668 176 710 ex
192 667 296 725 genere
311 668 371 710 esse
386 652 505 722 dicitur,
522 668 590 710 cum
605 660 700 709 tamen
714 653 789 710 idem
843 651 964 707 materia
978 665 1015 709 ex
1034 652 1129 722 seipsa
1151 653 1189 710 sit
1210 655 1371 724 materiata,
1387 654 1431 712 vei
1447 655 1633 714 materiatum
1646 655 1693 714 sni

79 756 103 798 es
122 742 199 813 quod
215 756 317 814 genus,
334 750 366 799 ut
380 743 465 799 bomo
490 741 566 799 idom
585 742 664 814 quod
681 741 789 799 animal
845 737 937 809 ipsius
961 741 1000 797 sit
1020 740 1152 803 materia,
1172 741 1219 799 vol
1238 743 1419 801 constituens
1441 743 1478 801 sit
1500 743 1694 803 constitutum

92 845 174 888 cerea
195 830 271 888 idem
286 831 364 902 quod
382 845 457 888 cera.
482 832 545 902 Ipsa
564 830 672 903 quippe
694 831 789 903 imago
842 840 879 884 ex
895 841 934 897 se,
950 827 996 886 vel
1012 829 1154 900 posterius
1174 844 1213 899 se,
1231 830 1277 888 vel
1293 845 1435 903 generans
1454 846 1493 901 se,
1510 831 1647 903 quamvis
1663 833 1694 890 in

79 940 84 976 t
107 927 150 976 est
167 935 204 977 ex
220 929 327 979 cernet
350 921 436 978 εοεε
451 934 488 977 ex
510 920 641 987 animali,
659 919 738 992 quod
752 934 789 976 ex
843 917 952 976 talibus
975 919 1049 977 idem
1072 920 1110 977 sit
1130 920 1305 993 generaliter
1325 922 1445 980 materia
1468 921 1547 995 quod
1562 921 1695 981 materia·

79 1022 158 1066 cerea
175 1009 270 1082 imago
284 1009 375 1078 exigit
386 1017 418 1066 ει
432 1024 498 1067 cera
512 1009 588 1067 sitet
606 1023 642 1065 ex
658 1022 691 1065 eo
710 1009 789 1080 quod
842 1011 915 1076 tum,
940 1007 1020 1064 velut
1040 1009 1095 1065 hoc
1109 1023 1148 1066 aes
1164 1008 1239 1066 idem
1265 1009 1342 1081 quod
1362 1010 1424 1067 baec
1447 1016 1543 1068 statua
1563 1018 1593 1068 et
1618 1009 1711 1091 idem,

79 1103 97 1164 t,
113 1097 196 1153 nteit
224 1096 333 1153 animal
345 1113 354 1167 ;
376 1097 425 1154 sed
453 1113 542 1155 none
563 1111 715 1155 converso.
736 1100 787 1154 Po·
842 1095 1021 1153 constituens
1047 1097 1126 1168 qnod
1148 1098 1349 1167 constitutum,
1373 1105 1400 1156 ει
1415 1098 1490 1155 idem
1513 1098 1595 1171 prins
1614 1098 1693 1172 quod

79 1184 161 1257 oippe
175 1193 234 1242 tam
253 1186 289 1242 ad
318 1186 540 1243 discernendum
568 1199 658 1260 qnam
677 1186 713 1242 ad
732 1186 790 1244 alia
843 1184 998 1255 posterius,
1013 1182 1050 1242 et‘
1061 1200 1204 1257 generans
1217 1186 1295 1258 quod
1319 1195 1508 1260 generatum;
1525 1186 1636 1259 eadem,
1650 1177 1710 1246 in?

79 1288 100 1331 ιε
122 1274 218 1339 babet,
245 1275 322 1331 sicut
344 1289 410 1331 cera
429 1283 486 1331 tam
502 1275 538 1332 ad
554 1290 666 1334 ceream
682 1275 789 1347 imagi·
842 1287 942 1344 quam,
971 1274 1165 1346 proportionis
1191 1276 1301 1334 ratione
1319 1283 1347 1333 ει
1375 1275 1405 1333 in
1431 1275 1539 1334 divinis
1565 1276 1695 1348 personis

79 1377 115 1419 tm
148 1363 185 1419 ad
214 1363 242 1419 id
270 1363 348 1434 quod
378 1378 437 1419 non
458 1364 495 1419 sit
515 1377 596 1421 cerea
625 1364 739 1435 imago;
762 1372 789 1420 et
843 1376 939 1434 neque
961 1364 1046 1421 Pater
1058 1371 1100 1423 est
1127 1363 1228 1433 Filius,
1243 1365 1298 1423 boo
1316 1372 1359 1423 εει
1385 1365 1460 1422 Dens
1480 1366 1564 1423 Pater
1577 1364 1695 1438 genitus

78 1465 126 1508 am
140 1451 176 1507 ad
189 1451 335 1508 bominem
346 1465 435 1523 quam
445 1452 482 1508 ad
502 1466 558 1508 non
575 1452 729 1508 bominem.
843 1464 861 1508 a
877 1451 988 1522 seips03
1004 1467 1099 1525 neque
1109 1453 1201 1511 Filius
1212 1460 1256 1512 est
1271 1455 1365 1522 Pater,
1389 1454 1443 1512 boo
1456 1457 1500 1512 est
1513 1456 1590 1513 Deus
1605 1453 1694 1512 Filios

79 1555 146 1612 tque
168 1540 272 1597 Filium
290 1540 372 1612 gigni
387 1555 404 1596 a
419 1543 502 1598 Patre
520 1539 649 1597 divinam
670 1540 789 1612 Sapien—
844 1539 1016 1611 genitorsni
1036 1541 1145 1612 ipsius:
1160 1543 1239 1613 qnod
1262 1551 1335 1600 esset
1349 1543 1443 1601 dicere
1457 1543 1551 1615 ipsam
1563 1541 1694 1601 diuinam

79 1669 83 1696 ,
106 1635 139 1686 ει
160 1628 382 1686 determinatum
408 1637 460 1696 εει,
477 1643 513 1685 ex
535 1629 636 1686 divina
659 1628 789 1685 Potentia
843 1630 998 1699 potentiam
1013 1644 1074 1687 esse
1087 1645 1124 1689 ex
1140 1631 1248 1703 seipsa,
1262 1631 1308 1689 rel
1322 1632 1415 1703 ipsam
1426 1632 1557 1690 divinam
1572 1631 1709 1704 sapien·

79 1733 91 1775 n
107 1719 181 1789 ipsa,
197 1727 230 1774 ut
244 1718 355 1776 dictum
370 1725 421 1774 εει.
442 1717 589 1790 Sapientia
604 1717 738 1790 quadam
752 1717 789 1774 sit
845 1717 914 1774 tiam
929 1732 991 1776 εεεε
1008 1732 1046 1776 ex
1069 1720 1173 1791 seipsa.
1189 1720 1242 1777 Sed
1261 1720 1442 1779 solummodo
1462 1721 1525 1794 ipsa
1546 1719 1694 1793 Sapientia

93 1815 181 1879 atqne
197 1807 289 1878 ipsius
312 1806 448 1863 Potentia
471 1807 531 1874 Dei,
554 1821 620 1878 quae
635 1814 678 1863 est
698 1806 791 1863 omni·
845 1812 886 1863 εει
899 1820 936 1863 en
953 1806 1014 1878 ipsa
1027 1809 1168 1879 Potentia,
1185 1809 1260 1868 sicut
1274 1817 1316 1868 εει
1333 1810 1577 1869 determinatum:
1590 1823 1693 1882 quem·
1712 1855 1714 1860 .

105 1895 190 1968 quasi
211 1895 301 1966 portio
326 1895 461 1966 qnaedam
485 1895 547 1965 ipsa
573 1894 610 1950 sit
632 1893 788 1964 sapientia,
844 1894 1001 1953 admodum
1030 1897 1125 1970 imago
1147 1913 1186 1956 ex
1208 1913 1283 1969 cera,
1308 1914 1367 1957 non
1395 1899 1491 1973 imago
1515 1912 1553 1957 ex
1585 1913 1626 1968 εε,
1641 1897 1694 1958 εει

79 1990 124 2042 tet
139 1985 274 2056 quislibet
288 1983 367 2040 lilius
380 1983 471 2054 portio
485 1982 617 2054 quaedam
635 1991 789 2055 parentum
844 1997 909 2041 cera
926 1985 1054 2056 [subued.
1079 1986 1186 2059 imago]
1208 2002 1242 2044 ex
1263 2003 1303 2057 se,
1328 1988 1388 2046 sive
1406 2003 1443 2046 ex
1467 1987 1605 2061 imagine,
1626 1986 1693 2046 lieet

79 2072 153 2131 nodo
185 2073 302 2128 dicitnr.
337 2072 403 2128 ldco
435 2078 532 2128 autem
565 2071 648 2143 quasi
672 2071 788 2128 Patrem
843 2072 919 2131 idem
938 2074 1055 2131 sitcera
1079 2075 1141 2145 ipsa
1158 2076 1235 2148 qnod
1262 2075 1358 2150 imago
1382 2076 1448 2134 illa:
1466 2077 1542 2136 sient
1560 2077 1637 2135 idem
1650 2083 1693 2134 εει

79 2161 128 2232 uo]
154 2160 368 2232 omnipotentia
394 2168 422 2218 et
454 2175 512 2218 non
541 2160 655 2231 proprie
679 2168 789 2230 partem
842 2162 928 2218 Pater
942 2161 1021 2233 quod
1046 2160 1139 2219 Filius
1160 2164 1320 2221 secundum
1340 2164 1541 2236 substantiam,
1568 2164 1693 2224 sednon

80 2250 265 2321 Sapientiam,
278 2249 355 2321 quod
368 2249 450 2306 nulla
461 2249 496 2307 sit
512 2263 611 2306 rerum
632 2247 787 2306 multitudo
842 2251 1004 2309 secundnm
1035 2250 1239 2323 proprietatem
1271 2253 1316 2310 vel
1339 2253 1555 2324 ditflnitionem,
1580 2261 1608 2312 ει
1632 2253 1692 2325 ipse

79 2339 175 2412 mplici
195 2339 309 2410 penitus
331 2338 500 2396 Divinitatis
521 2345 639 2407 natura,
661 2351 789 2409 querum
843 2341 920 2397 Deus
945 2339 1125 2410 omnipotens
1151 2340 1187 2397 sit
1220 2341 1336 2413 sapiens
1363 2342 1424 2400 sire
1452 2342 1608 2416 benignus,
1634 2348 1720 2424 ete!

79 2429 257 2500 [quantitas
278 2427 404 2499 alicuius
427 2427 516 2484 totius
542 2432 741 2496 componatur,
758 2434 790 2484 nt
843 2441 992 2486 converso.
1026 2427 1062 2484 Et
1082 2428 1328 2499 quemadmodum
1357 2428 1395 2486 ibi
1420 2430 1498 2503 qnod
1513 2444 1551 2487 ex
1569 2429 1718 2502 materia,

79 2529 112 2572 m
135 2515 241 2587 saepins
267 2515 464 2573 meminimus.
492 2517 525 2571 in
539 2529 572 2573 eo
594 2522 690 2571 tamen
705 2514 788 2586 quasi
842 2515 927 2572 estid
953 2516 1032 2587 qnod
1050 2523 1094 2575 εει
1122 2518 1307 2577 materiatum
1321 2533 1357 2577 ex
1372 2531 1416 2588 ea,
1437 2525 1536 2591 utpote
1550 2517 1721 2590 ceraipsa'

78 2605 236 2678 qnamdam
269 2604 489 2675 omnipotentie
517 2603 642 2660 dicimus
675 2603 790 2674 Sapien·
843 2610 886 2662 est
900 2618 983 2661 cerea
996 2603 1102 2677 imago,
1118 2606 1354 2677 veleeonverso,
1371 2621 1424 2665 nee
1439 2615 1536 2666 tamen
1551 2607 1615 2665 ideo
1627 2606 1715 2679 ipsa¹

79 2693 118 2751 od
137 2708 203 2750 cum
229 2694 290 2765 ipse
308 2694 384 2751 Deus
403 2708 436 2750 ex
458 2692 666 2763 omnipotentia
680 2706 734 2749 sua
753 2692 789 2749 ad
843 2692 965 2749 materia
982 2700 1024 2750 εει
1050 2694 1201 2752 materiate
1219 2710 1255 2752 ex
1275 2710 1314 2766 se,
1334 2695 1379 2753 vel
1396 2696 1492 2767 ipsum
1506 2684 1700 2753 materiatum

79 2784 181 2855 rgenda
210 2797 240 2841 se
256 2783 370 2852 babeat,
404 2796 440 2839 ex
462 2782 608 2853 sapientie
623 2782 658 2837 ad
682 2781 787 2838 discer-
843 2790 885 2839 εει
904 2781 1026 2838 materia
1046 2781 1112 2839 sui:
1141 2781 1224 2839 itaet
1248 2782 1296 2841 bie
1314 2782 1343 2840 id
1362 2783 1440 2855 quod
1466 2783 1550 2842 Pater
1578 2790 1631 2865 εει,
1662 2781 1693 2841 id
1716 2771 1721 2862 '4

82 2876 196 2930 ιεειεεε
211 2887 272 2930 εεεε
298 2872 402 2942 babet3
418 2878 445 2929 et
467 2885 534 2929 cum
550 2872 680 2928 dicamus
694 2869 788 2927 omni·
844 2869 962 2942 quidem
977 2877 1018 2927 est
1040 2870 1141 2938 Filius,
1165 2877 1234 2928 etet
1250 2885 1406 2941 converso;
1423 2885 1477 2929 neo
1498 2877 1594 2930 tamen
1608 2871 1693 2931 Pater
1720 2926 1726 2935 .

78 2960 271 3033 nileiquasi
286 2975 401 3018 omnem
425 2959 582 3031 potentiam
597 2960 669 3031 eins,
688 2958 787 3030 plures
804 2964 824 3021 c
841 2964 884 3016 est
908 2958 997 3015 Filius
1025 2957 1071 3016 vel
1094 2973 1110 3017 ε
1142 2973 1291 3016 converso.
1316 2959 1359 3018 lbi
1393 2959 1501 3033 quippe
1524 2959 1693 3019 substantie
1722 3017 1725 3023 ,

79 3050 173 3108 εειῑεε
196 3049 409 3122 quodammodo
433 3048 571 3116 dicimus,
586 3054 733 3120 qnantum
752 3046 788 3103 ad
842 3045 1007 3119 praedicatio
1034 3047 1074 3111 nt.
1103 3042 1544 3107 cnmridelicetdicitur:'1lst
1568 3049 1597 3106 id
1612 3039 1700 3129 qnod·
1722 3121 1724 3128 Α

79 3136 179 3208 cilicet,
199 3138 254 3195 boc
276 3145 319 3194 εει
334 3136 377 3194 ad
391 3137 586 3195 diversitatem
607 3150 707 3193 eornm
723 3149 789 3207 queo
841 3143 883 3193 est
899 3135 1094 3205 materiatum,
1109 3135 1153 3193 rel
1176 3136 1253 3208 quod
1275 3145 1317 3195 est
1335 3137 1445 3210 Filins3
1461 3138 1509 3196 bie
1531 3127 1600 3196 vere
1622 3151 1692 3210 pro·
1719 3188 1722 3197 .

79 3233 152 3293 ιιεει,
168 3227 330 3283 secundnm
354 3226 432 3298 quod
456 3226 578 3284 dicimus
592 3239 659 3282 eum
674 3225 789 3282 diversa
841 3225 970 3295 prietatis
985 3239 1053 3283 oum
1070 3224 1197 3283 dicitnr:
1216 3226 1266 3283 Est
1285 3227 1436 3284 materiata
1461 3225 1508 3284 vel
1531 3233 1575 3285 est
1588 3224 1691 3286 Filius·
1721 3294 1728 3304 ι

79 3330 134 3372 :nm
156 3329 234 3372 unns
262 3324 350 3387 atque
373 3315 449 3372 idem
473 3314 591 3370 omnino
615 3318 787 3385 perseveret.
841 3311 1011 3370 Substantia
1039 3327 1108 3371 vero
1135 3315 1235 3373 eadem
1253 3322 1310 3384 est,
1330 3305 1518 3388 proprietates
1542 3329 1611 3374 vero
1638 3315 1693 3371 im·
1721 3388 1724 3393 ⁶

79 3418 171 3462 onum
192 3412 221 3461 et
239 3405 373 3462 eumdem
397 3402 535 3474 Spiritum
557 3409 690 3459 sanctum
712 3400 789 3460 mni·
843 3403 986 3489 permista
1005 3410 1084 3460 sunt.
1112 3406 1240 3477 Apparet
1261 3405 1360 3476 itaque
1379 3405 1540 3463 secundnm
1563 3402 1693 3477 pmposi·
1722 3478 1727 3487 ¹

86 3492 220 3560 dicimus,
236 3508 288 3550 seu
305 3492 392 3550 etiam
407 3499 515 3563 septem
535 3490 671 3561 Spiritus,
687 3503 787 3547 secun-
841 3497 902 3548 tam
925 3491 1065 3549 rationem
1087 3506 1147 3562 qua
1168 3493 1280 3550 ratione
1304 3493 1404 3551 divina
1428 3493 1559 3553 Potentia
1579 3493 1694 3553 dicatur
1724 3490 1728 3568 J

78 3580 200 3640 tiiormis
216 3581 315 3654 gratiae
327 3581 533 3653 operationem,
555 3594 613 3636 nen
629 3578 790 3636 secundum
842 3577 936 3647 Pater,
969 3588 1020 3637 ant
1043 3580 1144 3637 divina
1168 3580 1315 3652 Sapientia
1337 3581 1440 3650 Filius,
1465 3582 1545 3654 quod
1559 3589 1601 3640 est
1618 3583 1694 3642 banc
1723 3583 1730 3664 }

79 3669 144 3727 lam.
170 3671 205 3727 Et
233 3671 347 3727 attende
379 3669 459 3743 quod
485 3667 729 3740 quemadmodum
760 3666 791 3723 in
843 3667 941 3725 exilia
959 3683 1030 3737 esse,
1055 3675 1088 3725 ut
1113 3683 1203 3739 snpra
1222 3669 1409 3726 distinximus
1419 3684 1429 3741 ;
1454 3676 1482 3727 ει
1501 3684 1561 3742 qna
1581 3672 1694 3730 ratione
1723 3715 1728 3751 .·

79 3758 132 3816 title
172 3758 417 3831 generationibus,
457 3758 492 3814 de
523 3756 651 3827 imagine
683 3754 791 3812 scilicet
843 3755 899 3814 sibi
927 3756 1046 3815 nomina
1084 3757 1294 3829 proprietatum
1330 3756 1519 3816 relativarum
1554 3759 1695 3833 conjungi

79 3863 100 3916 a,
130 3847 234 3905 licebat
261 3847 315 3905 sibi
345 3861 395 3918 per
427 3844 659 3916 pradicationem
688 3841 792 3900 sociari
844 3845 1272 3916 minimeperpraedicationem
1286 3846 1380 3903 liceat.
1730 3914 1734 3924 1

81 3936 132 3994 illa
154 3937 318 4009 generantis
342 3935 383 3992 rei
402 3941 429 3992 et
444 3932 559 4006 genita,
575 3946 642 4004 qnae
662 3933 792 3990 absolute
880 3933 910 3991 Si
938 3933 1006 4005 quis
1032 3942 1129 3991 autem
1152 3941 1264 4006 qnaerat
1290 3941 1390 3993 utrum
1416 3933 1577 3993 secundnm
1603 3934 1694 3992 istum
1727 3974 1735 4012 .-

79 4041 124 4094 ur,
140 4027 187 4084 sed
202 4040 260 4082 non
275 4025 325 4081 illa
344 4023 463 4081 nomina
486 4036 552 4095 qua
566 4021 685 4078 relative
699 4022 735 4078 ad
750 4020 793 4078 in·
845 4021 1038 4095 generationis
1053 4021 1172 4079 modum
1193 4022 1372 4095 assignatum
1387 4022 1417 4079 in
1441 4021 1541 4080 divina
1564 4022 1695 4081 Potentia
1731 4072 1735 4095 ἶ

79 4123 193 4184 cuntur,
207 4113 367 4172 secundum
381 4111 549 4185 bujnsmodi
560 4111 790 4183 generationem:
845 4110 934 4182 possit
949 4110 1005 4168 dici
1019 4110 1140 4168 materia
1159 4110 1266 4168 divinae
1293 4111 1457 4183 Sapientia,
1472 4111 1528 4169 boc
1547 4117 1591 4170 est
1609 4111 1694 4173 Pater

79 4219 100 4262 n
127 4204 157 4262 in
181 4206 236 4261 bac
260 4203 324 4274 ipsa
362 4200 546 4274 generatione
580 4199 690 4256 divina.
725 4200 790 4270 tpsa
806 4246 829 4300 D
847 4198 923 4268 Filii,
940 4213 992 4257 seu
1014 4213 1103 4257 censa
1124 4214 1176 4258 seu
1203 4200 1389 4272 princlpium,
1413 4208 1464 4258 aut
1488 4199 1695 4273 aliquomodo
1731 4264 1734 4271 ,

80 4307 165 4366 mago
187 4305 268 4349 ceree
288 4298 330 4349 est
345 4303 421 4359 cera,
437 4297 465 4346 et
487 4289 547 4359 ipse
569 4289 653 4345 homo
668 4294 710 4344 εει
725 4288 792 4344 ani·
846 4288 926 4360 prior
945 4287 1046 4346 saltem
1065 4295 1181 4358 natura,
1208 4288 1232 4346 si
1247 4304 1306 4347 non
1330 4296 1467 4361 tempore,
1488 4289 1695 4361 respondemus

79 4395 239 4439 econverso
249 4381 283 4452 [s.
304 4393 388 4437 none
410 4377 572 4448 converso].
601 4375 655 4433 Sed
677 4390 736 4433 non
751 4375 792 4434 ibi
846 4375 1036 4435 nibitbornm
1055 4377 1140 4434 nobis
1153 4378 1246 4435 videri
1267 4392 1349 4450 posse
1363 4378 1420 4437 dici
1435 4377 1559 4451 proprie.
1574 4378 1696 4459 Materia

79 4471 242 4529 rateriatnm
268 4476 309 4527 εει
329 4466 523 4537 materiave]
540 4465 792 4537 ipsamatoriaest
845 4479 915 4524 vero
927 4464 1007 4524 nullo
1025 4466 1108 4523 modo
1126 4465 1183 4523 dici
1216 4466 1264 4525 bie
1290 4467 1485 4535 concedimus,
1511 4480 1580 4525 cnm
1607 4473 1696 4527 mate-
1732 4520 1739 4546 2

79 4574 127 4618 aa
141 4575 179 4618 εε.
193 4560 260 4616 iiaec
274 4558 384 4631 quippe
405 4554 524 4614 nomina
542 4555 665 4612 materia
680 4562 708 4611 et
728 4562 791 4613 ma·
846 4554 921 4611 riam
935 4553 1051 4612 Boetius
1065 4555 1209 4613 describat
1222 4569 1287 4612 eam
1301 4570 1368 4628 qna
1388 4554 1549 4628 subjectam
1569 4554 1711 4635 formam:
1734 4594 1738 4632 ;

105 4647 224 4706 relative
243 4648 280 4703 ad
304 4647 428 4703 invicem
449 4644 599 4713 dicuntur,
616 4643 690 4701 sicut
709 4645 792 4703 Pater
847 4643 978 4715 suscipit,
1007 4650 1035 4702 et
1057 4643 1088 4701 in
1109 4645 1166 4701 ileo
1193 4642 1304 4702 nnllam
1332 4644 1449 4702 omnino
1482 4633 1604 4701 {ormam
1634 4657 1697 4724 esse
1734 4684 1740 4700 .

79 4737 160 4794 ‚tlla
187 4750 255 4793 tero
277 4732 460 4806 supraposita
483 4733 645 4790 secundum
660 4731 793 4788 substan·
847 4740 959 4790 certum
983 4733 1030 4791 sit.
1058 4732 1113 4790 Sed
1137 4748 1190 4790 nec
1213 4739 1288 4790 reete
1312 4732 1462 4790 materiam
1488 4731 1696 4814 dicimus,nisi
1734 4726 1741 4803 ζ

79 4826 237 4898 ιίεεεεειε
263 4824 424 4882 secundnm
449 4821 617 4879 relationem
633 4820 790 4891 pradican-
847 4820 914 4894 qne
939 4829 1067 4894 tempore
1100 4836 1219 4894 qnoque
1241 4821 1424 4880 materiatum
1449 4821 1595 4893 precedit,
1618 4822 1696 4881 sient

79 4915 169 4973 eriam
185 4913 303 4986 quidem
321 4912 444 4969 dicimus
459 4911 618 4968 secundnm
640 4911 695 4966 boe
714 4909 792 4981 qnod
847 4925 915 4970 cera
930 4911 992 4982 ipsa
1007 4925 1074 4982 que
1093 4919 1160 4969 ante
1175 4910 1229 4968 luit
1250 4925 1339 4982 qnam
1359 4918 1431 4981 esset
1449 4910 1555 4982 imago.
1572 4909 1696 4969 Unde'et
1732 4983 1738 4991 ἡ

79 5018 110 5061 ει
132 5003 195 5075 ipsa
208 5010 269 5074 est;
296 5001 481 5060 materiatum
495 5013 564 5056 vero
584 4998 744 5062 secundum
764 4997 793 5054 id
848 4999 1012 5072 philosophi
1036 5000 1094 5057 alia
1117 5014 1153 5058 ex
1180 4997 1301 5056 materia
1325 5007 1353 5057 et
1368 4999 1460 5057 torma
1471 5005 1614 5068 constare,
1636 4998 1696 5057 atta

96 5091 195 5163 aliqno
211 5092 305 5162 ipsum
320 5097 372 5149 est.
389 5089 434 5146 Sic
453 5097 481 5146 ει
496 5087 579 5145 Peter
597 5093 624 5143 ει
638 5086 729 5143 Filius
747 5100 791 5142 re·
847 5088 884 5147 ad
907 5087 1127 5146 similitudinem
1154 5088 1280 5146 materia
1306 5095 1334 5146 ει
1357 5087 1456 5146 iormae
1479 5088 1633 5146 consistere
1647 5087 1696 5145 di·
1739 5162 1742 5167 Ι

78 5181 170 5240 vicem
185 5179 334 5247 dicuntur,
359 5177 521 5235 secundum
537 5176 564 5232 id
592 5174 698 5233 scilicet
714 5174 793 5246 qnod
847 5178 1023 5247 stinxernnt,
1042 5177 1118 5234 sicut
1141 5192 1196 5236 nos
1211 5176 1282 5235 alibi
1297 5177 1332 5235 de
1347 5177 1469 5236 materia
1486 5184 1515 5236 et
1528 5176 1622 5247 torma
1638 5183 1697 5237 tra·
1723 5224 1747 5258 .·.·

79 5283 102 5328 n
126 5277 245 5343 generat
269 5275 357 5341 atque
374 5280 410 5324 ex
426 5266 480 5322 boc
501 5263 549 5322 ille
569 5277 620 5336 per
633 5262 793 5336 generatio·
847 5271 957 5325 otantes
965 5264 1133 5349 docuimus.

79 5375 435 5452 liaeimilitndineutitur
455 5391 556 5447 Petrus
577 5388 748 5447 Abaetardus
763 5389 794 5446 in
848 5397 893 5447 tra
920 5365 1017 5461 qnam
1044 5390 1146 5448 merito
1183 5389 1290 5448 invecti
1328 5396 1396 5448 εεει
1433 5387 1498 5463 ejus
1536 5358 1696 5450 adremarii

79 5468 163 5526 :tione
187 5466 225 5523 ad
247 5464 429 5536 theologiam,
445 5461 555 5519 seilicet
573 5461 640 5518 aeris
653 5468 681 5518 ει
706 5460 794 5533 sigilli
848 5460 876 5519 S.
900 5460 1073 5531 bernardus,
1101 5459 1272 5530 Guillelmns
1294 5461 1390 5533 ⁴abbas
1419 5459 1447 5519 S.
1477 5460 1645 5595 Tsseodecici
1659 5469 1696 5539 ,et

79 5538 90 5597 l
104 5551 170 5611 que
180 5537 245 5610 eins
263 5536 300 5594 ad
317 5536 461 5593 intentum
475 5547 512 5591 ex
535 5545 619 5606 aequo
632 5530 710 5604 tacit,
724 5545 792 5590 con·
847 5531 939 5594 abbas
953 5545 1128 5607 anonymus,
1144 5532 1196 5610 qni
1209 5522 1306 5594 litarat
1318 5526 1490 5608 eiusdisoip

125 5636 255 5732 Parnon-4
279 5629 457 5707 cittxvttt
1452 5637 1493 5699 tt

1524 5546 1570 5594 ttt.
