3804 5962
69 167 138 253 ltili
317 166 418 226 uului
435 168 621 227 rumetum
639 169 715 228 OPP.
737 171 827 230 rins
846 173 894 230 lll.
927 200 963 219 -·
992 175 1211 236 absolueret
1230 180 1273 237 ET
1290 177 1561 239 Pullosorlucit.

66 294 139 368 juge
150 293 205 352 dici
225 301 327 366 potest,
353 295 423 366 quia
436 309 512 350 omne
527 296 600 364 quod
617 311 673 353 uon
688 302 727 354 est
741 314 775 354 ee
786 299 840 369 tide
852 316 920 372 pec·
934 303 960 359 Δ
975 306 1020 360 tur
1035 304 1057 376 (l
1072 306 1145 363 Pete.
1160 321 1182 375 ι,
1198 307 1239 378 2).
1267 305 1468 378 Multiplicatio
1496 292 1683 378 promittitur
1696 315 1725 366 et

70 389 160 442 cotum
186 388 226 440 est
249 382 336 456 (ilem.
364 397 422 451 ιιι,
447 383 503 455 23),
538 386 674 456 quamvis
698 401 797 444 veram
828 388 919 446 tidelis
974 393 1018 450 bis
1039 396 1169 466 paucitas
1192 396 1381 454 ailirmatur‘l
1410 398 1558 455 carterius
1582 397 1656 469 (56),
1684 397 1725 454 ilii

70 474 173 534 b'abeat
196 471 366 543 pudicitiam
383 471 469 527 etiarn
488 486 553 529 cum
575 473 684 531 infideli
703 476 836 548 conjuge.
852 475 920 534 ideo
973 483 1130 554 episcopus,
1161 485 1246 542 liomo
1271 494 1353 542 aetate
1367 495 1449 543 retus
1475 493 1504 543 et
1526 487 1703 554 sacerdotio,

70 552 167 620 autem
197 575 250 617 nee
275 559 372 631 iuberi
399 560 562 619 debuerunt
579 561 675 620 fideles
697 565 733 621 ab
756 564 920 623 infidelibus
975 579 1130 642 antequam
1146 573 1349 645 baptizaretur,
1373 576 1492 633 alteram
1510 575 1566 647 (57)
1583 584 1649 647 post
1664 575 1725 632 iata

70 647 209 722 separari,
225 648 295 720 quia
320 663 378 704 non
393 658 494 707 contra
513 650 674 722 jussionem
699 652 814 729 Domini
831 656 921 727 genti·
974 662 1070 730 priore
1095 671 1219 730 mortua,
1244 664 1330 720 diruit
1349 679 1491 733 uxorem;
1517 672 1547 722 et
1575 665 1725 722 arbitrari

70 737 111 795 les
134 736 249 794 inerant
277 736 363 794 ambo
386 737 543 808 conjuncti.
572 740 721 799 concilium
751 744 919 814 Toletonom,
974 756 1074 806 eontra
1097 751 1224 822 Apostoli
1247 753 1345 809 iecisse
1370 754 1552 821 sententiam,
1582 755 1637 825 qui
1653 753 1725 810 uniu

71 840 130 899 ΜΡ·
149 825 244 883 XV¹¹²
268 828 366 898 Νθῦῑῑθ
398 825 533 885 dimissus
556 827 592 886 ab
622 844 723 899 11¹⁰rssi
753 846 849 903 neque
875 833 919 889 di·
975 838 1014 894 ris
1029 839 1127 896 virum
1156 844 1324 913 praeoeperit
1341 844 1546 901 ordinandum.
1574 843 1668 900 bliror
1689 856 1725 898 au

70 912 159 973 missa
182 928 201 972 a
220 914 322 973 marito
351 914 433 973 alteri
454 916 610 990 jungatur,
637 918 686 976 sed
713 920 753 976 ita
771 929 919 992 maneant,
975 941 1067 985 unum
1083 932 1261 1000 protraxisse
1277 932 1306 988 iu
1325 933 1464 999 medium,
1485 947 1554 990 eum
1578 933 1679 989 omnis
1702 947 1725 988 u

71 1010 122 1062 sur
137 1001 437 1063 sinireooneitienrui.
975 1015 1021 1073 nis
1044 1019 1278 1077 ordinationibus
1302 1021 1546 1093 siluerimus
1570 1022 1639 1078 nico
1656 1021 1725 1091 oen

422 1113 572 1173 cxxvii.
976 1106 1130 1175 teris,nou
1151 1108 1329 1167 deinterioni
1359 1113 1463 1182 gradu,
1488 1111 1525 1166 ad
1556 1110 1725 1181 episcopos·

72 1198 150 1269 prod
178 1199 302 1273 bigamus
333 1203 471 1259 nonlicet
492 1205 647 1272 promoveri
670 1203 707 1261 od
732 1205 869 1278 clericum,
895 1212 920 1262 et
976 1211 1051 1267 quos
1079 1198 1104 1253 si
1134 1198 1300 1271 singulatim
1322 1199 1440 1257 voluero
1471 1200 1637 1267 nominare,
1665 1206 1725 1254 tant

409 1274 583 1348 contraiit).
976 1290 1074 1332 merus
1114 1279 1348 1350 congregabitur,
1400 1287 1432 1336 ut
1475 1279 1676 1337 Ariminensis

108 1364 283 1435 Augustinus
311 1366 347 1422 de
373 1366 439 1422 bono
460 1367 600 1438 conjugali
626 1366 731 1438 (liaur.
759 1368 805 1434 lll,
830 1369 919 1440 ³³¹l²
976 1353 1132 1423 multitudo
1172 1376 1335 1438 superetur.
1376 1367 1429 1426 Sed
1470 1368 1669 1425 etaeiudeceus
1698 1382 1725 1424 es

74 1451 293 1511 Sacramentum
317 1455 487 1526 nuptiarum
503 1456 640 1526 temporis
654 1457 696 1513 sic
711 1455 748 1513 ad
762 1471 854 1514 unum
877 1457 919 1515 vi·
977 1467 1070 1511 unum
1099 1456 1183 1525 tueri,
1217 1466 1250 1514 ut
1291 1458 1389 1527 plures
1427 1471 1566 1515 accusare
1610 1457 1725 1514 videarl

73 1556 141 1601 rum
162 1550 190 1601 et
214 1557 304 1602 uuam
331 1558 453 1603 uxorem
476 1545 626 1602 redactum
651 1552 704 1615 est,
735 1553 767 1603 ut
790 1546 921 1604 Ecclesiae
938 1587 959 1642 B
977 1557 1063 1613 quem
1087 1546 1199 1602 ratione
1219 1560 1277 1603 non
1303 1548 1402 1618 possis,
1425 1548 1531 1618 peccati
1548 1561 1609 1604 nou
1632 1546 1722 1603 societ

74 1629 298 1703 dispensatorem
336 1649 394 1692 non
425 1634 507 1692 liceat
532 1634 662 1692 ordinari
686 1634 742 1692 nisi
772 1635 824 1691 nui
847 1649 920 1692 uxo·
976 1632 1076 1690 tendas
1100 1636 1167 1704 (58).
1196 1635 1328 1692 Sustinui
1357 1636 1562 1693 liomaeaviro
1586 1636 1725 1707 eloquent

73 1720 172 1795 tilia)
196 1722 307 1779 virum.
339 1723 419 1791 Quod
436 1724 551 1782 acutius
575 1724 782 1781 intellexerunt
797 1724 849 1796 qui
864 1739 922 1780 nou
976 1730 1143 1790 cornutum,
1166 1731 1198 1780 ut
1218 1725 1336 1792 dieitur,
1362 1725 1572 1797 syllogismum,
1595 1733 1631 1782 ut
1652 1739 1725 1795 quor

74 1824 152 1885 eum,
179 1811 232 1884 qui
257 1812 485 1871 catechumenus
499 1813 543 1870 vel
555 1826 687 1885 paganus
703 1812 837 1871 babuerit
852 1812 921 1871 alte·
976 1825 1022 1868 me
1052 1820 1193 1870 verterem
1234 1814 1362 1871 strictius
1387 1822 1508 1869 tenerer.
1544 1815 1687 1880 Uxorem,

75 1915 148 1974 ram,
174 1901 370 1961 ordinandum
400 1916 462 1960 esse
476 1911 660 1960 censuerunt.
690 1903 757 1958 item
773 1916 779 1958 :
795 1902 923 1959 Nonab-
977 1908 1124 1970 peecatum
1155 1910 1199 1958 est
1221 1903 1329 1960 ducere
1347 1917 1383 1958 an
1407 1902 1486 1958 non?
1510 1904 1571 1974 ligo
1592 1903 1720 1973 simplex

75 1992 198 2051 surdum
222 1992 320 2050 risum
347 1999 482 2062 osteum,
500 1991 551 2065 qui
579 1991 700 2049 excessit
716 2005 844 2048 uxorum
870 2005 924 2048 nu·
977 1989 1199 2048 iusidiasvitare
1231 1992 1382 2056 nescirem,
1411 1991 1474 2047 dini
1491 2005 1548 2047 non
1578 2005 1643 2047 esse
1666 2005 1725 2062 peu

75 2092 188 2137 merum
212 2078 401 2152 singularem,
420 2095 478 2138 uon
493 2088 645 2151 peccatum
668 2078 786 2149 aliquod
800 2079 922 2136 commi·
977 2078 1105 2135 Rursum
1146 2081 1295 2150 proposuit
1322 2094 1329 2134 :
1360 2080 1392 2136 ln
1428 2079 1603 2149 baptismate
1640 2080 1724 2136 dimit

75 2167 155 2237 sisse,
180 2168 229 2226 sed
251 2182 384 2225 normam
411 2168 569 2240 quamdam
589 2167 760 2225 sacramenti
780 2168 922 2238 amisisse,
977 2167 1077 2225 malai
1092 2169 1234 2239 Respondi
1254 2177 1371 2239 peccata
1394 2167 1508 2224 dimitti.
1533 2167 1608 2224 Cnm
1634 2182 1725 2225 mese

75 2270 134 2314 uon
151 2255 188 2313 ab
202 2255 286 2314 bouae
299 2257 367 2314 vitae
385 2259 533 2325 meritum,
550 2258 598 2314 sed
616 2258 650 2313 ad
673 2255 865 2312 ordinationis
879 2271 923 2313 eo
977 2263 1119 2326 putarem,
1148 2264 1297 2327 coeperunt
1317 2256 1389 2313 mibi
1412 2257 1480 2312 binc
1506 2256 1574 2313 inde
1607 2270 1724 2313 cornua

76 2343 241 2403 clesiastieae
255 2345 463 2419 [signaculum]
489 2346 688 2404 necessariam.
708 2344 865 2401 Gennadius
883 2347 924 2402 De
977 2359 1064 2402 soene.
1078 2346 1116 2415 Si,
1143 2346 1248 2417 iuquit,
1276 2360 1396 2402 uxorem
1411 2345 1515 2402 ducere
1530 2358 1589 2401 uon
1604 2353 1651 2402 est
1668 2358 1725 2415 poci

75 2432 229 2489 ortliodoao
254 2433 309 2505 ide
334 2450 341 2490 :
368 2433 502 2513 llaritum
525 2434 651 2491 duarum
672 2444 735 2504 post
750 2432 924 2504 baptismum
977 2435 1139 2506 baptismus
1163 2443 1259 2492 autem
1277 2443 1394 2506 peccata
1407 2434 1544 2502 dimittit,
1572 2434 1723 2505 quidquid

75 2512 277 2579 mauonarum
301 2522 439 2580 clericum
470 2537 528 2581 uon
550 2523 757 2590 ordinandum,
784 2528 838 2579 eto.
857 2524 924 2577 ilie·
978 2524 1144 2592 dimittitur,
1172 2532 1346 2581 reservatur.
1371 2526 1439 2580 ilem
1463 2543 1473 2578 .·
1497 2525 1529 2578 ln
1551 2523 1725 2592 memetipsu

75 2624 210 2685 resignas
233 2611 272 2666 od
284 2611 419 2669 Oceanum
444 2614 609 2684 episcopum,
637 2612 767 2684 quomodo
780 2626 810 2667 se
828 2611 924 2667 debent
978 2627 1079 2670 vorsus
1099 2615 1227 2671 converti
1248 2614 1278 2669 in
1308 2611 1507 2670 adversarium
1529 2611 1725 2683 propositioni:

76 2703 107 2759 in
123 2701 200 2758 domo
222 2703 334 2758 Domini
359 2694 494 2757 instruere
511 2702 622 2760 :Unius
648 2701 749 2759 uxoris
776 2701 873 2759 virum
897 2706 924 2756 et
978 2702 1073 2772 pbam.
1100 2704 1211 2770 Quaeso,
1237 2703 1369 2773 inquam,
1398 2709 1434 2768 te,
1461 2708 1494 2757 ut
1522 2701 1709 2772 respondeas.

77 2805 154 2850 nora
167 2797 196 2849 et
221 2796 306 2849 votus
330 2791 481 2862 preceptio
505 2791 679 2848 sacerdotem
693 2789 923 2861 censuiteligen·
978 2804 1059 2846 smus
1082 2806 1190 2849 novum
1218 2791 1365 2849 homiuem
1378 2790 1445 2847 iacit
1474 2804 1511 2846 ex
1531 2796 1600 2855 toto,
1616 2803 1656 2845 au
1670 2803 1725 2856 exj

77 2879 159 2938 dum.
174 2881 241 2936 item
271 2880 429 2951 :digamos
454 2880 491 2938 ad
514 2880 707 2938 ministerium
718 2880 848 2951 plerique
862 2877 925 2949 epi·
942 2879 963 2936 d
981 2879 1156 2948 Responditn
1181 2895 1218 2937 ex
1243 2889 1309 2937 toto.
1333 2879 1499 2950 Nihil-argo
1518 2878 1625 2935 veteris
1650 2878 1725 2934 homi

77 2968 156 3040 scopi
178 2968 381 3041 applicueruut
398 2968 499 3040 sicque
523 2975 655 3025 asserunt
672 2984 678 3022 :
695 2966 857 3025 concubina
871 2967 926 3024 luit
980 2968 1150 3038 baptismate
1177 2976 1351 3036 reservatur,
1377 2968 1450 3024 nibil
1485 2967 1561 3037 qnod
1579 2973 1673 3037 potest
1686 2981 1723 3022 uo

77 3057 138 3129 illa,
160 3072 218 3116 uon
241 3057 299 3129 (at)
320 3071 406 3126 uxor,
426 3057 512 3128 quasi
526 3071 585 3114 uon
599 3057 699 3115 eadem
714 3058 771 3113 sint
786 3069 924 3113 commer-
980 3056 1088 3127 putari,
1111 3057 1188 3127 quod
1215 3057 1245 3113 in
1264 3057 1353 3113 veteri
1384 3056 1511 3127 quodam
1535 3055 1601 3111 tuit.
1619 3056 1712 3109 item:

78 3147 124 3204 eia
146 3146 273 3204 feditatis
295 3146 326 3203 iu
345 3146 406 3212 illa,
432 3160 499 3218 quae
512 3153 540 3203 et
557 3145 587 3202 in
615 3146 670 3202 bac
683 3152 844 3209 exercetur,
859 3158 926 3216 quar
979 3152 1067 3214 natos,
1082 3145 1214 3215 inquam,
1239 3146 1392 3215 Apostolus
1410 3143 1496 3216 elegit
1512 3143 1541 3198 iu
1573 3143 1725 3213 episcopan

78 3248 156 3292 uxor
169 3233 318 3291 asseritur.
334 3235 378 3288 An
398 3232 469 3303 quia
493 3232 621 3304 conjugii
643 3231 757 3288 tabulas
770 3245 829 3289 nou
848 3231 923 3295 iecit,
980 3232 1230 3290 catechumenos?
1254 3233 1283 3290 st
1298 3233 1451 3304 Apostolus
1472 3245 1530 3288 non
1554 3232 1725 3288 catechume

79 3322 312 3393 coucupiscentia
337 3320 432 3378 aliena
460 3335 518 3378 non
541 3320 616 3378 initi
644 3320 825 3391 liullopaeto
841 3319 926 3392 biga·
980 3323 1089 3379 clerum
1118 3322 1213 3393 elegit,
1236 3323 1285 3379 sed
1313 3321 1420 3390 indoles,
1453 3321 1523 3376 vitia
1539 3320 1725 3377 catechumen

79 3423 147 3468 mus
173 3409 220 3466 rel
246 3408 477 3467 concubinarum
502 3409 626 3468 insertor
653 3410 736 3466 debet
763 3411 821 3482 (55)
847 3423 927 3467 assu·
981 3410 1205 3480 imputabuntur
1238 3411 1323 3468 indeli.
1363 3409 1552 3468 proteruntur
1593 3423 1665 3480 ergo
1704 3411 1725 3463 Α

80 3511 158 3557 mere
190 3497 393 3557 ministerium.
421 3499 455 3556 ln
480 3498 606 3556 Levitico
633 3499 774 3569 scriptum
793 3508 836 3557 est
851 3498 925 3571 (ιιι,
981 3499 1124 3569 Epistolie,
1142 3500 1251 3557 unaad
1275 3500 1469 3566 Timotheum,
1496 3498 1586 3554 altera
1614 3497 1725 3554 additi

82 3586 125 3660 ld)
147 3587 301 3645 :Sacerdos
329 3590 447 3660 occipiat
469 3591 625 3657 uirginem:
645 3588 789 3645 viduatam
806 3592 832 3643 et
846 3587 928 3643 desti·
982 3598 1107 3660 utraque
1138 3590 1199 3645 sive
1218 3589 1343 3659 episcopi
1363 3589 1425 3644 sive
1456 3586 1616 3658 presbyteri
1649 3586 1725 3658 (qua

81 3681 168 3735 tutum
195 3680 245 3734 eut
271 3693 289 3733 o
315 3679 376 3733 civo
402 3679 500 3734 meiito
536 3677 693 3734 derelictam
719 3693 774 3733 non
798 3679 926 3747 occipiat.
982 3678 1182 3748 apudvoteres
1198 3677 1283 3733 iidem
1298 3686 1326 3733 et
1344 3678 1470 3750 episcopi
1484 3685 1512 3732 et
1526 3674 1725 3746 presbyterii

79 3767 147 3823 item
171 3781 179 3824 :
198 3767 226 3824 Si
249 3780 319 3839 ergo
343 3766 464 3825 clericus
492 3781 682 3840 monogamus
697 3766 794 3835 luerit,
809 3773 839 3824 et
852 3779 928 3823 uxor
982 3769 1053 3840 quia
1068 3767 1140 3824 illud
1150 3781 1254 3823 nomen
1267 3766 1416 3838 dignitatis
1428 3774 1482 3835 est,
1502 3765 1557 3821 boc
1571 3763 1681 3833 artatis)
1692 3764 1725 3836 ju

79 3856 144 3928 ejus
171 3855 297 3930 bigama,
314 3855 374 3913 noli
396 3870 464 3913 eum
491 3856 649 3913 ministerio
675 3855 830 3927 applicare.
848 3855 930 3926 Biga-
983 3857 1146 3927 monogami
1168 3856 1199 3913 iu
1219 3855 1329 3912 elerum
1343 3855 1423 3927 eligi.
1448 3855 1528 3911 Certe
1542 3853 1578 3909 de
1596 3853 1722 3924 baptizat

80 3959 159 4004 mam
173 3944 251 4003 euim
279 3943 364 4002 duxit
392 3958 524 4002 uxorem.
548 3944 623 4000 lolem
636 3944 674 4000 ad
699 3946 820 4001 eumdem
841 3944 875 4000 de
899 3959 929 4000 eo
982 3947 1206 4016 sbyterissermo
1217 3953 1268 4002 est.
1284 3944 1312 4000 Si
1326 3959 1394 4016 ergo
1409 3943 1517 4010 omnia,
1530 3956 1599 4012 quae
1612 3941 1725 3998 inordir

82 4033 154 4106 quod
166 4035 300 4106 seriptum
314 4039 355 4089 est
377 4049 383 4088 :
399 4035 482 4089 unius
503 4035 598 4090 acoris
611 4038 701 4090 uirum
716 4033 739 4106 (1
755 4034 825 4089 Tim.
842 4048 884 4102 ru,
900 4033 926 4106 t)
983 4044 1157 4106 quaeruntur
1175 4034 1307 4105 episcopi,
1330 4047 1388 4089 uon
1404 4031 1596 4103 praeiudicant
1609 4032 1725 4087 ordinat

83 4125 263 4196 (cartennae.
301 4122 347 4189 lv,
377 4122 440 4196 ote)
466 4139 473 4178 :
498 4122 654 4196 Consurgit
686 4124 811 4191 boresio,
839 4132 1072 4206 atquencetea
1095 4133 1162 4182 ante
1186 4124 1327 4195 baptisma
1356 4120 1564 4178 n-›nlrabnerit
1589 4119 1725 4191 (quaeritr

81 4212 160 4270 oliim
178 4211 413 4282 mortuaripera
442 4212 599 4270 contritum
626 4220 715 4282 caput
739 4213 824 4270 levat.
853 4211 927 4269 Dicit
982 4213 1211 4284 sit,etuonquid
1228 4208 1661 4283 tuerit),quaresolumnomeu
1677 4221 1725 4265 uin

81 4300 159 4358 enim
186 4314 248 4358 esse
266 4299 376 4372 aliqua,
404 4315 471 4372 quae
496 4300 627 4359 Christus
654 4316 712 4358 non
739 4303 830 4374 possit
856 4315 925 4372 pur·
981 4302 1171 4376 pediatquod
1195 4302 1289 4357 solum
1316 4307 1465 4371 peccatum
1493 4312 1551 4353 nou
1577 4296 1658 4353 tuiti
1674 4297 1725 4353 llic

83 4403 152 4463 gare
177 4389 320 4463 sauguine
343 4403 407 4461 suo,
422 4399 450 4448 ot
464 4390 623 4462 prolundas
649 4390 790 4448 scelerum
805 4404 927 4447 suorum
985 4398 1132 4464 peccalum
1147 4405 1204 4446 non
1226 4389 1291 4455 luit,
1314 4389 1420 4444 idcireo
1435 4394 1547 4444 nonest
1571 4386 1725 4442 dimissum

82 4478 274 4551 pristinorum
302 4478 442 4537 inhaerere
480 4477 663 4554 [corporibus
697 4485 784 4551 atque
811 4478 928 4556 animis]
982 4474 1725 4551 piismtlie.Retlln0vtllnallili0;quiapeccailimul

83 4569 241 4637 cicatrices,
269 4576 301 4625 nt
329 4567 472 4625 medicina
496 4567 573 4625 illius
598 4569 743 4627 attenuari
770 4575 926 4641 nequeant.
983 4569 1090 4624 idcireo
1114 4567 1144 4623 in
1165 4573 1314 4636 peccatum
1339 4562 1531 4634 reputabitur.
1559 4560 1671 4617 Omnia
1698 4574 1725 4617 sc

82 4655 157 4725 quio
176 4657 256 4715 aliud
273 4657 343 4729 agit,
367 4657 423 4716 nisi
443 4658 624 4716 uthristus
647 4665 779 4715 mortuus
804 4659 843 4714 sit
868 4656 928 4714 iru·
983 4657 1107 4729 publica
1139 4654 1310 4712 colluvionis
1343 4654 1449 4719 sordes,
1485 4649 1687 4721 patricidium,
1712 4650 1725 4704 i:

83 4746 170 4804 stra?
185 4745 268 4804 Absit
286 4747 340 4804 boc
362 4747 397 4803 de
416 4745 616 4818 omnipotente
641 4747 765 4813 credere,
795 4746 873 4817 quod
899 4745 928 4800 iu
984 4746 1354 4815 ctiristitontepurgantnr
1366 4759 1372 4809 ;
1384 4741 1485 4799 uxoris
1501 4737 1725 4796 inbaerebuutu

84 4835 186 4908 aliquo
199 4835 340 4909 impotens
365 4835 418 4892 siti
444 4836 519 4892 Totae
546 4835 675 4907 Apostoli
696 4834 830 4907 Epistulae
848 4833 928 4890 Cbri·
985 4845 1012 4894 et
1026 4832 1324 4907 lupanariatbalamis
1339 4829 1549 4900 praeferentur?
1564 4827 1625 4899 Ego
1643 4828 1697 4884 tibi
1712 4843 1725 4884 ι

83 4925 120 4984 sti
148 4925 273 4999 gratiam
303 4931 416 4983 sonant.
448 4924 490 4982 Ne
518 4939 622 4997 parum
639 4925 784 4982 rideretur
807 4923 930 4994 simplex
987 4935 1055 4998 puto
1080 4925 1264 4981 meretricum
1290 4920 1444 4986 exercitus,
1476 4916 1649 4974 allusionem
1673 4932 1725 4973 san

85 5014 186 5090 diali&
202 5015 382 5086 nuncupatio
396 5032 404 5069 ³
418 5017 522 5084 tillia,
538 5013 643 5086 inquit,
657 5019 682 5069 el
695 5014 931 5085 raaemtllt'Pll'ce-
986 5024 1013 5074 et
1031 5025 1062 5073 tu
1078 5013 1152 5071 mibi
1167 5013 1235 5069 olim
1260 5018 1422 5067 emortuam
1446 5008 1480 5063 de
1501 5005 1635 5077 sepulcro
1665 5020 1725 5063 uxo

122 5173 179 5247 (aa)
206 5175 300 5247 liuius
329 5170 496 5247 questionis
517 5187 553 5232 ue
568 5174 671 5234 titulus
685 5173 803 5246 quidem
827 5172 933 5248 legitur
1023 5172 1075 5245 (55)
1110 5170 1199 5228 Editt.
1227 5168 1466 5223 :concubinarum
1499 5167 1603 5220 calmis
1630 5169 1725 5221 insert

87 5245 279 5388 willigicssdllzt.
298 5315 452 5373 :ordinare
467 5318 524 5375 nisi
533 5319 614 5374 unius
631 5320 726 5374 uaeris
736 5319 834 5374 cirum.
987 5250 1205 5388 cetl’ikdllc'ldonao.
1223 5326 1230 5367 :
1250 5310 1410 5366 Arelemns.

123 5387 282 5459 Wlfflin·
300 5402 307 5444 ἱ
323 5386 387 5445 ²18⁶·
1025 5388 1069 5459 (57
1098 5382 1413 5442 dionanzodulteram.

1026 5460 1072 5530 (58
1097 5455 1186 5516 leuitt.
1203 5471 1211 5526 ς
1219 5455 1391 5528 peccantium
1405 5454 1533 5511 societate
1547 5450 1695 5523 defendor.
