3804 5962
738 229 790 287 SIC
809 231 854 286 ΕΤ
872 230 954 287 NON.

1644 237 1714 290 titul

77 363 96 414 tt
118 354 297 413 exorcismis.
322 355 423 411 Postea
444 353 479 410 ad
500 366 607 423 aquam
629 353 758 422 venistis,
782 361 810 411 et
825 358 848 412 Α
863 358 950 413 item:
976 357 1009 413 ln
1039 357 1108 415 eaelo
1133 357 1195 428 J'am
1222 355 1368 414 Christum
1396 357 1542 414 sedentem
1569 359 1712 425 ¹manibus

77 444 112 501 rsi
144 446 223 511 estis,
267 451 294 499 et
327 457 409 512 panis
437 441 605 497 dominicus
636 440 701 497 laeti
732 443 809 498 estis.

88 540 175 589 estote
195 532 341 602 diligendo
357 545 417 598 vos,
444 530 566 586 tenendo
594 544 684 585 unam
714 531 810 598 sedern,

77 637 158 692 rpem,
188 621 371 676 individuam
393 620 573 675 charitatem.
591 620 662 673 Item
679 635 685 672 :
704 621 812 677 Vinum

77 713 110 766 tis
125 713 246 766 racemis
262 710 326 775 luit,
354 715 381 763 ct
405 706 488 763 modo
508 707 624 763 vincam.
650 707 755 763 Vinum
770 717 812 764 ost

100 799 262 864 nativitate,
292 796 368 851 calix
407 802 469 865 post
505 809 656 865 pressuras
685 797 810 853 torcula-

80 888 139 943 .Et
163 895 225 956 post
246 885 358 941 illatos
380 884 504 956 jejunia,
526 893 588 954 post
609 884 729 953 labores,
748 900 812 942 con-

78 992 112 1047 s;
127 976 189 1047 jam
208 975 238 1030 in
263 975 378 1030 nonrine
398 973 503 1029 Christi
519 981 660 1044 tanquam
685 975 721 1029 ad
741 975 813 1030 cali·

78 1066 172 1131 nistis3
189 1070 217 1120 et
239 1063 277 1117 ihi
293 1077 342 1117 vos
357 1063 425 1117 estis
450 1063 479 1117 in
496 1075 595 1116 mensa
618 1069 645 1117 ct
668 1063 698 1117 in
713 1062 810 1118 ealiee.

78 1169 122 1211 um
150 1168 201 1209 vos
215 1153 291 1208 estis.
308 1150 399 1206 Simul
424 1149 502 1206 enim
525 1150 580 1205 hoc
605 1151 760 1221 sumimus,
775 1151 811 1207 si·

80 1244 198 1308 inimus,
231 1241 301 1312 quia
327 1240 414 1296 simul
443 1240 580 1296 vivimus
614 1241 693 1294 Idem
731 1257 814 1310 salpe-r

78 1349 95 1386 n
123 1333 185 1403 (xil,
210 1333 237 1401 8)
261 1345 383 1384 sermone
404 1330 439 1384 l:
463 1331 598 1398 Pauperes
619 1318 691 1383 enim
710 1345 814 1400 semper

78 1424 100 1476 is
125 1421 271 1486 nobiscnm,
294 1434 335 1472 me
355 1422 445 1472 entem
468 1432 521 1472 non
543 1433 647 1486 semper
669 1418 812 1477 habebitis.

83 1515 109 1565 et
140 1511 179 1564 sic
204 1507 323 1578 intelligi
355 1521 361 1560 :
394 1506 569 1577 loquebatur
597 1507 632 1562 de
661 1511 813 1578 praesentia

81 1598 166 1654 ssui.
191 1596 264 1652 Nam
293 1595 453 1651 seizundom
482 1595 659 1665 maiestatem
680 1611 764 1653 suam
787 1607 815 1655 et

867 455 1043 502 eoritreetare
1069 461 1126 501 non
1164 460 1326 516 possumus,
1358 445 1406 501 sed
1440 446 1494 502 ilde
1531 448 1709 519 contingere.

868 536 933 589 item
947 551 953 590 :
968 534 1039 603 Quis
1053 535 1156 590 aiideat
1179 536 1356 591 manducare
1378 535 1531 591 Dominum
1548 538 1657 592 suum?
1684 543 1712 592 et

868 631 963 680 tamen
979 628 1017 679 alt
1034 640 1040 678 :
1057 623 1109 689 Qut
1120 625 1266 679 manducat
1282 639 1332 688 me,
1353 625 1422 678 nteit
1433 628 1547 694 propter
1560 640 1602 679 me
1617 627 1711 696 (told,

868 713 922 782 58).
952 713 1093 776 Quoniam
1119 712 1250 769 Christus
1272 713 1478 778 riianducamr,
1506 713 1565 767 vita
1588 715 1712 770 mandu-

868 809 959 862 catur,
972 814 1031 856 nec
1044 801 1195 869 occiditur,
1224 808 1256 857 ul
1275 800 1478 866 manducetur,
1498 815 1550 856 nec
1573 802 1713 871 quoniam

867 887 1072 956 manducatur,
1088 895 1184 958 parles
1203 889 1237 944 de
1266 888 1314 943 illo
1337 887 1468 943 iacimus.
1495 888 1530 943 Et
1549 888 1668 958 quidem
1685 891 1718 963 in¹

868 985 1048 1032 sacramento
1071 979 1110 1032 sic
1133 977 1182 1043 llt;
1207 983 1315 1033 norunt
1340 984 1437 1031 antem
1457 975 1554 1032 lldeles
1578 977 1715 1046 quemad-

868 1065 985 1119 modum
1010 1066 1189 1122 mandncent
1218 1079 1324 1136 eorpus
1349 1065 1466 1122 Christi.
1505 1065 1713 1136 Unusquisque

867 1161 979 1224 partem
1003 1168 1085 1210 suam
1111 1154 1230 1223 accipit,
1257 1168 1307 1224 per
1336 1160 1430 1225 partes
1456 1148 1661 1222 manducatur,
1686 1161 1714 1210 ει

869 1251 965 1299 manet
981 1244 1091 1316 integer
1111 1252 1188 1300 totus
1215 1243 1244 1299 in
1260 1243 1339 1311 coelo,
1357 1245 1468 1315 integer
1485 1251 1562 1300 tolus
1577 1244 1606 1300 ln
1627 1245 1712 1301 corde

869 1341 930 1390 tuo.
942 1335 1012 1389 ltem
1029 1349 1034 1389 :
1054 1333 1136 1398 Quod
1152 1332 1255 1389 videtis
1273 1333 1301 1388 in
1322 1331 1416 1400 altari,
1433 1333 1516 1403 panis
1530 1339 1572 1390 est
1587 1341 1614 1389 et
1629 1334 1713 1400 calix,

869 1423 1046 1494 quodetiam
1062 1423 1141 1479 oculi
1160 1424 1249 1479 nostri
1268 1421 1351 1479 nobis
1366 1422 1544 1478 renuntiant.
1566 1422 1647 1489 Quod
1662 1436 1714 1479 au·

869 1521 925 1569 tem
953 1513 1023 1570 hdes
1049 1514 1198 1584 (postulat)
1221 1511 1400 1577 instruenda,
1427 1511 1509 1581 panis
1529 1519 1570 1567 est
1598 1525 1714 1581 corpus,

869 1603 945 1658 calix
972 1609 1013 1659 est
1041 1603 1170 1672 sanguis.
1189 1602 1279 1655 Item:
1310 1601 1342 1655 ln
1364 1600 1468 1656 omium
1491 1599 1628 1666 ascendit,
1646 1599 1716 1655 illuc

78 1687 143 1743 ilem
173 1685 296 1757 gratiam
316 1683 453 1754 impletur
481 1685 558 1754 quod
582 1684 618 1739 ab
644 1698 677 1740 eo
705 1687 977 1762 dictumglevavit
1001 1703 1105 1759 corpus
1128 1703 1225 1756 snum,
1255 1687 1293 1744 ihi
1317 1693 1358 1743 est
1381 1688 1484 1743 sedens
1509 1686 1545 1742 ad
1565 1687 1715 1742 dexteram

78 1792 116 1831 ece
136 1791 184 1844 eqo
206 1774 342 1828 iiootscnm
364 1789 424 1827 stam
437 1788 523 1838 nsque
550 1774 587 1826 ad
607 1779 814 1831 consummatio·

78 1864 152 1919 eceli
185 1863 296 1934 (dlotth.
324 1876 429 1930 xxviii,
457 1864 513 1931 20).
556 1863 720 1919 Secundum
748 1878 815 1921 vero

78 1971 96 2022 ι,
137 1967 225 2025 quam
256 1953 380 2008 Verbum
419 1952 582 2022 assumpsit,
617 1967 676 2009 non
704 1967 817 2023 semper

78 2045 111 2100 tis
138 2043 296 2098 vobiscum.
323 2040 441 2109 Quare?
464 2041 607 2107 Quoniam
631 2051 817 2099 conversatus

78 2135 185 2190 andum
213 2133 342 2205 corporis
363 2132 543 2201 praesentiam
571 2145 609 2186 xi
633 2130 735 2187 diehus
750 2146 816 2186 cunr

79 2222 121 2278 ilis
136 2229 163 2278 et
188 2222 316 2277 ascendit
332 2221 361 2276 in
383 2219 486 2276 coelum
505 2227 532 2275 et
553 2234 611 2275 non
632 2228 674 2275 est
701 2219 756 2274 hle.
775 2220 815 2275 lhi

79 2327 128 2368 ens
143 2312 178 2368 ad
197 2313 331 2366 dextram
355 2310 459 2376 Patris,
479 2316 506 2364 ει
519 2308 566 2364 hio
588 2308 719 2364 esthon
739 2309 816 2364 enim

78 2410 87 2458 t
115 2401 269 2472 presentia
309 2400 475 2470 majestatis.
518 2399 631 2453 Aliter:
656 2398 816 2454 secundum

79 2492 154 2546 itiam
171 2490 327 2561 majestatis
351 2502 463 2558 seiriper
487 2487 627 2542 hahemus
648 2486 815 2556 Christum,

83 2594 133 2635 um
160 2578 341 2649 praesentiam
356 2577 452 2634 carnis
476 2575 575 2647 paucis
594 2575 714 2643 diebus;
733 2577 817 2632 inodo

79 2674 147 2733 enet,
178 2680 235 2721 non
266 2665 357 2721 oculis
379 2664 465 2719 videt.
498 2663 577 2717 Idem
599 2664 818 2732 incompositione

91 2769 157 2811 arv:
189 2755 331 2820 Dicentes,
360 2753 431 2823 quia
462 2752 554 2808 durus
574 2760 615 2807 cst
639 2751 687 2806 hic
713 2766 816 2819 sermo,

79 2851 182 2901 verunt
197 2858 226 2899 se
241 2844 277 2899 ah
295 2843 360 2909 illo;
374 2841 510 2897 remansit
521 2853 587 2896 curn
603 2839 666 2907 llll,
681 2839 819 2895 instruxit

871 1780 971 1836 Patris.
1000 1778 1147 1846 Quomodo
1177 1791 1245 1849 ergo
1275 1776 1360 1846 panis
1384 1783 1426 1832 est
1453 1789 1557 1845 corpus
1580 1772 1668 1844 ejus?
1688 1781 1716 1829 et

870 1869 957 1936 calix,
976 1869 1020 1924 vol
1040 1869 1117 1939 qnod
1140 1867 1223 1924 hahet
1238 1866 1325 1932 calix,
1342 1874 1384 1922 est
1407 1865 1528 1935 sanguis
1547 1862 1632 1934 ejusl
1648 1864 1714 1930 ista,

871 1958 983 2025 iratres,
999 1958 1060 2013 ideo
1079 1963 1260 2012 sacramenta
1278 1955 1428 2021 dicuntur,
1445 1954 1514 2023 quia
1535 1953 1564 2006 in
1579 1951 1621 2008 cis
1636 1950 1716 2007 aliud

870 2045 1026 2103 videturct
1047 2045 1127 2102 aliud
1149 2044 1331 2116 intelligitur.
1348 2043 1428 2111 Quod
1449 2041 1573 2108 videtur,
1594 2040 1715 2110 speciem

872 2135 1164 2204 habetcorporalem3
1190 2135 1266 2204 qnod
1290 2132 1471 2203 intelligitur,
1503 2130 1631 2186 fructum
1658 2128 1715 2198 spi·

871 2226 1014 2282 ritualem.
1040 2225 1115 2278 idem
1136 2226 1166 2277 in
1189 2222 1304 2292 epistola
1326 2222 1363 2276 od
1382 2221 1556 2285 Bonifncinm
1575 2216 1717 2287 preshyte-

870 2331 931 2370 rnm
948 2331 954 2368 :
974 2313 1051 2384 Saepe
1069 2315 1107 2368 ita
1131 2312 1288 2382 loquimur,
1312 2318 1342 2366 ut
1366 2309 1476 2365 Pascha
1504 2306 1716 2377 propinquante

871 2404 1004 2460 dicamus
1032 2405 1188 2458 crastinam
1221 2399 1265 2455 vel
1296 2397 1483 2468 perendinam
1514 2395 1628 2451 Domini
1654 2407 1714 2465 pas-

871 2492 990 2559 sionem,
1018 2505 1085 2546 cum
1113 2491 1159 2546 ille
1189 2497 1255 2544 ante
1289 2495 1347 2543 tam
1377 2486 1483 2541 multos
1500 2494 1717 2553 annos,passus

871 2581 916 2637 sit.
945 2583 1009 2651 lpse
1039 2580 1083 2635 dic
1111 2578 1260 2634 Dominico
1289 2575 1432 2632 dicimus:
1462 2573 1550 2629 lindie
1577 2571 1718 2626 Dominus

871 2667 1050 2735 resurrexit;
1067 2680 1132 2722 cum
1148 2679 1185 2722 ex
1201 2680 1258 2736 quo
1274 2661 1465 2720 resurrexerit
1481 2667 1520 2716 tot
1534 2659 1603 2714 anni
1620 2666 1718 2713 trans-

872 2759 968 2814 ierint.
986 2758 1057 2812 istos
1081 2755 1141 2810 dies
1163 2753 1323 2810 secundum
1344 2752 1461 2807 illorum
1486 2746 1715 2813 similitudinem,

872 2847 981 2919 quihus
1010 2846 1069 2900 haec
1097 2851 1176 2914 gesta
1194 2850 1273 2908 sunt,
1300 2850 1515 2909 nuncupamus,
1544 2843 1576 2892 ut
1604 2832 1718 2889 dicatur

79 2936 312 2994 lrflffiissssefflssi·
338 2933 459 3001 spiritns
482 2935 532 2996 iil,
555 2930 658 3000 inlust»
679 2931 727 2994 ‘litt'
748 2930 815 2983 vivi·
872 2937 933 3007 ipse
947 2934 1084 3006 dies‚,qui
1109 2947 1166 2989 non
1182 2938 1223 2989 est
1239 2931 1310 3002 ipse,
1326 2929 1373 2986 sed
1389 2925 1567 2984 revolutione
1583 2919 1718 2991 temporis

81 3040 129 3079 ato
143 3021 335 3092 nititprodcst
349 3022 438 3091 (loen.
453 3035 495 3086 Vl,
513 3019 568 3090 dl).
587 3018 679 3074 Verbi
693 3031 759 3088 tluae
773 3017 817 3073 l⁰-
834 2993 855 3050 G
875 3023 977 3081 similis
991 3024 1027 3080 ei.
1048 3023 1149 3079 Nonne
1173 3020 1257 3076 semel
1284 3017 1450 3074 immolatus
1474 3021 1515 3070 cst
1534 3011 1665 3070 Christus
1687 3008 1718 3064 iu

79 3125 138 3168 sum
158 3112 194 3167 ad
213 3126 273 3178 vos,
293 3110 412 3180 spiritns
427 3115 454 3164 ει
478 3110 537 3164 vita
560 3115 638 3176 sunt,
656 3108 684 3163 ld
704 3115 745 3163 est
762 3107 819 3176 spi·
875 3111 1043 3181 semetipso,
1083 3118 1110 3166 et
1141 3116 1237 3164 tamen
1272 3107 1303 3162 in
1340 3110 1519 3160 sacramento
1552 3099 1630 3156 omni
1673 3097 1718 3153 die

79 3211 121 3256 ter
150 3199 335 3272 Intelligenda
355 3198 618 3254 suntlntellexisti
641 3195 819 3252 carnaliter?
873 3202 989 3275 populis
1022 3200 1198 3256 immolatur.
1230 3197 1258 3253 si
1296 3195 1374 3252 enlm
1411 3197 1591 3249 sacramenta
1617 3199 1719 3260 quam.

82 3296 143 3345 set
172 3289 231 3345 vita
256 3288 307 3344 tilii
333 3301 391 3343 uon
411 3295 488 3343 sunt.
521 3286 715 3356 spiritualiter
736 3284 819 3340 intel·
875 3290 941 3347 dam
973 3289 1192 3346 similitudinem
1228 3300 1329 3344 earum
1366 3296 1476 3349 rerum,
1511 3292 1639 3350 quarum
1671 3289 1717 3331 sa.

79 3393 135 3452 luae
162 3379 364 3434 ¹0⁰⁰¹11⁵Si¹¹1l
386 3376 449 3432 N0ss
469 3377 522 3432 1¹⁰0
541 3389 656 3444 ⁰0rll¹1⁵2
672 3374 750 3445 d11⁰d
774 3378 820 3428 vi·
874 3387 1022 3437 eramenta
1042 3387 1119 3445 sunt,
1143 3392 1201 3433 non
1226 3377 1375 3441 haherent,
1399 3372 1517 3428 omnino
1540 3373 1719 3425 sacramenta

88 3466 292 3525 manducaturi
316 3466 393 3533 estis,
413 3465 576 3521 “bibituri
600 3462 681 3519 illum
701 3461 818 3532 sangui·
875 3483 933 3525 nou
963 3474 1066 3523 essent.
1100 3469 1145 3522 Ex
1168 3466 1221 3522 hac
1250 3472 1346 3523 autem
1373 3459 1564 3517 similitudine
1592 3453 1717 3525 plerum-

80 3572 160 3630 quem
185 3556 363 3613 lusorisunt
388 3555 499 3626 quime
519 3551 698 3622 crucifigent.
721 3550 818 3606 Sacra·
875 3570 932 3627 que
961 3554 1048 3610 etiam
1088 3560 1268 3610 sacramenta
1308 3552 1436 3622 ipsarum
1464 3559 1564 3604 rerum
1600 3540 1719 3598 nomina

80 3661 106 3702 [Β
134 3646 251 3716 alilll¹⁰d
276 3644 358 3701 V0bi⁸
391 3642 601 3707 ⁰⁰ffl¹110sstlaiii
631 3639 821 3710 Silliifflalilei
875 3644 1029 3715 accipiunt.
1047 3643 1125 3700 Sicut
1148 3657 1216 3714 ergo
1239 3640 1398 3697 seeundum
1423 3635 1578 3707 quemdam
1601 3631 1720 3687 modum

80 3745 153 3793 atum
169 3736 327 3793 vivificabit
347 3748 406 3791 vos.
424 3734 497 3789 Caro
512 3741 608 3787 autem
633 3745 691 3786 non
707 3729 821 3798 prodest
875 3740 1086 3788 sacramentum
1113 3734 1240 3801 corporis
1267 3727 1371 3786 Christi
1400 3733 1442 3782 est
1470 3735 1576 3792 corpus
1602 3717 1717 3785 Christi,

81 3839 150 3881 ram.
166 3825 285 3880 Carnem
308 3824 416 3895 quippe
435 3817 820 3889 intellexerunt3quomodo
875 3827 1088 3876 sacramentum
1125 3818 1276 3890 sanguinis
1314 3814 1420 3872 Christi
1450 3811 1570 3882 sanguis
1615 3805 1719 3863 Christi

80 3927 155 3969 liele
178 3913 315 3969 venditur
331 3914 398 3982 lli),
422 3918 473 3967 aut
497 3911 527 3964 in
553 3907 672 3964 matellO
694 3907 819 3962 dilama-
874 3918 925 3977 est,
944 3910 983 3965 ila
1003 3908 1068 3964 lidei
1094 3915 1306 3963 sacramentum
1326 3904 1395 3961 lides
1419 3911 1470 3958 est.
1488 3900 1566 3954 idem
1588 3900 1617 3952 in
1631 3894 1719 3950 tto.x

80 4003 153 4058 ciens
177 4012 274 4058 autem
303 4002 385 4057 lesus
409 4002 449 4056 ait
465 4016 472 4053 :
489 4002 544 4055 lloc
569 3998 818 4062 venenositatem,
875 4003 912 4055 lic
935 3999 1045 4054 civitate
1062 4000 1133 4053 liei:
1157 3995 1335 4051 Sacrillclum
1359 3991 1471 4048 visibile
1493 3986 1646 4045 invisibilis
1670 4001 1720 4042 sa-

80 4093 134 4160 int,
148 4091 182 4145 do
203 4092 278 4146 vobis
298 4106 405 4146 earnem
427 4107 513 4144 meam
535 4089 700 4144 manducare
719 4092 743 4142 et
758 4102 820 4142 sete·
874 4096 1067 4154 cramentnm,
1083 4086 1110 4141 id
1131 4091 1174 4141 est
1188 4097 1303 4140 sacrum
1319 4083 1436 4154 signum
1452 4087 1503 4137 est.
1525 4081 1592 4134 leem
1606 4075 1717 4132 texti:

80 4199 85 4234 t
112 4196 200 4235 meum
225 4182 321 4235 hibere.
345 4182 375 4237 Si
397 4196 459 4249 crgo
484 4179 610 4234 videritis
633 4178 819 4248 fitinmhomi·
875 4177 927 4244 Qui
958 4177 1104 4232 manducat
1138 4189 1246 4229 carnem
1283 4188 1370 4226 meum
1408 4175 1433 4224 et
1465 4169 1534 4223 ttott
1560 4167 1720 4234 sanquinem

80 4270 230 4338 cedentem,
259 4269 307 4324 udi
330 4271 412 4339 priris
437 4271 519 4323 eret?
541 4268 634 4339 (leid,
662 4269 719 4337 δι.)
745 4265 819 4332 Quid
835 4281 858 4338 1)
874 4283 973 4335 meum,
987 4268 1069 4320 inme
1084 4268 1174 4318 monet
1190 4267 1214 4316 et
1236 4275 1282 4328 epo
1303 4262 1330 4314 in
1347 4260 1395 4314 illo
1422 4257 1513 4330 (lota,
1540 4257 1596 4323 57).
1616 4253 1719 4311 Osten-

80 4359 123 4415 »ει
151 4360 225 4415 llinc
252 4358 348 4427 solvit,
376 4359 453 4429 quod
485 4359 547 4414 illos
575 4362 719 4423 moverat;
753 4355 821 4410 hinc

80 4455 100 4516 t,
129 4459 205 4505 unce
240 4447 357 4503 inerant
394 4447 601 4514 scandalizati;
631 4445 699 4501 hinc
725 4445 819 4513 plane,

80 4537 232 4608 elligerent.
258 4536 303 4592 llli
334 4544 430 4592 autem
461 4536 602 4605 putabant
631 4541 820 4604 erogaturum

97 4640 204 4694 suum;
230 4625 276 4681 ille
298 4625 372 4681 dixit
392 4640 421 4681 se
446 4638 633 4680 ascensurum
658 4624 688 4677 in
717 4621 821 4677 coelum

80 4729 133 4770 ltu.
152 4715 219 4771 Cum
242 4713 369 4770 sideritis
390 4715 478 4784 filium
497 4714 613 4768 toaleis
635 4712 821 4766 concredentem

80 4808 95 4858 :t
108 4806 200 4873 prins,
217 4807 293 4860 certe
312 4803 356 4858 vel
377 4811 445 4859 tuno
461 4802 605 4871 videbitis,
626 4802 769 4872 quianon
789 4814 821 4854 eo

80 4906 133 4962 quo
148 4893 255 4962 putatis
284 4899 384 4963 erogat
399 4906 504 4963 corpus
520 4905 618 4958 suuni,
630 4889 674 4946 vel
693 4897 762 4945 tunc
777 4888 821 4943 in-

84 4981 117 5047 is,
138 4980 210 5050 quia
228 4980 323 5051 gratia
339 4981 424 5051 (ejus)
441 4996 498 5036 non
519 4979 699 5035 consumitur
720 4976 821 5033 morsi-

80 5071 155 5123 'tem:
186 5070 282 5125 Donec
311 5070 450 5126 saeculum
484 5069 613 5135 liniatur,
638 5081 753 5123 sursum
779 5073 820 5121 est

81 5175 123 5227 υε,
147 5161 196 5216 sed
213 5169 307 5215 tamen
324 5161 371 5216 hic
386 5162 470 5216 etiam
494 5158 644 5215 nobiseum
660 5166 702 5214 est
715 5158 820 5212 veritas

81 5264 123 5305 us.
138 5250 249 5319 Corpus
266 5251 353 5317 enim,
371 5248 399 5305 in
420 5263 477 5320 quo
500 5248 668 5316 resurrexit,
686 5261 744 5303 uno
759 5246 819 5302 loco

81 5346 167 5405 ›ortet,
183 5339 290 5396 veritas
305 5346 401 5396 autem
423 5337 486 5409 eJus
508 5337 617 5408 tibique
642 5335 748 5391 diliuse
766 5343 817 5391 est.

90 5462 206 5518 Meum:
234 5468 260 5516 et
281 5464 359 5518 modo
383 5466 413 5517 in
434 5479 518 5517 utinm
538 5467 588 5518 est.
618 5463 705 5518 tinem
730 5464 770 5515 est
789 5461 818 5515 in

81 5533 233 5603 mesaticis,
246 5540 309 5605 post
319 5549 479 5605 pressuram
494 5533 650 5589 torcularis.

876 4356 917 4412 dit
932 4354 1002 4426 qnid
1020 4355 1054 4408 sit
1077 4367 1134 4409 non
1152 4357 1330 4408 sacramento
1352 4357 1446 4416 tenus,
1469 4346 1518 4402 sed
1542 4357 1643 4400 revera
1658 4355 1719 4398 cor-

877 4458 930 4516 pns
942 4443 1048 4499 Christi
1073 4441 1259 4506 manducare,
1275 4444 1302 4495 et
1323 4439 1387 4509 ejus
1410 4434 1582 4506 sanguinem
1610 4431 1715 4489 hibere.

875 4534 935 4590 Hoc
950 4540 991 4589 est
1012 4531 1089 4588 enirn
1114 4532 1142 4586 in
1159 4529 1270 4584 Christo
1294 4531 1470 4594 manerent
1488 4526 1517 4579 in
1538 4522 1586 4578 illo
1605 4527 1721 4576 maneat

875 4630 902 4680 et
925 4622 1064 4679 Christus,
1087 4621 1133 4678 Sic
1156 4620 1233 4675 eninr
1251 4618 1303 4673 hoc
1324 4616 1408 4682 dixit,
1429 4624 1568 4685 tanquam
1588 4611 1718 4667 diceret:

875 4711 926 4782 qui
940 4726 997 4767 non
1013 4711 1042 4766 in
1058 4725 1102 4765 me
1118 4715 1214 4764 manet
1226 4712 1253 4762 et
1276 4707 1305 4760 in
1329 4719 1387 4776 quo
1412 4717 1470 4759 non
1491 4714 1602 4769 maneo,
1619 4713 1677 4755 non
1692 4712 1721 4753 se

875 4801 951 4857 dicat
978 4806 1028 4855 aut
1048 4799 1193 4855 existimet
1216 4795 1391 4849 manducare
1415 4804 1522 4861 corpus
1550 4801 1645 4845 meum
1671 4795 1722 4843 aut

875 4891 973 4947 hibere
998 4889 1169 4959 sanguinem
1191 4898 1299 4939 meum.
1327 4882 1389 4938 Non
1410 4883 1507 4952 itaque
1526 4884 1653 4944 manent,
1670 4876 1722 4946 qui

875 4994 933 5034 non
949 4986 1017 5035 sunt
1041 4976 1172 5032 mentera
1196 4973 1267 5042 ejus.
1296 4971 1358 5027 lion
1384 4977 1452 5026 suot
1475 4979 1572 5025 autem
1592 4966 1721 5022 membra

874 5067 991 5135 Christi,
1011 5065 1064 5136 qui
1079 5080 1108 5122 se
1123 5062 1235 5120 iaciunt
1248 5061 1378 5116 memora
1398 5057 1565 5124 meretricis,
1579 5056 1636 5112 nisi
1658 5068 1720 5111 ma-

873 5157 935 5214 lum
953 5155 1036 5212 illum
1052 5142 1215 5225 poenitehdo
1230 5165 1291 5206 esse
1314 5150 1461 5205 destiterit.
1477 5149 1549 5202 Item
1570 5148 1617 5203 tto.
1635 5146 1696 5202 Xlil
1714 5165 1720 5198 ι

873 5247 931 5303 Νεε
946 5260 1014 5316 ergo
1030 5244 1072 5298 isti
1089 5241 1200 5298 dicendi
1226 5246 1294 5295 sunt
1310 5238 1487 5294 manducare
1512 5251 1618 5308 corpus
1640 5235 1721 5293 Chri-

873 5336 920 5403 sti,
949 5331 1091 5405 quouiam
1119 5345 1171 5386 nec
1207 5330 1236 5384 in
1266 5327 1396 5384 memora
1435 5325 1624 5397 computandi
1651 5332 1720 5382 sunt

909 5459 967 5531 (27)
979 5458 1088 5517 Monac.
1107 5471 1113 5512 :
1130 5470 1191 5511 cere
1202 5455 1316 5510 dicitnr.
