3804 5962
768 224 820 280 sic
839 226 883 280 ET
900 224 983 283 NON.
1684 226 1753 281 titi

79 391 83 416 ,
107 350 182 406 sicut
207 350 341 414 Lazarus,
369 347 444 404 sicut
473 345 534 403 iilia
563 345 799 419 archisynagogi,
826 355 854 404 et
869 348 892 400 Α
907 355 935 406 et
948 353 1150 419 apporucmnt
1163 344 1271 403 multis.
1287 344 1343 413 Qui
1356 345 1433 403 euim
1449 352 1616 417 resurgente
1629 346 1752 404 Domino

97 437 173 495 filius
200 437 308 494 vidua.
328 435 402 493 Nam
426 435 519 492 multa
543 449 664 506 corpora
683 444 850 492 sanctorum
907 442 1129 492 resurrexerunt
1144 448 1161 490 a
1177 433 1309 500 mortuis,
1332 434 1417 491 etiam
1440 449 1473 491 eo
1489 434 1525 490 ad
1548 435 1633 491 coelos
1653 448 1751 492 ascen·

79 536 229 584 uexerunt
241 540 308 582 cum
322 525 444 592 Christo,
457 523 492 579 de
508 524 617 594 quibus
631 524 706 580 dixit
731 525 851 594 aposto·
906 523 990 580 dente
1011 523 1098 580 simul
1132 522 1293 579 ascendisse
1312 522 1445 578 credendi
1467 530 1545 578 sunt.
1571 521 1671 594 Neque
1695 523 1755 581 ulla

85 617 129 670 Ec
150 614 248 684 quibus
272 614 364 683 plures
386 616 497 667 moneat
512 627 599 679 usque
617 611 716 680 adbuc,
738 612 851 679 quidam
905 613 1015 670 ratione
1040 611 1156 668 illorum
1171 610 1322 668 temeritati
1343 610 1412 667 fides
1434 612 1679 667 accommodanda
1700 620 1753 681 est,

79 701 282 756 edormierunt
302 700 325 771 (Ι
349 703 409 758 Cor.
432 714 484 766 xv,
509 702 547 772 6).
568 702 740 769 Augustinus
769 716 852 770 super
907 703 956 773 qui
980 715 1028 758 eos
1053 708 1149 772 postea
1173 714 1303 770 reversos
1327 699 1356 755 iu
1381 700 1516 767 cinerem,
1543 714 1577 755 ae
1606 701 1700 757 denuo
1724 702 1754 759 in

79 803 133 842 nem
152 787 225 858 (ιιι,
239 787 285 859 ii)
298 804 304 842 :
318 788 349 844 Si
362 804 422 842 eum
435 789 494 843 uolo
511 803 619 842 monere
637 788 718 843 donec
732 790 849 843 ueniam.
906 790 1110 858 monumentis,
1126 803 1192 860 quae
1205 787 1322 860 quidem
1339 789 1396 859 (ii)
1413 788 1553 860 patelaria
1568 795 1635 844 suut
1651 789 1753 858 abeis,

79 876 139 934 tad
162 876 264 933 horam
296 878 388 933 multa
412 890 533 945 corpora
555 885 722 933 sanctorum
752 890 851 933 resur·
906 878 1015 948 quibus
1030 877 1115 948 paulo
1131 884 1195 933 ante
1210 876 1269 933 viri
1291 884 1501 948 apparuerunt,
1522 890 1602 934 more
1626 885 1753 934 mortuo-

79 973 152 1034 runt,
170 965 289 1036 quando
311 979 413 1035 passus
437 972 479 1021 est
503 964 646 1031 Christus,
660 973 688 1021 et
713 973 773 1035 post
787 966 851 1037 ejus
905 980 971 1023 rum
1000 973 1103 1036 putant
1139 979 1199 1022 esse
1231 965 1366 1022 reclusos.
1404 965 1565 1020 Ambrosius
1589 966 1619 1020 in
1660 968 1755 1025 Natali

79 1055 241 1110 erectionem
263 1062 464 1124 apparuerunt
488 1053 600 1109 inultis.
627 1054 799 1109 Athanasius
821 1055 851 1108 in
905 1059 1058 1123 martyrum
1082 1053 1114 1109 de
1142 1057 1357 1110 resurrectione:
1390 1053 1418 1111 si
1449 1061 1589 1125 martyros
1624 1054 1754 1112 nondum

79 1144 124 1197 »olo
147 1141 231 1212 fidei:
253 1143 296 1197 ad
317 1141 403 1212 eujus
420 1142 576 1198 adventum
603 1156 702 1198 omues
722 1141 852 1198 homines
905 1141 1018 1199 liberati
1040 1150 1108 1199 suut
1135 1143 1172 1199 ab
1209 1143 1317 1212 inieris,
1347 1142 1460 1201 liberati
1486 1149 1554 1199 sunt
1577 1155 1594 1197 a
1619 1141 1752 1212 peccatis.

79 1243 155 1299 cgere
176 1229 284 1286 habeut
307 1244 375 1285 cum
400 1229 569 1299 corporibus
585 1229 653 1285 suis.
670 1231 851 1298 Hieronymus
905 1232 1112 1288 Verumtamen
1136 1231 1222 1288 etiam
1246 1231 1366 1288 fortasse
1395 1230 1554 1303 plurimum
1578 1245 1615 1287 ex
1646 1232 1752 1288 eisdem

79 1317 327 1374 ·ltattbaeum:Dt
353 1317 443 1373 multa
465 1331 586 1387 corpora
605 1325 782 1394 sauctorum,
800 1316 851 1388 qui
905 1319 1083 1391 martyribus
1106 1334 1172 1377 curn
1192 1320 1313 1377 Domino
1334 1321 1574 1394 resurrectionem
1599 1320 1752 1392 corporali-

79 1406 190 1472 rieraut,
212 1405 320 1462 scilicet
345 1405 490 1474 quomodo
510 1405 635 1461 Lazarus
654 1411 788 1462 mortuus
802 1419 850 1462 re·
907 1413 948 1463 ter
963 1407 1009 1464 vel
1024 1417 1231 1479 consequenter
1256 1408 1375 1465 luerunt
1397 1409 1551 1465 consecuti.
1576 1408 1648 1465 Nam
1672 1409 1696 1465 sl
1711 1408 1753 1465 le·

79 1495 173 1561 exerit,
194 1495 236 1550 sic
258 1503 286 1550 et
313 1494 405 1550 multa
431 1507 552 1564 corpora
575 1501 741 1550 sanctorum
756 1507 849 1550 resur·
906 1493 1002 1564 gimus
1017 1496 1110 1566 prima
1130 1497 1351 1553 resurrectionis
1375 1496 1529 1553 testivitate
1544 1511 1573 1553 se
1593 1497 1753 1554 suscitante

79 1590 152 1649 runt,
166 1590 198 1638 ut
219 1582 376 1639 Dominum
396 1590 595 1654 resurgentem
616 1582 807 1646 ostenderent,
823 1590 850 1641 et
865 1632 887 1688 B
905 1582 1026 1639 Domino
1042 1584 1134 1641 multa
1157 1599 1278 1655 corpora
1293 1592 1462 1642 sanctorum
1481 1585 1597 1653 vixisse,
1616 1599 1670 1643 cur
1681 1600 1752 1655 nou,

80 1684 100 1725 u
113 1684 181 1725 cum
206 1677 395 1726 monumenta
414 1677 514 1740 aperta
527 1677 606 1737 sunt,
622 1684 679 1726 uou
697 1677 764 1728 ants
782 1685 847 1728 sur·
905 1671 1138 1744 quotiescunque
1163 1673 1391 1729 Resurrectionis
1415 1671 1556 1730 festivitas
1579 1673 1752 1743 celebratur,

79 1766 153 1828 mut,
178 1772 266 1828 quam
289 1758 428 1815 Dominus
451 1765 623 1831 resurgeret,
641 1767 673 1814 ut
694 1767 768 1815 esset
787 1759 867 1830 pri-.
904 1759 985 1816 toties
1000 1761 1153 1817 credamus
1175 1776 1327 1832 resurgere
1348 1762 1412 1833 ejus
1438 1763 1574 1818 sanctos?
1594 1759 1648 1818 Ubi
1673 1761 1751 1818 enim

79 1845 171 1903 initus
190 1846 410 1903 resurrectionis
435 1861 472 1904 ex
498 1847 630 1904 mortuis.
644 1847 725 1902 idem
746 1851 775 1903 in
792 1863 847 1904 ser·
902 1855 1038 1905 votorum
1064 1848 1232 1906 solemnitas
1256 1851 1350 1921 magis
1368 1857 1420 1913 est,
1442 1851 1534 1921 magis
1553 1857 1597 1907 est
1614 1859 1642 1907 et
1661 1850 1752 1907 dono·

92 1933 125 1988 de
149 1936 334 2004 assumptione
353 1940 455 1989 sanetae
475 1936 592 1990 Mariae:
613 1934 655 1991 Ne
677 1934 747 1991 lorte
762 1935 785 1992 si
801 1950 846 1992 re·
903 1949 979 1992 rum.
1003 1936 1056 1993 Sed
1080 1937 1199 1994 fortasse
1214 1939 1279 2009 quis
1299 1939 1385 2007 dicat,
1407 1939 1540 2009 sepulcra
1554 1938 1654 1996 clausa
1669 1945 1765 2006 sunt,

90 2023 193 2080 vestris
208 2022 384 2079 inmanibus
400 2022 472 2080 illud
487 2023 686 2094 apocryphum
700 2024 741 2080 Dc
756 2033 849 2081 trans·
902 2033 1094 2081 monumenta
1121 2027 1275 2083 constricta
1303 2033 1389 2097 sunt;
1425 2027 1669 2097 quemadmodum
1698 2039 1750 2096 pro

78 2113 192 2183 jusdem
215 2112 356 2184 Virginis,
381 2112 471 2169 dubia
496 2127 548 2183 pro
570 2113 653 2170 certis
682 2113 846 2185 recipiatis:
902 2112 964 2168 dire
977 2111 1082 2169 exinde
1106 2113 1248 2183 possunt?
1265 2112 1301 2169 Ut
1320 2122 1476 2183 taceamus,
1492 2115 1563 2184 quia
1577 2115 1675 2170 omnia
1693 2113 1750 2170 Deo

79 2202 121 2258 ,ud
152 2200 236 2258 multi
256 2202 424 2258 Latinorum
449 2201 564 2272 pietatis
590 2215 686 2259 amore
723 2202 848 2274 amplius
902 2200 1050 2270 possibilia
1073 2209 1152 2268 snut,
1171 2208 1199 2257 et
1219 2200 1415 2272 quiaclausis
1438 2201 1558 2258 tumulis
1580 2201 1667 2271 possit
1687 2213 1750 2257 cor-

79 2297 224 2358 coluntur,
242 2289 403 2361 prasertim
427 2304 495 2345 cum
508 2289 554 2345 his
569 2288 641 2345 nihil
656 2289 735 2346 aliud
748 2305 848 2361 exper-
902 2303 957 2359 pus
976 2288 1125 2359 spirituale
1143 2289 1274 2357 educere,
1302 2297 1334 2346 ut
1355 2291 1417 2346 haec
1439 2291 1537 2346 onmia
1567 2291 1751 2360 cruminam,

79 2379 147 2435 ossit
168 2393 219 2449 pro
242 2388 329 2446 certo,
350 2378 405 2435 nisi
423 2379 499 2449 quod
517 2379 656 2436 hodierna
677 2379 723 2436 die
745 2380 849 2452 glorio-
902 2378 1020 2434 loannis
1034 2385 1130 2434 tamen
1149 2379 1269 2449 apostoli
1294 2379 1435 2445 babemus
1457 2379 1636 2448 exemptum,
1662 2392 1750 2449 quem

80 2469 216 2540 igravita
238 2481 367 2538 corpore.
392 2470 481 2523 Item:
499 2470 564 2524 llaec
580 2469 685 2525 idcirco
712 2469 846 2538 dixerim,
903 2466 1036 2523 tumulus
1063 2475 1228 2537 susceptum
1251 2467 1387 2524 claudere
1407 2468 1512 2538 potuit,
1535 2468 1678 2524 custodire
1692 2479 1751 2523 uon

101 2557 184 2614 multi
204 2564 369 2613 nostrorum
397 2557 542 2625 dubitant,
570 2564 671 2613 utrum
699 2565 849 2628 assumpta
902 2553 1004 2625 potuit.
1031 2553 1104 2611 Nam
1131 2555 1293 2626 depositum
1321 2570 1427 2627 eorpus
1462 2555 1597 2626 perdidit,
1623 2570 1681 2612 nou
1706 2568 1750 2610 as·

79 2646 201 2702 tsimul
230 2660 297 2702 cum
323 2659 452 2716 corpore,
477 2660 515 2702 an
538 2645 642 2702 obierit
670 2645 725 2717 (52)
750 2646 848 2702 relicto
902 2641 1046 2713 sumpsit3
1071 2642 1124 2699 boc
1149 2643 1228 2700 enim
1252 2645 1359 2702 clausis
1386 2644 1491 2701 tumuli
1521 2643 1631 2701 loribus
1658 2646 1753 2715 gratia
1812 2637 1814 2641 ’

79 2735 233 2790 rre.1tem:
250 2734 354 2791 Utrum
367 2734 531 2790 surrexerit
554 2734 691 2802 uescitur,
714 2735 849 2805 quamvis
902 2731 1122 2790 resurrectionis
1141 2731 1270 2788 ablatum
1285 2740 1337 2801 est,
1359 2740 1391 2790 ut
1407 2747 1474 2790 cum
1489 2741 1577 2789 staret
1590 2732 1750 2802 sepultura,

82 2821 133 2878 ulli
159 2831 288 2879 astruere
307 2821 396 2879 velint
410 2836 473 2878 eam
486 2822 548 2893 jem
571 2821 771 2877 resuscitatam
791 2820 847 2878 im·
903 2833 955 2875 nec
976 2817 1157 2877 inveniretur
1180 2820 1324 2890 sepultus,
1347 2821 1475 2892 denique
1497 2834 1565 2877 cum
1591 2819 1751 2877 sacerdotes

79 2909 174 2968 alitate
204 2911 312 2968 vestiri.
326 2913 416 2967 Item:
433 2912 508 2979 Quid
530 2911 635 2967 borum
658 2911 758 2967 verius
783 2925 848 2967 cen·
903 2905 1066 2964 honorandi
1088 2921 1177 2964 causa
1191 2922 1296 2978 corpus
1315 2909 1506 2978 requirerent,
1528 2914 1653 2964 reserato
1669 2906 1751 2963 aditu

79 3014 107 3067 r,
125 3000 309 3071 ambigimus,
331 3001 433 3057 llelins
455 3008 546 3057 totum
560 2999 619 3056 Deo
631 2999 846 3068 committimus,
865 2981 886 3036 C
903 2995 1036 3053 tumulus
1049 3010 1106 3052 uon
1127 2996 1218 3066 potuit
1232 2996 1350 3054 reddere
1367 3010 1454 3067 quem
1470 2995 1605 3067 suscepit.

79 3088 136 3145 riuti
156 3088 333 3160 impossibile
351 3098 404 3156 cst,
431 3103 519 3160 quam
544 3096 575 3144 ut
591 3088 702 3159 aliquid
730 3088 787 3161 (53)
809 3097 849 3146 tc·
1256 3102 1413 3158 Lxxxvm,

101 3177 221 3234 definire
239 3177 371 3240 velimus»
396 3177 473 3248 (ΝΜ1
494 3192 552 3233 ⁰⁰¹¹
573 3176 735 3247 prebemus,
761 3175 847 3234 sicuti
901 3190 980 3258 Quod
1008 3189 1137 3245 Christus
1160 3195 1226 3259 post
1260 3191 1480 3245 resurrectionem
1515 3187 1665 3257 cicatrices,
1695 3204 1750 3246 non

79 3289 81 3315 ι
105 3266 149 3322 his
164 3281 237 3336 quos
253 3281 320 3323 cum
339 3265 460 3322 Domino
480 3265 674 3323 resurrexisse
692 3265 846 3323 eredimus.
936 3261 1050 3316 uulnera
1070 3261 1260 3316 dubitantibus
1280 3261 1514 3327 demonstraverit,
1531 3265 1557 3316 et
1570 3265 1675 3316 contra.

79 3361 167 3412 rtmm
183 3354 319 3412 redierint
334 3357 363 3411 in
386 3362 469 3411 terras
484 3353 645 3425 pulverem,
662 3362 774 3411 certum
788 3369 846 3411 nou
935 3351 1110 3417 Augustinus
1139 3350 1176 3404 od
1214 3351 1375 3418 Deogrotios
1412 3348 1630 3421 presbyterum:
1672 3347 1749 3406 Sciat

79 3457 150 3501 mus.
177 3444 217 3501 De
240 3444 349 3514 quibus
379 3443 504 3515 proiecto
532 3441 666 3498 nonnulli
695 3442 845 3500 doctorum
899 3451 979 3507 saue,
1008 3438 1061 3510 qui
1089 3438 1143 3495 has
1174 3440 1354 3509 proposuerit
1387 3437 1570 3508 quaestiones,
1602 3436 1748 3495 Christum

79 3540 207 3600 trunt,et
228 3534 315 3590 etiam
336 3533 365 3589 in
390 3533 450 3588 suis
475 3531 659 3601 reliquerunt
681 3530 844 3602 scripturis,
898 3533 961 3595 post
990 3528 1229 3583 resurrectionem
1262 3526 1420 3594 cicatrices,
1459 3540 1518 3582 non
1545 3525 1669 3583 vulnera
1697 3526 1747 3584 ds·

81 3619 143 3691 jam
167 3621 198 3677 in
221 3621 278 3678 illis
297 3621 421 3691 perlecta
440 3619 477 3676 sit
500 3619 641 3690 completa
660 3619 843 3675 resurrectio.
898 3619 1073 3670 monstrasse
1094 3613 1308 3683 dubitantibus,
1339 3622 1455 3684 propter
1492 3628 1565 3684 quos
1596 3615 1682 3671 etiam
1706 3616 1747 3672 ci-

79 3715 138 3765 rtur
155 3711 233 3766 euim
254 3709 409 3781 quadrari
433 3716 516 3765 testes
540 3722 599 3764 uon
618 3712 722 3773 essent,
748 3706 804 3762 uisi
817 3713 845 3764 et
899 3700 969 3758 bum
984 3715 1016 3759 ae
1038 3709 1137 3773 potum
1152 3717 1268 3760 sumere
1291 3700 1393 3770 voluit,
1423 3716 1481 3758 uon
1500 3702 1597 3770 semel,
1622 3704 1671 3760 sed
1694 3718 1745 3761 sae·

82 3805 154 3854 esset
168 3812 269 3855 eornm
290 3798 473 3856 resurreetio.
490 3798 571 3855 Unde
584 3803 612 3852 et
626 3795 729 3852 beatus
744 3795 845 3853 Petrus
898 3789 975 3860 pius,
991 3804 1027 3846 ne
1053 3789 1125 3846 illud
1143 3804 1203 3847 nou
1227 3804 1343 3861 corilus,
1359 3791 1409 3846 sed
1432 3789 1569 3861 Spiritum
1589 3804 1651 3848 esse
1670 3791 1745 3848 arbi·

79 3900 109 3942 se
132 3886 247 3958 legitur,
271 3902 337 3943 cum
351 3887 385 3943 de
404 3885 495 3943 David
519 3885 688 3956 toqueretur
709 3885 739 3940 in
763 3883 844 3941 testi·
899 3881 1088 3932 trareuturet
1105 3875 1233 3932 sibinen
1255 3875 1355 3941 solide,
1376 3874 1424 3932 sed
1443 3875 1638 3946 imaginaliter
1653 3891 1746 3948 appa-

81 3989 149 4032 nm:
165 3979 200 4032 Et
218 3978 380 4046 sepulcrum,
407 3975 513 4047 inquit,
542 3975 601 4043 ejus
625 3973 701 4044 opud
723 3988 773 4028 nos
795 3978 843 4038 est,
898 3977 970 4020 rere.
993 3963 1076 4020 Tunc
1102 3972 1199 4021 autem
1226 3963 1282 4021 iltae
1307 3962 1385 4020 lalsae
1408 3963 1555 4020 cicatrices
1574 3962 1706 4033 luissent,
1721 3964 1747 4022 si

79 4066 157 4122 inon
178 4067 321 4123 sitansus
342 4066 447 4132 dicere,
474 4064 550 4135 quod
573 4063 633 4135 ipse
655 4062 716 4119 sire
739 4077 845 4134 eorpus
898 4051 980 4108 nulla
1016 4051 1139 4109 uulnera
1169 4050 1390 4125 precessissent.
1429 4052 1587 4124 (sedatius,
1618 4052 1675 4109 lib.
1704 4053 1744 4123 V,

79 4154 152 4224 apud
167 4168 218 4210 nos
233 4161 293 4225 est;
309 4153 376 4210 binc
397 4151 479 4209 aiunt
494 4158 521 4207 et
536 4149 631 4220 ipsum
651 4149 844 4207 resurrexisse
898 4141 1046 4211 37⁶·385)²

91 4242 201 4298 caeteris
229 4241 345 4310 sanctis,
371 4248 399 4298 et
424 4239 485 4296 ideo
509 4252 635 4295 vacnum
671 4239 843 4294 remansisse
861 4264 882 4320 ὓ
898 4238 972 4295 Cum
986 4238 1097 4296 loribus
1113 4237 1221 4295 clausis
1236 4237 1372 4295 resideret
1388 4237 1473 4295 turba
1489 4237 1591 4306 ildelis,

79 4339 229 4387 tmentum.
246 4330 335 4397 Quod,
352 4329 423 4400 quia
438 4327 511 4384 nihil
528 4327 649 4383 Domino
668 4326 844 4397 impossibile
899 4310 971 4365 9³⁰⁰
986 4309 1140 4366 Silumnus
1155 4323 1215 4366 ⁸⁰⁸⁹
1236 4308 1343 4376 iflifllib
1360 4316 1447 4381 atque
1461 4308 1569 4366 f0f³¹³⁸

80 4435 142 4477 nec·
157 4435 209 4477 nos
234 4421 270 4476 de
297 4420 381 4476 beata
414 4418 504 4475 llaria
532 4415 640 4474 iactum
674 4416 842 4484 abnuimus,
897 4380 1073 4451 mindens
1101 4379 1156 4454 (55)
1178 4379 1299 4451 palmis,
1323 4380 1414 4437 illidit
1436 4379 1745 4524 latus3astif1inffsiro-

1700 4493 1708 4522 ι

78 4524 87 4563 ¹
112 4509 323 4581 quodpropter
345 4506 489 4563 iaustlaffl
508 4505 590 4562 Silla
609 4505 664 4561 fidi
683 4505 730 4576 pio
751 4503 845 4575 mliii
896 4518 951 4578 Cui
969 4521 1110 4591 Didymus
1122 4536 1282 4593 cognomen
1297 4530 1368 4591 erat,
1385 4537 1450 4580 cum
1466 4523 1606 4580 iratribus
1620 4537 1681 4580 uua

79 4596 136 4655 erio
158 4597 270 4668 opinari
286 4602 425 4666 oporteat,
441 4608 530 4666 quam
547 4593 708 4650 inconsulto
724 4592 844 4650 delinire
899 4589 960 4647 Nou
975 4591 1088 4662 iuerat;
1106 4592 1285 4665 dubiamque
1298 4593 1383 4650 sidem
1396 4593 1450 4651 sub
1467 4596 1550 4650 ⁰orde
1563 4595 1689 4667 gerebat,

102 4687 164 4742 sine
189 4682 317 4756 geriem„
336 4685 472 4740 nescitur.
498 4683 572 4738 pega
596 4698 679 4752 sup„
702 4684 843 4739 Gangem„
897 4662 993 4719 Donec
1007 4677 1110 4720 rursus
1124 4678 1156 4720 co
1171 4666 1278 4734 pariter
1298 4665 1438 4721 residente
1453 4664 1583 4733 veniret,

79 4791 81 4832 t
109 4777 156 4830 tio.
178 4775 231 4830 lll:
259 4774 367 4831 demedi
388 4775 485 4841 sonum
511 4788 571 4827 curn
594 4772 672 4826 melle
695 4787 763 4838 meo,
786 4768 844 4825 eibi
897 4732 1621 4877 gggsfflfflffieffisggsst{Sedigitatiiuiircliiiiriie
1634 4736 1742 4804 Clauso,

79 4880 91 4918 i
116 4880 204 4921 meum
226 4880 288 4920 cvm
311 4865 380 4919 liiii
405 4877 472 4917 mm·
498 4861 531 4917 1ss
555 4874 677 4931 ⁰0ll10f0
703 4860 790 4917 simil
815 4867 842 4916 θῑ
896 4875 1041 4946 Discipulo
1057 4885 1217 4935 monstrare
1231 4877 1319 4943 latus,
1340 4885 1478 4947 tactuque
1494 4877 1610 4947 probari

79 4967 95 5009 a
121 4955 157 5010 ad
181 4967 314 5024 supernae
337 4951 463 5009 civitatis
494 4949 651 5021 perillum
673 4955 843 5006 meruerunt
896 4946 1078 5016 inluminet
1093 4956 1217 5005 mentem
1232 4947 1599 5019 patienterlerrelabantis.

82 5042 282 5101 conscendere.
305 5042 346 5098 De
368 5042 477 5112 quibus
491 5039 669 5111 evangelista
692 5037 842 5096 manifeste
1255 5035 1381 5091 llllilllll.

82 5146 128 5201 ur,
144 5133 214 5203 quia
228 5132 368 5188 moriente
384 5130 413 5186 in
422 5141 509 5185 cruce
524 5127 646 5184 Domino
655 5135 842 5185 monumenta
1002 5122 1080 5189 Quod
1093 5125 1221 5179 creatura
1234 5125 1272 5177 sit
1286 5122 1439 5192 adoranda,
1455 5131 1481 5181 et
1497 5140 1561 5181 non.
1690 5199 1697 5207 .

79 5230 187 5290 nsunt,
210 5229 238 5279 et
252 5219 345 5278 multa
369 5231 489 5289 corpora
504 5223 707 5272 surrexerunt.
731 5217 765 5271 Et
779 5224 841 5286 post
931 5211 1135 5281 Gbrysostonrus
1158 5216 1189 5267 in
1212 5211 1339 5281 Epistola
1363 5212 1400 5268 ad
1425 5213 1549 5269 Demeas
1575 5212 1606 5286 (ι,
1627 5212 1655 5286 5)
1683 5228 1740 5271 ser·

79 5309 232 5367 rectionem
247 5309 312 5381 eius
333 5312 478 5366 venerunt
502 5304 531 5362 in
550 5311 679 5363 sanctam
696 5301 841 5363 civitatem
894 5315 971 5359 mone
985 5301 1043 5357 lll:
1060 5302 1095 5358 Dr
1113 5301 1226 5358 adorent
1258 5316 1328 5358 eum.
1351 5300 1492 5375 Superius
1514 5302 1639 5375 dixerat,
1662 5302 1741 5378 qnod

104 5416 212 5474 editi:
234 5417 344 5472 abierit.
930 5405 987 5551 issi
1004 5407 1092 5464 Editt.
1104 5423 1111 5464 ι
1125 5409 1244 5481 pridem.

98 5488 206 5547 Menae.
220 5504 227 5544 :
240 5488 327 5545 aliud.
943 5481 976 5533 55
1002 5479 1133 5541 lionae:
1150 5481 1287 5552 inpediat.
