3804 5962
115 173 183 232 {063
371 164 471 226 PETRI
489 164 678 225 remmam
696 163 772 224 OPP.
791 164 881 224 PARS
901 162 937 223 ll.
951 190 988 209 -·
1000 158 1227 224 tiluctadlcll
1245 160 1288 222 ΕΤ
1306 162 1574 222 callosornlcd.
1793 167 1859 224 lact

113 298 270 370 sophorum
299 294 440 366 infringat
469 290 585 363 regulas
613 298 664 348 eut
675 290 818 364 exempla,
835 303 900 363 quae
926 287 1113 359 inibimus,
1128 305 1194 363 quaa
1208 291 1326 363 quidem
1340 290 1483 349 vocabula
1508 291 1641 348 homines
1670 290 1858 348 instituerunt

112 389 195 447 tactis
204 385 265 442 suis
278 383 443 454 frequenter
459 380 578 438 cassat‘l
600 378 673 437 Cum
699 378 833 445 videlieet
861 380 960 451 aliqua
1013 381 1050 437 ad
1064 387 1212 438 creaturas
1226 380 1417 453 designandas
1430 393 1504 452 quas
1518 379 1678 452 intelligere
1692 387 1855 451 potueruut,

113 488 190 537 nova
218 479 317 530 contra
345 477 482 526 naturam
508 468 584 537 lacit,
615 470 677 525 sive
703 484 792 540 supra
811 477 958 536 naturam,
1012 483 1081 527 cum
1108 469 1239 527 videlicet
1262 483 1311 541 per
1326 469 1375 526 illa
1388 484 1457 527 suos
1483 468 1645 527 intellectus
1674 468 1856 527 manilestarc

114 567 168 624 boc
183 568 226 622 est
251 573 340 632 super
367 558 421 615 boc
448 558 526 629 quod
562 559 656 630 prima
683 558 835 615 instructio
862 570 961 614 rerum
1012 558 1128 616 rellent.
1279 610 1288 625 ,

113 660 215 729 potest.
231 647 457 722 llnnquidenim
476 646 689 706 illuminatione
711 648 788 717 caeci,
819 654 887 705 nota
909 646 958 703 iiia
1048 646 1122 704 Cum
1150 649 1249 719 itaque
1279 647 1365 704 bomo
1389 661 1489 705 vocem
1508 646 1704 704 inveneritad
1738 646 1856 704 manlie-

114 741 351 819 pbilosopborum
385 735 487 808 regula
510 733 681 808 infringitur
705 751 765 807 qua
790 736 827 794 ab
848 735 958 794 Aristo·
1014 737 1131 794 standos
1146 735 1308 794 intellectus
1336 750 1415 803 suos,
1436 736 1527 793 ileum
1555 741 1651 792 autem
1680 735 1856 792 minimein·

114 832 170 891 telo
185 831 351 889 dictumest
366 842 374 882 ι
394 824 437 882 Ab
453 823 555 882 babitu
573 824 691 896 quidem
707 825 737 881 iu
766 824 960 896 privationem
1016 825 1141 897 tclligere
1159 825 1294 893 suidciat,
1315 832 1391 882 recte
1403 824 1477 882 illud
1493 823 1639 882 ineliabile
1655 824 1768 882 bonum
1780 824 1857 882 ellari

115 918 292 987 lltmntatio,
321 917 351 973 in
379 915 481 972 babitu
505 927 573 971 vero
601 913 803 984 aprivatione
829 911 961 984 impossi·
1013 915 1128 971 nomine
1148 928 1207 971 non
1237 922 1390 971 estausus.
1417 913 1498 970 liudo
1521 915 1551 969 in
1577 914 1635 971 Deo
1653 912 1772 972 nullum
1797 927 1855 985 pro·

43 998 47 1007 “
116 1011 172 1069 bile
187 1015 238 1067 est.
254 1007 354 1077 Neque
368 1003 447 1061 enim
459 1015 552 1059 caecus
568 1002 661 1059 lactus
678 1000 958 1067 rursumvidet,etc.
1012 1004 1105 1076 priam
1120 1003 1316 1060 inventionem
1330 1001 1507 1060 vocabulum
1534 1016 1650 1061 servare
1663 1002 1792 1061 videtur.
1807 1003 1857 1060 Sed

115 1095 256 1170 Nunquid
270 1101 299 1152 et
317 1091 446 1165 Virginis
460 1097 561 1162 partus
578 1089 698 1147 omnino
726 1088 768 1147 illi
789 1088 960 1161 prmiudicat
1012 1094 1191 1166 omniaque
1206 1093 1240 1149 de
1256 1093 1311 1149 beo
1327 1091 1475 1161 dicuntur,
1493 1092 1731 1150 translationibus
1760 1100 1789 1150 et
1813 1107 1858 1165 pa·

115 1182 305 1261 propositioni
327 1195 394 1254 que
409 1181 600 1251 trequentera
616 1178 792 1250 pbilosophis
819 1178 847 1234 in
861 1191 957 1234 exem·
1013 1182 1148 1241 rabolicis
1161 1181 1368 1253 anigmatibus
1394 1181 1525 1238 involuta
1545 1189 1624 1248 sunt,
1639 1189 1667 1239 et
1694 1195 1746 1252 per
1760 1181 1856 1238 simili·

114 1277 196 1351 plum
227 1271 393 1332 necessarias
418 1268 630 1340 consequentia
658 1281 710 1325 scu
732 1268 960 1339 argumentatio-
1013 1271 1144 1329 tudinem
1158 1271 1401 1343 vestigantur,ex
1426 1277 1506 1340 parte
1521 1269 1621 1341 aliqua
1636 1269 1798 1339 inductam,
1828 1280 1857 1328 nt

112 1367 159 1426 nis
189 1363 331 1423 aliertur:
363 1362 397 1419 Si
423 1359 538 1432 peperit,
556 1360 691 1413 mmoiro
715 1354 888 1413 concubuit?
923 1357 959 1412 Ut
1013 1359 1139 1418 aliudde
1165 1358 1304 1416 ineliabili
1319 1360 1469 1431 maiestate
1490 1359 1644 1427 credendo,
1659 1374 1742 1416 nune
1765 1359 1854 1433 magis

114 1456 183 1513 binc
202 1466 318 1526 qnoque
343 1455 482 1521 appareat
497 1448 575 1518 quod
590 1446 630 1503 ait
656 1445 960 1517 apostolus:1tome
1012 1448 1304 1521 quamiutelllgeudo
1319 1448 1514 1520 degustemus.
1539 1448 1572 1504 Et
1598 1449 1738 1520 quoniam
1763 1450 1856 1506 minus

114 1546 226 1601 stultam
245 1543 313 1609 fecii
347 1542 419 1595 lletts
449 1538 617 1608 sapientiam
639 1535 722 1604 leuius
737 1535 836 1592 maadi
856 1533 880 1606 (l
895 1535 956 1592 dor.
974 1574 997 1631 Β
1015 1537 1160 1611 plenarias
1171 1536 1374 1594 similitudines
1389 1537 1554 1594 invenimus
1581 1537 1616 1593 ad
1627 1536 1699 1594 illud
1715 1537 1856 1609 quodsiu·

51 1688 57 1696 ,
112 1649 131 1704 ι,
155 1632 212 1704 20).
241 1629 321 1698 Quod
345 1628 367 1685 si
387 1633 420 1685 ut
446 1624 632 1698 pbilosopbos
651 1624 744 1682 salves
764 1637 798 1680 ea
820 1637 886 1697 que
908 1637 960 1694 per
1014 1626 1116 1700 gulare
1143 1633 1185 1684 est
1225 1625 1412 1695 inducendas,
1450 1626 1547 1683 minus
1574 1626 1609 1683 de
1635 1640 1669 1683 eo
1697 1625 1856 1684 satisfacere

112 1718 255 1780 miracula
275 1718 348 1776 flunt
376 1713 564 1786 adisciplinis
580 1712 624 1769 vel
638 1712 747 1784 regulis
773 1712 888 1769 illorum
911 1725 960 1768 ex·
1013 1730 1167 1788 possumus
1185 1729 1237 1786 per
1251 1714 1467 1772 similitudines.
1494 1713 1575 1782 Quod
1588 1713 1746 1787 diligenter
1761 1715 1856 1773 beatus

112 1810 212 1884 clpias,
232 1811 284 1865 aut
297 1808 327 1862 in
342 1805 389 1862 bis
402 1803 544 1861 vocabula
554 1801 702 1875 propriam
717 1801 959 1874 significationem
1014 1804 1163 1862 attendens
1182 1805 1362 1876 Augustinus
1391 1804 1421 1859 in
1447 1803 1521 1859 libro
1555 1810 1655 1861 contra
1681 1803 1855 1862 Feliciaunm

113 1914 172 1958 non
201 1897 356 1957 observare
375 1894 463 1960 dicas,
486 1899 519 1950 ut
550 1890 682 1947 videlicet
713 1891 826 1962 proprie
845 1890 960 1946 dicatur
1013 1894 1166 1961 brianum,
1184 1891 1365 1963 deboeipso
1384 1899 1574 1963 querentem,
1592 1892 1632 1948 ita
1648 1892 1854 1963 scripsltzln-

112 1988 187 2047 visio
204 1986 251 2046 vel
285 1991 388 2056 partus
412 1981 464 2054 qni
492 1994 544 2052 per
570 1979 715 2036 miracula
745 1979 829 2048 liunt,
850 1986 960 2050 quanto
1013 1997 1158 2041 oretanus:
1186 1984 1281 2040 Nescio
1309 1998 1362 2053 quo
1386 1987 1468 2051 patto
1481 1997 1537 2037 una
1564 1981 1687 2038 ereditas
1717 1997 1777 2039 este
1799 1983 1858 2039 aab·

111 2076 207 2150 magis
235 2073 350 2145 inipso
387 2078 503 2129 anctore
543 2067 753 2126 miraculorum
776 2067 805 2124 id
822 2066 957 2129 concedi,
1013 2075 1127 2140 stantia,
1162 2087 1223 2127 cum
1251 2085 1305 2126 aon
1329 2070 1438 2125 dicotur
1460 2085 1517 2125 atta
1541 2085 1598 2126 este
1617 2085 1745 2141 persone.
1775 2072 1859 2128 Velim

112 2172 250 2238 oporteat,
276 2169 310 2220 ut
339 2161 419 2219 illius
432 2159 609 2219 excellentiae
636 2157 824 2230 singularitas
848 2157 959 2229 aliquid
1012 2176 1114 2232 quast,
1147 2161 1269 2230 coempto
1291 2161 1359 2216 milti
1386 2160 1512 2227 faciliore
1539 2161 1614 2214 dieto
1637 2160 1784 2216 dilucides.
1809 2163 1860 2217 Aa

113 2253 219 2311 babeat
234 2250 396 2324 proprium,
412 2249 489 2320 quod
505 2248 580 2303 sicut
605 2246 750 2304 humanas
773 2246 961 2318 cogitationes
1012 2264 1142 2308 ousrtrros
1160 2251 1211 2305 :la
1223 2251 1303 2304 rebus
1314 2249 1425 2316 quidem
1439 2248 1758 2318 incomprehensibilibus
1773 2264 1859 2306 caetu

114 2343 191 2400 itaet
208 2340 409 2397 humanarum
423 2336 644 2407 disciplinarum
675 2336 859 2392 transcendat
873 2336 959 2393 tradi·
1013 2342 1062 2412 pio
1090 2354 1144 2395 ttott
1169 2341 1320 2409 suppetunt
1344 2337 1518 2407 amputandi.
1550 2340 1650 2393 Temen
1664 2341 1694 2393 itt
1726 2343 1859 2409 quantum

117 2430 233 2489 lienes?
248 2428 404 2500 dequibus
419 2432 495 2482 recte
510 2423 666 2495 Apostolus
680 2424 815 2481 admonet
834 2425 932 2482 dicens
949 2442 956 2482 ι
1012 2430 1074 2499 peti
1088 2432 1185 2498 potest,
1196 2430 1279 2483 etiam
1293 2430 1323 2481 ia
1343 2426 1393 2482 leae
1407 2433 1489 2498 parte
1511 2442 1564 2482 aea
1579 2426 1680 2482 deero:
1702 2429 1771 2483 Ecce
1786 2427 1859 2484 bomo

115 2520 214 2579 Videte
223 2534 256 2574 tte
271 2519 333 2585 quis
353 2531 400 2572 uos
420 2515 540 2585 decipiat
558 2529 609 2585 per
620 2513 791 2585 prophetiam
802 2519 828 2570 et
850 2516 960 2572 inanem
1011 2523 1093 2588 pater
1117 2516 1198 2573 babet
1226 2516 1359 2572 bominem
1382 2518 1482 2584 liliam,
1510 2519 1551 2571 est
1576 2531 1714 2572 commutat
1733 2519 1861 2587 utrmque

113 2610 266 2682 (adamam,
302 2605 451 2663 secundum
487 2603 663 2660 traditionem
691 2603 840 2671 bominum,
864 2619 958 2659 secun·
1014 2605 1294 2673 praedicamentum
1309 2610 1398 2660 tamea
1414 2605 1488 2676 quod
1506 2606 1590 2674 iliius,
1615 2606 1696 2660 citeri
1713 2608 1860 2676 proprium

114 2700 179 2757 dum
216 2700 347 2755 elementa
381 2694 489 2762 mundi,
515 2697 541 2748 ei
555 2708 609 2749 noa
631 2693 785 2766 {sementiam
823 2694 961 2752 Christum
1013 2694 1123 2750 uidetur
1139 2693 1278 2764 essequod
1296 2698 1379 2762 pater
1392 2696 1441 2748 est.
1456 2691 1526 2748 item
1541 2711 1553 2747 .·
1571 2693 1680 2748 Patrem
1694 2694 1858 2762 impertitum,

114 2789 225 2861 (coloss.
241 2800 271 2855 ιι,
287 2787 327 2859 8).
978 2841 997 2868 0
1013 2784 1115 2838 Filium
1138 2785 1260 2853 gemitum
1277 2781 1348 2846 dico,
1377 2797 1406 2837 ec
1449 2785 1556 2836 tamtum
1581 2781 1679 2838 doceas
1707 2785 1861 2852 ingenitum

149 2880 221 2936 Ecce
234 2876 311 2934 enim
330 2866 489 2932 secundum
505 2870 595 2943 ipsius
610 2870 727 2928 Domini
741 2870 959 2940 documentum,
982 2876 999 2902 ⁴
1014 2876 1133 2939 Patrem,
1162 2872 1237 2939 quod
1259 2887 1314 2928 mett
1341 2875 1473 2940 processit
1507 2887 1541 2926 ee
1560 2871 1666 2942 aitero;
1686 2887 1717 2927 eo
1736 2874 1863 2940 gendum

113 2976 253 3039 utsupra
281 2963 476 3027 meminimus,
493 2960 754 3018 testimoniumicb
768 2974 835 3017 tum
864 2961 959 3018 solum
1014 2962 1124 3039 liiiium,
1149 2960 1328 3028 quodetiam
1352 2963 1502 3016 ectsit'tee
1527 2962 1678 3031 semetipso.
1705 2961 1807 3033 ltaque
1837 2962 1863 3017 si

114 3056 231 3131 proprie
245 3067 307 3112 esse
330 3052 455 3122 proirteri
478 3049 620 3121 cogimur,
637 3064 724 3121 quem
740 3049 856 3120 penitus
884 3049 959 3108 nibil
1014 3052 1165 3122 proprium
1181 3049 1255 3106 Patri
1272 3049 1444 3120 querimus,
1461 3047 1578 3117 suldcit,
1606 3049 1676 3120 quia
1701 3049 1784 3106 solus
1803 3064 1862 3107 non

113 3161 175 3204 esse
201 3150 324 3208 constat,
347 3140 507 3197 secundum
533 3137 613 3194 illam
632 3138 817 3194 secularium
836 3139 960 3210 discipli·
1013 3141 1099 3198 babet
1122 3138 1255 3209 Patrem;
1285 3138 1310 3195 si
1334 3138 1396 3194 Filii
1427 3137 1498 3194 satis
1527 3145 1579 3204 est,
1597 3137 1666 3209 quia
1690 3152 1749 3195 non
1774 3139 1863 3197 babet

114 3235 360 3298 uamdoctorum,
381 3226 589 3300 queomuium
611 3239 721 3292 rernm,
741 3236 773 3283 ut
787 3228 957 3298 dictumest,
1014 3230 1133 3302 prolem.
1163 3226 1240 3295 Quas
1271 3234 1368 3284 tamen
1390 3234 1424 3284 ut
1452 3241 1604 3298 possumus
1640 3227 1860 3298 aggrediamur,

114 3330 235 3381 naturas
251 3314 787 3386 indecempredicamentadistribuit.
804 3316 958 3387 Attendite,
1014 3318 1140 3374 maxime
1168 3323 1201 3373 ut
1229 3316 1581 3386 pseudodialecticorum
1610 3315 1861 3386 importunitatem

114 3411 217 3470 tratres
232 3416 260 3465 et
281 3404 393 3465 verbosi
423 3404 518 3471 amici,
535 3410 679 3476 quantum
708 3403 745 3461 ab
762 3404 887 3463 invicem
903 3407 960 3464 dis-
1013 3408 1189 3475 reiellamus,
1218 3419 1345 3478 qnorum
1377 3404 1544 3476 disciplinas
1570 3411 1599 3462 et
1621 3420 1674 3462 nos
1703 3405 1860 3477 paululum

114 3504 216 3559 sonent
231 3495 338 3554 divinae
352 3501 379 3551 et
394 3493 531 3550 humanae
548 3492 725 3563 traditiones,
733 3494 905 3564 spirituales
932 3503 960 3553 et
1014 3497 1195 3568 attingimus,
1210 3502 1298 3566 alque
1311 3495 1382 3551 adeo
1397 3493 1428 3550 in
1438 3493 1540 3550 studiis
1559 3508 1660 3550 eorum
1674 3494 1861 3565 proiecimus,

114 3586 255 3646 animales
277 3582 439 3656 philosophi
467 3594 619 3638 sacrarum
633 3588 661 3638 et
679 3581 863 3640 secularium
883 3584 960 3641 litte·
1014 3593 1048 3643 ut
1062 3583 1182 3641 Domino
1201 3583 1357 3654 adjuvante
1384 3581 1454 3653 ipsis
1468 3583 1498 3639 in
1513 3583 1568 3639 bac
1582 3597 1613 3639 re
1640 3596 1691 3654 per
1720 3583 1864 3642 humanas

114 3686 215 3734 rarum
239 3669 417 3740 discipline:
433 3681 486 3723 nec
516 3674 657 3738 tanquam
682 3667 824 3724 temerarii
849 3667 961 3740 judices
1014 3674 1141 3733 rationes
1155 3686 1231 3744 quas
1247 3672 1321 3729 solas
1336 3671 1511 3738 desiderant,
1526 3672 1759 3731 satislaeerenos
1784 3687 1863 3744 posse

114 3760 255 3834 arguatis,
280 3770 347 3814 cum
366 3754 435 3813 talia
450 3753 622 3811 fidesitiba
641 3755 803 3825 lli⁰111¹⁰riit
831 3770 960 3827 (limium
1014 3763 1204 3822 confidamus.
1234 3761 1325 3821 llabct
1348 3761 1426 3817 enim
1451 3761 1607 3818 bumanas‘
1624 3762 1751 3819 rationes
1775 3763 1862 3819 ctiam

115 3847 309 3922 intelligentia
342 3842 445 3902 vestris
468 3842 616 3914 incognita
643 3843 680 3900 sit
707 3843 878 3915 disciplinis.
897 3844 961 3902 Cer·
1014 3851 1275 3911 eonditorrttlonls
1303 3851 1373 3922 ipsc,
1390 3851 1496 3921 quibus
1512 3850 1685 3907 animalium
1712 3851 1862 3908 nominum

113 3947 176 3999 tum
191 3937 301 4011 quippe
315 3942 366 4003 est,
384 3934 523 4004 quoniam
537 3945 724 4004 unaquaque
743 3933 862 3990 scientia
873 3941 961 4006 atque
1015 3955 1066 3999 ora
1074 3940 1224 3998 obstruere
1240 3939 1340 4011 possit,
1355 3939 1408 4010 qui
1428 3952 1546 4010 uesper
1565 3938 1743 4010 Sapientiam
1768 3940 1864 3997 admo

113 4027 269 4100 cujuslibet
291 4024 362 4081 artis
385 4027 524 4078 tractatus
554 4020 678 4091 propriis
691 4021 783 4078 utitur
797 4021 903 4093 verbis,
931 4029 960 4080 et
1015 4037 1063 4086 not
1078 4030 1177 4087 diceus
1190 4045 1198 4086 ι
1213 4029 1353 4099 Responde
1364 4028 1449 4084 stulto
1461 4029 1547 4098 jueta
1560 4030 1709 4085 stultitiam
1722 4044 1812 4097 suam,
1827 4044 1863 4084 tte

113 4128 301 4190 unaquaque
321 4110 454 4169 doctrina
476 4108 599 4180 propriis
622 4108 816 4168 locutionibus
844 4111 961 4183 gaudet,
977 4114 1862 4189 baltessetapunsvtaeatortrroo.xrv1‚s).becujusettan

114 4214 142 4265 et
158 4219 232 4276 sape
243 4202 371 4275 ciusdem
386 4200 456 4256 artis
473 4204 645 4255 tractatores
668 4199 758 4256 verba
770 4200 886 4258 variare
912 4201 961 4258 de·
1014 4207 1156 4279 sapientia
1171 4208 1201 4263 in
1212 4207 1272 4277 ipso
1282 4206 1435 4277 Sapientia
1448 4205 1531 4268 libro,
1547 4205 1756 4262 interemtores
1770 4205 1859 4263 etiarn

115 4295 209 4362 lectat,
234 4291 306 4364 quia
328 4287 649 4362 superincernitur,
666 4296 735 4346 teste
762 4290 864 4360 rutilo,
879 4291 959 4348 loen·
1014 4297 1115 4355 laudes
1129 4295 1229 4367 ipsius,
1244 4295 1353 4352 nititur
1366 4311 1372 4350 :
1386 4294 1445 4351 sat
1458 4297 1594 4351 vestitas
1610 4297 1801 4351 sermonumt
1820 4295 1862 4350 et·-

115 4384 183 4443 tites
215 4389 306 4438 mater
319 4387 362 4437 est
394 4377 541 4446 satietatis,
566 4376 620 4434 boc
641 4385 685 4435 est
699 4377 846 4437 fastidium
874 4394 960 4454 genc-
1012 4388 1172 4459 spcsiticmes
1187 4389 1411 4454 argumentorum
1436 4384 1515 4456 (Sap.
1538 4398 1599 4449 vill,
1617 4385 1656 4456 9).
1686 4383 1768 4441 Tunc
1793 4397 1862 4441 vero

114 4485 194 4540 rans,
210 4476 298 4541 atque
326 4467 357 4523 in
372 4473 487 4523 tantum
502 4465 591 4523 etiarn
617 4466 742 4535 variare,
769 4475 804 4525 ut
816 4483 892 4540 saepe
908 4483 960 4526 vo·
1013 4473 1219 4548 probabiliores
1232 4473 1289 4530 illis
1302 4471 1450 4531 aderimus
1472 4473 1688 4537 similitudines,
1704 4472 1729 4529 si
1742 4472 1779 4529 do
1792 4471 1862 4543 ipsis

114 4574 176 4618 cem
203 4558 334 4616 eamdem
357 4556 392 4613 de
418 4568 479 4611 uua
508 4554 722 4627 significatione
747 4556 787 4614 sie
809 4557 846 4614 ad
873 4558 961 4616 aliam
1014 4563 1125 4622 artibus
1146 4563 1430 4635 quaslrequentaut,
1445 4577 1495 4619 eas
1509 4575 1623 4620 sumere
1650 4562 1822 4633 poterimus,
1834 4567 1864 4618 ct

115 4647 302 4715 transierant,
327 4651 361 4702 nt
383 4643 408 4702 si
432 4643 510 4701 vocis
544 4643 721 4701 identitatem
757 4646 852 4719 magis
870 4661 961 4720 quam
1014 4653 1051 4711 ad
1065 4651 1426 4724 singulaquaeobjiciuut,
1442 4651 1508 4709 illas
1522 4650 1762 4722 applicuerimus.

116 4751 257 4796 sensuum
268 4733 463 4792 diversitatem
487 4745 658 4804 sequamur,
675 4731 751 4804 ipsos
774 4734 960 4793 sibieontra·
1412 4741 1463 4798 xp,

115 4827 173 4884 rios
185 4825 375 4897 reperiamus.
392 4821 505 4890 Quanto
534 4821 629 4892 magis
644 4835 713 4894 ergo
733 4821 810 4879 iiiios
834 4823 960 4898 singula·
1047 4830 1188 4900 Quorum
1202 4835 1299 4888 antam
1314 4830 1458 4903 quomodo
1473 4830 1503 4887 tn
1518 4829 1576 4887 Deo
1590 4842 1650 4886 una
1662 4827 1780 4900 ponitus
1798 4841 1862 4900 per-

116 4915 167 4983 ris,
208 4922 237 4972 et
263 4910 370 4969 summi
393 4909 462 4968 boni
491 4916 658 4967 tractatores
679 4910 842 4983 singularia
870 4914 960 4972 verba
1013 4925 1148 4978 manente
1162 4918 1323 4976 substantia
1340 4918 1385 4976 rel
1401 4919 1525 4976 essentia
1539 4917 1648 4990 aliqua,
1677 4916 1718 4974 ibi
1733 4916 1863 4989 proprie-

116 5003 251 5078 qutedam
268 5001 375 5058 babere
389 4998 524 5070 oportuit,
541 4999 644 5055 autad
662 5001 821 5070 quamdam
836 5001 885 5060 illa
914 5005 961 5061 de·
1012 5015 1107 5066 tatum
1122 5007 1158 5065 sit
1180 5007 1344 5075 diversitas,
1369 5007 1530 5065 meandum
1545 5021 1620 5079 quas
1642 5006 1770 5063 'l'rinitas
1799 5019 1880 5078 perr

115 5102 251 5167 torquere
265 5090 516 5164 significationem,
537 5088 647 5161 qulbus
661 5088 690 5146 id
713 5092 792 5162 quod
811 5091 960 5165 singulare
1012 5110 1152 5155 sonarum
1167 5104 1289 5154 constat.
1317 5097 1366 5155 liei
1378 5095 1522 5169 quomodo
1536 5102 1627 5168 potest
1655 5108 1727 5163 ease,
1742 5103 1775 5152 ut
1793 5108 1861 5153 cunt
1886 5127 1888 5131 ·

115 5192 158 5241 est
175 5181 365 5256 singulariter
390 5179 545 5251 protertur,
570 5192 624 5236 nec
637 5177 763 5249 publicis
780 5187 808 5239 et
825 5181 960 5255 vulgari-
1012 5198 1199 5258 unaqueque
1224 5185 1265 5242 ibi
1292 5199 1417 5257 persona
1430 5186 1467 5243 sit
1491 5186 1578 5254 licus,
1606 5198 1659 5242 neo
1673 5190 1772 5241 tamen
1800 5196 1861 5241 una

114 5269 171 5327 bus
195 5268 389 5328 locutionibus
416 5267 487 5326 illud
522 5265 674 5336 ineffabile,
704 5267 776 5326 illud
802 5268 961 5343 incompre·
1012 5287 1134 5347 persona
1147 5275 1259 5343 sitella,
1275 5289 1335 5334 non
1348 5275 1434 5335 ctiam
1447 5274 1605 5349 pluresdii,
1620 5273 1697 5332 sicut
1709 5275 1740 5330 et
1759 5271 1861 5345 plures

116 5355 259 5415 bensibile
268 5363 427 5417 coercetur.
453 5355 494 5413 be
512 5370 571 5430 quo
584 5355 610 5414 sl
623 5355 695 5430 quid
708 5356 744 5415 de
757 5356 858 5432 aliqua
884 5359 961 5419 simi·
1012 5376 1140 5437 persone
1157 5363 1217 5424 sint
1228 5363 1353 5423 dicendi.
1368 5365 1429 5424 dut
1442 5379 1510 5439 quae
1533 5364 1571 5422 sit
1594 5363 1723 5437 denique
1738 5375 1859 5436 genera·

111 5443 238 5506 titudine
248 5442 284 5504 de
298 5445 441 5507 acaurio
454 5443 492 5503 td
504 5446 669 5507 creatorem
679 5445 822 5507 roctbub
836 5449 962 5511 music·
1013 5451 1054 5512 tlo
1065 5452 1133 5513 ltilll
1146 5451 1286 5524 dcl’atrc,
1300 5453 1348 5515 vel
1366 5455 1509 5528 processio
1522 5452 1649 5528 Spiritus
1665 5451 1703 5512 ab
1716 5458 1860 5525 ulrcquo.
