3804 5962
110 179 162 234 855
374 175 479 233 PETRI
497 176 682 233 ABAELARDI
701 178 779 235 0PP.
799 177 888 234 PARS
906 177 954 233 tlt.
972 206 1007 218 ·-
1020 177 1243 257 TEEOLOGICA
1261 179 1307 237 ΕΤ
1326 170 1587 236 eflltesortt'tcd.
1799 181 1851 235 856

103 302 250 360 credidisti
270 302 416 360 ministros
441 304 495 360 sibi
514 303 621 362 similes
640 306 771 376 exemplo
801 314 859 363 tuae
883 306 948 362 fidei
963 309 987 360 A
1005 307 1098 365 tuales
1112 308 1236 365 Abrahae
1255 308 1306 363 sitii
1328 308 1437 379 pariter
1451 317 1521 364 snut
1542 307 1665 375 collecti,
1682 315 1715 365 ιιι
1741 322 1854 364 nense

102 391 143 448 illi
159 404 320 464 generares.
339 391 420 459 Quod
435 392 512 448 Dens
538 393 661 464 loquens
680 395 715 450 ad
736 395 882 451 Abraham
912 398 950 451 ita
1006 398 1065 454 lntn
1080 397 1208 454 liliorum
1224 398 1391 464 innititudo,
1411 411 1515 454 verum
1529 405 1556 454 et
1572 397 1746 469 populorum
1758 397 1850 453 diver-

102 480 337 538 laturzPetrem
359 481 647 551 mattommgentium
672 486 755 552 posui
774 491 799 538 tc
820 488 948 540 calebo·
1004 487 1075 543 sitas
1102 489 1294 557 exprimatur.
1324 485 1417 541 stellis
1450 486 1540 542 Judaei
1573 494 1783 555 comparantur
1803 498 1853 554 per

103 573 218 626 minum.
235 569 271 624 Et
291 582 350 625 non
376 570 452 637 dicit,
475 579 542 626 ante
562 587 617 638 mc,
636 573 786 629 seditade
810 587 840 628 se
868 575 952 644 quasi

103 658 208 717 dealio
226 657 367 729 loquitur.
392 659 578 716 Consuetudo
611 670 653 718 est
680 662 812 719 llehraici
841 676 951 719 sermo-

104 746 157 804 nis.
174 745 254 803 Unde
273 747 377 816 etipse
401 746 558 817 legislator,
584 764 634 819 qut
656 750 711 806 hoe
736 751 861 820 scripsit,
879 766 950 807 sem·

105 849 157 905 per
167 835 202 891 de
224 834 315 905 seipso
331 836 415 905 quasi
429 836 462 891 de
488 837 544 893 alio
568 839 717 894 cousuevit
744 839 834 909 loqui,
863 839 953 895 veluti

106 938 173 980 cum
191 923 231 979 ait
242 924 342 978 :Dicit
355 926 484 978 Dominus
498 926 672 994 adiloysem.
689 928 724 982 Et
742 928 828 984 item:
844 931 954 983 Et‘erat

106 1013 212 1079 Moyses
237 1013 408 1078 mitissimus,
429 1020 482 1068 etc.
510 1015 602 1082 tilam.
623 1028 674 1080 xn,
698 1016 737 1082 3),
765 1015 843 1085 quod
860 1022 954 1071 tamen

107 1099 242 1157 nonslne
260 1113 348 1156 causa
373 1099 482 1156 lactum
506 1103 631 1168 videtur,
661 1109 693 1158 ut
718 1103 848 1159 videlicet
881 1103 955 1159 alins

108 1187 194 1259 quasi
208 1188 242 1244 de
256 1188 312 1243 alio
333 1186 481 1258 loquatur.
499 1189 614 1247 Constat
637 1190 745 1262 quippe
760 1191 789 1246 in
808 1192 915 1252 sanctis
929 1199 956 1247 et

108 1279 235 1333 manime
250 1276 280 1333 in
303 1276 447 1347 prophetis
464 1268 619 1335 Dominum
647 1283 852 1351 potiusquam
881 1281 957 1351 ipsos

108 1364 199 1436 loqui.
230 1365 310 1422 Unde
348 1367 492 1436 prophetae
515 1367 627 1438 aliquid
664 1369 769 1427 dicturi
790 1367 957 1440 frequenter

109 1453 193 1510 aiunt
208 1456 289 1509 :llaec
305 1454 371 1509 dicit
399 1458 539 1511 Dominus.
559 1457 594 1512 Et
620 1457 734 1514 Veritas
749 1459 779 1514 in
800 1458 956 1530 Evangelio

1005 575 1089 631 tidem
1105 590 1141 631 cx
1158 575 1219 646 lege
1230 576 1292 645 Jatu
1309 575 1476 637 illuminati,
1491 581 1518 630 et
1544 575 1663 630 aliurn
1688 575 1852 630 mundana·

1005 678 1071 721 rum
1084 664 1384 734 concupiscentiarum
1405 678 1453 733 per
1467 664 1559 733 legent
1586 663 1709 726 coerciti,
1725 671 1752 718 et
1769 662 1854 733 quasi

1006 754 1133 810 coelestes
1153 753 1182 808 in
1202 767 1251 821 spe
1272 766 1326 807 sna
1346 753 1425 820 lacti,
1442 767 1541 808 eunte
1565 752 1710 808 contrario
1734 753 1853 821 gentiles

1008 841 1089 898 nulla
1112 841 1172 911 lege
1200 840 1349 897 constricti
1375 855 1560 910 peromnem
1588 840 1850 909 concupiscentiam

1008 931 1262 987 lihereellluerent
1278 932 1398 986 terrenis
1425 937 1539 987 tantum
1564 929 1713 985 desideriis
1741 929 1854 984 inhian·
1899 990 1901 1001 Ι

1008 1027 1060 1076 tes.
1077 1020 1130 1075 Sed
1147 1021 1217 1090 qnia
1237 1019 1271 1075 de
1292 1019 1427 1091 gentibus
1443 1027 1567 1083 tanturn,
1583 1018 1613 1073 ln
1639 1017 1748 1088 quibus
1766 1018 1856 1072 matti-

1009 1101 1139 1157 meltdes
1168 1102 1291 1158 Abrahae
1322 1103 1532 1158 fructificatura
1560 1109 1632 1168 erat,
1658 1101 1854 1169 promissionis

1010 1190 1098 1245 verba
1128 1200 1206 1246 suut.
1232 1192 1388 1248 Possumus
1418 1191 1548 1248 lertassis
1575 1189 1797 1247 convenientius
1824 1189 1852 1243 in

1010 1278 1137 1335 stelliset
1152 1292 1240 1335 arena
1255 1280 1344 1335 maris
1368 1288 1425 1335 tres
1448 1279 1579 1335 Ecclesiae
1614 1279 1729 1334 ordines
1754 1277 1854 1333 distin·

1011 1380 1109 1437 geere,
1124 1380 1174 1435 per
1188 1368 1284 1424 stellas
1318 1368 1436 1439 quidem
1452 1377 1554 1438 enicet
1570 1368 1660 1438 igneae
1689 1374 1759 1422 sunt
1774 1366 1853 1423 etlu-

1011 1456 1082 1511 cidae
1101 1456 1173 1512 dnos
1189 1457 1382 1522 sublimiores,
1399 1457 1610 1513 continentium
1626 1455 1743 1519 scilicet,
1769 1456 1851 1510 idest

111 1543 147 1598 ad
162 1542 341 1611 discipulos:
362 1545 421 1600 Non
435 1546 506 1599 enim
528 1561 574 1600 cos
599 1548 677 1613 estis,
706 1548 811 1618 inquit,
842 1550 890 1617 qai
919 1549 955 1602 lo·
1012 1545 1475 1616 contemplativorum,quinivini
1491 1547 1596 1601 amoris
1617 1545 1684 1614 igne
1706 1545 1857 1600 vehemen-

112 1633 229 1701 quimini
249 1631 404 1702 (Motibx,
427 1632 958 1706 20).Apparensquoqueetlonuens
1015 1634 1072 1690 tins
1099 1633 1220 1701 iervcnt,
1251 1643 1277 1690 et
1311 1635 1531 1704 predicatorum
1557 1635 1608 1704 qui
1632 1624 1704 1689 alies
1727 1634 1858 1689 doctrina

112 1721 252 1776 Dominus
267 1720 391 1777 Abrabae
405 1722 473 1777 olim
500 1723 544 1778 vel
560 1724 682 1792 caeteriS,
703 1725 844 1794 quoniam
862 1724 890 1779 td
911 1739 961 1794 per
1014 1738 1068 1779 sna
1085 1722 1251 1779 illuminant
1266 1740 1274 1793 ;
1292 1739 1340 1793 per
1353 1739 1471 1779 arenam
1488 1739 1554 1779 vero
1583 1723 1670 1779 teraris
1685 1722 1854 1794 conjugato·

112 1807 255 1879 Angelum
274 1808 439 1876 exhibebat,
460 1811 609 1867 veritatem
626 1813 717 1882 ipsius
740 1812 903 1882 apparentis
916 1811 960 1867 vel

113 1896 258 1967 loquentis
281 1898 405 1968 angelia
423 1898 515 1969 seipso
550 1901 668 1969 provide
692 1902 900 1972 distinguebat,
930 1909 961 1957 ut

113 1985 175 2056 ipso
205 2001 323 2057 qnoque
348 1987 499 2045 locutionis
520 2003 624 2061 genere
651 1991 725 2046 alius
751 1991 961 2060 intelligeretur

113 2074 167 2145 qni
182 2075 270 2131 verba
281 2075 420 2143 firmaret,
435 2092 525 2147 qnam
542 2079 601 2149 ipse
612 2080 646 2136 de
671 2095 731 2151 que
761 2080 850 2136 verba
866 2086 957 2143 erant,

114 2162 143 2217 id
159 2171 202 2218 est
216 2164 337 2235 angelus
351 2179 368 2220 a
387 2167 516 2222 licutino.

152 2249 203 2314 Oai
220 2254 350 2321 vivificet.
372 2255 517 2311 Etnterito
531 2256 558 2311 ei
585 2257 729 2312 credidisti
750 2258 785 2312 de
810 2259 871 2313 suis
897 2273 962 2327 pro·

117 2339 222 2406 missis,
247 2341 317 2410 qula
335 2341 454 2398 talisest
469 2344 520 2412 qui
545 2345 674 2401 vivificat
703 2355 841 2411 mortuos,
866 2347 893 2402 id
922 2355 964 2402 est

117 2426 470 2496 infidelesproutvultad
497 2431 580 2487 iidem
613 2435 763 2489 convertit.
791 2435 897 2491 Mortui
923 2435 965 2490 di-

117 2522 227 2571 cuntur
246 2514 384 2580 infideles,
404 2520 560 2587 vulnerati,
586 2529 760 2591 peccatores.
787 2524 965 2595 vttaquippe

116 2603 260 2674 iustorum
285 2605 355 2661 fides
370 2607 494 2678 dicitur,
508 2610 594 2679 juxta
608 2610 680 2666 illud
702 2626 708 2665 :
734 2615 828 2667 iustas
852 2629 885 2667 ec
913 2613 967 2683 lide

119 2694 196 2748 vivit.
217 2691 293 2763 (Rom
321 2708 341 2764 ι,
360 2694 485 2764 ilioni
515 2698 638 2754 infidelis
668 2707 720 2766 est,
749 2700 822 2756 nihil
852 2702 967 2771 penitus

119 2782 199 2850 boni,
216 2783 311 2849 habet,
333 2799 392 2854 quo
413 2786 468 2842 lieo
490 2787 600 2856 placere
615 2791 713 2857 possit,
730 2793 797 2860 quie
824 2793 882 2845 sine
902 2791 965 2860 fide,

1014 1826 1091 1880 rum,
1106 1813 1156 1883 qui
1171 1814 1254 1883 quasi
1280 1814 1309 1868 in
1325 1815 1397 1868 mari
1413 1821 1440 1869 et
1455 1815 1483 1868 in
1509 1812 1636 1869 huninidis
1665 1812 1798 1867 habitant
1821 1811 1859 1866 ln·
1901 1812 1902 1819 ’

1015 1901 1107 1955 ituriae
1122 1900 1315 1971 indulgentes,
1338 1910 1365 1957 et
1394 1902 1611 1957 mundanarum
1627 1900 1855 1956 sollicitudinum

1015 1987 1093 2043 euris
1122 1988 1275 2058 fluctuant,
1308 1998 1335 2046 et
1368 1990 1705 2046 earuntatnaritudinem
1734 1990 1858 2059 graviter

1016 2077 1151 2133 tolerant.
1171 2079 1306 2145 Credidit,
1323 2080 1452 2150 inquam,
1475 2083 1510 2134 Et
1525 2096 1580 2133 non
1602 2084 1640 2133 est
1656 2082 1811 2148 infirmatus
1832 2079 1860 2130 in

1015 2165 1077 2234 fide,
1097 2165 1181 2221 idest
1203 2181 1261 2221 non
1290 2166 1345 2222 luit
1377 2169 1495 2222 remissa
1524 2167 1551 2221 ιιι
1580 2166 1679 2235 aliquo
1703 2164 1749 2220 vel
1765 2164 1861 2220 debilis

1018 2253 1086 2307 sides
1100 2252 1162 2322 ejus
1175 2263 1438 2324 quantumcunque
1453 2253 1619 2310 dillerretnr
1640 2253 1802 2323 promissio,
1818 2251 1857 2308 vel

1019 2341 1205 2410 impossibilis
1233 2341 1390 2408 videretur,
1408 2343 1456 2396 sed
1482 2356 1565 2411 aeque
1592 2341 1714 2397 firmiter
1740 2340 1862 2396 eredidit

1019 2429 1047 2484 id
1064 2430 1142 2499 qnod
1166 2439 1267 2485 contra
1283 2438 1417 2486 naturam
1432 2445 1493 2485 esse
1520 2429 1632 2499 penitus
1657 2430 1776 2495 sciehat,
1792 2428 1862 2483 sient

1019 2518 1091 2574 illud
1104 2519 1181 2589 quod
1199 2533 1248 2588 per
1264 2527 1400 2574 naturam
1416 2518 1477 2574 lteri
1497 2519 1579 2588 prius
1600 2523 1831 2588 exspectaveram

1069 2609 1121 2664 Nec
1148 2609 1330 2662 considerauit
1356 2624 1452 2677 corpus
1489 2624 1568 2662 suum
1593 2613 1754 2673 emortuum,
1783 2606 1863 2661 idest

1021 2711 1079 2752 nnn
1102 2697 1224 2752 attendit
1237 2696 1495 2765 impossibilitatem
1510 2711 1571 2751 stne
1595 2706 1707 2752 naturae
1722 2695 1767 2751 tel
1795 2707 1861 2750 uxo-

1021 2787 1070 2853 ιιι,
1087 2784 1138 2841 sed
1161 2786 1314 2854 potentiam
1330 2786 1531 2855 promittentis,
1559 2785 1670 2854 Corpus
1693 2791 1861 2840 emortuum

119 2880 152 2927 ut
168 2872 226 2940 ipse
256 2871 324 2928 dicit
352 2876 516 2943 Apostolus,
532 2879 702 2947 impossibile
727 2887 766 2933 est
784 2883 839 2934 lieo
861 2880 967 2948 placere
983 2890 1005 2947 g
1022 2874 1100 2937 dicit,
1118 2875 1202 2929 idest
1220 2874 1338 2929 omuino
1363 2876 1423 2943 jam
1441 2889 1489 2943 per
1505 2883 1638 2929 naturam
1669 2874 1812 2942 impotens
1830 2870 1864 2926 ad

119 2960 213 3028 (llehr.
240 2975 281 3030 ιιι,
297 2963 333 3033 6).
349 2967 384 3018 nt
408 2971 495 3030 coeat,
515 2965 598 3022 idest
626 2968 665 3021 ita
695 2968 755 3023 suis
777 2968 873 3024 verbis
900 2969 968 3025 lacit
1022 2962 1310 3033 generationemquae
1327 2963 1561 3031 promittebatur.
1577 2964 1651 3030 cem,
1668 2961 1696 3017 id
1710 2970 1752 3017 est
1766 2974 1867 3032 quam·

120 3049 236 3106 obedire
260 3065 319 3106 non
340 3053 514 3119 existentia,
542 3057 622 3109 llicit
637 3058 719 3121 euim,
746 3062 772 3109 et
795 3059 870 3123 fecta
892 3063 967 3122 stret,
1022 3051 1066 3107 vis
1082 3051 1142 3120 iam
1167 3052 1226 3120 ipse
1240 3052 1395 3118 Abraham,
1413 3054 1472 3119 sere
1500 3058 1566 3106 esset
1583 3057 1691 3105 eentum
1723 3065 1867 3114 annorum,

121 3138 416 3204 moeducit,etcreota
441 3147 505 3195 sunt
535 3141 619 3213 (Paul.
647 3157 741 3207 ιιιιιιιι,
760 3147 797 3211 9),
822 3146 970 3202 sicutexi·
1023 3140 1104 3196 idest
1126 3140 1282 3210 nonaginta
1300 3147 1454 3207 novem,et
1483 3146 1633 3194 entortuum
1657 3138 1868 3202 ealeotnsnre,

122 3227 236 3282 stentia.
266 3226 320 3291 Qui
354 3233 450 3283 contro
478 3245 564 3299 spem.
608 3232 814 3288 Commendare
843 3235 969 3304 potentia
1023 3229 1058 3284 ad
1072 3243 1144 3297 opus
1172 3228 1304 3284 similiter
1324 3229 1527 3300 generationis,
1558 3239 1614 3285 tarn
1649 3236 1766 3297 propter
1795 3241 1871 3282 sene·

123 3312 248 3377 Domini,
271 3323 303 3370 ut
329 3315 362 3370 de
379 3317 443 3386 eJus
468 3319 616 3388 promissis
638 3320 804 3377 nullatenus
828 3321 864 3377 sit
887 3322 970 3378 dubi·
1022 3322 1129 3371 eluiem
1157 3315 1272 3380 Scilicet,
1289 3331 1379 3385 illlam
1404 3325 1520 3386 liminel
1541 3316 1730 3372 Slffi‘illffllssffl·
1767 3316 1801 3370 Et
1825 3323 1869 3369 δι’

123 3400 255 3461 tandum,
280 3406 460 3461 cotuntendat
481 3415 509 3462 et
531 3408 805 3466 constantiamitdei
835 3411 969 3476 Abrahae,
1024 3404 1117 3465 tende,
1134 3418 1201 3459 cum
1225 3405 1266 3459 ait
1281 3405 1315 3460 de
1327 3405 1475 3460 Abraham
1499 3419 1566 3461 enm
1595 3405 1652 3460 lere
1682 3411 1871 3459 centumesse

124 3489 161 3544 ad
178 3504 266 3559 quam
278 3490 446 3549 imitandam
462 3495 643 3553 adhortatur.
657 3499 968 3569 cuntprimitusabra-
1025 3506 1179 3559 annerum,
1196 3493 1292 3549 innuit
1307 3509 1374 3549 eunt
1395 3504 1510 3563 propter
1533 3501 1646 3550 aetatem
1666 3500 1793 3565 tantum,
1815 3506 1871 3547 non

124 3577 193 3634 lnam
218 3579 395 3649 desperasset
409 3583 443 3639 de
468 3584 550 3651 Sara,
565 3588 690 3656 speravit
709 3589 743 3643 de
764 3592 842 3659 Agar
868 3603 897 3644 se
912 3590 970 3644 hae-
1026 3589 1142 3650 propter
1162 3580 1339 3637 sterilitatem
1353 3582 1390 3636 ad
1416 3583 1615 3652 generandum
1634 3580 1869 3644 ntinitnevalere‚

124 3668 223 3724 redem
242 3670 395 3741 suscipere.
424 3675 523 3730 Postea
546 3691 647 3732 verpe
672 3679 817 3734 contrario
840 3692 890 3748 per
905 3693 970 3747 pro.
1025 3685 1078 3725 nec
1104 3680 1198 3727 tamen
1219 3678 1277 3725 tarn
1309 3671 1450 3740 impotens
1470 3671 1585 3741 penitus
1609 3670 1643 3725 ad
1672 3669 1871 3741 generandum

125 3755 290 3814 missionem
311 3761 562 3820 Dominicredidit
582 3767 773 3835 acsperavit:
794 3768 889 3823 ethoe
921 3774 972 3832 est,
1024 3759 1171 3814 Abraham
1192 3760 1353 3815 credendus
1376 3767 1428 3826 051,
1456 3761 1507 3830 qni
1541 3768 1655 3816 ¹110lll¹³
1677 3759 1748 3815 Sala
1778 3766 1873 3828 P0slea

126 3846 243 3900 credidit
259 3849 349 3920 inape
366 3856 461 3905 contro
479 3868 564 3922 spem,
587 3854 613 3908 id
641 3861 684 3911 est
699 3856 839 3912 credendo
866 3855 972 3911 divinis
1026 3848 1181 3904 Cethnram
1220 3849 1314 3915 duxit,
1333 3848 1368 3903 de
1393 3863 1453 3918 qna
1479 3848 1551 3903 lilios
1575 3849 1733 3918 generavit.
1762 3847 1873 3916 Quippe

34 3915 46 3940 ⁸
126 3935 395 4003 promissisductns
420 3948 462 3996 est
487 3940 517 3997 ln
545 3957 623 4012 spero
663 3944 835 4013 suscipiendi
865 3944 973 4001 scilicet
1026 3937 1118 4007 potuit
1152 3938 1182 3992 in
1208 3937 1369 4007 jnrencula
1391 3937 1419 3992 id
1450 3946 1557 3993 natura
1595 3937 1682 4002 senis,
1710 3939 1790 4006 quod
1815 3949 1874 3991 non

127 4022 249 4079 haeredis
266 4028 440 4082 contrariam
455 4029 543 4098 priori
555 4031 624 4100 spei.
642 4031 738 4087 Aliter.
750 4032 870 4099 Quando
890 4033 974 4089 duxit
1028 4026 1121 4095 lJOluii
1140 4026 1170 4081 in
1187 4026 1282 4082 Vetula
1296 4033 1323 4082 θῑ
1338 4026 1439 4082 sterili·
1471 4025 1552 4089 Quod
1572 4034 1600 4081 el
1620 4027 1688 4080 satis
1716 4026 1777 4094 ipsa
1786 4038 1836 4079 Vis
1838 4023 1874 4078 bi

127 4110 226 4167 Seram
242 4114 362 4171 credidit
386 4130 448 4172 eam
469 4117 621 4174 fecundam
646 4127 673 4176 ot
702 4122 861 4178 seeundum
887 4131 971 4177 natu·
1029 4114 1157 4184 Apostoli
1202 4115 1402 4171 determinant.
1430 4117 1490 4170 llou
1519 4114 1594 4169 euim
1635 4114 1677 4167 ait
1707 4111 1876 4182 simpliciter

128 4213 191 4255 ram
205 4200 231 4256 ei
254 4201 369 4258 liliosin
388 4205 541 4274 juventute
577 4207 747 4277 parituram.
781 4208 880 4266 Postea
907 4223 974 4266 vero
988 4183 1013 4239 ⁰
1029 4211 1194 4260 entortnnm
1223 4219 1328 4273 corpus
1355 4203 1488 4270 Abrahae,
1507 4203 1554 4258 sed
1570 4203 1664 4257 statim
1687 4201 1835 4270 adjunxit,
1852 4207 1876 4254 et

127 4287 285 4344 frustratus
298 4290 352 4346 hac
375 4306 429 4347 sna
445 4307 522 4362 spec
552 4297 698 4352 contrario
723 4298 974 4367 penitnscredidit
1029 4297 1178 4346 emortuam
1191 4291 1302 4346 vulvam
1315 4292 1402 4357 Sere,
1431 4301 1462 4346 ut
1483 4291 1762 4361 peradjssssclfflsseffl
1799 4290 1875 4344 Sarae

128 4384 155 4433 ct
182 4380 318 4448 speravit,
345 4388 461 4452 prepter
489 4385 707 4452 promissionem
731 4387 866 4455 Domini,
890 4388 975 4442 idest
1029 4382 1177 4437 Abraham
1205 4381 1462 4450 impossibilitatem
1488 4381 1626 4446 ostendat,
1659 4388 1778 4434 etcum
1808 4378 1876 4433 Sara

127 4479 192 4522 eam
207 4467 332 4523 sterilem
355 4470 385 4525 in
400 4480 547 4529 senectute
572 4483 673 4530 contra
688 4483 824 4531 naturam
863 4476 974 4546 paritu-
1029 4470 1220 4538 scilieet,non
1249 4470 1477 4526 eumalia.Non
1497 4469 1609 4539 repetiit
1631 4469 1796 4536 negativam
1813 4481 1877 4523 con·

129 4569 202 4612 ram.
219 4555 300 4623 Quod
316 4558 448 4616 mirabile
469 4561 522 4617 luit
534 4576 602 4619 enm
613 4563 876 4634 potuissecredere,
887 4564 975 4634 juxta
1028 4559 1216 4632 junctionem,
1237 4559 1285 4614 sed
1303 4558 1498 4628 copulativam
1515 4557 1694 4626 interposuit.
1721 4556 1784 4613 Non
1800 4557 1876 4612 enim

128 4644 208 4701 illam
230 4645 385 4704 dialecticae
409 4650 539 4721 regulam
561 4666 566 4707 :
586 4673 597 4701 ι
615 4652 643 4708 Si
669 4654 747 4709 enim
774 4653 852 4723 quod
885 4654 976 4724 magis
1033 4651 1071 4705 lta
1090 4648 1180 4704 dixit:
1199 4647 1261 4703 Non
1277 4647 1469 4702 consideravit
1484 4661 1684 4717 corpussuum
1699 4658 1876 4710 entortuum,

128 4733 246 4792 videtur
260 4735 353 4793 inesse
367 4752 424 4793 non
438 4742 523 4805 inest,
551 4755 604 4796 nec
636 4741 830 4811 quodminus
859 4743 985 4800 videtur.
1031 4752 1084 4794 nee
1102 4743 1262 4793 emortuam
1279 4736 1399 4791 vulvam
1429 4735 1515 4791 Sarae.
1532 4735 1584 4791 Sed
1600 4735 1695 4805 potius
1710 4733 1751 4789 ita
1774 4733 1877 4805 adjun-

129 4820 222 4878 inesse
239 4823 334 4879 inerit.
368 4826 402 4879 Ul
426 4829 501 4894 fieret
525 4833 617 4896 poter,
634 4827 719 4883 idest
736 4836 767 4884 ut
795 4842 846 4897 per
864 4837 976 4887 tantam
1031 4828 1085 4893 xit,
1109 4826 1517 4881 elementuemeuleomsorae.
1536 4825 1580 4879 En
1604 4838 1662 4894 quo
1687 4822 1812 4894 intelligi
1837 4824 1878 4878 ln·

130 4911 323 4967 constantiani
346 4913 410 4970 lidei
426 4915 461 4970 de
486 4916 725 4983 promissionibus
744 4917 794 4973 Dei
819 4928 978 4977 mereretur
1032 4917 1106 4982 nuit,
1123 4930 1176 4972 neo
1200 4928 1441 4985 unumquemque
1457 4928 1507 4984 per
1521 4914 1596 4969 seed
1620 4913 1819 4984 generandum
1835 4928 1879 4982 pe

132 5002 254 5072 proponi
267 5001 297 5057 in
312 5003 444 5073 exempto
459 5005 545 5061 etiarn
560 5004 704 5076 gentibus.
734 5006 889 5063 Secundum
904 5009 977 5079 qaod
1032 5008 1111 5062 nitus
1133 5018 1193 5061 esse
1221 5005 1427 5076 impotentem,
1449 5002 1498 5058 sed
1528 5004 1718 5072 conjunctum
1740 5000 1877 5055 invicem.

130 5090 235 5146 dictum
249 5098 289 5147 est
301 5095 485 5159 ciebomino,
500 5094 607 5151 scilicet
623 5094 653 5151 in
664 5095 725 5164 ipsa
741 5095 852 5154 Genesi.
869 5097 979 5154 Sicerit
1032 5095 1196 5153 Notandum
1210 5108 1277 5148 vero
1288 5093 1364 5163 quod
1383 5093 1442 5148 haec
1462 5090 1612 5161 promissio
1630 5106 1636 5144 :
1652 5090 1697 5143 Sic
1721 5091 1775 5142 erit
1789 5104 1880 5143 senten

129 5185 318 5249 sementuam,
333 5181 361 5237 id
376 5181 837 5253 esthominesexemplolideituae
851 5185 978 5257 mlhige·
1034 5191 1110 5240 tuem
1124 5188 1194 5240 sicut
1212 5183 1367 5238 stellaceli
1394 5187 1420 5236 et
1437 5183 1608 5236 sictmmeoo
1631 5180 1727 5245 metis,
1753 5192 1810 5233 non
1838 5179 1879 5233 in·

127 5269 262 5338 peraudi,
281 5271 441 5328 itascilicet
456 5271 696 5330 innumerabiles.
725 5275 802 5331 sicut
816 5277 976 5337 stetimetc.
1033 5274 1149 5332 venitur
1165 5275 1238 5330 iacta
1261 5273 1349 5330 luisse
1363 5270 1495 5332 Abrahae,
1515 5269 1633 5339 quando
1662 5266 1689 5321 ei
1719 5269 1879 5336 promissus

169 5358 326 5418 Possumus
352 5368 380 5417 et
395 5375 445 5431 per
467 5362 563 5419 stellas
577 5371 605 5420 et
620 5376 740 5420 arenam
771 5364 923 5422 Judaicum
951 5373 979 5423 et
1033 5372 1075 5419 est
1091 5365 1180 5430 isaac,
1206 5363 1255 5419 sed
1271 5369 1435 5432 postquam,
1450 5361 1535 5429 Juxta
1572 5362 1746 5427 pracceptum
1765 5354 1880 5411 bomini

129 5447 265 5519 gentilem
307 5449 448 5521 poputum
485 5451 675 5523 distinguere,
703 5467 739 5510 cx
768 5454 876 5524 quibus
893 5454 978 5527 spiri·
1033 5453 1205 5511 voluiteum
1231 5451 1380 5508 immolare
1403 5448 1534 5505 Domino.
1560 5445 1606 5503 Sic
1631 5444 1709 5501 enim
1738 5444 1880 5515 scripturn
