3804 5962
124 187 190 241 lile
388 176 490 235 PETRI
509 173 696 233 homilnur
715 172 794 231 OPP.
814 170 902 257 PARS
921 171 970 228 lll.
984 169 1255 230 ι-·’1“111101.0(11(ῙΑ
1273 170 1316 227 ΕΤ
1333 169 1600 230 Pullosoenlch.
1802 177 1864 232 titt

122 319 197 379 quas
211 303 330 371 creavit,
353 316 381 359 se
397 299 517 374 ligurari
534 299 628 370 magis
645 311 735 370 quam
750 295 964 355 rerblsnostris
978 295 1003 351 l
1016 297 1202 354 vehementer
1238 296 1382 368 pertinere
1414 296 1606 375 cognitionem
1638 297 1862 372 amphibologia

122 409 188 467 que
202 408 255 450 nos
283 390 478 449 conduximus
499 396 550 445 aut
566 388 732 445 invenimus
746 387 871 459 exprimi
885 386 963 455 velit,
1019 398 1085 443 rum
1099 398 1163 443 eant
1179 400 1247 457 qrrae
1262 399 1277 442 a
1291 385 1449 444 dialecticis
1476 386 1632 457 protertur.
1652 386 1711 445 Nos
1726 400 1799 444 vero
1825 401 1864 446 ar·

120 492 147 543 et
160 483 254 555 magis
269 483 330 552 ipsa
354 493 452 537 rerum
475 478 675 546 similitudine,
694 491 783 548 qnam
810 476 965 535 verborum
1019 474 1164 532 bilramnr
1178 489 1236 531 non
1263 474 1349 531 modo
1370 473 1450 531 nullo
1473 474 1640 545 adjumento
1653 488 1727 543 esse,
1745 474 1798 532 sed
1819 490 1863 547 pe

121 581 285 631 nostrorum
316 568 441 640 gaudeat
467 568 650 638 proprietate,
675 576 707 624 ut
732 567 768 624 ad
794 565 966 636 eloquentiae
1020 561 1220 620 liusmaximo
1240 563 1454 633 impedimento.
1475 562 1670 620 Omnesenim
1687 561 1729 618 iili
1754 561 1862 634 amphi-

119 667 301 718 renustatem
318 657 387 729 ipsis
402 671 501 713 rerum
513 655 628 714 naturis
640 656 727 725 juxte
740 655 869 727 aliquam
886 653 964 711 sirni-
1020 651 1150 724 bologias
1168 654 1312 722 occupant
1335 664 1394 719 eas,
1410 664 1476 721 quen
1504 651 1590 707 etiam
1617 657 1699 721 parte
1717 663 1759 707 ex
1780 651 1865 708 alters

121 749 273 808 litudinem
288 760 340 817 pro
354 745 451 803 verbis
465 744 613 816 Scriptura
627 744 709 802 malit
721 744 775 810 uti,
789 758 877 816 quam
903 756 967 814 pro-
1020 743 1192 801 sentcnliam
1213 744 1325 801 nnllam
1352 744 1474 814 possunt
1501 741 1695 814 interpretari.
1716 742 1823 815 ltaque
1841 751 1866 801 ct

120 840 191 912 prise
206 836 360 895 locutionis
376 835 568 908 integritatem
585 833 677 905 sequi.
1020 832 1107 890 alieni
1139 832 1280 889 sermonis
1308 830 1419 888 molesti
1448 830 1688 902 interpellatores,
1715 839 1745 888 ιι
1771 830 1864 902 scripti

155 926 244 984 Nemo
263 924 361 995 itaque
386 937 432 981 me
447 922 564 993 culpare
579 926 746 992 praesumat,
764 920 787 976 si
814 919 849 976 ad
865 933 967 991 propo
1020 929 1083 980 turn
1099 921 1201 988 odiosi,
1226 929 1289 979 tum
1318 918 1434 977 obscuri
1449 919 1620 990 interpretes
1644 924 1724 989 sunt,
1751 926 1781 976 et
1802 918 1865 977 dum

121 1015 353 1074 situmnostrum
379 1011 587 1069 ostendendum
617 1010 732 1080 aliquas
755 1008 799 1066 rel
822 1022 859 1065 ex
885 1008 968 1064 nobis
1021 1018 1105 1068 caute
1127 1018 1154 1067 ιι
1183 1010 1316 1081 expedite
1341 1008 1423 1080 loqui
1447 1008 1561 1075 volunt,
1587 1007 1777 1065 intentissimi
1795 1021 1866 1080 repe

49 1099 52 1105 '
120 1104 218 1162 velex
251 1100 426 1174 pbilosophis
453 1099 657 1157 similitudines
680 1098 832 1167 induxero,
857 1096 968 1169 quibus
1022 1100 1150 1157 riuntur.
1167 1099 1211 1156 lta
1235 1099 1305 1156 dum
1328 1104 1463 1155 metuunt
1483 1097 1513 1154 in
1538 1096 1867 1169 dicendoneqnidam

105 1192 237 1252 taedius
265 1191 377 1262 aperire
412 1192 490 1264 quod
518 1189 647 1246 desidero
680 1188 796 1259 possim.
824 1186 969 1257 Scriptum
1022 1188 1144 1261 biguum
1159 1188 1267 1256 dicant,
1284 1201 1389 1244 nomen
1418 1200 1506 1244 suum
1533 1186 1723 1256 pronuntiare
1738 1200 1867 1258 nonpos·

122 1284 229 1355 qnippe
245 1285 303 1338 est:
323 1282 377 1338 Fas
395 1289 437 1338 est
458 1287 486 1337 et
515 1280 551 1335 ab
567 1279 646 1336 hoste
670 1276 820 1344 deceri;el
843 1290 909 1333 enm
924 1275 969 1332 in·
1022 1284 1100 1335 sunl.
1128 1278 1233 1334 Verum
1258 1276 1363 1333 horum
1390 1274 1516 1346 pueriles
1538 1274 1691 1346 opiniones
1705 1273 1866 1332 rectissimis

123 1370 288 1443 telligentiae
313 1369 502 1437 deservimus,
530 1367 623 1425 modis
647 1366 782 1424 omnibus
805 1364 969 1422 curandum
1023 1366 1185 1424 rationibus
1212 1379 1278 1423 eum
1307 1365 1385 1423 voles
1409 1362 1582 1421 refellemus.
1605 1363 1864 1435 impresentiarum

122 1467 175 1528 est,
199 1466 232 1516 ut
257 1459 353 1531 quoad
376 1472 529 1529 possumus
554 1456 667 1513 lucilius
696 1455 873 1512 studeamus.
890 1453 970 1509 Unde
1023 1456 1077 1513 boc
1092 1455 1261 1512 interdicere
1275 1469 1333 1512 non
1354 1453 1482 1512 alienum
1502 1453 1566 1521 tuit,
1592 1460 1625 1510 ιι
1639 1452 1730 1523 hujus
1744 1451 1864 1509 intentis

123 1556 164 1606 est
183 1546 254 1623 illud
273 1548 348 1604 beati
368 1546 524 1619 Augustini
539 1545 693 1602 consilium
704 1545 733 1601 in
749 1560 778 1602 rr
792 1547 831 1599 lie
842 1543 969 1600 doctrino
985 1585 1006 1642 Β
1023 1543 1362 1618 garrulamdiseiplinam
1377 1551 1636 1599 contemneremus.
1651 1562 1667 1592 ιι
1682 1540 1738 1598 Sed
1750 1541 1863 1613 neeipse

124 1638 293 1705 Christiano,
315 1637 364 1694 ubi
380 1636 497 1707 quidem
521 1635 691 1692 Christiane
712 1633 849 1691 doetrinae
869 1632 969 1690 modos
1025 1634 1281 1691 maximuseorum
1298 1639 1455 1703 praeceptor
1479 1629 1643 1687 Aristoteles
1666 1628 1862 1700 sophistuip-

124 1725 295 1797 exsequitur
315 1739 347 1781 ac
371 1725 467 1782 docet:
481 1744 495 1775 ι
524 1725 586 1780 Νοι
601 1730 722 1780 curante
750 1722 807 1790 illo,
825 1743 836 1771 ι
862 1721 967 1792 inquit,
1025 1737 1124 1780 sorum
1138 1721 1369 1792 importunitates
1384 1719 1499 1777 reticuit
1514 1719 1614 1776 dicens
1629 1719 1660 1775 in
1674 1718 1772 1789 primo
1784 1717 1860 1776 Peri:

127 1811 212 1882 ⁸(lui
231 1811 312 1867 docet
340 1817 450 1880 illlam&
477 1809 640 1880 eloquentia
654 1808 761 1875 doceat,
791 1807 839 1863 sed
859 1812 971 1878 quanta
1028 1833 1042 1865 ι
1053 1812 1089 1868 Ει
1100 1824 1294 1882 quecunque,
1309 1809 1415 1880 inquit,
1426 1806 1863 1864 celerataliumdeterminanus
1893 1802 1897 1883 ξ

124 1900 279 1957 evidentia.
317 1898 445 1970 Diligens
480 1898 624 1969 appetitus
657 1896 814 1968 aliquando
850 1893 970 1966 negligit
1025 1895 1834 1970 eontraargumentorumsophislicasimportunitates.-

125 1989 214 2046 verba
238 1987 370 2051 cultiora,
398 1988 476 2044 unde
494 1987 533 2044 alt
558 1987 688 2058 quidam,
713 2000 780 2042 cum
808 1985 843 2042 de
867 1997 972 2056 genere
1063 1989 1113 2046 llis
1127 1994 1155 2045 et
1174 1986 1223 2044 illa
1246 1985 1437 2043 saluberrima
1451 1992 1510 2040 tam
1539 1982 1659 2054 apostoli
1689 1982 1773 2041 Pauli
1786 1997 1865 2056 quan

126 2078 176 2135 lali
195 2077 364 2135 elocutionis
385 2084 492 2149 ageret,
513 2090 573 2132 esse
587 2077 615 2132 in
632 2090 665 2132 eo
680 2075 838 2146 quamdam
851 2073 972 2145 diligen·
1027 2081 1057 2134 Β.
1088 2076 1233 2135 Ambrosii
1256 2074 1419 2132 adhortatio
1447 2079 1584 2130 consonat
1609 2073 1687 2130 libro
1711 2087 1732 2129 ιι
1758 2073 1798 2129 11ι
1820 2070 1867 2128 ude

126 2168 196 2225 tium
229 2167 432 2238 negligentem.
459 2185 472 2218 ι
503 2168 590 2221 ltem:
614 2187 625 2215 ι
652 2164 725 2231 Quid
753 2164 829 2220 enim
857 2162 973 2233 prodest
1027 2168 1064 2223 ad
1091 2166 1261 2223 Gratianum
1286 2165 1487 2234 imperatorem
1519 2161 1560 2218 sic
1597 2161 1770 2220 continens:
1802 2160 1865 2218 scri-

127 2256 282 2312 toenlionis
310 2255 469 2325 integritas,
495 2267 583 2324 quam
608 2266 666 2308 non
694 2251 829 2323 seqnitur
858 2250 971 2307 intelle-
1027 2263 1110 2326 ptum
1124 2261 1181 2311 est:
1203 2254 1298 2311 cauete
1312 2267 1345 2307 ne
1363 2254 1424 2322 quis
1439 2265 1487 2307 cos
1501 2249 1675 2322 depraedetur
1689 2266 1744 2320 per
1754 2248 1868 2322 pbiloso-
1892 2262 1899 2285 ·

128 2351 192 2399 ctus
224 2341 378 2408 audientis,
415 2355 482 2398 cum
511 2339 648 2411 loquendi
677 2339 796 2395 omnino
825 2338 907 2395 nulla
936 2338 973 2394 sit
1024 2344 1167 2415 phicmret
1189 2345 1298 2397 inanem
1331 2339 1514 2411 seductionem
1531 2339 1681 2395 seeundum
1701 2339 1867 2395 credonem

128 2444 226 2498 causa,
250 2430 272 2485 si
294 2429 371 2499 quod
393 2428 543 2501 loquimur
570 2442 629 2484 non
654 2426 829 2498 intelligunt,
856 2434 974 2498 propter
1028 2433 1166 2488 hominum
1183 2438 1209 2487 et
1227 2429 1374 2486 secundum
1392 2429 1522 2484 eleneolc
1549 2429 1632 2498 hujus
1647 2427 1759 2495 mundi,
1786 2432 1867 2483 ιιιιι

129 2532 212 2591 quos,
224 2525 257 2574 ut
272 2516 444 2588 intelligant,
470 2516 640 2587 loquimur?
655 2514 708 2582 Qui
724 2530 792 2587 ergo
807 2515 888 2572 docet
902 2514 974 2571 rita·
1028 2521 1176 2577 seeundum
1194 2520 1332 2577 camelum
1352 2518 1418 2590 (cot.
1441 2535 1471 2586 11,
1493 2517 1532 2588 8).
1554 2539 1569 2567 s
1587 2516 1710 2574 Omnem
1723 2515 1806 2574 enim
1818 2515 1866 2573 rin
1896 2502 1899 2579 ζ

129 2601 973 2677 hitverbacmniaqueuondceent.»item:«1nsi·
1029 2623 1205 2667 venenorum
1236 2621 1356 2665 suorum
1380 2611 1409 2662 ln
1444 2605 1600 2663 dialecticis
1630 2604 1867 2675 disputationibus
1895 2634 1899 2737 Ι

131 2696 196 2770 gnis
214 2703 256 2753 est
277 2694 382 2751 indolis
401 2695 429 2751 in
444 2693 541 2751 verbis
557 2707 658 2750 rerum
673 2706 782 2760 amare,
798 2706 856 2750 non
872 2692 971 2749 rerba.
1028 2698 1304 2769 constituensque
1327 2694 1564 2767 philosophorum
1579 2692 1723 2751 sententia
1739 2692 1867 2751 delinitur

128 2786 202 2854 Quid
227 2784 307 2842 essim
333 2784 447 2855 11011θὸ1
473 2782 562 2840 clavis
585 2797 685 2851 3111θᾶ,
713 2783 736 2838 St
755 2783 868 2852 1191118
895 2779 973 2853 (111011
1029 2801 1089 2845 non
1103 2786 1252 2844 astruendi
1269 2785 1329 2842 rim
1345 2785 1461 2848 habere,
1484 2783 1532 2840 sed
1554 2783 1685 2840 studium
1697 2781 1866 2842 destruendi·

130 2873 266 2930 volumus
285 2886 343 2928 non
366 2870 480 2942 potest?
498 2879 550 2927 ιιι
564 2871 635 2942 quid
651 2871 730 2927 obest
756 2870 861 2942 lignea,
878 2869 901 2925 si
919 2867 975 2926 hot
1030 2877 1157 2934 sednon
1174 2875 1204 2931 in
1223 2873 1372 2931 dialectica
1387 2871 1495 2943 placuit
1511 2873 1566 2928 beo
1581 2871 1698 2929 salvum
1713 2871 1808 2929 tacere
1824 2884 1867 2942 pe

129 2968 231 3034 potest,
256 2961 374 3033 suendo
407 2959 479 3016 nibil
503 2960 663 3030 querimus
688 2958 743 3015 ιιι
777 2965 873 3028 patere
897 2957 976 3028 quon
1029 2966 1130 3038 putum
1153 2978 1251 3021 suum.
1278 2965 1411 3035 negnum
1432 2960 1510 3018 enim
1528 2961 1578 3018 nei
1594 2961 1625 3017 in
1646 2959 1867 3031 simplicitates

129 3051 261 3108 clausum
276 3051 337 3106 est‘?
353 3068 367 3095 ι
1029 3054 1076 3111 (1ιί
1096 3060 1149 3120 est,
1167 3067 1226 3109 non
1241 3052 1271 3107 in
1286 3049 1468 3108 contentione
1483 3049 1633 3107 sermonis.
1649 3067 1665 3104 ιι
1681 3050 1777 3116 Quam
1791 3049 1865 3106 etiam

166 3139 202 3195 At
220 3138 294 3195 sicut
309 3149 458 3193 erroneam
474 3135 648 3207 penitusque
666 3134 893 3193 irrationabilem
915 3148 977 3191 esse
1030 3144 1064 3200 Β,
1086 3141 1228 3200 Ambrosii
1243 3139 1414 3198 sententiam
1431 3140 1461 3196 in
1479 3139 1578 3196 eadem
1602 3137 1815 3206 adhortatione,
1828 3151 1865 3194 re·
1893 3198 1896 3209 ¹

133 3227 233 3283 talium
272 3224 522 3294 reprehensionem
560 3239 617 3281 non
653 3224 847 3296 ambigimus:
882 3224 922 3280 ita
949 3231 976 3280 et
1030 3228 1197 3299 sponsiones
1223 3227 1341 3284 Adriani
1365 3240 1447 3298 papae
1470 3234 1570 3283 contra
1597 3225 1777 3297 objectiones
1801 3238 1864 3298 que
1894 3218 1896 3223 ’

130 3328 230 3371 ιοιιιι
264 3313 438 3383 impietatem
467 3313 625 3370 maximam
655 3313 831 3384 impietatem
862 3313 976 3382 prolite-
1030 3316 1164 3375 rumdam
1179 3316 1215 3372 ad
1237 3314 1382 3383 carolum,
1397 3315 1489 3385 capite
1504 3316 1549 3382 19,
1566 3314 1606 3370 ita
1631 3318 1863 3389 commemorent:
1893 3340 1896 3345 ·

131 3416 207 3463 mur.
225 3401 397 3472 quidonum
423 3402 472 3458 liei
488 3402 650 3459 maximum
674 3402 752 3473 quod
769 3417 806 3459 ex
828 3401 978 3459 collatione
1033 3405 1179 3461 «Omnem
1201 3405 1261 3461 vim
1276 3418 1455 3462 venenorum
1480 3416 1600 3460 suorum
1620 3403 1650 3458 in
1672 3399 1866 3460 dialecticadi·
1892 3360 1896 3481 l

132 3489 258 3547 scientie
293 3498 492 3560 susceperunt,
520 3490 704 3560 improbitate
725 3505 778 3547 sua
805 3491 919 3563 culpari
935 3491 977 3547 ta·
1030 3500 1181 3564 sputantes
1197 3501 1309 3565 ponunt
1321 3493 1457 3551 baeretici.
1475 3493 1545 3559 011ae
1560 3491 1804 3564 pbilosophorum
1816 3504 1866 3549 sen·

132 3579 214 3635 ciunt
237 3579 484 3650 alquerilescere,
504 3579 721 3636 stimmerilam
739 3581 977 3651 atqueinnocen·
1031 3584 1120 3640 tentia
1152 3583 1300 3651 delinitur,
1332 3597 1391 3640 non
1416 3581 1564 3639 astruendi
1591 3581 1651 3638 vim
1680 3581 1800 3648 babere,
1827 3575 1863 3637 ed
1894 3632 1897 3637 .

133 3675 189 3725 tem
211 3675 301 3725 artem
323 3668 353 3723 in
376 3683 435 3725 suae
463 3669 556 3739 culpae
578 3669 699 3726 trahunt
717 3668 977 3740 participationem,
1030 3673 1160 3730 studium
1183 3672 1361 3739 destruendi,
1387 3679 1472 3728 ete.»
1494 3672 1579 3727 item:
1602 3670 1719 3727 «puter
1741 3671 1811 3728 hine
1826 3682 1863 3727 ar·
1894 3694 1898 3709 ι

134 3757 211 3829 quod
238 3757 386 3829 quondam
409 3764 436 3813 et
464 3758 498 3814 de
520 3757 663 3815 rhetorica
687 3758 840 3831 contigisse
859 3758 889 3814 in
917 3758 979 3828 ipsa
1032 3768 1171 3833 gumenta
1185 3760 1236 3817 ubi
1260 3760 1330 3817 tides
1350 3760 1483 3832 sequitur
1506 3762 1573 3833 (ii),
1598 3759 1687 3817 etiam
1709 3758 1782 3831 ipsis
1795 3772 1864 3832 gyn-
1894 3760 1898 3775 '

134 3846 231 3905 statim
260 3845 373 3903 rudius
395 3847 540 3904 rhetorica
564 3848 702 3913 meminit,
730 3855 758 3905 ιι
773 3862 825 3905 nos
850 3846 978 3919 quotidie
1031 3850 1121 3907 nasiis
1142 3849 1203 3906 suis
1221 3849 1281 3918 jann
1311 3848 1460 3906 dialectiea
1479 3856 1580 3906 taceat.
1602 3847 1666 3904 Non
1688 3862 1791 3920 quero
1808 3843 1867 3919 quid

135 3937 217 3994 modo
245 3936 279 3992 de
306 3936 452 3994 dialectica
482 3937 542 3994 lieri
571 3953 629 3995 non
657 3939 836 4010 ignoramus.
867 3936 978 4007 Quippe
1031 3937 1375 4010 loquanturphilosophi,
1392 3938 1510 4009 requiro
1534 3936 1603 4007 quid
1627 3937 1747 3994 taciani.
1774 3935 1868 3994 Soliiu

135 4026 209 4082 sicul
234 4025 311 4082 illam
337 4025 546 4083 malitiosorum
575 4033 722 4083 oratorum
745 4026 860 4082 solertia
881 4025 978 4081 omni·
1031 4029 1091 4086 suis
1111 4027 1270 4100 gymnasiis
1284 4033 1496 4083 remanserunt.
1509 4026 1582 4084 Vide
1598 4039 1689 4097 quam
1705 4025 1779 4083 lidos
1792 4036 1868 4096 ergu-

135 4113 190 4169 bus
210 4114 267 4171 tere
291 4114 374 4171 bonis
399 4114 566 4171 hominibus
580 4115 706 4170 odiosam
722 4112 837 4181 lecerat,
862 4121 979 4185 propter
1032 4117 1136 4176 mentis
1172 4115 1379 4187 praeponderet.
1419 4115 1462 4172 llli
1502 4114 1631 4187 quotidie
1664 4128 1683 4171 a
1714 4113 1778 4171 suis
1812 4126 1870 4170 cou-

136 4201 318 4260 incommode
342 4202 448 4259 scilicet
472 4203 637 4259 civitatibus
661 4214 789 4273 peream
814 4202 979 4273 trequentes
994 4222 1016 4277 p
1033 4206 1160 4263 sortibus
1198 4205 1383 4271 deseruntur,
1412 4205 1465 4276 qui
1491 4205 1601 4274 copiose
1633 4203 1803 4276 disputant:
1834 4199 1870 4257 isti

35 4290 40 4297 '
136 4290 234 4347 illata:
252 4291 291 4347 ite
318 4292 421 4361 etjam
447 4291 505 4346 tere
537 4291 672 4347 omnibns
693 4289 834 4363 religiosis
855 4297 980 4348 contem·
1035 4293 1164 4367 quotidie
1200 4300 1331 4351 crescunt
1364 4293 1413 4364 qui
1451 4290 1618 4363 simpliciter
1648 4291 1785 4349 crodunt.
1819 4289 1870 4348 lion

136 4379 263 4450 ptibilem
279 4379 402 4436 reddidit
424 4378 602 4436 dialecticam
626 4377 838 4451 impudentium
871 4378 982 4437 schola·
1035 4382 1163 4440 creditur
1198 4380 1387 4453 pbilosophis,
1420 4381 1547 4439 creditur
1578 4379 1782 4453 piscatoribus.
1820 4379 1871 4438 ileu

136 4469 212 4526 rium
228 4469 291 4540 ejus
303 4468 364 4524 rita
383 4475 411 4525 ιι
426 4468 591 4540 garrulitas,
612 4475 741 4525 sanctam
757 4468 806 4526 liei
823 4467 980 4532 civitatem.
1036 4471 1163 4528 creditur
1191 4470 1356 4539 dialecticis,
1386 4471 1514 4528 ereditur
1537 4469 1711 4542 publicanis.
1740 4470 1786 4528 llli
1800 4468 1870 4526 volu·

137 4571 203 4629 pue
230 4564 272 4613 est
303 4555 440 4624 Ecclesia,
465 4556 624 4626 plurimum
648 4554 897 4614 conturbantium·
927 4555 982 4620 Qui
1037 4560 1165 4632 pratibus
1188 4566 1215 4617 et
1238 4557 1348 4617 delictis
1372 4559 1470 4617 orbem
1492 4558 1631 4630 ligarunt,
1654 4558 1700 4615 isti
1713 4558 1836 4631 jejuniis
1851 4560 1873 4611 et

136 4644 206 4701 dum
238 4643 412 4701 intolerabili
446 4645 620 4702 verbositate
643 4643 765 4715 gloriam
793 4643 848 4701 sibi
870 4656 984 4713 compa·
1036 4649 1185 4707 doloribus
1209 4655 1365 4706 exuerunt.
1397 4647 1499 4705 Plures
1522 4647 1619 4718 itaque
1640 4646 1702 4718 jam
1723 4648 1812 4718 erepit
1829 4643 1873 4703 illi·

136 4746 201 4791 rare
235 4733 379 4801 nituntur,
409 4746 467 4789 non
501 4734 569 4790 sinit
602 4732 722 4789 miseros
753 4733 984 4790 animadvertere
1036 4753 1100 4797 cere
1123 4737 1234 4808 injuria
1262 4751 1349 4808 quam
1373 4735 1517 4807 voluptas.
1545 4736 1651 4791 »item
1680 4735 1716 4793 de
1747 4734 1872 4793 Arianis:

137 4821 296 4895 singularis
333 4834 434 4878 eorum
474 4820 622 4891 snperbia,
648 4820 677 4876 in
713 4827 855 4891 queniam
885 4834 983 4877 secum
1039 4828 1219 4885 ‹Nonneex
1238 4824 1421 4897 philosophia
1439 4837 1552 4881 ornnem
1569 4822 1724 4893 impietatis
1746 4828 1874 4881 suetra-

137 4910 325 4982 ignominiam
353 4909 445 4979 rpem
460 4907 494 4964 de
518 4921 577 4979 ιιι
607 4906 771 4979 gloriamur
795 4914 886 4964 artem
913 4906 984 4963 dot·
1036 4923 1145 4974 xerunt
1170 4912 1315 4971 cererem
1330 4934 1345 4964 »
1372 4914 1408 4970 nt
1433 4912 1587 4984 Apostolus
1603 4910 1639 4967 ae
1656 4907 1875 4968 munimem

137 4999 227 5056 ciunt.
243 4998 389 5055 Adversus
411 4996 623 5068 impudentiam
643 5010 770 5068 quorum
784 5004 812 5053 et
826 4995 938 5054 'rullius
952 4997 984 5054 in
1036 5008 1108 5078 quos,
1137 5004 1243 5074 inquit,
1273 5005 1457 5059 contentiosus
1482 5002 1591 5057 eidem
1627 5014 1694 5066 esse,
1725 5015 1776 5057 ecs
1805 5000 1874 5056 tabe

136 5087 263 5147 seeundo
284 5087 453 5154 Rhetorice,
473 5087 508 5142 ad
527 5086 706 5143 Herennium
725 5085 857 5143 invectus
876 5086 927 5155 ait,
949 5086 984 5144 de
1037 5092 1256 5152 consuetudinem
1296 5107 1350 5148 con
1377 5091 1516 5157 habemus,
1555 5104 1642 5158 neque
1680 5090 1804 5145 Ecclesia
1837 5088 1875 5144 ιιι·

103 5179 107 5185 “
136 5191 226 5235 causa
246 5176 352 5234 scilicet
374 5176 505 5249 ambigui
525 5177 624 5247 scripti
643 5176 786 5234 disserens
807 5176 862 5235 boc
880 5176 981 5234 modo:
1037 5184 1064 5255 (i
1077 5185 1140 5239 eor,
1156 5199 1187 5249 ιι,
1213 5180 1265 5252 le).
1295 5181 1329 5237 Et
1357 5181 1393 5237 ad
1407 5179 1589 5236 Timotheum
1612 5176 1738 5248 primam
1758 5178 1875 5237 scribens

139 5284 154 5315 ι
169 5265 241 5325 Sunt
251 5265 302 5339 qui
312 5265 490 5325 arbitrentur
505 5264 541 5324 ad
560 5266 636 5323 hanc
662 5280 781 5324 cansam
803 5264 984 5323 tractandam
1037 5270 1204 5343 epistolam,
1230 5267 1384 5342 diligenter
1412 5268 1542 5327 eumad
1567 5264 1707 5326 ultimum
1738 5267 1876 5330 admonet,

174 5441 231 5513 lli)
241 5441 315 5514 Lege
329 5449 363 5501 nt
377 5442 454 5514 apud
475 5442 675 5513 Ambrosium,
694 5444 742 5499 ubi
753 5441 822 5515 fides
840 5444 982 5514 ᾳιιιιιιιι.
