3804 5962
112 181 179 235 loti
375 174 476 230 PETRI
495 173 681 231 ABAELABDI
701 173 778 230 OPP.
798 130 890 230 Palas
906 173 955 229 ΙΙΙ.
971 171 1239 230 -rltssoaoatca
1259 171 1303 228 ΕΤ
1322 170 1586 229 Pullosorttroa.
1792 172 1857 226 ibid

108 309 152 359 εει
179 300 241 358 baec
267 298 467 370 multiplicitas
491 298 622 370 spiritus,
647 296 878 356 sodellectorum
913 300 954 369 ip·
972 298 996 353 A
1011 306 1128 371 gnatur,
1153 306 1181 355 et
1210 297 1341 354 omnium
1365 295 1603 368 perfectissimum
1628 295 1780 366 exemplar
1799 311 1853 354 nu-

111 390 185 459 cius,
216 403 282 445 cum
305 402 373 446 cnm
395 387 527 445 videlicet
549 387 579 443 in
604 385 659 444 hoc
684 402 742 443 uno
765 386 954 459 multiplicem
1010 402 1107 444 merus
1123 387 1258 454 occurrit,
1283 387 1334 459 qui
1357 388 1445 443 rebus
1466 387 1602 457 congruit
1624 385 1779 441 universis
1803 387 1854 452 Qui

109 479 251 546 dicamus,
279 478 349 550 quia
372 476 538 550 multplicia
567 477 652 533 lacit:
685 478 762 546 quod
790 484 833 534 est
856 475 955 532 edecta
1011 477 1128 548 quidem
1143 490 1190 532 eos
1206 491 1264 532 non
1285 476 1352 532 latet
1375 476 1426 548 qui
1442 474 1629 546 pbilosopbiae
1644 475 1791 532 rimantur
1811 490 1855 532 ar·

110 567 174 638 ejus
191 567 284 637 magis
309 580 369 622 esse
395 566 510 622 diversa
535 580 625 636 quarn
643 566 746 637 ipsum.
766 565 837 622 Cum
858 564 956 635 itaque
1011 581 1093 622 cana.
1112 566 1184 622 ilinc
1207 566 1358 622 asteriam
1383 565 1461 637 quod
1488 564 1679 632 arithmetica,
1708 579 1776 636 quae
1799 572 1855 621 tota

110 655 140 710 in
156 655 219 725 ipsa
234 654 331 710 anima
347 654 449 710 mundi
465 653 620 713 individua
636 661 664 709 et
679 652 809 717 dividua,
834 653 905 719 sire,
923 659 956 707 ut
1011 656 1087 712 circa
1119 655 1315 726 proportiones
1344 667 1533 711 numerorum
1559 655 1696 720 consistit,
1718 660 1812 709 mater
1831 661 1856 708 et

111 743 286 811 dictumest,
312 743 412 799 eadem
424 749 452 799 ει
471 743 587 799 diversa
609 749 763 798 concurrat
782 740 955 809 substantia,
1011 744 1151 816 magistra
1180 751 1350 800 caeterarum
1374 744 1481 799 artium
1505 742 1630 798 dicitur:
1657 743 1733 814 quod
1752 742 1856 799 scilicet

110 831 220 888 addidit
242 831 289 887 bis
315 831 428 887 duobus
453 831 484 886 in
510 831 571 902 ipsa
597 832 694 887 anima
717 830 957 887 concurrentibus
1010 849 1047 891 ex
1061 833 1230 890 dissectione
1252 847 1452 900 numerorum,
1472 840 1640 888 caeterarum
1660 846 1760 888 rerum
1776 832 1857 887 vesti-

109 920 267 992 quamdam
281 920 435 976 misturam
450 920 525 977 ellici
549 934 586 977 ex
611 920 763 976 individuo
778 926 807 975 et
822 919 953 985 dividuo,
1012 925 1088 995 gatio
1105 924 1295 994 doctrinaque
1314 923 1446 992 pendeat.
1476 922 1567 993 Cujus
1590 922 1676 977 etiam
1700 928 1733 978 ut
1762 920 1858 977 incita·

111 1009 219 1067 scilicet
235 1009 295 1066 sive
309 1010 461 1066 excedam
478 1016 505 1065 ct
522 1009 647 1077 diverso,
664 1009 719 1066 boc
735 1018 777 1066 cst
794 1009 956 1064 incommu-
1012 1013 1097 1069 bitem
1111 1012 1304 1082 exprimerent
1319 1010 1506 1083 benignitatis
1522 1012 1586 1086 ejus
1603 1010 1800 1080 dulcedinem,
1816 1018 1856 1066 to·

111 1098 191 1156 tabili
205 1106 233 1155 ct
248 1098 392 1156 mutabili.
417 1099 448 1154 ln
465 1113 525 1170 qua
540 1099 668 1170 quidem,
684 1106 717 1154 ut
731 1099 770 1153 ita
783 1097 887 1165 dicam,
905 1098 958 1153 nri·
1011 1111 1070 1159 tam
1085 1103 1111 1158 ei
1132 1102 1311 1157 musicarum
1334 1100 1590 1156 consonantiarum
1617 1099 1770 1156 ascribunt
1794 1099 1857 1155 bar-

111 1181 193 1244 stura
209 1186 333 1258 Spiritus
352 1187 443 1244 sancti
467 1187 625 1258 proprietas
649 1186 851 1258 distinguitur,
867 1194 894 1242 ει
910 1186 957 1241 io·
1012 1192 1151 1257 moniam,
1168 1205 1226 1262 qua
1249 1197 1276 1246 et
1297 1190 1391 1260 ipsum
1415 1188 1526 1260 jugiter
1544 1201 1677 1244 resonare
1693 1189 1857 1244 firmamen-

113 1283 191 1347 tegre
205 1276 322 1334 videtur
339 1283 551 1347 expresseram
568 1276 604 1332 in
619 1277 711 1347 seipso
736 1290 825 1347 quam
842 1275 870 1330 in
893 1274 959 1331 elle·
1013 1287 1085 1348 tum,
1101 1287 1129 1336 et
1144 1279 1307 1350 superiores
1328 1277 1430 1334 mundi
1453 1284 1548 1348 partes
1571 1276 1674 1346 repleri
1696 1277 1857 1348 perhibent.

112 1367 218 1435 ctis,ut
232 1367 344 1423 dictum
359 1374 410 1436 cst,
427 1367 503 1424 suis.
525 1366 600 1423 Dicit
614 1366 712 1438 itaque
729 1367 800 1437 qnia
819 1367 895 1423 licus
906 1365 960 1420 boc
1013 1368 1089 1425 Nibil
1106 1370 1214 1439 quippe
1237 1375 1278 1423 εει
1297 1366 1375 1438 quod
1397 1366 1437 1421 ita
1451 1365 1579 1433 oblectet,
1596 1373 1623 1422 et
1643 1367 1737 1422 nimia
1762 1367 1857 1422 suavi-

114 1455 232 1512 tertium
252 1455 422 1512 substantiae
441 1469 542 1527 genus,
564 1456 604 1511 ite
631 1464 665 1512 ut
692 1456 803 1512 dictum
826 1462 879 1522 est,
906 1454 957 1509 mi·
1014 1464 1070 1514 tate
1085 1457 1129 1513 εει
1143 1456 1250 1512 ειιιειει
1265 1455 1387 1521 animos,
1405 1455 1480 1510 sicut
1496 1453 1627 1521 melodia,
1647 1453 1720 1510 nibil
1736 1455 1778 1511 ita
1793 1468 1857 1525 pro-

113 1550 200 1612 stum,
218 1542 323 1600 locavit
344 1542 474 1601 medium
490 1543 567 1600 inter
585 1551 741 1615 utramque
755 1543 958 1609 substantiam,
976 1591 996 1644 B
1014 1561 1084 1603 num
1114 1546 1150 1602 ad
1173 1559 1221 1601 eos
1252 1544 1463 1615 componendos
1490 1542 1535 1599 vel
1565 1543 1789 1600 commovendos
1815 1543 1859 1599 rel

113 1630 297 1688 individuam
316 1632 425 1689 scilicet
447 1639 537 1703 atque
561 1632 725 1700 dividuam,
750 1632 821 1704 quia
837 1646 904 1689 cum
924 1631 959 1687 sit
1013 1635 1168 1707 pacandos,
1197 1641 1230 1690 ut
1251 1635 1338 1705 juxta
1367 1632 1439 1688 illud
1464 1631 1549 1702 primi
1573 1631 1691 1702 capituli
1717 1631 1857 1689 Boetianae

113 1718 174 1792 ipse
202 1720 322 1791 spiritus
356 1734 394 1777 cx
424 1722 490 1790 Deo,
532 1729 674 1791 tanquam
703 1721 740 1776 ab
771 1722 833 1792 ipso
870 1735 957 1792 proco
1014 1721 1442 1793 musicaescirentpbilosopbi,
1465 1719 1542 1791 quod
1562 1721 1858 1776 nostraetotaanima

114 1808 194 1877 dens,
234 1815 394 1879 utrumque
431 1822 532 1865 eorum
576 1810 612 1865 ab
646 1809 705 1880 ipso
746 1809 832 1866 babet
865 1809 911 1880 agi
943 1822 961 1864 a
1015 1813 1203 1883 corporisque
1223 1826 1362 1882 compago
1382 1810 1493 1865 musica
1507 1809 1685 1878 coaptatione
1705 1809 1857 1879 conjuncta

116 1911 175 1968 quo
191 1911 251 1955 esse
266 1897 362 1954 babet.
377 1897 414 1954 Et
436 1897 547 1955 bocest
571 1897 667 1955 dicere
691 1899 769 1970 quod
792 1897 961 1954 Deusloca-
1015 1902 1060 1958 sit.
1079 1902 1157 1957 Adeo
1178 1900 1296 1972 quidem
1320 1909 1350 1956 ει
1373 1897 1553 1954 iracundiam
1579 1898 1783 1969 insaniamque
1806 1911 1857 1952 me·

115 1986 158 2044 vit
176 1987 230 2043 boc
257 1986 353 2058 ipsum
381 1986 487 2044 animae
515 2002 609 2060 genus
635 1989 710 2044 inter
733 1995 858 2059 utraque
873 2001 962 2058 supra
1015 1986 1092 2044 lodia
1116 1988 1220 2049 sedari,
1247 1995 1274 2043 et
1298 1986 1539 2058 gravissimarum
1560 1986 1762 2042 inllrmitatum
1788 1985 1859 2041 dolo-

116 2073 193 2131 dicta
207 2075 292 2146 quasi
308 2075 437 2133 medium
453 2077 558 2134 borum
573 2093 582 2148 ;
599 2077 654 2132 boc
667 2082 711 2133 est
724 2075 844 2132 mistum
857 2090 894 2133 ex
910 2076 961 2143 eis,
1016 2089 1062 2131 res
1085 2077 1182 2131 curari
1205 2076 1467 2141 animadverterent
1490 2083 1576 2151 atque
1600 2074 1755 2130 eilrcereut.
1782 2075 1859 2140 Quod

116 2163 190 2219 acsi
207 2164 313 2220 diceret
328 2167 406 2236 quod
422 2166 460 2223 ab
477 2166 539 2237 ipso
554 2166 612 2221 Deo
627 2179 644 2221 a
658 2179 717 2236 quo
731 2173 774 2223 εει
789 2166 851 2237 ipsa
866 2165 963 2222 anima
1018 2163 1069 2234 qui
1096 2165 1219 2235 ignorat,
1252 2180 1303 2220 nec
1321 2163 1517 2234 experimento
1540 2163 1648 2231 didicit,
1672 2162 1768 2218 adbuc
1790 2163 1861 2233 legat

118 2258 178 2309 tam
197 2251 251 2307 boc
266 2265 355 2322 quam
372 2253 444 2310 illud
460 2255 556 2321 babet,
574 2262 607 2310 ει
618 2254 752 2312 videlicet
767 2262 794 2311 et
812 2254 963 2311 individua
1018 2253 1128 2309 dictam
1148 2254 1266 2310 musicae
1281 2253 1441 2324 capitulum
1463 2260 1490 2308 et
1510 2251 1638 2308 inveniet
1653 2252 1799 2322 quomodo
1812 2253 1858 2321 Pp·-

118 2340 156 2396 sit
174 2348 208 2396 ει
223 2340 389 2397 substantia
407 2349 505 2399 suaet
525 2341 645 2398 dividua
668 2343 829 2399 secundum
854 2342 962 2399 effecta.
1018 2342 1273 2414 tbagorasebrium
1283 2342 1491 2398 adolescentem
1506 2341 1559 2397 sub
1573 2341 1690 2412 Pbrygli
1703 2341 1780 2397 modi
1796 2355 1860 2397 sono

118 2427 199 2496 Quod
215 2436 313 2484 autem
327 2430 437 2486 dictum
452 2438 505 2495 est,
523 2430 639 2498 locavit,
659 2445 789 2502 congrue
803 2431 964 2488 dictumest
1018 2431 1182 2499 incitatum,
1199 2431 1324 2501 spondeo
1338 2430 1504 2486 succinente
1520 2430 1655 2498 reddidit,
1679 2428 1827 2486 duriorem
1838 2439 1860 2484 ct

116 2518 204 2590 juxta
213 2516 411 2587 metaphoram
424 2518 579 2575 locutionis
594 2533 653 2591 qua
665 2519 774 2576 dictum
784 2526 826 2577 εει
836 2520 965 2577 medium
1019 2520 1066 2576 sui
1082 2528 1250 2590 compotem.
1267 2521 1335 2575 Nam
1358 2535 1419 2573 cum
1446 2525 1577 2586 scortum,
1601 2519 1707 2588 inquit,
1723 2520 1753 2572 in
1770 2520 1859 2573 raram

120 2605 204 2677 quasi
220 2606 295 2661 inter
308 2605 409 2677 aliqua
423 2606 646 2665 circumstantia
662 2609 870 2666 collocandum.
1020 2608 1097 2663 darno
1117 2614 1185 2664 esset
1212 2608 1346 2676 clausum,
1366 2614 1446 2674 atque
1466 2610 1512 2661 ilie
1533 2611 1628 2675 furens
1653 2607 1763 2662 domum
1789 2607 1860 2662 vellet

155 2695 312 2767 Postquam
337 2703 435 2751 autem
455 2697 616 2768 assignavit
641 2699 792 2754 misturam
811 2699 966 2754 animmex
1020 2697 1183 2765 comburere,
1211 2713 1324 2766 cumque
1350 2699 1521 2765 Pytboqoras
1546 2696 1687 2751 stellarum
1709 2712 1816 2764 cursus,
1836 2704 1862 2750 ut

119 2783 273 2841 individuo
289 2791 316 2841 ει
331 2784 459 2855 dividuo,
479 2787 581 2843 transit
596 2787 632 2842 ad
648 2787 802 2844 misturam
816 2801 854 2844 ea
867 2787 967 2845 eodem
1021 2787 1047 2842 ei
1060 2802 1116 2841 mos
1132 2792 1199 2850 eat,
1224 2798 1372 2841 nectamus
1395 2788 1550 2855 inspiceret,
1577 2786 1624 2839 ubi
1648 2786 1786 2839 intellexit
1804 2801 1864 2840 sono

120 2880 148 2929 ει
163 2871 287 2941 diverso,
303 2872 401 2929 dicens
417 2874 545 2930 animam
565 2874 697 2930 eamdem
718 2875 818 2931 eodem
832 2875 915 2932 modo
931 2890 967 2930 ex
983 2890 1007 2949 ρ
1022 2876 1138 2943 Pbrqqii
1161 2874 1235 2929 modi
1249 2877 1392 2929 incitatum
1411 2876 1504 2928 multis
1533 2877 1680 2928 amicorum
1704 2873 1863 2927 admonitio-

120 2961 219 3018 eodem
233 2968 261 3018 ει
289 2961 402 3018 diverso
425 2962 598 3032 consistere3
623 2963 697 3019 sicut
720 2977 756 3019 ex
776 2963 925 3020 individuo
941 2972 968 3020 ot
1022 2964 1101 3019 nibus
1117 2964 1313 3031 asarinorides
1333 2965 1451 3017 noluisse
1470 2963 1609 3029 desistere,
1636 2963 1742 3016 rnulari
1760 2961 1865 3016 modum

122 3049 242 3106 dividuo
268 3050 408 3107 consistit.
437 3052 521 3119 Gujus
547 3050 653 3121 inquit,
674 3066 740 3121 pars
763 3052 835 3106 idem
857 3052 968 3122 perdi·
1021 3055 1161 3123 praecepit,
1183 3056 1263 3122 alque
1283 3054 1324 3105 ita
1342 3055 1462 3120 (urentis
1488 3048 1810 3106 animum‘adoicsceatis
1832 3051 1866 3104 ad

121 3152 232 3195 uersum
246 3142 362 3202 uocetur,
393 3155 454 3193 cum
479 3138 605 3193 uidelicet
628 3141 743 3209 spiritus
772 3141 818 3195 iile
843 3145 870 3195 ct
897 3141 969 3196 idem
1022 3146 1124 3196 statum
1138 3142 1234 3195 mentis
1248 3143 1431 3211 pacatissime
1447 3142 1614 3210 temperavit.

123 3228 159 3282 sit
172 3228 203 3280 ia
226 3227 382 3281 substantia
408 3243 469 3281 cum
490 3228 757 3298 discernerent
775 3231 971 3285 cumPatreet
1058 3230 1189 3285 inveniet
1203 3229 1290 3284 etiarn
1309 3229 1425 3296 ibldern,
1443 3230 1520 3300 quod
1545 3243 1612 3284 cunr
1637 3228 1781 3285 vinolenti
1806 3228 1866 3284 ado

123 3315 247 3382 Filiaet
266 3315 391 3370 diuersas
412 3317 442 3369 ia
461 3317 629 3385 proprietate
650 3332 782 3385 persona.
814 3317 970 3374 Possumus
1023 3317 1158 3374 leseeutes
1169 3316 1306 3373 tibiarum
1321 3318 1517 3384 etiamcantu,
1533 3315 1617 3383 utfit,
1630 3316 1765 3373 instructi
1782 3317 1811 3373 in
1823 3317 1866 3372 lit·

123 3408 152 3457 et
173 3401 307 3459 eumdem
324 3402 377 3460 boc
401 3412 443 3461 est
465 3404 732 3462 incommutabilem
749 3421 817 3462 eum
834 3406 865 3463 in
879 3421 909 3463 se
925 3407 970 3462 di·
1024 3407 1092 3462 teris
1105 3407 1208 3477 pudice
1232 3406 1308 3462 tores
1323 3407 1499 3478 frangerent,
1521 3405 1703 3462 admonuisse
1724 3406 1867 3462 tibicinem

124 3504 198 3558 cere,
222 3499 250 3548 ει
276 3491 424 3549 diversum
449 3494 661 3564 quodammodo
690 3509 742 3565 per
763 3494 864 3552 allecta
898 3510 969 3564 esse,
1024 3504 1056 3552 ut
1071 3496 1228 3565 spondeum
1245 3499 1360 3551 caneret
1382 3495 1487 3552 dicitnr
1503 3495 1689 3566 Pythagoras.
1707 3493 1788 3560 Quod
1804 3507 1866 3549 ειιιε

125 3592 193 3635 cum
208 3594 267 3636 nou
281 3580 375 3638 solum
399 3582 461 3653 ipse
475 3596 541 3654 quae
556 3582 669 3640 diversa
690 3593 769 3652 sunt,
793 3583 907 3656 lecerit3
923 3599 970 3640 se·
1023 3584 1072 3640 illa
1096 3584 1206 3641 lecisset
1221 3584 1355 3640 tarditate
1376 3584 1527 3640 modorum
1551 3590 1578 3638 et
1601 3584 1744 3654 gravitate
1765 3596 1867 3639 canen

125 3661 255 3725 eundum
270 3670 346 3740 quod
362 3671 499 3741 superius
523 3671 689 3728 dictumest
708 3686 745 3729 ea
769 3673 889 3730 dividua
903 3687 969 3729 con-
1024 3673 1070 3740 tis,
1082 3673 1202 3729 illorum
1226 3673 1416 3742 petulantiam
1435 3673 1613 3728 consedasse.
1636 3672 1750 3728 Videbit
1766 3673 1867 3728 iterum

126 3765 202 3814 stare
228 3759 400 3824 substantia,
431 3773 533 3817 verum
558 3762 644 3817 etiam
668 3774 703 3818 ea
731 3774 782 3832 per
808 3768 971 3832 temporum
1024 3769 1051 3819 ει
1068 3762 1212 3833 quomodo
1235 3762 1400 3832 Terpander
1424 3769 1511 3832 atque
1531 3760 1618 3816 Arion
1641 3759 1759 3817 lesbias
1782 3768 1867 3830 atque

126 3847 337 3904 successionem
363 3855 467 3916 mutat,
487 3856 514 3906 et
535 3857 634 3906 narrat
662 3858 747 3920 prout
776 3857 971 3921 opportunum
1024 3852 1105 3907 lones
1120 3850 1300 3922 gravissimis
1324 3850 1431 3906 morbis
1452 3859 1554 3906 cantus
1579 3849 1709 3919 eripuere
1729 3850 1867 3918 prasidio.

125 3948 185 3992 csse
200 3935 317 4003 indicat,
331 3936 419 4009 juxta
432 3937 504 3995 illud
520 3939 628 3995 Boetii:
1024 3940 1141 3996 Necnon
1174 3947 1201 3995 et
1221 3939 1364 4010 lqualiter
1396 3939 1533 3996 ismenias
1561 3938 1728 4005 Thebanus,
1763 3938 1868 3995 Baetic-

246 4026 413 4096 Stabilisque
426 4042 539 4082 manens
554 4027 604 4082 dat
622 4033 721 4083 cuncta
741 4029 850 4082 moveri.
1026 4043 1091 4084 rum
1108 4027 1252 4098 pluribus,
1268 4043 1342 4098 quos
1361 4026 1481 4083 inficiati
1496 4028 1603 4083 doloris
1626 4031 1769 4083 tormenta
1784 4041 1870 4084 vexa-

126 4114 163 4168 Et
178 4113 240 4185 jam
251 4114 371 4186 quidem
390 4116 523 4185 superius
548 4130 613 4172 eum
632 4116 895 4182 incommutabilem
911 4130 973 4172 esse
1029 4115 1107 4183 bant,
1130 4116 1223 4171 modis
1255 4116 1353 4172 ierunt
1375 4124 1494 4172 cunctas
1516 4117 1681 4172 abstersisse
1716 4115 1868 4171 molestias.

128 4204 327 4274 assignaverat
353 4218 420 4260 cum
445 4203 504 4260 ait:
529 4204 694 4274 Semperque
708 4209 736 4258 in
759 4209 894 4259 suostatu
911 4219 972 4274 per-
989 4175 1012 4231 ὓ
1030 4204 1080 4260 Ubi
1100 4204 1188 4260 etiam
1210 4204 1397 4274 Empedocles
1420 4218 1487 4260 cnm
1507 4204 1571 4274 ejus
1594 4205 1736 4273 hospitem
1754 4204 1784 4259 io
1807 4204 1871 4260 vitis

127 4296 267 4346 seruante
294 4293 459 4350 substantia.
483 4292 536 4349 Sed
562 4294 641 4363 quod
662 4292 809 4349 variabilis
837 4306 889 4363 per
906 4291 972 4348 eile-

128 4386 208 4437 ctum
226 4388 254 4439 et
275 4395 397 4439 suorum
426 4382 615 4439 mutationem
639 4390 722 4449 esset,
743 4381 873 4439 nondum
894 4381 974 4437 addi-

128 4467 210 4525 derat
232 4470 310 4540 quod
328 4485 409 4528 nunc
430 4472 511 4528 lecit.
536 4472 610 4528 Bene
634 4471 733 4542 itaque
758 4471 826 4527 dicit
846 4469 972 4526 animam

130 4558 223 4629 ipsam
238 4559 385 4631 quoddam
404 4560 532 4617 medium
546 4575 618 4628 esse,
640 4561 668 4616 id
682 4567 724 4616 εει
738 4561 858 4616 ειιειεει
874 4573 911 4616 ex
929 4560 973 4614 in·

129 4647 251 4704 dividua
267 4648 297 4703 in
313 4662 343 4705 se
362 4647 532 4717 substantia,
546 4656 573 4705 ει
588 4649 709 4705 dividua
725 4663 774 4719 per
791 4648 973 4720 conjunctio-

129 4749 196 4792 nem
211 4750 389 4807 corpoream,
406 4737 435 4793 id
449 4745 491 4794 est
505 4737 738 4808 conjunctionem
751 4736 842 4806 ipsius
860 4736 896 4792 ad
912 4749 972 4792 cor·

130 4826 336 4896 pora,quando
348 4825 456 4883 scillcet
464 4827 524 4895 ipsa
533 4825 569 4881 ad
580 4839 640 4881 rem
651 4825 811 4895 quamlibet
820 4824 975 4880 creandam

129 4913 175 4971 vel
189 4914 346 4986 regendam
362 4922 449 4985 atque
463 4914 671 4985 disponendam
694 4927 724 4970 εε
739 4912 874 4984 applicat,
901 4913 975 4970 sicut

130 5002 266 5060 animalis
282 5004 381 5060 anima
396 5003 509 5073 corpori
519 5015 572 5059 suo
583 5016 636 5059 sua
649 5001 815 5073 impertiens
825 5001 974 5068 beneficia,

130 5093 178 5150 cai
187 5092 273 5151 etiam
289 5093 478 5164 philosophus
491 5099 581 5150 totam
595 5091 655 5149 vim
669 5098 697 5148 ει
711 5090 895 5149 concordiam
910 5104 974 5161 pro·

129 5181 318 5252 portionalem
328 5196 517 5240 numerorum
529 5181 641 5250 tribuit,
658 5188 691 5238 ει
701 5181 807 5238 divinae
818 5180 918 5253 gratiae
928 5180 975 5237 bo

1028 4300 1143 4363 patrum
1171 4293 1291 4364 qnidam
1311 4292 1406 4364 gladio
1440 4292 1617 4349 iuribundus
1648 4293 1799 4349 invaderet
1827 4293 1870 4347 in-

1028 4379 1142 4435 tleaisse
1176 4378 1295 4435 modum
1322 4380 1455 4447 canendi,
1484 4379 1583 4449 itaque
1606 4378 1794 4435 adolescentis
1816 4380 1872 4435 ira-

1027 4469 1164 4524 cundiam
1181 4471 1410 4539 temperassem
1428 4474 1535 4523 tantum
1549 4485 1622 4533 cero,
1639 4468 1733 4539 inquit
1750 4468 1871 4532 Boetius,

1026 4560 1125 4628 prisce
1136 4559 1317 4628 philosophiae
1333 4559 1434 4613 studiis
1457 4561 1498 4613 uis
1517 4563 1626 4613 musica
1651 4561 1720 4613 artis
1745 4562 1872 4622 innotuit,

1027 4652 1059 4701 ut
1081 4648 1267 4716 Pptbaqorici,
1294 4664 1353 4702 cum
1380 4649 1495 4703 diurnus
1526 4651 1556 4701 in
1584 4663 1677 4703 somno
1712 4650 1872 4703 resolverent

1028 4751 1119 4801 ouras,
1138 4737 1301 4807 quibusdum
1322 4738 1465 4792 cantilenis
1483 4743 1636 4804 uterentur,
1653 4741 1685 4792 ut
1711 4752 1755 4792 cos
1771 4739 1838 4792 buis
1853 4740 1875 4789 et

1030 4828 1136 4896 quietus
1151 4841 1230 4896 sopor
1244 4830 1385 4895 reciperet,
1412 4829 1503 4892 itaque
1522 4827 1708 4896 eaperpesacti
1731 4828 1796 4880 aliis
1817 4827 1875 4892 qui-

1030 4915 1145 4971 busdam
1164 4915 1252 4970 modis
1273 4921 1412 4986 stuporem
1431 4917 1519 4971 somni
1545 4916 1787 4982 confusionemque
1808 4931 1875 4985 pur·

1029 5010 1138 5074 parent,
1158 5005 1190 5058 id
1211 5007 1342 5060 nimirum
1364 5006 1476 5060 scientes
1498 5005 1571 5074 quod
1590 5010 1647 5059 tota
1665 5010 1762 5059 nostra
1782 5008 1875 5058 anime

1030 5109 1158 5164 compaqo
1193 5099 1368 5164 corporisque
1394 5097 1498 5148 musica
1533 5097 1706 5163 coaptatione
1731 5093 1875 5165 conjuncta

1030 5184 1086 5249 sit3
1102 5197 1168 5236 nam
1189 5187 1220 5236 ui
1249 5198 1305 5237 sese
1323 5185 1444 5253 corporis
1473 5183 1700 5252 affectusbabet,
1729 5185 1771 5236 ita
1797 5185 1876 5237 etiam

130 5270 220 5328 nitate
235 5272 442 5330 universarum
452 5287 552 5331 reram
566 5272 749 5329 concordiam
759 5270 914 5328 consistere
929 5269 977 5326 do
1025 5271 1124 5340 pulsus
1151 5271 1241 5326 cordis
1265 5272 1384 5327 motibus
1411 5271 1575 5326 incitantem.
1602 5272 1680 5343 (ruod
1701 5273 1805 5327 scilicet
1831 5274 1877 5326 be-

130 5365 202 5415 ceat.
219 5358 318 5418 Omnis
326 5361 431 5434 quippe
441 5362 510 5418 ordo
518 5369 631 5419 nature
639 5368 667 5417 ct
676 5358 817 5418 concinna
828 5357 975 5431 dispositio

132 5459 322 5507 numerorum
347 5449 580 5522 proportionibus
610 5449 772 5522 vestigatur
793 5455 880 5521 atque
904 5448 974 5506 assi-

1030 5360 1160 5413 mocritus
1174 5360 1325 5429 lipporrart
1340 5360 1441 5415 medico
1457 5359 1606 5415 tradidisse
1625 5361 1728 5426 fertur,
1744 5374 1805 5414 cum
1821 5373 1878 5413 mm

1029 5449 1111 5519 quasi
1137 5451 1268 5504 insanum
1292 5451 1396 5505 canetis
1417 5451 1561 5506 Democrdi
1583 5448 1689 5504 ciuibus
1711 5449 1743 5505 id
1761 5449 1876 5520 opinan-
