3804 5962
63 201 113 255 533
837 194 953 252 stulto
973 194 1070 252 xxiv,
1755 197 1809 252 534

58 330 128 380 runt
142 322 232 380 altius
246 327 384 394 repetere,
397 327 431 378 ut
445 320 523 392 quod
538 334 666 392 congrue
678 317 806 392 ,singula
821 316 910 376 Paulo
925 317 950 372 li
965 319 1086 388 prolium
1101 333 1178 374 suom
1190 319 1266 391 (Gal.
1282 334 1302 388 r,
1317 318 1370 392 li).
1391 318 1472 376 Unde
1491 325 1519 377 ιι
1540 318 1613 375 bene
1629 326 1721 376 mater
1744 333 1813 378 eum

59 411 154 484 aptari
174 411 294 483 possint,
319 410 467 467 evidenter
490 416 636 480 appareat.
666 407 816 480 Beniamin
839 422 908 481 ergo
967 408 1112 478 Benouim‚
1129 408 1157 464 id
1183 415 1225 465 est
1249 407 1342 465 lilium
1369 407 1476 464 doloris
1505 407 1561 476 sui,
1588 407 1712 476 vocavit,
1743 409 1814 480 quia

57 502 133 559 inter
158 501 262 558 tratres
276 499 460 568 novissimus,
481 507 507 556 et
523 498 598 569 patri
622 497 819 564 charissimus,
844 511 908 555 ma·
964 513 1022 570 quo
1042 497 1107 568 plns
1134 512 1261 554 errorem
1285 498 1349 568 eius
1377 496 1486 554 Paulus
1501 496 1659 566 infestavit,
1688 497 1813 568 amplius

59 598 129 648 uem
147 603 234 647 suana
254 588 359 646 Baclrel
385 587 529 645 nascendo
545 587 673 658 peremit.
699 586 767 655 Quae
792 587 909 657 quidem
963 600 1027 642 eam
1042 585 1139 643 dolore
1155 587 1228 653 lecit,
1248 594 1276 643 ιι
1303 601 1362 658 qno
1391 600 1448 656 prm
1463 587 1611 657 sapientia
1636 601 1697 645 ιιι
1714 586 1813 645 excel-

56 681 186 737 moriens
212 693 280 737 eum
311 677 460 745 Benonim,
485 676 514 733 id
543 683 585 733 est
610 676 703 733 lilium
725 674 831 733 doloris
855 678 909 733 mei
964 674 1177 747 lentiagratior
1197 675 1345 732 exstiterat
1368 675 1496 744 babituS,
1523 675 1649 745 amplius
1667 688 1732 733 eam
1746 691 1813 734 con·

56 769 251 840 nuncupavit.
277 768 362 824 Pater
387 780 456 824 vero
475 773 572 838 postea
602 773 793 835 commutans,
814 765 910 836 ipsum
966 764 1090 820 tristavit
1114 763 1247 821 amissus.
1274 765 1349 820 Bene
1379 772 1475 821 autem
1504 770 1703 834 paternomen
1731 779 1812 822 corn-
1878 818 1882 825 .

55 857 222 929 Beniamin,
249 855 278 913 id
298 863 342 913 est
356 856 444 925 titium
466 856 595 924 deutera,
619 855 741 912 vocavit.
757 854 910 926 Beniamin
965 860 1078 909 mutare
1092 851 1193 921 voluit,
1210 861 1243 909 ut
1258 853 1431 924 potiuseum
1453 852 1546 910 lilium
1566 853 1703 922 dexterae,
1727 852 1813 911 idest

56 946 169 1017 itaque,
205 944 317 1014 tratres,
345 944 471 1002 fratrum
499 944 683 1009 novissimus,
701 952 729 1001 et
760 943 836 1016 patri
861 943 908 999 di·
965 942 1161 1013 prosperitatis
1189 955 1241 999 seu
1268 942 1444 1000 tortitudinis
1469 941 1625 1013 appellaret
1653 957 1743 1014 quam
1765 943 1813 1001 do

58 1034 237 1092 lectissimus
262 1033 371 1091 Paulus
393 1034 453 1104 ipso
482 1041 534 1102 est,
574 1033 626 1105 qui
665 1033 821 1090 novissime
848 1039 911 1103 post
964 1031 1049 1102 loris;
1067 1033 1147 1103 quia,
1161 1038 1195 1088 ut
1210 1031 1257 1089 liic
1270 1031 1408 1099 diximus,
1425 1032 1559 1090 interitus
1580 1046 1744 1106 synagogae,
1761 1033 1813 1105 qui

57 1123 204 1196 apostolos
248 1137 265 1180 a
306 1123 364 1180 Deo
410 1130 539 1192 vocatus,
586 1130 664 1179 tanto
697 1122 807 1179 exstitit
854 1123 910 1178 Beo
964 1135 1014 1192 per
1028 1120 1152 1178 Paulum
1179 1121 1273 1179 lactus
1284 1129 1337 1188 est,
1353 1122 1383 1178 in
1404 1123 1624 1193 prosperitatem
1653 1121 1749 1193 potius
1778 1123 1812 1179 ti·

56 1214 185 1282 cbarior,
215 1219 324 1285 quanto
361 1212 391 1269 in
419 1213 527 1268 meritis
560 1211 616 1269 init
650 1210 843 1269 excellentior.
871 1212 910 1268 Be
965 1210 1073 1268 delium
1083 1218 1110 1268 ιι
1125 1224 1309 1268 ιοιιιιιιιιι
1325 1210 1459 1268 Ecclesiae
1472 1211 1706 1280 exsultationem,
1722 1225 1812 1284 quam

57 1317 116 1375 quo
128 1303 325 1373 Hieronymus
336 1301 372 1358 ad
382 1300 536 1357 Paulinum
550 1301 606 1372 (ιιι)
623 1317 631 1356 :
648 1319 662 1349 «
676 1299 792 1369 Penius,
803 1300 907 1372 inquit,
965 1300 994 1357 in
1008 1300 1134 1358 dolorem
1158 1301 1338 1372 reputandus
1357 1308 1407 1358 est.
1435 1299 1490 1368 Qui
1512 1301 1598 1358 etiam
1613 1315 1673 1373 qua
1692 1300 1810 1360 tortitu-

57 1391 237 1449 uovissimus
270 1390 301 1446 in
344 1389 456 1456 ordine,
492 1390 603 1459 primus
645 1389 675 1445 in
709 1387 817 1445 meritis
847 1395 908 1458 est3
964 1390 1031 1446 dine
1054 1389 1145 1446 animi
1169 1389 1305 1461 viguerit,
1332 1389 1491 1447 innumerae
1521 1391 1550 1446 in
1574 1404 1642 1447 enm
1672 1404 1810 1460 persecu·

56 1481 129 1552 quia
174 1479 240 1550 plus
269 1479 404 1536 omnibus
433 1477 614 1535 laboravit.»
644 1477 761 1534 Constat
791 1477 908 1544 insuper
965 1478 1056 1535 tiones
1079 1478 1217 1536 indicant.
1246 1477 1329 1546 Quod
1357 1492 1425 1535 vero
1461 1478 1567 1535 dicitur
1594 1493 1678 1536 mano
1705 1493 1812 1550 ,rapere

57 1584 125 1626 curn
147 1583 206 1625 non
229 1568 323 1626 solum
346 1576 513 1639 martyrem,
540 1567 635 1624 sedet
656 1567 800 1638 virginem
823 1565 1102 1649 exsti-Bpraedam,
1147 1575 1175 1623 ιι
1217 1581 1336 1638 vespere
1376 1581 1455 1624 escas
1491 1567 1629 1636 dividere,
1669 1567 1814 1640 significat

29 1651 259 1729 'temetque
287 1657 317 1714 in
346 1659 428 1714 Petro
464 1663 492 1713 ιι
517 1656 626 1712 ιυιιιι
654 1653 780 1726 apostolo
809 1653 909 1711 divisae
966 1671 1033 1714 eum
1059 1657 1194 1728 primitus
1240 1660 1450 1728 persecutorem
1479 1657 1613 1715 Ecclesia
1648 1656 1745 1725 luisse,
1785 1662 1813 1713 et
1850 1667 1853 1670 ’

57 1747 198 1804 videntur
222 1746 390 1803 meritorum
426 1745 538 1816 palmae,
569 1745 598 1799 in
634 1744 695 1815 ipso
728 1743 910 1814 reperiantur
966 1755 1063 1818 postea
1090 1747 1116 1802 ei
1142 1746 1222 1803 verbi
1238 1745 1421 1804 relectionem
1440 1746 1570 1804 doctrina
1593 1760 1653 1803 suae
1678 1745 1814 1816 praedica·

57 1835 233 1906 coniuncta.
251 1836 290 1891 Be
313 1836 505 1907 praerogativa
518 1842 615 1891 autem
636 1832 787 1904 virginalis
808 1831 910 1903 palme
964 1836 1051 1894 tionis
1066 1835 1291 1892 administrasse.
1308 1835 1391 1900 Quod
1410 1843 1506 1893 autem
1519 1836 1606 1907 iuxta
1621 1834 1707 1893 aliam
1722 1841 1814 1891 trans·

59 1925 151 1994 ipsius
169 1923 240 1980 illud
269 1931 312 1980 ιιι
339 1923 482 1980 Ambrosii
513 1920 660 1993 inprime
688 1920 724 1976 ad
749 1920 910 1977 corinthios
964 1924 1100 1981 lationem
1127 1924 1233 1980 dicitur
1247 1923 1419 1981 distribuere
1432 1924 1533 1996 spolia,
1562 1922 1707 1996 significat
1743 1934 1813 1981 eum

59 2012 223 2083 (30):Bico
246 2018 417 2069 autemnon
433 2012 542 2082 nuptis,
558 2017 636 2067 etc:
667 2009 756 2066 «Non
781 2009 907 2066 diceret:
964 2022 1150 2085 posteaquam
1175 2026 1329 2069 conversus
1353 2019 1395 2069 est
1426 2013 1532 2070 multas
1566 2012 1678 2069 animas
1700 2011 1813 2070 diabulo

58 2103 173 2159 Bonum
195 2109 238 2158 ιιι
253 2101 384 2171 innuptis
400 2109 431 2158 ut
455 2102 512 2158 sint
536 2101 610 2157 sicut
626 2107 654 2156 ιι
674 2113 738 2170 ego,
754 2097 810 2155 nisi
837 2104 910 2155 esset
964 2102 1113 2173 eripuisse,
1135 2109 1163 2157 ιι
1186 2103 1271 2173 quasi
1295 2101 1394 2172 spolia,
1419 2101 1518 2174 lugeto
1547 2102 1635 2166 boste,
1665 2101 1717 2158 ιιιι
1742 2100 1812 2158 ιιιι-

59 2191 175 2263 integer
188 2203 328 2261 corporo;
344 2204 397 2246 nec
418 2189 547 2246 diceret:
573 2188 679 2245 Omnes
703 2187 833 2244 homines
856 2202 909 2243 vo·
964 2193 1083 2249 unisse:
1115 2191 1193 2262 quod
1214 2197 1313 2264 postea
1340 2194 1390 2261 per
1415 2192 1605 2249 ecclesiastica
1643 2190 1748 2259 ollicia,
1768 2189 1814 2248 ιιι

57 2280 231 2338 lebamesse
254 2279 329 2336 sicut
350 2279 501 2349 meipsum.
529 2278 586 2334 «st
602 2278 678 2334 enim
705 2275 807 2334 babuit
835 2291 907 2333 uxo·
964 2279 1290 2351 quaecunquefidelium
1317 2279 1475 2336 ministeria
1489 2278 1645 2336 ordinavit.
1673 2279 1814 2349 Hierony-

58 2385 131 2437 rem,
156 2376 185 2426 ιι
208 2369 261 2426 boc
286 2368 369 2430 dixit,
397 2368 524 2440 virgines
543 2381 603 2424 esse
623 2367 725 2424 noluit.
742 2365 796 2423 Sed
824 2365 906 2422 absit·
966 2384 1030 2426 mus
1044 2384 1113 2426 vero
1138 2369 1168 2427 in
1195 2367 1269 2426 libro
1286 2367 1496 2425 Hebraicaruru
1531 2368 1728 2435 Quaestionum
1758 2366 1814 2440 liii

59 2459 199 2516 Sicenim
223 2472 241 2515 a
266 2458 388 2528 pueritia
415 2458 519 2528 spiritu
546 2457 662 2523 ferbuit,
689 2463 721 2513 ut
749 2455 838 2527 buius
867 2456 909 2512 rei
965 2459 1066 2516 asserit
1100 2458 1259 2516 secundum
1289 2458 1433 2526 liebraeus,
1465 2458 1543 2529 quod
1584 2458 1675 2515 altaro
1701 2457 1732 2512 in
1755 2470 1814 2528 quo

58 2547 190 2605 studium
207 2561 265 2604 non
290 2546 550 2617 baberet3quippe
569 2560 635 2603 cunr
654 2543 831 2616 juvenculus
854 2557 908 2599 an·
965 2548 1191 2605 immolabantur
1219 2547 1318 2604 bustiae
1353 2561 1381 2604 ιι
1407 2547 1593 2604 victimarum
1628 2546 1749 2618 sanguis
1777 2543 1814 2600 ad

58 2638 197 2708 ticipatus
212 2636 248 2694 sit
262 2650 280 2693 a
294 2635 388 2708 gratia
403 2635 461 2691 Boi.
479 2637 510 2691 lu
522 2649 555 2691 eo
574 2635 733 2707 adiuvatur
749 2633 817 2706 quis
831 2633 909 2704 quod
964 2637 1056 2695 basim
1073 2636 1149 2693 illius
1168 2635 1353 2704 tundebatur,
1383 2635 1413 2692 in
1438 2644 1518 2706 parte
1546 2634 1641 2691 tribus
1663 2633 1814 2705 Beniamin

58 2725 327 2784 videturaviditate
342 2725 444 2781 mentis
457 2732 601 2794 appetere.
964 2734 1034 2784 erat.
1062 2725 1142 2794 Quod
1180 2723 1296 2795 quidem
1330 2723 1536 2781 convenienter
1566 2723 1619 2780 iste
1658 2721 1814 2780 Christiani

95 2817 168 2871 item
183 2814 214 2871 in
229 2812 347 2885 epistola
371 2814 397 2869 ll
422 2813 457 2870 ad
483 2812 645 2870 Corinthios
672 2811 752 2882 liti:
777 2832 791 2861 α
806 2810 911 2867 Omnes
967 2815 1119 2888 sanguinis
1138 2813 1244 2870 eiiusor
1265 2812 1406 2884 intelligit,
1427 2812 1462 2869 de
1493 2827 1552 2883 quo
1580 2812 1722 2882 scriptum
1750 2818 1812 2868 est:

59 2903 192 2976 apostoli,
217 2911 337 2972 excepto
351 2902 460 2959 Joanue
482 2909 510 2958 ιι
543 2900 643 2970 Ριιιο,
669 2914 775 2956 uxores
799 2899 910 2956 babue-
926 2880 950 2939 ⁰
966 2907 1081 2976 spirans
1117 2907 1255 2958 minorum
1293 2906 1319 2957 et
1345 2901 1426 2958 cadis
1461 2904 1490 2956 in
1519 2901 1668 2972 discipulos
1705 2902 1814 2956 Domini

60 3001 142 3051 runt.
159 3013 175 3043 n
191 2992 264 3049 ilinc
280 2991 474 3061 Hieronymus
489 2990 579 3058 docet,
592 2990 629 3046 ad
644 2988 834 3046 Eustochium
849 2988 911 3045 vir·
965 2994 1029 3050 Act.
1058 3008 1095 3061 rx,
1129 2992 1163 3063 li,
1185 2991 1236 3048 ubi
1262 2991 1368 3048 Cbristi
1401 2991 1532 3048 membra
1557 2997 1699 3063 tanquam
1722 2989 1811 3061 lupus

59 3084 159 3154 ginem
175 3081 362 3137 intercaetera
374 3080 638 3151 sicscribensiiti:
658 3101 669 3130 ι
689 3079 910 3147 Beutrtpinibm,

61 3172 158 3242 inquit
196 3168 358 3240 Apostolus,
395 3175 559 3239 praeceptum
590 3171 698 3224 Domini
733 3183 787 3224 non
816 3167 908 3232 babeo,

59 3259 140 3332 quod
155 3259 216 3329 ipse
236 3266 268 3316 ut
291 3266 365 3315 esset
378 3259 461 3330 virgo
476 3273 534 3315 non
548 3256 605 3315 luit
633 3258 756 3328 imperii,
772 3256 821 3314 sed
844 3271 910 3327 pro·

58 3351 132 3423 pria
144 3349 314 3407 uoluntatis.
334 3348 392 3405 Nec
419 3349 497 3406 enim
513 3349 648 3406 audiendi
674 3356 754 3416 sunt,
769 3369 784 3399 »
804 3347 909 3419 inquit,

58 3462 73 3490 ι
90 3439 145 3511 qui
160 3453 229 3495 eum
251 3451 374 3494 uxorem
390 3438 525 3495 babuisse
546 3437 728 3510 contingunt,
751 3451 818 3494 cunr
842 3452 910 3494 sua·

57 3529 132 3586 dens
161 3534 330 3598 perpetuam
357 3527 515 3584 castitatem
551 3525 701 3583 intulerit:
731 3528 911 3584 Volcentem

55 3631 218 3673 omaesesse
236 3618 308 3671 sicut
325 3619 459 3686 meipsum
476 3617 500 3687 (l
519 3616 579 3672 Gor.
595 3631 643 3683 ιιι,
658 3617 694 3685 8).
710 3636 724 3664 ι
744 3614 800 3680 Oui
823 3617 909 3671 etiam

56 3704 87 3761 in
102 3704 181 3761 libro
203 3703 411 3761 Hebraicorum
439 3704 609 3771 Nominum,
634 3711 662 3760 et
690 3702 751 3774 ipsa
772 3703 910 3773 interpre-

56 3793 169 3850 tatione
190 3792 318 3849 nominis
346 3791 428 3849 Pauli
451 3791 650 3849 excellentiam
676 3794 739 3863 eius
762 3806 910 3848 commen-

56 3882 142 3945 dans,
160 3881 201 3938 ait
216 3881 274 3953 (33)
290 3899 296 3937 :
311 3904 325 3932 v
341 3880 450 3938 Paulus
463 3882 600 3937 mirabilis
622 3881 682 3939 sive
698 3883 833 3950 eiectus»
864 3880 909 3936 in-

965 3097 1033 3142 cves
1046 3082 1169 3139 laniaret
1183 3080 1213 3136 in
1227 3082 1320 3138 terris.
1483 3140 1486 3149 ¹

1003 3173 1038 3230 Ut
1062 3180 1158 3228 autem
1185 3170 1219 3226 de
1240 3168 1412 3240 patriarchis
1440 3170 1476 3227 ad
1504 3169 1658 3241 propbetas
1680 3177 1812 3227 transea-

965 3277 1041 3329 mus,
1062 3260 1163 3333 quide
1184 3262 1237 3317 boc
1251 3259 1400 3331 Beniamin
1414 3265 1512 3317 nostro
1527 3258 1673 3316 maximus
1692 3257 1739 3316 ille
1770 3271 1812 3314 re-

965 3365 1035 3422 gum
1050 3357 1077 3407 et
1092 3348 1300 3419 prophetarum
1330 3348 1422 3404 David
1450 3347 1624 3418 predixerit,
1645 3347 1809 3406 audiamus.

964 3440 1155 3493 Peccauerunt
1175 3438 1316 3507 principes
1335 3437 1474 3506 conjuncti
1483 3437 1677 3508 psallentibus,
1697 3439 1727 3493 in
1753 3451 1813 3492 me·

964 3526 1009 3581 dio
1030 3527 1240 3596 juvenculorum
1269 3527 1537 3595 tympanistriarum.
1565 3528 1603 3581 In
1622 3527 1740 3582 ecclesiis
1768 3525 1811 3580 be·

963 3616 1080 3671 aedicite
1094 3618 1146 3670 Boo
1161 3616 1273 3670 Domino
1288 3614 1322 3668 de
1334 3615 1457 3680 tontibus
1480 3617 1576 3671 lsrael.
1593 3616 1637 3671 lbi
1663 3615 1811 3686 Beniamin

964 3705 1178 3760 adolescentulus
1205 3707 1235 3758 ira
1258 3705 1355 3758 mentis
1383 3719 1492 3759 accessu
1521 3705 1606 3776 (Paul.
1639 3719 1728 3774 nxvu,
1752 3703 1809 3776 26).

964 3795 997 3849 ln
1018 3792 1098 3850 initio
1126 3793 1234 3864 quippe
1256 3793 1401 3850 nascentis
1425 3792 1558 3850 Ecclesiae
1583 3794 1704 3865 apostoli
1729 3794 1809 3865 prin-

963 3883 1040 3953 cipes
1053 3883 1116 3952 eius
1133 3881 1161 3938 in
1185 3879 1321 3939 electione
1355 3888 1574 3952 precesserunt,
1597 3882 1669 3953 quia
1683 3881 1766 3953 prius
1793 3895 1812 3937 a

57 3978 237 4041 terpretatur
252 3985 338 4042 quem
369 3971 508 4028 Dominus
523 3973 583 4041 ipse
612 3984 663 4029 vas
690 3970 835 4028 electionis
862 3985 910 4027 vo
964 3970 1076 4027 cbristo
1090 3977 1159 4027 sunt
1177 3968 1269 4038 electi,
1293 3984 1347 4043 per
1359 3984 1434 4041 quos
1447 3977 1686 4029 converterentur
1704 3970 1809 4029 caleri.

56 4060 147 4125 cavit,
167 4067 197 4117 et
220 4067 279 4116 tam
303 4060 362 4116 vita
389 4074 479 4131 quam
507 4059 640 4117 doctrina
663 4060 738 4117 inter
765 4058 909 4131 apostolos
964 4059 1016 4128 Qui
1032 4060 1056 4116 si
1071 4074 1129 4116 non
1145 4060 1232 4116 tante
1257 4058 1437 4129 perfectiouis
1451 4058 1570 4116 luerunt
1586 4067 1618 4117 ut
1633 4059 1722 4117 verbo
1740 4073 1813 4131 prae·

55 4149 221 4207 mirabilem
249 4148 324 4206 lecit.
341 4148 502 4220 Beniamin,
520 4157 551 4206 ut
567 4149 676 4206 dictum
704 4157 755 4218 est,
786 4163 908 4206 nascens
924 4201 947 4255 D
964 4150 1114 4207 dicationis
1139 4148 1209 4205 alios
1244 4162 1382 4218 generare
1410 4155 1536 4219 possent,
1577 4148 1731 4220 psallentes
1772 4157 1812 4206 ta·

56 4245 182 4295 matrem
197 4236 355 4308 parientem
372 4237 502 4308 peremit,
522 4253 588 4310 quaa
613 4237 783 4308 praedolore
807 4247 909 4310 partus
964 4253 1040 4307 men,
1057 4237 1143 4295 idest
1170 4236 1313 4308 psalmum
1337 4239 1367 4293 in
1382 4237 1458 4295 bona
1484 4238 1649 4309 operatione
1674 4238 1813 4297 babentes

56 4328 197 4395 moriens,
213 4326 351 4384 Benonim
367 4341 444 4391 eum,
462 4326 490 4384 id
504 4335 547 4384 est
561 4328 650 4398 filium
670 4327 782 4396 doloris,
811 4328 908 4399 appel·
962 4328 1110 4385 dicuntur.
1134 4327 1266 4384 Psalmus
1290 4326 1408 4399 quippe,
1428 4327 1457 4385 id
1476 4335 1518 4385 est
1549 4327 1672 4386 melodia
1700 4329 1813 4389 instru-

57 4415 137 4473 lavit.
154 4416 240 4472 Pater
252 4430 319 4473 vero
335 4417 452 4473 nomine
462 4423 646 4483 commutato,
662 4430 729 4474 euru
745 4417 907 4488 Beniamin,
963 4416 1065 4484 mantii
1078 4417 1157 4488 quod
1171 4418 1339 4488 psalterium
1359 4418 1476 4487 dicitur,
1487 4418 1659 4490 impulsione
1670 4432 1812 4476 manuum

57 4505 140 4562 idest
166 4505 256 4574 titium
269 4505 397 4570 matera,
419 4505 591 4562 nominavit.
621 4505 729 4563 Paulus
758 4507 910 4577 quippein
963 4505 993 4562 in
1016 4506 1114 4564 cordis
1138 4505 1273 4564 adactum
1302 4507 1385 4564 bonae
1418 4508 1592 4579 operationis
1619 4507 1746 4565 actiones
1772 4508 1811 4565 si·

57 4591 172 4649 cbristo
186 4593 247 4664 iam
266 4607 429 4662 renascens,
448 4601 569 4650 matrem
584 4607 668 4651 suam
684 4594 823 4662 Judaeam,
843 4608 910 4665 quae
963 4595 1092 4667 gnificat.
1109 4596 1244 4654 lienibus
1258 4597 1366 4668 quippe
1376 4596 1601 4670 adoperandum
1616 4596 1709 4668 magis
1721 4611 1812 4670 quam

56 4694 126 4737 eum
137 4679 170 4736 in
185 4679 316 4737 doctrina
331 4680 403 4752 legis
423 4690 563 4752 genuerat
578 4689 605 4739 ιι
617 4680 801 4750 educaverat,
825 4682 910 4754 quasi
962 4683 1072 4741 caeteris
1086 4684 1198 4742 utimur
1213 4686 1359 4743 membris.
1376 4685 1499 4756 ideoque
1523 4699 1572 4756 per
1597 4698 1703 4743 manus
1724 4699 1813 4757 opera

56 4770 214 4841 peremisse
229 4768 355 4841 dicitur;
374 4785 441 4827 cum
461 4770 606 4841 praecipue
632 4771 793 4828 carnalium
815 4771 911 4828 obser·
962 4773 1173 4844 significantur.
1190 4774 1336 4846 Principes
1351 4775 1448 4846 itaque
1463 4774 1493 4829 in
1512 4773 1639 4830 Ecclesia
1663 4774 1813 4847 coniuncti

55 4857 212 4915 vationum
227 4866 378 4929 precepta,
391 4859 420 4916 in
432 4859 540 4931 quibus
551 4859 697 4929 vivebant,
712 4860 909 4928 evacuaverit,
963 4870 1032 4920 sunt
1048 4861 1246 4932 psallentibus,
1262 4863 1332 4934 quia
1354 4863 1407 4934 qui
1422 4861 1510 4919 verbo
1539 4861 1751 4933 predicationis
1765 4863 1813 4920 in·

55 4954 82 5004 ιι
97 4953 191 5004 totam
210 4961 312 5004 eorum
327 4947 449 5020 gloriam
465 4948 502 5005 ad
515 4948 640 5006 nibilum
655 4950 805 5022 redegerit,
826 4950 911 5022 quasi
963 4952 1078 5020 sistunt,
1092 4951 1227 5022 subiectis
1250 4950 1392 5022 plebibus,
1413 4965 1480 5023 que
1504 4951 1541 5008 ad
1567 4952 1621 5009 boc
1650 4965 1709 5009 non
1730 4952 1813 5011 sutil-

55 5036 92 5093 ιιι
118 5042 204 5093 utero
227 5035 328 5094 matria
358 5038 468 5107 exiens,
484 5046 512 5095 ιι
532 5037 660 5095 aschola
674 5053 827 5111 synagogae
861 5054 911 5111 per
963 5040 1055 5108 ciunt,
1079 5040 1130 5097 sed
1150 5047 1246 5098 tamen
1270 5040 1519 5111 bonaoperautur
1537 5055 1605 5113 ιιι
1628 5048 1761 5112 possunt,
1781 5041 1812 5100 in

55 5123 280 5182 eonversionem
312 5125 459 5196 recedens,
488 5127 574 5199 iuxta
606 5127 683 5199 quod
699 5127 818 5199 ipsemet
852 5129 892 5186 ait
899 5145 909 5200 ;
963 5142 1023 5186 una
1043 5127 1097 5185 lide
1111 5128 1268 5186 sociantur.
1299 5128 1427 5186 Praelatis
1441 5136 1539 5187 aulem
1552 5133 1580 5189 et
1600 5130 1739 5202 subiectis
1753 5131 1812 5203 ple-

56 5210 109 5278 oni
122 5225 168 5267 me
182 5213 337 5282 semepouit
355 5228 391 5269 aa
409 5217 488 5269 utero
502 5215 601 5270 matria
617 5229 692 5283 mea,
709 5219 734 5271 ιι
747 5216 911 5286 uocooitper
963 5218 1059 5288 bibus,
1089 5217 1315 5276 adolescentulas
1344 5217 1562 5289 tympanistrias
1592 5218 1755 5293 coniungit,
1782 5220 1811 5277 id

90 5331 153 5406 (ιιι)
173 5333 283 5391 Ριιιοι.
298 5342 367 5392 tom.
383 5336 475 5406 xxti,
490 5336 543 5394 col.
558 5341 620 5396 580.
1000 5345 1043 5408 (ιι

89 5404 149 5476 latii
169 5405 276 5487 Patrcl.
294 5413 361 5463 tom.
379 5407 470 5481 tttltt,
484 5409 540 5467 col.
554 5414 620 5468 tit.
1010 5413 1044 5470 33

91 5477 152 5551 (ali
166 5476 254 5548 ibid,
269 5477 324 5536 col.
339 5479 402 5537 ³20.
999 5413 1010 5559 ι

1070 5340 1174 5398 Ριιιοι.
1192 5348 1261 5399 tom.
1276 5342 1370 5410 Xlllll,
1386 5342 1439 5401 col.
1450 5344 1512 5400 litt.

1071 5413 1176 5470 Patrol.
1194 5421 1262 5470 tom.
1281 5415 1380 5487 xlllll,
1394 5416 1448 5475 col.
1465 5419 1526 5474 ιιι.

1013 5486 1046 5542 34
1069 5483 1216 5554 lbid.,col.
1235 5488 1314 5546 l0i0.
