<?xml version="1.0" encoding="UTF-8"?>
<!DOCTYPE html PUBLIC "-//W3C//DTD XHTML 1.0 Transitional//EN"
    "http://www.w3.org/TR/xhtml1/DTD/xhtml1-transitional.dtd">
<html xmlns="http://www.w3.org/1999/xhtml" xml:lang="en" lang="en">
 <head>
  <title>
</title>
<meta http-equiv="Content-Type" content="text/html;charset=utf-8" />
  <meta name='ocr-system' content='tesseract 3.04.00' />
  <meta name='ocr-capabilities' content='ocr_page ocr_carea ocr_par ocr_line ocrx_word'/>
</head>
<body>
  <div class='ocr_page' id='page_1' title='image "./patrologiaecurs53unkngoog/patrologiaecurs53unkngoog_0824.png"; bbox 0 0 3804 5962; ppageno 0'>
   <div class='ocr_carea' id='block_1_1' title="bbox 360 194 1713 268">
    <p class='ocr_par' dir='ltr' id='par_1_1' title="bbox 360 194 1713 268">
     <span class='ocr_line' id='line_1_1' title="bbox 360 194 1713 268; baseline 0.004 -17"><span class='ocrx_word' id='word_1_1' title='bbox 360 195 501 253; x_wconf 76' lang='lat' dir='ltr'><strong>elatee.</strong></span> <span class='ocrx_word' id='word_1_2' title='bbox 523 194 629 255; x_wconf 75' lang='lat' dir='ltr'><strong>turult</strong></span> <span class='ocrx_word' id='word_1_3' title='bbox 649 196 865 268; x_wconf 80' lang='lat' dir='ltr'><strong>rflrtosortt,</strong></span> <span class='ocrx_word' id='word_1_4' title='bbox 885 196 1032 257; x_wconf 78' lang='lat' dir='ltr'>JUDAEUM</span> <span class='ocrx_word' id='word_1_5' title='bbox 1052 198 1096 255; x_wconf 76' lang='lat' dir='ltr'><strong>ET</strong></span> <span class='ocrx_word' id='word_1_6' title='bbox 1115 197 1313 256; x_wconf 80' lang='lat' dir='ltr'><strong>crtntsrratt.</strong></span> <span class='ocrx_word' id='word_1_7' title='bbox 1644 202 1713 258; x_wconf 72' lang='lat' dir='ltr'><strong>lbii</strong></span> 
     </span>
    </p>
   </div>
   <div class='ocr_carea' id='block_1_2' title="bbox 78 324 1769 5558">
    <p class='ocr_par' dir='ltr' id='par_1_2' title="bbox 78 324 1769 5558">
     <span class='ocr_line' id='line_1_2' title="bbox 79 324 1715 401; baseline 0.004 -21"><span class='ocrx_word' id='word_1_8' title='bbox 79 333 87 380; x_wconf 93' lang='lat' dir='ltr'><strong>t</strong></span> <span class='ocrx_word' id='word_1_9' title='bbox 106 325 141 382; x_wconf 90' lang='lat' dir='ltr'><strong>de</strong></span> <span class='ocrx_word' id='word_1_10' title='bbox 155 333 307 401; x_wconf 76' lang='lat' dir='ltr'>peccatore</span> <span class='ocrx_word' id='word_1_11' title='bbox 331 324 487 397; x_wconf 87' lang='lat' dir='ltr'><strong>poeniteuto</strong></span> <span class='ocrx_word' id='word_1_12' title='bbox 515 325 654 396; x_wconf 90' lang='lat' dir='ltr'><strong>scriptum</strong></span> <span class='ocrx_word' id='word_1_13' title='bbox 680 324 813 383; x_wconf 88' lang='lat' dir='ltr'><strong>bebetis:</strong></span> <span class='ocrx_word' id='word_1_14' title='bbox 829 330 853 382; x_wconf 75' lang='lat' dir='ltr'>A</span> <span class='ocrx_word' id='word_1_15' title='bbox 868 325 964 393; x_wconf 86' lang='lat' dir='ltr'><strong>ciunt,</strong></span> <span class='ocrx_word' id='word_1_16' title='bbox 978 325 1122 382; x_wconf 80' lang='lat' dir='ltr'><strong>immundi</strong></span> <span class='ocrx_word' id='word_1_17' title='bbox 1138 326 1271 383; x_wconf 89' lang='lat' dir='ltr'><strong>similiter</strong></span> <span class='ocrx_word' id='word_1_18' title='bbox 1300 328 1508 396; x_wconf 88' lang='lat' dir='ltr'><strong>decernuntur,</strong></span> <span class='ocrx_word' id='word_1_19' title='bbox 1529 329 1600 399; x_wconf 90' lang='lat' dir='ltr'><strong>qula</strong></span> <span class='ocrx_word' id='word_1_20' title='bbox 1628 331 1657 386; x_wconf 91' lang='lat' dir='ltr'><strong>iu</strong></span> <span class='ocrx_word' id='word_1_21' title='bbox 1672 330 1715 387; x_wconf 86' lang='lat' dir='ltr'><strong>ia·</strong></span> 
     </span>
     <span class='ocr_line' id='line_1_3' title="bbox 80 414 1714 488; baseline 0.004 -19"><span class='ocrx_word' id='word_1_22' title='bbox 80 419 136 469; x_wconf 87' lang='lat' dir='ltr'><strong>iam</strong></span> <span class='ocrx_word' id='word_1_23' title='bbox 164 417 217 469; x_wconf 77' lang='lat' dir='ltr'><strong>lieo</strong></span> <span class='ocrx_word' id='word_1_24' title='bbox 250 417 371 484; x_wconf 63' lang='lat' dir='ltr'><strong>“spiritus</strong></span> <span class='ocrx_word' id='word_1_25' title='bbox 401 414 607 483; x_wconf 84' lang='lat' dir='ltr'><strong>contribulatas,</strong></span> <span class='ocrx_word' id='word_1_26' title='bbox 636 422 689 471; x_wconf 89' lang='lat' dir='ltr'><strong>etc.</strong></span> <span class='ocrx_word' id='word_1_27' title='bbox 728 415 811 484; x_wconf 83' lang='lat' dir='ltr'><strong>(Psoi.</strong></span> <span class='ocrx_word' id='word_1_28' title='bbox 868 415 1714 488; x_wconf 80' lang='lat' dir='ltr'><strong>miliaritateconversationisvitandiusqueadpriellxum</strong></span> 
     </span>
     <span class='ocr_line' id='line_1_4' title="bbox 79 503 1716 574; baseline 0.002 -13"><span class='ocrx_word' id='word_1_29' title='bbox 79 513 101 561; x_wconf 83' lang='lat' dir='ltr'><strong>et</strong></span> <span class='ocrx_word' id='word_1_30' title='bbox 125 518 268 562; x_wconf 85' lang='lat' dir='ltr'><strong>rrtrsum:</strong></span> <span class='ocrx_word' id='word_1_31' title='bbox 299 505 389 561; x_wconf 82' lang='lat' dir='ltr'><strong>Dici:</strong></span> <span class='ocrx_word' id='word_1_32' title='bbox 419 503 569 574; x_wconf 76' lang='lat' dir='ltr'><strong>eorrptrbor</strong></span> <span class='ocrx_word' id='word_1_33' title='bbox 596 504 741 558; x_wconf 86' lang='lat' dir='ltr'><strong>aduersam</strong></span> <span class='ocrx_word' id='word_1_34' title='bbox 761 520 811 570; x_wconf 85' lang='lat' dir='ltr'><strong>me,</strong></span> <span class='ocrx_word' id='word_1_35' title='bbox 868 503 1079 574; x_wconf 74' lang='lat' dir='ltr'><strong>purificationis</strong></span> <span class='ocrx_word' id='word_1_36' title='bbox 1113 504 1279 559; x_wconf 90' lang='lat' dir='ltr'><strong>terminum.</strong></span> <span class='ocrx_word' id='word_1_37' title='bbox 1307 505 1376 569; x_wconf 85' lang='lat' dir='ltr'><strong>Quae</strong></span> <span class='ocrx_word' id='word_1_38' title='bbox 1394 506 1716 566; x_wconf 79' lang='lat' dir='ltr'><strong>veroinauifostasunt</strong></span> 
     </span>
     <span class='ocr_line' id='line_1_5' title="bbox 79 593 1714 662; baseline 0.003 -14"><span class='ocrx_word' id='word_1_39' title='bbox 79 597 132 649; x_wconf 88' lang='lat' dir='ltr'><strong>iam</strong></span> <span class='ocrx_word' id='word_1_40' title='bbox 163 610 249 648; x_wconf 85' lang='lat' dir='ltr'><strong>meam</strong></span> <span class='ocrx_word' id='word_1_41' title='bbox 279 597 404 661; x_wconf 67' lang='lat' dir='ltr'><strong>Domino,</strong></span> <span class='ocrx_word' id='word_1_42' title='bbox 428 599 453 648; x_wconf 88' lang='lat' dir='ltr'><strong>et</strong></span> <span class='ocrx_word' id='word_1_43' title='bbox 476 597 506 646; x_wconf 86' lang='grc' dir='ltr'><strong>ιιι</strong></span> <span class='ocrx_word' id='word_1_44' title='bbox 536 594 668 648; x_wconf 87' lang='lat' dir='ltr'><strong>remisisti</strong></span> <span class='ocrx_word' id='word_1_45' title='bbox 682 595 813 662; x_wconf 84' lang='lat' dir='ltr'><strong>impietu—</strong></span> <span class='ocrx_word' id='word_1_46' title='bbox 868 593 1285 662; x_wconf 87' lang='lat' dir='ltr'><strong>peccate,slcutbomicidium</strong></span> <span class='ocrx_word' id='word_1_47' title='bbox 1308 593 1353 649; x_wconf 87' lang='lat' dir='ltr'><strong>vel</strong></span> <span class='ocrx_word' id='word_1_48' title='bbox 1377 594 1552 651; x_wconf 87' lang='lat' dir='ltr'><strong>adulterium</strong></span> <span class='ocrx_word' id='word_1_49' title='bbox 1567 604 1594 651; x_wconf 91' lang='lat' dir='ltr'><strong>et</strong></span> <span class='ocrx_word' id='word_1_50' title='bbox 1607 596 1714 655; x_wconf 86' lang='lat' dir='ltr'><strong>similia</strong></span> 
     </span>
     <span class='ocr_line' id='line_1_6' title="bbox 81 680 1714 753; baseline 0.003 -17"><span class='ocrx_word' id='word_1_51' title='bbox 81 684 137 736; x_wconf 87' lang='lat' dir='ltr'><strong>cati</strong></span> <span class='ocrx_word' id='word_1_52' title='bbox 151 681 302 753; x_wconf 76' lang='lat' dir='ltr'><strong>meili’sat.</strong></span> <span class='ocrx_word' id='word_1_53' title='bbox 334 695 412 747; x_wconf 77' lang='lat' dir='ltr'><strong>xxxi,</strong></span> <span class='ocrx_word' id='word_1_54' title='bbox 438 682 475 750; x_wconf 78' lang='grc'><strong>5).</strong></span> <span class='ocrx_word' id='word_1_55' title='bbox 510 683 581 738; x_wconf 85' lang='grc' dir='ltr'>Ειιι</span> <span class='ocrx_word' id='word_1_56' title='bbox 605 682 749 753; x_wconf 89' lang='lat' dir='ltr'><strong>quomedo</strong></span> <span class='ocrx_word' id='word_1_57' title='bbox 769 696 812 738; x_wconf 90' lang='lat' dir='ltr'><strong>sa·</strong></span> <span class='ocrx_word' id='word_1_58' title='bbox 868 680 1068 749; x_wconf 90' lang='lat' dir='ltr'><strong>merteputius</strong></span> <span class='ocrx_word' id='word_1_59' title='bbox 1092 680 1257 736; x_wconf 71' lang='lat' dir='ltr'><strong>multantur</strong></span> <span class='ocrx_word' id='word_1_60' title='bbox 1281 681 1714 753; x_wconf 85' lang='lat' dir='ltr'><strong>quamsacrlllciisexpiautur‚</strong></span> 
     </span>
     <span class='ocr_line' id='line_1_7' title="bbox 83 769 1714 842; baseline 0.002 -15"><span class='ocrx_word' id='word_1_61' title='bbox 83 787 109 827; x_wconf 92' lang='lat' dir='ltr'><strong>m</strong></span> <span class='ocrx_word' id='word_1_62' title='bbox 128 773 180 827; x_wconf 86' lang='lat' dir='ltr'><strong>hoc</strong></span> <span class='ocrx_word' id='word_1_63' title='bbox 204 770 320 827; x_wconf 88' lang='lat' dir='ltr'><strong>contriti</strong></span> <span class='ocrx_word' id='word_1_64' title='bbox 334 770 429 826; x_wconf 86' lang='lat' dir='ltr'><strong>cardis</strong></span> <span class='ocrx_word' id='word_1_65' title='bbox 453 772 646 838; x_wconf 90' lang='lat' dir='ltr'><strong>commendat,</strong></span> <span class='ocrx_word' id='word_1_66' title='bbox 665 772 717 842; x_wconf 91' lang='lat' dir='ltr'><strong>qui</strong></span> <span class='ocrx_word' id='word_1_67' title='bbox 743 770 813 826; x_wconf 92' lang='lat' dir='ltr'><strong>illud</strong></span> <span class='ocrx_word' id='word_1_68' title='bbox 869 783 921 824; x_wconf 90' lang='lat' dir='ltr'><strong>nec</strong></span> <span class='ocrx_word' id='word_1_69' title='bbox 935 769 1087 825; x_wconf 87' lang='lat' dir='ltr'><strong>eistalium</strong></span> <span class='ocrx_word' id='word_1_70' title='bbox 1106 769 1341 839; x_wconf 83' lang='lat' dir='ltr'><strong>purificationum</strong></span> <span class='ocrx_word' id='word_1_71' title='bbox 1358 770 1528 842; x_wconf 77' lang='lat' dir='ltr'><strong>indulgetur</strong></span> <span class='ocrx_word' id='word_1_72' title='bbox 1543 773 1714 841; x_wconf 89' lang='lat' dir='ltr'><strong>remedium,</strong></span> 
     </span>
     <span class='ocr_line' id='line_1_8' title="bbox 79 857 1716 930; baseline 0 -13"><span class='ocrx_word' id='word_1_73' title='bbox 79 861 229 917; x_wconf 90' lang='lat' dir='ltr'><strong>somnino</strong></span> <span class='ocrx_word' id='word_1_74' title='bbox 247 860 315 915; x_wconf 92' lang='lat' dir='ltr'><strong>alibi</strong></span> <span class='ocrx_word' id='word_1_75' title='bbox 333 860 466 929; x_wconf 81' lang='lat' dir='ltr'><strong>reprobat</strong></span> <span class='ocrx_word' id='word_1_76' title='bbox 490 874 525 914; x_wconf 86' lang='lat' dir='ltr'><strong>ex</strong></span> <span class='ocrx_word' id='word_1_77' title='bbox 555 874 678 930; x_wconf 88' lang='lat' dir='ltr'><strong>persona</strong></span> <span class='ocrx_word' id='word_1_78' title='bbox 701 858 814 914; x_wconf 84' lang='lat' dir='ltr'><strong>bomini</strong></span> <span class='ocrx_word' id='word_1_79' title='bbox 869 857 978 928; x_wconf 91' lang='lat' dir='ltr'><strong>quibus</strong></span> <span class='ocrx_word' id='word_1_80' title='bbox 1007 858 1122 926; x_wconf 79' lang='lat' dir='ltr'><strong>saivari,</strong></span> <span class='ocrx_word' id='word_1_81' title='bbox 1149 858 1200 930; x_wconf 92' lang='lat' dir='ltr'><strong>qui</strong></span> <span class='ocrx_word' id='word_1_82' title='bbox 1231 872 1264 914; x_wconf 87' lang='lat' dir='ltr'><strong>ea</strong></span> <span class='ocrx_word' id='word_1_83' title='bbox 1286 859 1502 927; x_wconf 88' lang='lat' dir='ltr'><strong>commiserunt,</strong></span> <span class='ocrx_word' id='word_1_84' title='bbox 1533 861 1716 918; x_wconf 79' lang='lat' dir='ltr'><strong>valeantlix</strong></span> 
     </span>
     <span class='ocr_line' id='line_1_9' title="bbox 79 946 1715 1019; baseline 0.001 -15"><span class='ocrx_word' id='word_1_85' title='bbox 79 952 163 1007; x_wconf 82' lang='lat' dir='ltr'><strong>:Noa</strong></span> <span class='ocrx_word' id='word_1_86' title='bbox 181 949 364 1019; x_wconf 79' lang='lat' dir='ltr'><strong>accipiundo</strong></span> <span class='ocrx_word' id='word_1_87' title='bbox 388 949 529 1003; x_wconf 77' lang='lat' dir='ltr'><strong>demotos</strong></span> <span class='ocrx_word' id='word_1_88' title='bbox 550 951 661 1015; x_wconf 86' lang='lat' dir='ltr'><strong>vitatos,</strong></span> <span class='ocrx_word' id='word_1_89' title='bbox 682 948 815 1019; x_wconf 85' lang='lat' dir='ltr'><strong>aeqaede</strong></span> <span class='ocrx_word' id='word_1_90' title='bbox 869 960 928 1016; x_wconf 92' lang='lat' dir='ltr'><strong>quo</strong></span> <span class='ocrx_word' id='word_1_91' title='bbox 957 946 1050 1018; x_wconf 78' lang='lat' dir='ltr'><strong>magis</strong></span> <span class='ocrx_word' id='word_1_92' title='bbox 1081 948 1132 1003; x_wconf 88' lang='lat' dir='ltr'><strong>bas</strong></span> <span class='ocrx_word' id='word_1_93' title='bbox 1156 947 1371 1017; x_wconf 79' lang='lat' dir='ltr'><strong>purificationes</strong></span> <span class='ocrx_word' id='word_1_94' title='bbox 1398 949 1434 1003; x_wconf 87' lang='lat' dir='ltr'><strong>ad</strong></span> <span class='ocrx_word' id='word_1_95' title='bbox 1461 950 1619 1018; x_wconf 91' lang='lat' dir='ltr'><strong>quamdam</strong></span> <span class='ocrx_word' id='word_1_96' title='bbox 1649 950 1715 1007; x_wconf 85' lang='lat' dir='ltr'><strong>vitae</strong></span> 
     </span>
     <span class='ocr_line' id='line_1_10' title="bbox 79 1035 1718 1107; baseline 0.002 -14"><span class='ocrx_word' id='word_1_97' title='bbox 79 1054 94 1093; x_wconf 80' lang='lat' dir='ltr'><strong>:s</strong></span> <span class='ocrx_word' id='word_1_98' title='bbox 124 1041 179 1091; x_wconf 85' lang='lat' dir='ltr'><strong>tois</strong></span> <span class='ocrx_word' id='word_1_99' title='bbox 207 1040 306 1092; x_wconf 80' lang='lat' dir='ltr'><strong>birros.</strong></span> <span class='ocrx_word' id='word_1_100' title='bbox 338 1039 369 1094; x_wconf 89' lang='lat' dir='ltr'><strong>Si</strong></span> <span class='ocrx_word' id='word_1_101' title='bbox 395 1040 513 1093; x_wconf 77' lang='lat' dir='ltr'><strong>esuriero</strong></span> <span class='ocrx_word' id='word_1_102' title='bbox 536 1053 590 1093; x_wconf 84' lang='lat' dir='ltr'><strong>aon</strong></span> <span class='ocrx_word' id='word_1_103' title='bbox 627 1038 717 1092; x_wconf 85' lang='lat' dir='ltr'><strong>dicam</strong></span> <span class='ocrx_word' id='word_1_104' title='bbox 745 1037 813 1095; x_wconf 84' lang='lat' dir='ltr'><strong>tibi:</strong></span> <span class='ocrx_word' id='word_1_105' title='bbox 869 1035 1017 1105; x_wconf 84' lang='lat' dir='ltr'><strong>praesentis</strong></span> <span class='ocrx_word' id='word_1_106' title='bbox 1037 1035 1223 1101; x_wconf 88' lang='lat' dir='ltr'><strong>honestatem,</strong></span> <span class='ocrx_word' id='word_1_107' title='bbox 1240 1050 1329 1107; x_wconf 89' lang='lat' dir='ltr'><strong>quam</strong></span> <span class='ocrx_word' id='word_1_108' title='bbox 1347 1037 1382 1093; x_wconf 90' lang='lat' dir='ltr'><strong>ad</strong></span> <span class='ocrx_word' id='word_1_109' title='bbox 1403 1038 1646 1095; x_wconf 83' lang='lat' dir='ltr'><strong>anirnaesalutem</strong></span> <span class='ocrx_word' id='word_1_110' title='bbox 1672 1039 1718 1096; x_wconf 90' lang='lat' dir='ltr'><strong>in·</strong></span> 
     </span>
     <span class='ocr_line' id='line_1_11' title="bbox 79 1123 1715 1196; baseline 0.002 -15"><span class='ocrx_word' id='word_1_111' title='bbox 79 1131 102 1181; x_wconf 84' lang='lat' dir='ltr'><strong>st</strong></span> <span class='ocrx_word' id='word_1_112' title='bbox 119 1131 191 1182; x_wconf 83' lang='lat' dir='ltr'><strong>enim</strong></span> <span class='ocrx_word' id='word_1_113' title='bbox 216 1128 290 1183; x_wconf 86' lang='lat' dir='ltr'><strong>orbis</strong></span> <span class='ocrx_word' id='word_1_114' title='bbox 311 1133 389 1182; x_wconf 82' lang='lat' dir='ltr'><strong>terrae</strong></span> <span class='ocrx_word' id='word_1_115' title='bbox 417 1132 443 1182; x_wconf 85' lang='lat' dir='ltr'><strong>et</strong></span> <span class='ocrx_word' id='word_1_116' title='bbox 470 1128 614 1196; x_wconf 85' lang='lat' dir='ltr'><strong>plenitudo</strong></span> <span class='ocrx_word' id='word_1_117' title='bbox 638 1127 709 1196; x_wconf 85' lang='lat' dir='ltr'><strong>ejus.</strong></span> <span class='ocrx_word' id='word_1_118' title='bbox 733 1129 814 1182; x_wconf 84' lang='lat' dir='ltr'><strong>Noa·</strong></span> <span class='ocrx_word' id='word_1_119' title='bbox 870 1123 981 1194; x_wconf 84' lang='lat' dir='ltr'><strong>telligas</strong></span> <span class='ocrx_word' id='word_1_120' title='bbox 1000 1124 1221 1180; x_wconf 88' lang='lat' dir='ltr'><strong>accommodari.</strong></span> <span class='ocrx_word' id='word_1_121' title='bbox 1241 1124 1353 1181; x_wconf 86' lang='lat' dir='ltr'><strong>Etcum</strong></span> <span class='ocrx_word' id='word_1_122' title='bbox 1365 1125 1466 1182; x_wconf 89' lang='lat' dir='ltr'><strong>talium</strong></span> <span class='ocrx_word' id='word_1_123' title='bbox 1482 1135 1597 1196; x_wconf 87' lang='lat' dir='ltr'><strong>peccata</strong></span> <span class='ocrx_word' id='word_1_124' title='bbox 1610 1129 1715 1186; x_wconf 89' lang='lat' dir='ltr'><strong>coude-</strong></span> 
     </span>
     <span class='ocr_line' id='line_1_12' title="bbox 79 1211 1712 1289; baseline 0.004 -20"><span class='ocrx_word' id='word_1_125' title='bbox 79 1216 218 1270; x_wconf 88' lang='lat' dir='ltr'><strong>aadaoabo</strong></span> <span class='ocrx_word' id='word_1_126' title='bbox 242 1230 337 1270; x_wconf 83' lang='lat' dir='ltr'><strong>earnes</strong></span> <span class='ocrx_word' id='word_1_127' title='bbox 360 1220 500 1270; x_wconf 85' lang='lat' dir='ltr'><strong>taurorum</strong></span> <span class='ocrx_word' id='word_1_128' title='bbox 520 1231 551 1269; x_wconf 89' lang='lat' dir='ltr'><strong>aa</strong></span> <span class='ocrx_word' id='word_1_129' title='bbox 581 1216 741 1283; x_wconf 83' lang='lat' dir='ltr'><strong>sanquinem</strong></span> <span class='ocrx_word' id='word_1_130' title='bbox 756 1215 815 1269; x_wconf 85' lang='lat' dir='ltr'><strong>btr·</strong></span> <span class='ocrx_word' id='word_1_131' title='bbox 869 1212 932 1267; x_wconf 93' lang='lat' dir='ltr'><strong>uari</strong></span> <span class='ocrx_word' id='word_1_132' title='bbox 961 1211 1102 1269; x_wconf 87' lang='lat' dir='ltr'><strong>dicuntur</strong></span> <span class='ocrx_word' id='word_1_133' title='bbox 1138 1227 1237 1283; x_wconf 81' lang='lat' dir='ltr'><strong>poeltas</strong></span> <span class='ocrx_word' id='word_1_134' title='bbox 1267 1213 1330 1270; x_wconf 91' lang='lat' dir='ltr'><strong>illas</strong></span> <span class='ocrx_word' id='word_1_135' title='bbox 1367 1216 1539 1284; x_wconf 71' lang='lat' dir='ltr'><strong>corporales</strong></span> <span class='ocrx_word' id='word_1_136' title='bbox 1568 1232 1634 1288; x_wconf 76' lang='lat' dir='ltr'><strong>quae</strong></span> <span class='ocrx_word' id='word_1_137' title='bbox 1660 1232 1712 1289; x_wconf 92' lang='lat' dir='ltr'><strong>pre</strong></span> 
     </span>
     <span class='ocr_line' id='line_1_13' title="bbox 86 1298 1715 1374; baseline 0.003 -16"><span class='ocrx_word' id='word_1_138' title='bbox 86 1304 194 1374; x_wconf 83' lang='lat' dir='ltr'><strong>potabo.</strong></span> <span class='ocrx_word' id='word_1_139' title='bbox 232 1302 349 1358; x_wconf 85' lang='lat' dir='ltr'><strong>Immolo</strong></span> <span class='ocrx_word' id='word_1_140' title='bbox 376 1306 429 1358; x_wconf 85' lang='lat' dir='ltr'><strong>Deo</strong></span> <span class='ocrx_word' id='word_1_141' title='bbox 447 1300 624 1373; x_wconf 72' lang='lat' dir='ltr'><strong>&#39;sacrificiunt</strong></span> <span class='ocrx_word' id='word_1_142' title='bbox 660 1303 761 1372; x_wconf 81' lang='lat' dir='ltr'><strong>laudis,</strong></span> <span class='ocrx_word' id='word_1_143' title='bbox 791 1308 816 1358; x_wconf 87' lang='lat' dir='ltr'><strong>et</strong></span> <span class='ocrx_word' id='word_1_144' title='bbox 870 1298 1180 1370; x_wconf 82' lang='lat' dir='ltr'><strong>ipsisiustitutaesunt,</strong></span> <span class='ocrx_word' id='word_1_145' title='bbox 1197 1301 1253 1369; x_wconf 87' lang='lat' dir='ltr'><strong>bis,</strong></span> <span class='ocrx_word' id='word_1_146' title='bbox 1269 1303 1715 1374; x_wconf 82' lang='lat' dir='ltr'><strong>quiacunversieueeommuni</strong></span> 
     </span>
     <span class='ocr_line' id='line_1_14' title="bbox 79 1389 1716 1465; baseline 0.002 -18"><span class='ocrx_word' id='word_1_147' title='bbox 79 1393 209 1448; x_wconf 87' lang='lat' dir='ltr'><strong>lltissimo</strong></span> <span class='ocrx_word' id='word_1_148' title='bbox 231 1393 273 1465; x_wconf 79' lang='lat' dir='ltr'><strong>(lt</strong></span> <span class='ocrx_word' id='word_1_149' title='bbox 292 1391 336 1462; x_wconf 88' lang='lat' dir='ltr'><strong>v.)</strong></span> <span class='ocrx_word' id='word_1_150' title='bbox 352 1397 414 1446; x_wconf 87' lang='lat' dir='ltr'><strong>eota</strong></span> <span class='ocrx_word' id='word_1_151' title='bbox 428 1398 477 1447; x_wconf 84' lang='lat' dir='ltr'><strong>tua</strong></span> <span class='ocrx_word' id='word_1_152' title='bbox 492 1397 518 1446; x_wconf 87' lang='lat' dir='ltr'><strong>et</strong></span> <span class='ocrx_word' id='word_1_153' title='bbox 536 1393 633 1446; x_wconf 83' lang='lat' dir='ltr'><strong>invoca</strong></span> <span class='ocrx_word' id='word_1_154' title='bbox 661 1407 703 1445; x_wconf 86' lang='lat' dir='ltr'><strong>raa</strong></span> <span class='ocrx_word' id='word_1_155' title='bbox 724 1391 755 1443; x_wconf 89' lang='lat' dir='ltr'><strong>ia</strong></span> <span class='ocrx_word' id='word_1_156' title='bbox 772 1389 816 1444; x_wconf 87' lang='lat' dir='ltr'><strong>die</strong></span> <span class='ocrx_word' id='word_1_157' title='bbox 870 1395 1053 1458; x_wconf 89' lang='lat' dir='ltr'><strong>separantur,</strong></span> <span class='ocrx_word' id='word_1_158' title='bbox 1070 1389 1197 1445; x_wconf 82' lang='lat' dir='ltr'><strong>relaxari</strong></span> <span class='ocrx_word' id='word_1_159' title='bbox 1211 1399 1330 1447; x_wconf 90' lang='lat' dir='ltr'><strong>constat.</strong></span> <span class='ocrx_word' id='word_1_160' title='bbox 1343 1393 1482 1464; x_wconf 84' lang='lat' dir='ltr'><strong>Nunquid</strong></span> <span class='ocrx_word' id='word_1_161' title='bbox 1501 1395 1578 1449; x_wconf 89' lang='lat' dir='ltr'><strong>enim</strong></span> <span class='ocrx_word' id='word_1_162' title='bbox 1593 1401 1620 1450; x_wconf 91' lang='lat' dir='ltr'><strong>et</strong></span> <span class='ocrx_word' id='word_1_163' title='bbox 1635 1396 1716 1452; x_wconf 88' lang='lat' dir='ltr'><strong>aliud</strong></span> 
     </span>
     <span class='ocr_line' id='line_1_15' title="bbox 78 1476 1715 1555; baseline 0.002 -17"><span class='ocrx_word' id='word_1_164' title='bbox 78 1490 128 1550; x_wconf 86' lang='lat' dir='ltr'><strong>tc,</strong></span> <span class='ocrx_word' id='word_1_165' title='bbox 154 1481 352 1549; x_wconf 75' lang='lat' dir='ltr'><strong>tribulationis,</strong></span> <span class='ocrx_word' id='word_1_166' title='bbox 374 1497 467 1536; x_wconf 80' lang='lat' dir='ltr'><strong>auom</strong></span> <span class='ocrx_word' id='word_1_167' title='bbox 491 1486 515 1535; x_wconf 87' lang='lat' dir='ltr'><strong>te</strong></span> <span class='ocrx_word' id='word_1_168' title='bbox 530 1485 556 1535; x_wconf 89' lang='lat' dir='ltr'><strong>et</strong></span> <span class='ocrx_word' id='word_1_169' title='bbox 573 1478 815 1549; x_wconf 63' lang='lat' dir='ltr'><strong>bononicabismc</strong></span> <span class='ocrx_word' id='word_1_170' title='bbox 872 1476 1090 1548; x_wconf 77' lang='lat' dir='ltr'><strong>intelligendum</strong></span> <span class='ocrx_word' id='word_1_171' title='bbox 1105 1487 1147 1534; x_wconf 90' lang='lat' dir='ltr'><strong>est</strong></span> <span class='ocrx_word' id='word_1_172' title='bbox 1176 1487 1326 1549; x_wconf 86' lang='lat' dir='ltr'><strong>peceatum</strong></span> <span class='ocrx_word' id='word_1_173' title='bbox 1355 1482 1523 1552; x_wconf 91' lang='lat' dir='ltr'><strong>condonari,</strong></span> <span class='ocrx_word' id='word_1_174' title='bbox 1548 1497 1636 1554; x_wconf 88' lang='lat' dir='ltr'><strong>quam</strong></span> <span class='ocrx_word' id='word_1_175' title='bbox 1656 1499 1715 1555; x_wconf 86' lang='lat' dir='ltr'><strong>poe·</strong></span> 
     </span>
     <span class='ocr_line' id='line_1_16' title="bbox 79 1566 1716 1647; baseline 0.002 -21"><span class='ocrx_word' id='word_1_176' title='bbox 79 1571 246 1642; x_wconf 62' lang='lat' dir='ltr'><strong>imme-li).</strong></span> <span class='ocrx_word' id='word_1_177' title='bbox 272 1569 371 1628; x_wconf 88' lang='lat' dir='ltr'><strong>Cordis</strong></span> <span class='ocrx_word' id='word_1_178' title='bbox 399 1569 586 1638; x_wconf 89' lang='lat' dir='ltr'><strong>sacrillcium,</strong></span> <span class='ocrx_word' id='word_1_179' title='bbox 618 1583 675 1624; x_wconf 93' lang='lat' dir='ltr'><strong>uon</strong></span> <span class='ocrx_word' id='word_1_180' title='bbox 702 1568 813 1623; x_wconf 92' lang='lat' dir='ltr'><strong>auima-</strong></span> <span class='ocrx_word' id='word_1_181' title='bbox 871 1579 940 1622; x_wconf 87' lang='lat' dir='ltr'><strong>nam</strong></span> <span class='ocrx_word' id='word_1_182' title='bbox 960 1567 986 1623; x_wconf 89' lang='lat' dir='ltr'><strong>ei</strong></span> <span class='ocrx_word' id='word_1_183' title='bbox 1012 1566 1140 1623; x_wconf 89' lang='lat' dir='ltr'><strong>debitam</strong></span> <span class='ocrx_word' id='word_1_184' title='bbox 1162 1567 1297 1647; x_wconf 83' lang='lat' dir='ltr'><strong>relaxari,</strong></span> <span class='ocrx_word' id='word_1_185' title='bbox 1328 1571 1388 1626; x_wconf 84' lang='lat' dir='ltr'><strong>sire</strong></span> <span class='ocrx_word' id='word_1_186' title='bbox 1416 1570 1465 1626; x_wconf 88' lang='lat' dir='ltr'><strong>illa</strong></span> <span class='ocrx_word' id='word_1_187' title='bbox 1492 1570 1528 1627; x_wconf 91' lang='lat' dir='ltr'><strong>sit</strong></span> <span class='ocrx_word' id='word_1_188' title='bbox 1557 1573 1716 1644; x_wconf 89' lang='lat' dir='ltr'><strong>corporatis</strong></span> 
     </span>
     <span class='ocr_line' id='line_1_17' title="bbox 79 1654 1716 1726; baseline 0.001 -9"><span class='ocrx_word' id='word_1_189' title='bbox 79 1663 148 1717; x_wconf 84' lang='lat' dir='ltr'><strong>surlt</strong></span> <span class='ocrx_word' id='word_1_190' title='bbox 168 1661 316 1725; x_wconf 83' lang='lat' dir='ltr'><strong>Dominus,</strong></span> <span class='ocrx_word' id='word_1_191' title='bbox 331 1667 359 1715; x_wconf 90' lang='grc' dir='ltr'><strong>ιι</strong></span> <span class='ocrx_word' id='word_1_192' title='bbox 380 1659 426 1715; x_wconf 91' lang='lat' dir='ltr'><strong>illo</strong></span> <span class='ocrx_word' id='word_1_193' title='bbox 447 1657 584 1726; x_wconf 80' lang='lat' dir='ltr'><strong>relicitur,</strong></span> <span class='ocrx_word' id='word_1_194' title='bbox 604 1665 632 1714; x_wconf 91' lang='lat' dir='ltr'><strong>et</strong></span> <span class='ocrx_word' id='word_1_195' title='bbox 659 1671 725 1713; x_wconf 92' lang='lat' dir='ltr'><strong>cum</strong></span> <span class='ocrx_word' id='word_1_196' title='bbox 739 1654 816 1712; x_wconf 90' lang='lat' dir='ltr'><strong>istud</strong></span> <span class='ocrx_word' id='word_1_197' title='bbox 871 1654 931 1710; x_wconf 91' lang='lat' dir='ltr'><strong>sive</strong></span> <span class='ocrx_word' id='word_1_198' title='bbox 957 1665 1105 1725; x_wconf 88' lang='lat' dir='ltr'><strong>perpetua.</strong></span> <span class='ocrx_word' id='word_1_199' title='bbox 1136 1657 1248 1713; x_wconf 79' lang='lat' dir='ltr'><strong>Animae</strong></span> <span class='ocrx_word' id='word_1_200' title='bbox 1265 1673 1333 1716; x_wconf 89' lang='lat' dir='ltr'><strong>vero</strong></span> <span class='ocrx_word' id='word_1_201' title='bbox 1353 1667 1451 1715; x_wconf 90' lang='lat' dir='ltr'><strong>reatus</strong></span> <span class='ocrx_word' id='word_1_202' title='bbox 1469 1660 1545 1716; x_wconf 89' lang='lat' dir='ltr'><strong>sicut</strong></span> <span class='ocrx_word' id='word_1_203' title='bbox 1567 1663 1716 1719; x_wconf 88' lang='lat' dir='ltr'><strong>voluntate</strong></span> 
     </span>
     <span class='ocr_line' id='line_1_18' title="bbox 79 1743 1715 1819; baseline 0.006 -21"><span class='ocrx_word' id='word_1_204' title='bbox 79 1787 90 1814; x_wconf 90' lang='lat'><strong>,</strong></span> <span class='ocrx_word' id='word_1_205' title='bbox 109 1745 180 1802; x_wconf 93' lang='lat' dir='ltr'><strong>illud</strong></span> <span class='ocrx_word' id='word_1_206' title='bbox 197 1760 252 1802; x_wconf 92' lang='lat' dir='ltr'><strong>uon</strong></span> <span class='ocrx_word' id='word_1_207' title='bbox 270 1746 384 1816; x_wconf 77' lang='lat' dir='ltr'><strong>querit,</strong></span> <span class='ocrx_word' id='word_1_208' title='bbox 405 1753 511 1801; x_wconf 90' lang='lat' dir='ltr'><strong>etcum</strong></span> <span class='ocrx_word' id='word_1_209' title='bbox 527 1743 603 1800; x_wconf 89' lang='lat' dir='ltr'><strong>istud</strong></span> <span class='ocrx_word' id='word_1_210' title='bbox 619 1758 677 1799; x_wconf 91' lang='lat' dir='ltr'><strong>uon</strong></span> <span class='ocrx_word' id='word_1_211' title='bbox 694 1743 814 1809; x_wconf 88' lang='lat' dir='ltr'><strong>invenit,</strong></span> <span class='ocrx_word' id='word_1_212' title='bbox 872 1743 963 1815; x_wconf 89' lang='lat' dir='ltr'><strong>ipsius</strong></span> <span class='ocrx_word' id='word_1_213' title='bbox 978 1744 1169 1801; x_wconf 78' lang='lat' dir='ltr'><strong>committitur</strong></span> <span class='ocrx_word' id='word_1_214' title='bbox 1195 1760 1247 1816; x_wconf 92' lang='lat' dir='ltr'><strong>per</strong></span> <span class='ocrx_word' id='word_1_215' title='bbox 1260 1747 1324 1819; x_wconf 81' lang='lat' dir='ltr'><strong>ejus</strong></span> <span class='ocrx_word' id='word_1_216' title='bbox 1352 1762 1402 1804; x_wconf 88' lang='lat' dir='ltr'><strong>cer</strong></span> <span class='ocrx_word' id='word_1_217' title='bbox 1425 1749 1582 1806; x_wconf 89' lang='lat' dir='ltr'><strong>contritum</strong></span> <span class='ocrx_word' id='word_1_218' title='bbox 1611 1765 1644 1807; x_wconf 88' lang='lat' dir='ltr'><strong>ac</strong></span> <span class='ocrx_word' id='word_1_219' title='bbox 1665 1765 1715 1808; x_wconf 87' lang='lat' dir='ltr'><strong>ve-</strong></span> 
     </span>
     <span class='ocr_line' id='line_1_19' title="bbox 79 1832 1716 1908; baseline 0.002 -17"><span class='ocrx_word' id='word_1_220' title='bbox 79 1833 340 1905; x_wconf 88' lang='lat' dir='ltr'><strong>nniuosuperlluit,</strong></span> <span class='ocrx_word' id='word_1_221' title='bbox 353 1841 507 1905; x_wconf 89' lang='lat' dir='ltr'><strong>quantum,</strong></span> <span class='ocrx_word' id='word_1_222' title='bbox 521 1832 652 1904; x_wconf 88' lang='lat' dir='ltr'><strong>iuquam,</strong></span> <span class='ocrx_word' id='word_1_223' title='bbox 665 1832 700 1887; x_wconf 88' lang='lat' dir='ltr'><strong>ad</strong></span> <span class='ocrx_word' id='word_1_224' title='bbox 712 1833 817 1887; x_wconf 78' lang='lat' dir='ltr'><strong>animae</strong></span> <span class='ocrx_word' id='word_1_225' title='bbox 871 1846 933 1889; x_wconf 87' lang='lat' dir='ltr'><strong>ram</strong></span> <span class='ocrx_word' id='word_1_226' title='bbox 953 1835 1129 1904; x_wconf 82' lang='lat' dir='ltr'><strong>preniteutlae</strong></span> <span class='ocrx_word' id='word_1_227' title='bbox 1144 1836 1397 1905; x_wconf 81' lang='lat' dir='ltr'><strong>compunctionem</strong></span> <span class='ocrx_word' id='word_1_228' title='bbox 1414 1835 1459 1908; x_wconf 80' lang='grc' dir='ltr'>(ιιι</span> <span class='ocrx_word' id='word_1_229' title='bbox 1483 1837 1526 1906; x_wconf 88' lang='lat' dir='ltr'><strong>ll.)</strong></span> <span class='ocrx_word' id='word_1_230' title='bbox 1552 1841 1646 1895; x_wconf 87' lang='lat' dir='ltr'><strong>statim</strong></span> <span class='ocrx_word' id='word_1_231' title='bbox 1677 1841 1716 1897; x_wconf 93' lang='lat' dir='ltr'><strong>ita</strong></span> 
     </span>
     <span class='ocr_line' id='line_1_20' title="bbox 79 1920 1715 1994; baseline 0.003 -15"><span class='ocrx_word' id='word_1_232' title='bbox 79 1923 214 1991; x_wconf 90' lang='lat' dir='ltr'><strong>ationem,</strong></span> <span class='ocrx_word' id='word_1_233' title='bbox 233 1937 290 1980; x_wconf 84' lang='lat' dir='ltr'><strong>non</strong></span> <span class='ocrx_word' id='word_1_234' title='bbox 311 1924 347 1979; x_wconf 91' lang='lat' dir='ltr'><strong>ad</strong></span> <span class='ocrx_word' id='word_1_235' title='bbox 372 1922 510 1994; x_wconf 82' lang='lat' dir='ltr'><strong>legalium</strong></span> <span class='ocrx_word' id='word_1_236' title='bbox 526 1936 676 1992; x_wconf 85' lang='lat' dir='ltr'><strong>poeuarum</strong></span> <span class='ocrx_word' id='word_1_237' title='bbox 693 1920 816 1977; x_wconf 91' lang='lat' dir='ltr'><strong>circum·</strong></span> <span class='ocrx_word' id='word_1_238' title='bbox 870 1923 1061 1988; x_wconf 70' lang='lat' dir='ltr'><strong>condonatur,</strong></span> <span class='ocrx_word' id='word_1_239' title='bbox 1078 1931 1111 1978; x_wconf 91' lang='lat' dir='ltr'><strong>ut</strong></span> <span class='ocrx_word' id='word_1_240' title='bbox 1127 1924 1248 1979; x_wconf 88' lang='lat' dir='ltr'><strong>ulterius</strong></span> <span class='ocrx_word' id='word_1_241' title='bbox 1271 1939 1322 1994; x_wconf 92' lang='lat' dir='ltr'><strong>pre</strong></span> <span class='ocrx_word' id='word_1_242' title='bbox 1335 1925 1396 1994; x_wconf 92' lang='lat' dir='ltr'><strong>ipsa</strong></span> <span class='ocrx_word' id='word_1_243' title='bbox 1413 1925 1580 1983; x_wconf 89' lang='lat' dir='ltr'><strong>nullatenus</strong></span> <span class='ocrx_word' id='word_1_244' title='bbox 1596 1928 1715 1985; x_wconf 85' lang='lat' dir='ltr'><strong>damne-</strong></span> 
     </span>
     <span class='ocr_line' id='line_1_21' title="bbox 78 2010 1716 2084; baseline 0.003 -17"><span class='ocrx_word' id='word_1_245' title='bbox 78 2028 114 2080; x_wconf 88' lang='grc' dir='ltr'>ιιι,</span> <span class='ocrx_word' id='word_1_246' title='bbox 132 2013 291 2068; x_wconf 89' lang='lat' dir='ltr'><strong>secundum</strong></span> <span class='ocrx_word' id='word_1_247' title='bbox 316 2026 390 2083; x_wconf 90' lang='lat' dir='ltr'><strong>quas</strong></span> <span class='ocrx_word' id='word_1_248' title='bbox 407 2019 501 2067; x_wconf 92' lang='lat' dir='ltr'><strong>tamen</strong></span> <span class='ocrx_word' id='word_1_249' title='bbox 520 2019 634 2080; x_wconf 90' lang='lat' dir='ltr'><strong>peccata</strong></span> <span class='ocrx_word' id='word_1_250' title='bbox 650 2012 733 2067; x_wconf 86' lang='lat' dir='ltr'><strong>vobis</strong></span> <span class='ocrx_word' id='word_1_251' title='bbox 748 2024 816 2065; x_wconf 93' lang='lat' dir='ltr'><strong>cou-</strong></span> <span class='ocrx_word' id='word_1_252' title='bbox 870 2016 928 2073; x_wconf 89' lang='lat' dir='ltr'><strong>tur,</strong></span> <span class='ocrx_word' id='word_1_253' title='bbox 952 2010 1028 2066; x_wconf 93' lang='lat' dir='ltr'><strong>sicut</strong></span> <span class='ocrx_word' id='word_1_254' title='bbox 1056 2011 1166 2066; x_wconf 87' lang='lat' dir='ltr'><strong>dictum</strong></span> <span class='ocrx_word' id='word_1_255' title='bbox 1188 2021 1230 2068; x_wconf 92' lang='lat' dir='ltr'><strong>est</strong></span> <span class='ocrx_word' id='word_1_256' title='bbox 1253 2028 1260 2066; x_wconf 89' lang='lat'>:</span> <span class='ocrx_word' id='word_1_257' title='bbox 1285 2015 1377 2068; x_wconf 79' lang='lat' dir='ltr'><strong>bisi:</strong></span> <span class='ocrx_word' id='word_1_258' title='bbox 1403 2014 1551 2084; x_wconf 72' lang='lat' dir='ltr'><strong>confitebor</strong></span> <span class='ocrx_word' id='word_1_259' title='bbox 1570 2017 1716 2072; x_wconf 82' lang='lat' dir='ltr'><strong>aduersum</strong></span> 
     </span>
     <span class='ocr_line' id='line_1_22' title="bbox 86 2098 1715 2174; baseline 0.002 -17"><span class='ocrx_word' id='word_1_260' title='bbox 86 2099 816 2172; x_wconf 84' lang='lat' dir='ltr'><strong>dicuutur.Lexquippevestra,quaetantumiu</strong></span> <span class='ocrx_word' id='word_1_261' title='bbox 869 2114 919 2154; x_wconf 86' lang='lat' dir='ltr'><strong>me.</strong></span> <span class='ocrx_word' id='word_1_262' title='bbox 949 2098 1108 2170; x_wconf 90' lang='lat' dir='ltr'><strong>Postquam</strong></span> <span class='ocrx_word' id='word_1_263' title='bbox 1140 2099 1219 2155; x_wconf 91' lang='lat' dir='ltr'><strong>euim</strong></span> <span class='ocrx_word' id='word_1_264' title='bbox 1242 2108 1372 2170; x_wconf 85' lang='lat' dir='ltr'><strong>peccator</strong></span> <span class='ocrx_word' id='word_1_265' title='bbox 1400 2103 1542 2172; x_wconf 84' lang='lat' dir='ltr'><strong>poeuitens</strong></span> <span class='ocrx_word' id='word_1_266' title='bbox 1579 2105 1656 2174; x_wconf 91' lang='lat' dir='ltr'><strong>apud</strong></span> <span class='ocrx_word' id='word_1_267' title='bbox 1685 2118 1715 2160; x_wconf 89' lang='lat' dir='ltr'><strong>se</strong></span> 
     </span>
     <span class='ocr_line' id='line_1_23' title="bbox 79 2187 1715 2261; baseline 0.002 -15"><span class='ocrx_word' id='word_1_268' title='bbox 79 2191 153 2246; x_wconf 82' lang='lat' dir='ltr'><strong>arel</strong></span> <span class='ocrx_word' id='word_1_269' title='bbox 168 2188 340 2261; x_wconf 82' lang='lat' dir='ltr'><strong>impletionis</strong></span> <span class='ocrx_word' id='word_1_270' title='bbox 360 2192 403 2245; x_wconf 88' lang='lat' dir='ltr'><strong>vel</strong></span> <span class='ocrx_word' id='word_1_271' title='bbox 421 2189 657 2261; x_wconf 83' lang='lat' dir='ltr'><strong>transgressionis</strong></span> <span class='ocrx_word' id='word_1_272' title='bbox 685 2201 816 2258; x_wconf 84' lang='lat' dir='ltr'><strong>suaeper·</strong></span> <span class='ocrx_word' id='word_1_273' title='bbox 869 2187 1158 2257; x_wconf 88' lang='lat' dir='ltr'><strong>coustituitseipsum</strong></span> <span class='ocrx_word' id='word_1_274' title='bbox 1175 2189 1239 2244; x_wconf 91' lang='lat' dir='ltr'><strong>iude</strong></span> <span class='ocrx_word' id='word_1_275' title='bbox 1256 2202 1306 2258; x_wconf 89' lang='lat' dir='ltr'><strong>per</strong></span> <span class='ocrx_word' id='word_1_276' title='bbox 1333 2190 1539 2247; x_wconf 80' lang='lat' dir='ltr'><strong>contessionem</strong></span> <span class='ocrx_word' id='word_1_277' title='bbox 1568 2207 1715 2261; x_wconf 86' lang='lat' dir='ltr'><strong>accusare,</strong></span> 
     </span>
     <span class='ocr_line' id='line_1_24' title="bbox 79 2275 1715 2349; baseline 0.002 -14"><span class='ocrx_word' id='word_1_278' title='bbox 79 2281 187 2342; x_wconf 89' lang='lat' dir='ltr'><strong>merita,</strong></span> <span class='ocrx_word' id='word_1_279' title='bbox 210 2286 237 2334; x_wconf 90' lang='grc' dir='ltr'><strong>ιι</strong></span> <span class='ocrx_word' id='word_1_280' title='bbox 256 2279 303 2334; x_wconf 89' lang='lat' dir='ltr'><strong>hic</strong></span> <span class='ocrx_word' id='word_1_281' title='bbox 330 2277 510 2334; x_wconf 86' lang='lat' dir='ltr'><strong>solummodo</strong></span> <span class='ocrx_word' id='word_1_282' title='bbox 535 2277 816 2348; x_wconf 84' lang='lat' dir='ltr'><strong>inutraqueremu·</strong></span> <span class='ocrx_word' id='word_1_283' title='bbox 867 2275 974 2346; x_wconf 89' lang='lat' dir='ltr'><strong>jamin</strong></span> <span class='ocrx_word' id='word_1_284' title='bbox 1004 2275 1057 2332; x_wconf 92' lang='lat' dir='ltr'><strong>boc</strong></span> <span class='ocrx_word' id='word_1_285' title='bbox 1087 2278 1147 2346; x_wconf 90' lang='lat' dir='ltr'><strong>ipso</strong></span> <span class='ocrx_word' id='word_1_286' title='bbox 1172 2277 1249 2348; x_wconf 92' lang='lat' dir='ltr'><strong>quod</strong></span> <span class='ocrx_word' id='word_1_287' title='bbox 1273 2278 1362 2348; x_wconf 89' lang='lat' dir='ltr'><strong>culpa</strong></span> <span class='ocrx_word' id='word_1_288' title='bbox 1387 2293 1529 2349; x_wconf 80' lang='lat' dir='ltr'><strong>perversae</strong></span> <span class='ocrx_word' id='word_1_289' title='bbox 1557 2282 1715 2339; x_wconf 84' lang='lat' dir='ltr'><strong>voluntatis</strong></span> 
     </span>
     <span class='ocr_line' id='line_1_25' title="bbox 79 2365 1715 2440; baseline 0.003 -16"><span class='ocrx_word' id='word_1_290' title='bbox 79 2383 147 2425; x_wconf 89' lang='lat' dir='ltr'><strong>uem</strong></span> <span class='ocrx_word' id='word_1_291' title='bbox 175 2367 274 2433; x_wconf 89' lang='lat' dir='ltr'><strong>habet,</strong></span> <span class='ocrx_word' id='word_1_292' title='bbox 303 2367 344 2423; x_wconf 90' lang='lat' dir='ltr'><strong>sic</strong></span> <span class='ocrx_word' id='word_1_293' title='bbox 371 2368 407 2423; x_wconf 90' lang='lat' dir='ltr'><strong>ad</strong></span> <span class='ocrx_word' id='word_1_294' title='bbox 433 2367 508 2422; x_wconf 88' lang='lat' dir='ltr'><strong>banc</strong></span> <span class='ocrx_word' id='word_1_295' title='bbox 530 2366 622 2422; x_wconf 80' lang='lat' dir='ltr'><strong>vitam</strong></span> <span class='ocrx_word' id='word_1_296' title='bbox 639 2365 816 2435; x_wconf 91' lang='lat' dir='ltr'><strong>corporalem</strong></span> <span class='ocrx_word' id='word_1_297' title='bbox 870 2379 920 2434; x_wconf 90' lang='lat' dir='ltr'><strong>per</strong></span> <span class='ocrx_word' id='word_1_298' title='bbox 948 2378 1036 2435; x_wconf 87' lang='lat' dir='ltr'><strong>quam</strong></span> <span class='ocrx_word' id='word_1_299' title='bbox 1068 2365 1230 2437; x_wconf 79' lang='lat' dir='ltr'><strong>deliquerat</strong></span> <span class='ocrx_word' id='word_1_300' title='bbox 1263 2372 1350 2435; x_wconf 87' lang='lat' dir='ltr'><strong>caret,</strong></span> <span class='ocrx_word' id='word_1_301' title='bbox 1390 2369 1510 2440; x_wconf 69' lang='lat' dir='ltr'><strong>reatols]</strong></span> <span class='ocrx_word' id='word_1_302' title='bbox 1542 2370 1656 2427; x_wconf 85' lang='lat' dir='ltr'><strong>admissi</strong></span> <span class='ocrx_word' id='word_1_303' title='bbox 1688 2378 1715 2429; x_wconf 93' lang='grc' dir='ltr'><strong>ιι</strong></span> 
     </span>
     <span class='ocr_line' id='line_1_26' title="bbox 79 2453 1717 2532; baseline 0.001 -17"><span class='ocrx_word' id='word_1_304' title='bbox 79 2458 165 2515; x_wconf 91' lang='lat' dir='ltr'><strong>nudat</strong></span> <span class='ocrx_word' id='word_1_305' title='bbox 184 2464 299 2524; x_wconf 91' lang='lat' dir='ltr'><strong>cuncta,</strong></span> <span class='ocrx_word' id='word_1_306' title='bbox 325 2463 358 2511; x_wconf 92' lang='lat' dir='ltr'><strong>ut</strong></span> <span class='ocrx_word' id='word_1_307' title='bbox 383 2455 456 2510; x_wconf 86' lang='lat' dir='ltr'><strong>nibil</strong></span> <span class='ocrx_word' id='word_1_308' title='bbox 485 2455 644 2511; x_wconf 88' lang='lat' dir='ltr'><strong>seeundum</strong></span> <span class='ocrx_word' id='word_1_309' title='bbox 675 2453 815 2524; x_wconf 90' lang='lat' dir='ltr'><strong>animam,</strong></span> <span class='ocrx_word' id='word_1_310' title='bbox 874 2453 1036 2524; x_wconf 82' lang='lat' dir='ltr'><strong>poenaajus</strong></span> <span class='ocrx_word' id='word_1_311' title='bbox 1051 2464 1191 2525; x_wconf 89' lang='lat' dir='ltr'><strong>perpetua</strong></span> <span class='ocrx_word' id='word_1_312' title='bbox 1207 2456 1398 2525; x_wconf 88' lang='lat' dir='ltr'><strong>condonatur,</strong></span> <span class='ocrx_word' id='word_1_313' title='bbox 1424 2459 1475 2513; x_wconf 88' lang='lat' dir='ltr'><strong>etsi</strong></span> <span class='ocrx_word' id='word_1_314' title='bbox 1492 2457 1589 2514; x_wconf 86' lang='lat' dir='ltr'><strong>adhuc</strong></span> <span class='ocrx_word' id='word_1_315' title='bbox 1610 2469 1717 2532; x_wconf 88' lang='lat' dir='ltr'><strong>tempe·</strong></span> 
     </span>
     <span class='ocr_line' id='line_1_27' title="bbox 79 2541 1717 2613; baseline 0.002 -9"><span class='ocrx_word' id='word_1_316' title='bbox 79 2562 114 2605; x_wconf 83' lang='lat' dir='ltr'><strong>im</strong></span> <span class='ocrx_word' id='word_1_317' title='bbox 127 2547 171 2604; x_wconf 86' lang='lat' dir='ltr'><strong>vel</strong></span> <span class='ocrx_word' id='word_1_318' title='bbox 188 2545 371 2602; x_wconf 89' lang='lat' dir='ltr'><strong>immundum</strong></span> <span class='ocrx_word' id='word_1_319' title='bbox 388 2546 513 2611; x_wconf 86' lang='lat' dir='ltr'><strong>censeat,</strong></span> <span class='ocrx_word' id='word_1_320' title='bbox 534 2559 587 2599; x_wconf 89' lang='lat' dir='ltr'><strong>nec</strong></span> <span class='ocrx_word' id='word_1_321' title='bbox 602 2543 817 2613; x_wconf 75' lang='lat' dir='ltr'><strong>purificationes</strong></span> <span class='ocrx_word' id='word_1_322' title='bbox 870 2541 939 2597; x_wconf 93' lang='lat' dir='ltr'><strong>ralis</strong></span> <span class='ocrx_word' id='word_1_323' title='bbox 955 2542 990 2597; x_wconf 87' lang='lat' dir='ltr'><strong>ad</strong></span> <span class='ocrx_word' id='word_1_324' title='bbox 1000 2544 1207 2601; x_wconf 86' lang='lat' dir='ltr'><strong>correctionem</strong></span> <span class='ocrx_word' id='word_1_325' title='bbox 1221 2554 1363 2611; x_wconf 86' lang='lat' dir='ltr'><strong>servetur,</strong></span> <span class='ocrx_word' id='word_1_326' title='bbox 1378 2545 1452 2602; x_wconf 86' lang='lat' dir='ltr'><strong>sieut</strong></span> <span class='ocrx_word' id='word_1_327' title='bbox 1468 2547 1539 2602; x_wconf 89' lang='lat' dir='ltr'><strong>idem</strong></span> <span class='ocrx_word' id='word_1_328' title='bbox 1556 2548 1624 2605; x_wconf 91' lang='lat' dir='ltr'><strong>alibi</strong></span> <span class='ocrx_word' id='word_1_329' title='bbox 1639 2565 1717 2607; x_wconf 91' lang='lat' dir='ltr'><strong>com-</strong></span> 
     </span>
     <span class='ocr_line' id='line_1_28' title="bbox 79 2631 1715 2705; baseline 0 -11"><span class='ocrx_word' id='word_1_330' title='bbox 79 2654 84 2694; x_wconf 85' lang='grc' dir='ltr'><strong>ι</strong></span> <span class='ocrx_word' id='word_1_331' title='bbox 103 2637 139 2693; x_wconf 90' lang='lat' dir='ltr'><strong>ad</strong></span> <span class='ocrx_word' id='word_1_332' title='bbox 159 2633 375 2691; x_wconf 88' lang='lat' dir='ltr'><strong>immunditiam</strong></span> <span class='ocrx_word' id='word_1_333' title='bbox 404 2635 581 2696; x_wconf 83' lang='lat' dir='ltr'><strong>animarum,</strong></span> <span class='ocrx_word' id='word_1_334' title='bbox 608 2646 682 2702; x_wconf 91' lang='lat' dir='ltr'><strong>quas</strong></span> <span class='ocrx_word' id='word_1_335' title='bbox 703 2631 817 2702; x_wconf 92' lang='lat' dir='ltr'><strong>proprie</strong></span> <span class='ocrx_word' id='word_1_336' title='bbox 871 2639 1010 2687; x_wconf 92' lang='lat' dir='ltr'><strong>memorat</strong></span> <span class='ocrx_word' id='word_1_337' title='bbox 1034 2635 1127 2689; x_wconf 84' lang='lat' dir='ltr'><strong>vester</strong></span> <span class='ocrx_word' id='word_1_338' title='bbox 1146 2633 1288 2705; x_wconf 83' lang='lat' dir='ltr'><strong>Propheta</strong></span> <span class='ocrx_word' id='word_1_339' title='bbox 1321 2634 1442 2690; x_wconf 89' lang='lat' dir='ltr'><strong>dicens:</strong></span> <span class='ocrx_word' id='word_1_340' title='bbox 1468 2635 1613 2705; x_wconf 77' lang='lat' dir='ltr'><strong>Castiqaas</strong></span> <span class='ocrx_word' id='word_1_341' title='bbox 1634 2641 1715 2694; x_wconf 87' lang='lat' dir='ltr'><strong>easti-</strong></span> 
     </span>
     <span class='ocr_line' id='line_1_29' title="bbox 79 2720 1716 2797; baseline 0.001 -15"><span class='ocrx_word' id='word_1_342' title='bbox 79 2725 301 2790; x_wconf 85' lang='lat' dir='ltr'><strong>tueminamus,</strong></span> <span class='ocrx_word' id='word_1_343' title='bbox 319 2723 379 2793; x_wconf 89' lang='lat' dir='ltr'><strong>ipsa</strong></span> <span class='ocrx_word' id='word_1_344' title='bbox 406 2723 518 2779; x_wconf 86' lang='lat' dir='ltr'><strong>reierat.</strong></span> <span class='ocrx_word' id='word_1_345' title='bbox 536 2721 617 2779; x_wconf 84' lang='lat' dir='ltr'><strong>Unde</strong></span> <span class='ocrx_word' id='word_1_346' title='bbox 631 2729 659 2777; x_wconf 91' lang='lat' dir='ltr'><strong>et</strong></span> <span class='ocrx_word' id='word_1_347' title='bbox 684 2720 817 2776; x_wconf 80' lang='lat' dir='ltr'><strong>similiter</strong></span> <span class='ocrx_word' id='word_1_348' title='bbox 871 2723 946 2789; x_wconf 84' lang='lat' dir='ltr'><strong>pavit</strong></span> <span class='ocrx_word' id='word_1_349' title='bbox 967 2735 1009 2774; x_wconf 85' lang='lat' dir='ltr'><strong>rae</strong></span> <span class='ocrx_word' id='word_1_350' title='bbox 1024 2724 1167 2791; x_wconf 82' lang='lat' dir='ltr'><strong>Dominus,</strong></span> <span class='ocrx_word' id='word_1_351' title='bbox 1194 2727 1220 2777; x_wconf 84' lang='lat' dir='ltr'><strong>et</strong></span> <span class='ocrx_word' id='word_1_352' title='bbox 1237 2726 1320 2777; x_wconf 84' lang='lat' dir='ltr'><strong>morti</strong></span> <span class='ocrx_word' id='word_1_353' title='bbox 1341 2739 1396 2778; x_wconf 84' lang='lat' dir='ltr'><strong>noa</strong></span> <span class='ocrx_word' id='word_1_354' title='bbox 1419 2723 1536 2779; x_wconf 80' lang='lat' dir='ltr'><strong>tradidit</strong></span> <span class='ocrx_word' id='word_1_355' title='bbox 1562 2741 1603 2780; x_wconf 85' lang='lat' dir='ltr'><strong>me</strong></span> <span class='ocrx_word' id='word_1_356' title='bbox 1624 2727 1716 2797; x_wconf 86' lang='lat' dir='ltr'><strong>(Psoi.</strong></span> 
     </span>
     <span class='ocr_line' id='line_1_30' title="bbox 79 2808 1718 2886; baseline 0.001 -15"><span class='ocrx_word' id='word_1_357' title='bbox 79 2816 182 2871; x_wconf 87' lang='lat' dir='ltr'><strong>tundos</strong></span> <span class='ocrx_word' id='word_1_358' title='bbox 205 2812 250 2869; x_wconf 86' lang='lat' dir='ltr'><strong>rel</strong></span> <span class='ocrx_word' id='word_1_359' title='bbox 273 2812 439 2868; x_wconf 90' lang='lat' dir='ltr'><strong>immundos</strong></span> <span class='ocrx_word' id='word_1_360' title='bbox 463 2812 603 2874; x_wconf 89' lang='lat' dir='ltr'><strong>nominat,</strong></span> <span class='ocrx_word' id='word_1_361' title='bbox 634 2810 709 2866; x_wconf 91' lang='lat' dir='ltr'><strong>sicut</strong></span> <span class='ocrx_word' id='word_1_362' title='bbox 723 2818 750 2866; x_wconf 89' lang='lat' dir='ltr'><strong>et</strong></span> <span class='ocrx_word' id='word_1_363' title='bbox 766 2811 813 2865; x_wconf 88' lang='lat' dir='ltr'><strong>bo·</strong></span> <span class='ocrx_word' id='word_1_364' title='bbox 830 2823 853 2880; x_wconf 75' lang='lat' dir='ltr'><strong>q</strong></span> <span class='ocrx_word' id='word_1_365' title='bbox 871 2821 960 2875; x_wconf 82' lang='lat' dir='ltr'><strong>uxvu,</strong></span> <span class='ocrx_word' id='word_1_366' title='bbox 981 2808 1032 2880; x_wconf 83' lang='lat' dir='ltr'><strong>til).</strong></span> <span class='ocrx_word' id='word_1_367' title='bbox 1046 2808 1105 2866; x_wconf 74' lang='lat' dir='ltr'><strong>Nee</strong></span> <span class='ocrx_word' id='word_1_368' title='bbox 1122 2825 1166 2868; x_wconf 92' lang='lat' dir='ltr'><strong>me</strong></span> <span class='ocrx_word' id='word_1_369' title='bbox 1185 2825 1272 2882; x_wconf 88' lang='lat' dir='ltr'><strong>super</strong></span> <span class='ocrx_word' id='word_1_370' title='bbox 1292 2812 1395 2867; x_wconf 85' lang='lat' dir='ltr'><strong>animae</strong></span> <span class='ocrx_word' id='word_1_371' title='bbox 1421 2827 1491 2869; x_wconf 88' lang='lat' dir='ltr'><strong>meae</strong></span> <span class='ocrx_word' id='word_1_372' title='bbox 1512 2814 1606 2871; x_wconf 80' lang='lat' dir='ltr'><strong>salute</strong></span> <span class='ocrx_word' id='word_1_373' title='bbox 1623 2816 1718 2886; x_wconf 90' lang='lat' dir='ltr'><strong>inqui·</strong></span> 
     </span>
     <span class='ocr_line' id='line_1_31' title="bbox 92 2897 1714 2971; baseline 0.001 -10"><span class='ocrx_word' id='word_1_374' title='bbox 92 2906 188 2971; x_wconf 90' lang='lat' dir='ltr'><strong>lectos,</strong></span> <span class='ocrx_word' id='word_1_375' title='bbox 204 2902 294 2968; x_wconf 86' lang='lat' dir='ltr'><strong>sedes,</strong></span> <span class='ocrx_word' id='word_1_376' title='bbox 308 2909 335 2956; x_wconf 90' lang='lat' dir='ltr'><strong>et</strong></span> <span class='ocrx_word' id='word_1_377' title='bbox 350 2908 438 2956; x_wconf 90' lang='lat' dir='ltr'><strong>tetam</strong></span> <span class='ocrx_word' id='word_1_378' title='bbox 461 2899 688 2969; x_wconf 87' lang='lat' dir='ltr'><strong>suppellectilem</strong></span> <span class='ocrx_word' id='word_1_379' title='bbox 712 2898 816 2955; x_wconf 90' lang='lat' dir='ltr'><strong>domus</strong></span> <span class='ocrx_word' id='word_1_380' title='bbox 872 2898 960 2952; x_wconf 87' lang='lat' dir='ltr'><strong>rende</strong></span> <span class='ocrx_word' id='word_1_381' title='bbox 974 2897 1008 2954; x_wconf 90' lang='lat' dir='ltr'><strong>de</strong></span> <span class='ocrx_word' id='word_1_382' title='bbox 1024 2899 1079 2955; x_wconf 87' lang='lat' dir='ltr'><strong>ilde</strong></span> <span class='ocrx_word' id='word_1_383' title='bbox 1098 2907 1148 2956; x_wconf 92' lang='lat' dir='ltr'><strong>tua</strong></span> <span class='ocrx_word' id='word_1_384' title='bbox 1163 2900 1285 2957; x_wconf 80' lang='lat' dir='ltr'><strong>seuitde</strong></span> <span class='ocrx_word' id='word_1_385' title='bbox 1314 2915 1377 2958; x_wconf 90' lang='lat' dir='ltr'><strong>mea</strong></span> <span class='ocrx_word' id='word_1_386' title='bbox 1393 2902 1570 2958; x_wconf 86' lang='lat' dir='ltr'><strong>consuluisse</strong></span> <span class='ocrx_word' id='word_1_387' title='bbox 1585 2905 1655 2961; x_wconf 90' lang='lat' dir='ltr'><strong>satis</strong></span> <span class='ocrx_word' id='word_1_388' title='bbox 1670 2919 1714 2962; x_wconf 90' lang='lat' dir='ltr'><strong>ar-</strong></span> 
     </span>
     <span class='ocr_line' id='line_1_32' title="bbox 80 2984 1717 3059; baseline 0.002 -12"><span class='ocrx_word' id='word_1_389' title='bbox 80 2995 137 3048; x_wconf 89' lang='lat' dir='ltr'><strong>iam</strong></span> <span class='ocrx_word' id='word_1_390' title='bbox 156 2999 248 3047; x_wconf 88' lang='lat' dir='ltr'><strong>vestes</strong></span> <span class='ocrx_word' id='word_1_391' title='bbox 274 2996 301 3045; x_wconf 91' lang='grc' dir='ltr'><strong>ιι</strong></span> <span class='ocrx_word' id='word_1_392' title='bbox 332 2989 471 3059; x_wconf 88' lang='lat' dir='ltr'><strong>pleraque</strong></span> <span class='ocrx_word' id='word_1_393' title='bbox 499 2987 556 3042; x_wconf 88' lang='lat' dir='ltr'><strong>alia</strong></span> <span class='ocrx_word' id='word_1_394' title='bbox 576 2987 736 3041; x_wconf 85' lang='lat' dir='ltr'><strong>inanimata</strong></span> <span class='ocrx_word' id='word_1_395' title='bbox 764 2985 815 3040; x_wconf 91' lang='lat' dir='ltr'><strong>im·</strong></span> <span class='ocrx_word' id='word_1_396' title='bbox 872 2984 971 3041; x_wconf 88' lang='lat' dir='ltr'><strong>bitror.</strong></span> <span class='ocrx_word' id='word_1_397' title='bbox 988 2986 1022 3042; x_wconf 93' lang='lat' dir='ltr'><strong>ln</strong></span> <span class='ocrx_word' id='word_1_398' title='bbox 1037 3001 1097 3057; x_wconf 89' lang='lat' dir='ltr'><strong>qua</strong></span> <span class='ocrx_word' id='word_1_399' title='bbox 1116 2987 1232 3057; x_wconf 87' lang='lat' dir='ltr'><strong>quidem</strong></span> <span class='ocrx_word' id='word_1_400' title='bbox 1248 2997 1353 3046; x_wconf 83' lang='lat' dir='ltr'><strong>nestrae</strong></span> <span class='ocrx_word' id='word_1_401' title='bbox 1384 2991 1603 3048; x_wconf 89' lang='lat' dir='ltr'><strong>consultationis</strong></span> <span class='ocrx_word' id='word_1_402' title='bbox 1628 2993 1717 3050; x_wconf 87' lang='lat' dir='ltr'><strong>cella-</strong></span> 
     </span>
     <span class='ocr_line' id='line_1_33' title="bbox 79 3073 1716 3151; baseline 0.001 -15"><span class='ocrx_word' id='word_1_403' title='bbox 79 3097 145 3138; x_wconf 91' lang='lat' dir='ltr'><strong>.seu</strong></span> <span class='ocrx_word' id='word_1_404' title='bbox 162 3079 271 3151; x_wconf 90' lang='lat' dir='ltr'><strong>polluta</strong></span> <span class='ocrx_word' id='word_1_405' title='bbox 287 3078 453 3148; x_wconf 79' lang='lat' dir='ltr'><strong>frequenter</strong></span> <span class='ocrx_word' id='word_1_406' title='bbox 467 3075 601 3145; x_wconf 90' lang='lat' dir='ltr'><strong>appellat.</strong></span> <span class='ocrx_word' id='word_1_407' title='bbox 624 3074 705 3141; x_wconf 87' lang='lat' dir='ltr'><strong>Quod</strong></span> <span class='ocrx_word' id='word_1_408' title='bbox 727 3073 750 3130; x_wconf 93' lang='lat' dir='ltr'><strong>si</strong></span> <span class='ocrx_word' id='word_1_409' title='bbox 766 3075 818 3130; x_wconf 93' lang='lat' dir='ltr'><strong>im·</strong></span> <span class='ocrx_word' id='word_1_410' title='bbox 873 3082 950 3130; x_wconf 83' lang='lat' dir='ltr'><strong>tione</strong></span> <span class='ocrx_word' id='word_1_411' title='bbox 965 3075 993 3130; x_wconf 90' lang='lat' dir='ltr'><strong>id</strong></span> <span class='ocrx_word' id='word_1_412' title='bbox 1013 3084 1110 3131; x_wconf 85' lang='lat' dir='ltr'><strong>actum</strong></span> <span class='ocrx_word' id='word_1_413' title='bbox 1138 3090 1199 3132; x_wconf 87' lang='lat' dir='ltr'><strong>esse</strong></span> <span class='ocrx_word' id='word_1_414' title='bbox 1228 3079 1384 3148; x_wconf 86' lang='lat' dir='ltr'><strong>perpendo,</strong></span> <span class='ocrx_word' id='word_1_415' title='bbox 1410 3087 1442 3135; x_wconf 91' lang='lat' dir='ltr'><strong>ut</strong></span> <span class='ocrx_word' id='word_1_416' title='bbox 1470 3094 1523 3135; x_wconf 91' lang='lat' dir='ltr'><strong>uec</strong></span> <span class='ocrx_word' id='word_1_417' title='bbox 1546 3082 1716 3139; x_wconf 88' lang='lat' dir='ltr'><strong>auctoritate</strong></span> 
     </span>
     <span class='ocr_line' id='line_1_34' title="bbox 79 3161 1718 3243; baseline 0.001 -16"><span class='ocrx_word' id='word_1_418' title='bbox 79 3173 130 3228; x_wconf 91' lang='lat' dir='ltr'><strong>tias</strong></span> <span class='ocrx_word' id='word_1_419' title='bbox 160 3169 323 3232; x_wconf 90' lang='lat' dir='ltr'><strong>bominum,</strong></span> <span class='ocrx_word' id='word_1_420' title='bbox 344 3179 470 3237; x_wconf 90' lang='lat' dir='ltr'><strong>quarum</strong></span> <span class='ocrx_word' id='word_1_421' title='bbox 492 3163 706 3234; x_wconf 79' lang='lat' dir='ltr'><strong>purificationes</strong></span> <span class='ocrx_word' id='word_1_422' title='bbox 735 3161 817 3218; x_wconf 90' lang='lat' dir='ltr'><strong>insti·</strong></span> <span class='ocrx_word' id='word_1_423' title='bbox 872 3162 944 3234; x_wconf 86' lang='lat' dir='ltr'><strong>legis</strong></span> <span class='ocrx_word' id='word_1_424' title='bbox 959 3172 1027 3230; x_wconf 84' lang='lat' dir='ltr'><strong>tuae,</strong></span> <span class='ocrx_word' id='word_1_425' title='bbox 1042 3167 1093 3220; x_wconf 91' lang='lat' dir='ltr'><strong>etsi</strong></span> <span class='ocrx_word' id='word_1_426' title='bbox 1120 3179 1183 3221; x_wconf 91' lang='lat' dir='ltr'><strong>eam</strong></span> <span class='ocrx_word' id='word_1_427' title='bbox 1208 3180 1225 3221; x_wconf 91' lang='lat' dir='ltr'><strong>a</strong></span> <span class='ocrx_word' id='word_1_428' title='bbox 1252 3167 1310 3222; x_wconf 86' lang='lat' dir='ltr'><strong>Deo</strong></span> <span class='ocrx_word' id='word_1_429' title='bbox 1343 3169 1440 3223; x_wconf 90' lang='lat' dir='ltr'><strong>datam</strong></span> <span class='ocrx_word' id='word_1_430' title='bbox 1463 3168 1594 3239; x_wconf 84' lang='lat' dir='ltr'><strong>recipias,</strong></span> <span class='ocrx_word' id='word_1_431' title='bbox 1615 3184 1718 3243; x_wconf 80' lang='lat' dir='ltr'><strong>cogno·</strong></span> 
     </span>
     <span class='ocr_line' id='line_1_35' title="bbox 79 3251 1717 3327; baseline 0.001 -12"><span class='ocrx_word' id='word_1_432' title='bbox 79 3257 203 3325; x_wconf 75' lang='lat' dir='ltr'><strong>untbis,</strong></span> <span class='ocrx_word' id='word_1_433' title='bbox 225 3257 276 3327; x_wconf 93' lang='lat' dir='ltr'><strong>qui</strong></span> <span class='ocrx_word' id='word_1_434' title='bbox 304 3255 498 3325; x_wconf 91' lang='lat' dir='ltr'><strong>inquinamur</strong></span> <span class='ocrx_word' id='word_1_435' title='bbox 514 3251 637 3323; x_wconf 87' lang='lat' dir='ltr'><strong>peccatis</strong></span> <span class='ocrx_word' id='word_1_436' title='bbox 661 3265 816 3308; x_wconf 90' lang='lat' dir='ltr'><strong>connume·</strong></span> <span class='ocrx_word' id='word_1_437' title='bbox 871 3253 1064 3323; x_wconf 87' lang='lat' dir='ltr'><strong>scerepossis,</strong></span> <span class='ocrx_word' id='word_1_438' title='bbox 1082 3253 1117 3308; x_wconf 87' lang='lat' dir='ltr'><strong>ad</strong></span> <span class='ocrx_word' id='word_1_439' title='bbox 1140 3255 1203 3325; x_wconf 86' lang='lat' dir='ltr'><strong>ejus</strong></span> <span class='ocrx_word' id='word_1_440' title='bbox 1227 3256 1372 3311; x_wconf 87' lang='lat' dir='ltr'><strong>sarcinam</strong></span> <span class='ocrx_word' id='word_1_441' title='bbox 1400 3270 1446 3313; x_wconf 90' lang='lat' dir='ltr'><strong>me</strong></span> <span class='ocrx_word' id='word_1_442' title='bbox 1470 3257 1572 3314; x_wconf 88' lang='lat' dir='ltr'><strong>debere</strong></span> <span class='ocrx_word' id='word_1_443' title='bbox 1594 3260 1717 3317; x_wconf 90' lang='lat' dir='ltr'><strong>submit-</strong></span> 
     </span>
     <span class='ocr_line' id='line_1_36' title="bbox 79 3339 1718 3419; baseline 0.001 -15"><span class='ocrx_word' id='word_1_444' title='bbox 79 3346 185 3419; x_wconf 84' lang='lat' dir='ltr'><strong>inquid</strong></span> <span class='ocrx_word' id='word_1_445' title='bbox 211 3345 426 3412; x_wconf 86' lang='lat' dir='ltr'><strong>leminampost</strong></span> <span class='ocrx_word' id='word_1_446' title='bbox 451 3339 817 3411; x_wconf 89' lang='lat' dir='ltr'><strong>partumpersaerilicium</strong></span> <span class='ocrx_word' id='word_1_447' title='bbox 872 3348 1098 3412; x_wconf 84' lang='lat' dir='ltr'><strong>tere,tanquam</strong></span> <span class='ocrx_word' id='word_1_448' title='bbox 1119 3343 1171 3408; x_wconf 93' lang='lat' dir='ltr'><strong>illi,</strong></span> <span class='ocrx_word' id='word_1_449' title='bbox 1196 3357 1287 3413; x_wconf 92' lang='lat' dir='ltr'><strong>quam</strong></span> <span class='ocrx_word' id='word_1_450' title='bbox 1317 3343 1401 3400; x_wconf 91' lang='lat' dir='ltr'><strong>uobis</strong></span> <span class='ocrx_word' id='word_1_451' title='bbox 1429 3346 1562 3416; x_wconf 82' lang='lat' dir='ltr'><strong>exemplo</strong></span> <span class='ocrx_word' id='word_1_452' title='bbox 1587 3348 1632 3404; x_wconf 90' lang='lat' dir='ltr'><strong>sui</strong></span> <span class='ocrx_word' id='word_1_453' title='bbox 1665 3349 1718 3406; x_wconf 80' lang='lat' dir='ltr'><strong>iob</strong></span> 
     </span>
     <span class='ocr_line' id='line_1_37' title="bbox 79 3430 1769 3505; baseline 0.001 -12"><span class='ocrx_word' id='word_1_454' title='bbox 79 3445 147 3493; x_wconf 79' lang='lat' dir='ltr'><strong>itam</strong></span> <span class='ocrx_word' id='word_1_455' title='bbox 172 3448 207 3490; x_wconf 86' lang='grc' dir='ltr'><strong>ιιι</strong></span> <span class='ocrx_word' id='word_1_456' title='bbox 223 3435 275 3489; x_wconf 89' lang='lat' dir='ltr'><strong>boc</strong></span> <span class='ocrx_word' id='word_1_457' title='bbox 290 3433 361 3502; x_wconf 90' lang='lat' dir='ltr'><strong>ipso,</strong></span> <span class='ocrx_word' id='word_1_458' title='bbox 379 3430 457 3501; x_wconf 87' lang='lat' dir='ltr'><strong>qued</strong></span> <span class='ocrx_word' id='word_1_459' title='bbox 469 3432 587 3498; x_wconf 83' lang='lat' dir='ltr'><strong>peperit,</strong></span> <span class='ocrx_word' id='word_1_460' title='bbox 609 3434 757 3497; x_wconf 84' lang='lat' dir='ltr'><strong>peccatum</strong></span> <span class='ocrx_word' id='word_1_461' title='bbox 774 3430 817 3483; x_wconf 93' lang='lat' dir='ltr'><strong>in·</strong></span> <span class='ocrx_word' id='word_1_462' title='bbox 872 3431 1043 3500; x_wconf 83' lang='lat' dir='ltr'><strong>praescribit,</strong></span> <span class='ocrx_word' id='word_1_463' title='bbox 1060 3430 1117 3502; x_wconf 83' lang='lat' dir='ltr'><strong>legi</strong></span> <span class='ocrx_word' id='word_1_464' title='bbox 1131 3431 1295 3502; x_wconf 86' lang='lat' dir='ltr'><strong>quidquam</strong></span> <span class='ocrx_word' id='word_1_465' title='bbox 1321 3434 1512 3489; x_wconf 89' lang='lat' dir='ltr'><strong>necessarlum</strong></span> <span class='ocrx_word' id='word_1_466' title='bbox 1527 3435 1651 3505; x_wconf 88' lang='lat' dir='ltr'><strong>sitaddi,</strong></span> <span class='ocrx_word' id='word_1_467' title='bbox 1668 3445 1730 3496; x_wconf 81' lang='lat' dir='ltr'><strong>aut.</strong></span> <span class='ocrx_word' id='word_1_468' title='bbox 1762 3498 1769 3502; x_wconf 66' lang='grc'><strong>,</strong></span> 
     </span>
     <span class='ocr_line' id='line_1_38' title="bbox 79 3516 1720 3595; baseline 0 -14"><span class='ocrx_word' id='word_1_469' title='bbox 79 3523 235 3595; x_wconf 86' lang='lat' dir='ltr'><strong>ejudicas,</strong></span> <span class='ocrx_word' id='word_1_470' title='bbox 251 3535 318 3576; x_wconf 89' lang='lat' dir='ltr'><strong>cum</strong></span> <span class='ocrx_word' id='word_1_471' title='bbox 336 3519 413 3574; x_wconf 88' lang='lat' dir='ltr'><strong>illam</strong></span> <span class='ocrx_word' id='word_1_472' title='bbox 431 3519 525 3587; x_wconf 91' lang='lat' dir='ltr'><strong>potius</strong></span> <span class='ocrx_word' id='word_1_473' title='bbox 547 3516 728 3571; x_wconf 86' lang='lat' dir='ltr'><strong>maledictam</strong></span> <span class='ocrx_word' id='word_1_474' title='bbox 748 3531 816 3572; x_wconf 89' lang='lat' dir='ltr'><strong>ceu·</strong></span> <span class='ocrx_word' id='word_1_475' title='bbox 873 3518 914 3573; x_wconf 90' lang='lat' dir='ltr'><strong>illi</strong></span> <span class='ocrx_word' id='word_1_476' title='bbox 931 3532 1045 3575; x_wconf 91' lang='lat' dir='ltr'><strong>merum</strong></span> <span class='ocrx_word' id='word_1_477' title='bbox 1059 3520 1226 3589; x_wconf 77' lang='lat' dir='ltr'><strong>disciplinae,</strong></span> <span class='ocrx_word' id='word_1_478' title='bbox 1243 3535 1331 3590; x_wconf 91' lang='lat' dir='ltr'><strong>quam</strong></span> <span class='ocrx_word' id='word_1_479' title='bbox 1348 3522 1382 3576; x_wconf 90' lang='lat' dir='ltr'><strong>de</strong></span> <span class='ocrx_word' id='word_1_480' title='bbox 1405 3523 1565 3581; x_wconf 88' lang='lat' dir='ltr'><strong>virtutibus</strong></span> <span class='ocrx_word' id='word_1_481' title='bbox 1589 3526 1624 3580; x_wconf 88' lang='lat' dir='ltr'><strong>ad</strong></span> <span class='ocrx_word' id='word_1_482' title='bbox 1655 3524 1720 3582; x_wconf 89' lang='lat' dir='ltr'><strong>bea-</strong></span> 
     </span>
     <span class='ocr_line' id='line_1_39' title="bbox 83 3602 1716 3685; baseline 0.001 -15"><span class='ocrx_word' id='word_1_483' title='bbox 83 3627 149 3685; x_wconf 77' lang='lat' dir='ltr'><strong>quae</strong></span> <span class='ocrx_word' id='word_1_484' title='bbox 167 3626 225 3667; x_wconf 92' lang='lat' dir='ltr'><strong>uon</strong></span> <span class='ocrx_word' id='word_1_485' title='bbox 253 3609 402 3680; x_wconf 78' lang='lat' dir='ltr'><strong>reliquerit</strong></span> <span class='ocrx_word' id='word_1_486' title='bbox 431 3620 528 3663; x_wconf 90' lang='lat' dir='ltr'><strong>semen</strong></span> <span class='ocrx_word' id='word_1_487' title='bbox 554 3606 583 3660; x_wconf 92' lang='lat' dir='ltr'><strong>lu</strong></span> <span class='ocrx_word' id='word_1_488' title='bbox 605 3604 714 3660; x_wconf 79' lang='lat' dir='ltr'><strong>lsrael?</strong></span> <span class='ocrx_word' id='word_1_489' title='bbox 742 3602 818 3669; x_wconf 81' lang='lat' dir='ltr'><strong>Ouid</strong></span> <span class='ocrx_word' id='word_1_490' title='bbox 872 3607 1025 3662; x_wconf 86' lang='lat' dir='ltr'><strong>titudinem</strong></span> <span class='ocrx_word' id='word_1_491' title='bbox 1046 3608 1259 3664; x_wconf 82' lang='lat' dir='ltr'><strong>sufficientibus</strong></span> <span class='ocrx_word' id='word_1_492' title='bbox 1271 3609 1390 3679; x_wconf 92' lang='lat' dir='ltr'><strong>posteris</strong></span> <span class='ocrx_word' id='word_1_493' title='bbox 1406 3612 1553 3681; x_wconf 83' lang='lat' dir='ltr'><strong>prophetae</strong></span> <span class='ocrx_word' id='word_1_494' title='bbox 1572 3602 1716 3671; x_wconf 83' lang='lat' dir='ltr'><strong>nostrire-</strong></span> 
     </span>
     <span class='ocr_line' id='line_1_40' title="bbox 87 3694 1718 3775; baseline 0.001 -17"><span class='ocrx_word' id='word_1_495' title='bbox 87 3712 160 3775; x_wconf 85' lang='lat' dir='ltr'><strong>pete,</strong></span> <span class='ocrx_word' id='word_1_496' title='bbox 176 3703 232 3767; x_wconf 87' lang='lat' dir='ltr'><strong>vir,</strong></span> <span class='ocrx_word' id='word_1_497' title='bbox 244 3701 294 3772; x_wconf 89' lang='lat' dir='ltr'><strong>qul</strong></span> <span class='ocrx_word' id='word_1_498' title='bbox 310 3699 420 3769; x_wconf 90' lang='lat' dir='ltr'><strong>patitur</strong></span> <span class='ocrx_word' id='word_1_499' title='bbox 442 3696 556 3753; x_wconf 82' lang='lat' dir='ltr'><strong>lluxum</strong></span> <span class='ocrx_word' id='word_1_500' title='bbox 582 3695 700 3765; x_wconf 86' lang='lat' dir='ltr'><strong>seminis</strong></span> <span class='ocrx_word' id='word_1_501' title='bbox 715 3710 749 3751; x_wconf 87' lang='grc' dir='ltr'><strong>ιιι</strong></span> <span class='ocrx_word' id='word_1_502' title='bbox 765 3696 818 3751; x_wconf 90' lang='lat' dir='ltr'><strong>boe</strong></span> <span class='ocrx_word' id='word_1_503' title='bbox 872 3694 1033 3764; x_wconf 88' lang='lat' dir='ltr'><strong>liquerunt.</strong></span> <span class='ocrx_word' id='word_1_504' title='bbox 1051 3696 1089 3750; x_wconf 87' lang='lat' dir='ltr'><strong>De</strong></span> <span class='ocrx_word' id='word_1_505' title='bbox 1105 3711 1164 3766; x_wconf 91' lang='lat' dir='ltr'><strong>quo</strong></span> <span class='ocrx_word' id='word_1_506' title='bbox 1184 3711 1264 3753; x_wconf 88' lang='lat' dir='ltr'><strong>nuuc</strong></span> <span class='ocrx_word' id='word_1_507' title='bbox 1292 3708 1423 3767; x_wconf 88' lang='lat' dir='ltr'><strong>superest</strong></span> <span class='ocrx_word' id='word_1_508' title='bbox 1449 3703 1718 3772; x_wconf 86' lang='lat' dir='ltr'><strong>praeseutisjudieis</strong></span> 
     </span>
     <span class='ocr_line' id='line_1_41' title="bbox 79 3769 1718 3858; baseline -0.001 -9"><span class='ocrx_word' id='word_1_509' title='bbox 79 3791 245 3857; x_wconf 77' lang='lat' dir='ltr'><strong>titionem</strong></span> <span class='ocrx_word' id='word_1_510' title='bbox 275 3797 370 3845; x_wconf 91' lang='lat' dir='ltr'><strong>tamen</strong></span> <span class='ocrx_word' id='word_1_511' title='bbox 397 3788 466 3842; x_wconf 90' lang='lat' dir='ltr'><strong>adeo</strong></span> <span class='ocrx_word' id='word_1_512' title='bbox 482 3769 707 3841; x_wconf 79' lang='lat' dir='ltr'><strong>abominabilem</strong></span> <span class='ocrx_word' id='word_1_513' title='bbox 722 3791 818 3841; x_wconf 89' lang='lat' dir='ltr'><strong>censet</strong></span> <span class='ocrx_word' id='word_1_514' title='bbox 872 3782 1043 3838; x_wconf 88' lang='lat' dir='ltr'><strong>senteutiam</strong></span> <span class='ocrx_word' id='word_1_515' title='bbox 1066 3784 1177 3851; x_wconf 88' lang='lat' dir='ltr'><strong>audire,</strong></span> <span class='ocrx_word' id='word_1_516' title='bbox 1194 3786 1239 3840; x_wconf 83' lang='lat' dir='ltr'><strong>vel</strong></span> <span class='ocrx_word' id='word_1_517' title='bbox 1260 3787 1338 3855; x_wconf 91' lang='lat' dir='ltr'><strong>quod</strong></span> <span class='ocrx_word' id='word_1_518' title='bbox 1360 3786 1431 3843; x_wconf 87' lang='lat' dir='ltr'><strong>milri</strong></span> <span class='ocrx_word' id='word_1_519' title='bbox 1457 3798 1587 3858; x_wconf 90' lang='lat' dir='ltr'><strong>superest</strong></span> <span class='ocrx_word' id='word_1_520' title='bbox 1614 3800 1718 3847; x_wconf 76' lang='lat' dir='ltr'><strong>nostrie</strong></span> 
     </span>
     <span class='ocr_line' id='line_1_42' title="bbox 97 3871 1645 3949; baseline -0.004 -12"><span class='ocrx_word' id='word_1_521' title='bbox 97 3883 187 3939; x_wconf 89' lang='lat' dir='ltr'><strong>lectus</strong></span> <span class='ocrx_word' id='word_1_522' title='bbox 201 3881 231 3935; x_wconf 93' lang='lat' dir='ltr'><strong>in</strong></span> <span class='ocrx_word' id='word_1_523' title='bbox 246 3893 306 3949; x_wconf 94' lang='lat' dir='ltr'><strong>quo</strong></span> <span class='ocrx_word' id='word_1_524' title='bbox 322 3874 648 3932; x_wconf 89' lang='lat' dir='ltr'><strong>dormieritimmuudus</strong></span> <span class='ocrx_word' id='word_1_525' title='bbox 663 3875 698 3928; x_wconf 90' lang='lat' dir='ltr'><strong>sit</strong></span> <span class='ocrx_word' id='word_1_526' title='bbox 713 3882 741 3930; x_wconf 91' lang='grc' dir='ltr'><strong>ιι</strong></span> <span class='ocrx_word' id='word_1_527' title='bbox 752 3873 817 3930; x_wconf 90' lang='lat' dir='ltr'><strong>ubi·</strong></span> <span class='ocrx_word' id='word_1_528' title='bbox 871 3871 1071 3941; x_wconf 90' lang='lat' dir='ltr'><strong>inquisitionis</strong></span> <span class='ocrx_word' id='word_1_529' title='bbox 1084 3886 1201 3942; x_wconf 92' lang='lat' dir='ltr'><strong>operam</strong></span> <span class='ocrx_word' id='word_1_530' title='bbox 1215 3874 1249 3928; x_wconf 90' lang='lat' dir='ltr'><strong>ad</strong></span> <span class='ocrx_word' id='word_1_531' title='bbox 1265 3873 1464 3932; x_wconf 82' lang='lat' dir='ltr'><strong>Christianum</strong></span> <span class='ocrx_word' id='word_1_532' title='bbox 1477 3876 1645 3934; x_wconf 71' lang='lat' dir='ltr'><strong>transferre,</strong></span> 
     </span>
     <span class='ocr_line' id='line_1_43' title="bbox 79 3960 1717 4035; baseline -0.003 -7"><span class='ocrx_word' id='word_1_533' title='bbox 79 3968 222 4029; x_wconf 83' lang='lat' dir='ltr'><strong>esederit.</strong></span> <span class='ocrx_word' id='word_1_534' title='bbox 250 3966 406 4024; x_wconf 89' lang='lat' dir='ltr'><strong>Vasetiam</strong></span> <span class='ocrx_word' id='word_1_535' title='bbox 436 3964 530 4031; x_wconf 85' lang='lat' dir='ltr'><strong>fictile,</strong></span> <span class='ocrx_word' id='word_1_536' title='bbox 547 3963 625 4034; x_wconf 92' lang='lat' dir='ltr'><strong>quod</strong></span> <span class='ocrx_word' id='word_1_537' title='bbox 651 3963 815 4034; x_wconf 87' lang='lat' dir='ltr'><strong>eontigerit,</strong></span> <span class='ocrx_word' id='word_1_538' title='bbox 907 3960 1006 4016; x_wconf 81' lang='lat' dir='ltr'><strong>lunen.</strong></span> <span class='ocrx_word' id='word_1_539' title='bbox 1022 3962 1160 4018; x_wconf 74' lang='lat' dir='ltr'><strong>asserunt</strong></span> <span class='ocrx_word' id='word_1_540' title='bbox 1184 3962 1270 4018; x_wconf 90' lang='lat' dir='ltr'><strong>ambo</strong></span> <span class='ocrx_word' id='word_1_541' title='bbox 1295 3964 1385 4019; x_wconf 90' lang='lat' dir='ltr'><strong>nostri</strong></span> <span class='ocrx_word' id='word_1_542' title='bbox 1413 3965 1517 4035; x_wconf 85' lang='lat' dir='ltr'><strong>judicii</strong></span> <span class='ocrx_word' id='word_1_543' title='bbox 1545 3967 1717 4023; x_wconf 89' lang='lat' dir='ltr'><strong>senteutiam</strong></span> 
     </span>
     <span class='ocr_line' id='line_1_44' title="bbox 79 4048 1717 4132; baseline -0.002 -16"><span class='ocrx_word' id='word_1_544' title='bbox 79 4068 179 4132; x_wconf 82' lang='lat' dir='ltr'><strong>igetur,</strong></span> <span class='ocrx_word' id='word_1_545' title='bbox 198 4057 326 4128; x_wconf 81' lang='lat' dir='ltr'><strong>ligneum</strong></span> <span class='ocrx_word' id='word_1_546' title='bbox 351 4067 420 4109; x_wconf 82' lang='lat' dir='ltr'><strong>vero</strong></span> <span class='ocrx_word' id='word_1_547' title='bbox 436 4052 559 4108; x_wconf 88' lang='lat' dir='ltr'><strong>lavetur.</strong></span> <span class='ocrx_word' id='word_1_548' title='bbox 586 4049 701 4121; x_wconf 91' lang='lat' dir='ltr'><strong>Siquis</strong></span> <span class='ocrx_word' id='word_1_549' title='bbox 726 4050 815 4105; x_wconf 87' lang='lat' dir='ltr'><strong>borni·</strong></span> <span class='ocrx_word' id='word_1_550' title='bbox 871 4048 1013 4118; x_wconf 84' lang='lat' dir='ltr'><strong>excipere.</strong></span> <span class='ocrx_word' id='word_1_551' title='bbox 1039 4048 1100 4120; x_wconf 79' lang='lat' dir='ltr'><strong>Ego</strong></span> <span class='ocrx_word' id='word_1_552' title='bbox 1122 4063 1190 4105; x_wconf 90' lang='lat' dir='ltr'><strong>vere</strong></span> <span class='ocrx_word' id='word_1_553' title='bbox 1214 4051 1337 4120; x_wconf 88' lang='lat' dir='ltr'><strong>cupidus</strong></span> <span class='ocrx_word' id='word_1_554' title='bbox 1364 4051 1492 4109; x_wconf 88' lang='lat' dir='ltr'><strong>discendi</strong></span> <span class='ocrx_word' id='word_1_555' title='bbox 1520 4056 1614 4126; x_wconf 82' lang='lat' dir='ltr'><strong>magis</strong></span> <span class='ocrx_word' id='word_1_556' title='bbox 1629 4069 1717 4126; x_wconf 91' lang='lat' dir='ltr'><strong>quam</strong></span> 
     </span>
     <span class='ocr_line' id='line_1_45' title="bbox 79 4137 1717 4218; baseline -0.002 -13"><span class='ocrx_word' id='word_1_557' title='bbox 79 4148 186 4218; x_wconf 76' lang='lat' dir='ltr'><strong>etegerit</strong></span> <span class='ocrx_word' id='word_1_558' title='bbox 202 4146 306 4201; x_wconf 85' lang='lat' dir='ltr'><strong>lec-tum</strong></span> <span class='ocrx_word' id='word_1_559' title='bbox 331 4144 394 4213; x_wconf 86' lang='lat' dir='ltr'><strong>ejus</strong></span> <span class='ocrx_word' id='word_1_560' title='bbox 417 4141 462 4198; x_wconf 90' lang='lat' dir='ltr'><strong>vel</strong></span> <span class='ocrx_word' id='word_1_561' title='bbox 478 4140 581 4196; x_wconf 88' lang='lat' dir='ltr'><strong>sederit</strong></span> <span class='ocrx_word' id='word_1_562' title='bbox 602 4139 653 4195; x_wconf 92' lang='lat' dir='ltr'><strong>ubi</strong></span> <span class='ocrx_word' id='word_1_563' title='bbox 670 4139 717 4195; x_wconf 94' lang='lat' dir='ltr'><strong>ille</strong></span> <span class='ocrx_word' id='word_1_564' title='bbox 736 4139 816 4194; x_wconf 89' lang='lat' dir='ltr'><strong>sede·</strong></span> <span class='ocrx_word' id='word_1_565' title='bbox 870 4137 1031 4207; x_wconf 86' lang='lat' dir='ltr'><strong>judicandi,</strong></span> <span class='ocrx_word' id='word_1_566' title='bbox 1061 4140 1192 4194; x_wconf 89' lang='lat' dir='ltr'><strong>emulum</strong></span> <span class='ocrx_word' id='word_1_567' title='bbox 1217 4141 1298 4209; x_wconf 87' lang='lat' dir='ltr'><strong>prius</strong></span> <span class='ocrx_word' id='word_1_568' title='bbox 1319 4142 1445 4197; x_wconf 85' lang='lat' dir='ltr'><strong>rationes</strong></span> <span class='ocrx_word' id='word_1_569' title='bbox 1464 4157 1510 4199; x_wconf 91' lang='lat' dir='ltr'><strong>me</strong></span> <span class='ocrx_word' id='word_1_570' title='bbox 1527 4144 1599 4200; x_wconf 86' lang='lat' dir='ltr'><strong>velle</strong></span> <span class='ocrx_word' id='word_1_571' title='bbox 1614 4145 1717 4201; x_wconf 89' lang='lat' dir='ltr'><strong>audire</strong></span> 
     </span>
     <span class='ocr_line' id='line_1_46' title="bbox 79 4227 1718 4305; baseline -0.002 -11"><span class='ocrx_word' id='word_1_572' title='bbox 79 4238 165 4294; x_wconf 79' lang='lat' dir='ltr'><strong>trabit</strong></span> <span class='ocrx_word' id='word_1_573' title='bbox 188 4236 359 4292; x_wconf 83' lang='lat' dir='ltr'><strong>vestimenta</strong></span> <span class='ocrx_word' id='word_1_574' title='bbox 385 4231 444 4301; x_wconf 83' lang='lat' dir='ltr'><strong>(iel.</strong></span> <span class='ocrx_word' id='word_1_575' title='bbox 473 4233 505 4286; x_wconf 84' lang='lat' dir='ltr'><strong>te</strong></span> <span class='ocrx_word' id='word_1_576' title='bbox 533 4228 579 4300; x_wconf 79' lang='grc' dir='ltr'>ιι.)</span> <span class='ocrx_word' id='word_1_577' title='bbox 604 4243 669 4296; x_wconf 88' lang='lat' dir='ltr'><strong>sua,</strong></span> <span class='ocrx_word' id='word_1_578' title='bbox 702 4235 729 4285; x_wconf 91' lang='lat' dir='ltr'><strong>et</strong></span> <span class='ocrx_word' id='word_1_579' title='bbox 758 4229 817 4297; x_wconf 86' lang='lat' dir='ltr'><strong>ipse</strong></span> <span class='ocrx_word' id='word_1_580' title='bbox 833 4249 856 4305; x_wconf 72' lang='grc' dir='ltr'><strong>ῃ</strong></span> <span class='ocrx_word' id='word_1_581' title='bbox 874 4227 1039 4298; x_wconf 81' lang='lat' dir='ltr'><strong>respondeo,</strong></span> <span class='ocrx_word' id='word_1_582' title='bbox 1068 4235 1102 4283; x_wconf 92' lang='lat' dir='ltr'><strong>ut</strong></span> <span class='ocrx_word' id='word_1_583' title='bbox 1127 4235 1206 4283; x_wconf 89' lang='lat' dir='ltr'><strong>tante</strong></span> <span class='ocrx_word' id='word_1_584' title='bbox 1224 4243 1317 4284; x_wconf 89' lang='lat' dir='ltr'><strong>essem</strong></span> <span class='ocrx_word' id='word_1_585' title='bbox 1347 4231 1496 4287; x_wconf 88' lang='lat' dir='ltr'><strong>discretior</strong></span> <span class='ocrx_word' id='word_1_586' title='bbox 1512 4232 1540 4287; x_wconf 92' lang='lat' dir='ltr'><strong>in</strong></span> <span class='ocrx_word' id='word_1_587' title='bbox 1558 4233 1718 4304; x_wconf 89' lang='lat' dir='ltr'><strong>judicando</strong></span> 
     </span>
     <span class='ocr_line' id='line_1_47' title="bbox 79 4315 1715 4396; baseline -0.003 -12"><span class='ocrx_word' id='word_1_588' title='bbox 79 4319 815 4396; x_wconf 85' lang='lat' dir='ltr'><strong>elusaquerrrrmuuduserltusqueadvesperam</strong></span> <span class='ocrx_word' id='word_1_589' title='bbox 873 4323 983 4385; x_wconf 88' lang='lat' dir='ltr'><strong>quanto</strong></span> <span class='ocrx_word' id='word_1_590' title='bbox 1016 4315 1171 4385; x_wconf 88' lang='lat' dir='ltr'><strong>sapientior</strong></span> <span class='ocrx_word' id='word_1_591' title='bbox 1203 4315 1299 4373; x_wconf 84' lang='lat' dir='ltr'><strong>iterem</strong></span> <span class='ocrx_word' id='word_1_592' title='bbox 1331 4319 1485 4388; x_wconf 90' lang='lat' dir='ltr'><strong>audiendo,</strong></span> <span class='ocrx_word' id='word_1_593' title='bbox 1519 4321 1606 4392; x_wconf 76' lang='lat' dir='ltr'><strong>iuxta</strong></span> <span class='ocrx_word' id='word_1_594' title='bbox 1633 4322 1715 4388; x_wconf 89' lang='lat' dir='ltr'><strong>illud,</strong></span> 
     </span>
     <span class='ocr_line' id='line_1_48' title="bbox 95 4404 1719 4486; baseline -0.002 -13"><span class='ocrx_word' id='word_1_595' title='bbox 95 4419 155 4486; x_wconf 89' lang='grc' dir='ltr'>ιιι).</span> <span class='ocrx_word' id='word_1_596' title='bbox 184 4413 423 4481; x_wconf 90' lang='lat' dir='ltr'><strong>llulierquoque</strong></span> <span class='ocrx_word' id='word_1_597' title='bbox 447 4423 514 4464; x_wconf 92' lang='lat' dir='ltr'><strong>cum</strong></span> <span class='ocrx_word' id='word_1_598' title='bbox 552 4407 725 4464; x_wconf 88' lang='lat' dir='ltr'><strong>naturaliter</strong></span> <span class='ocrx_word' id='word_1_599' title='bbox 746 4404 818 4461; x_wconf 89' lang='lat' dir='ltr'><strong>acci·</strong></span> <span class='ocrx_word' id='word_1_600' title='bbox 873 4404 950 4474; x_wconf 91' lang='lat' dir='ltr'><strong>quod</strong></span> <span class='ocrx_word' id='word_1_601' title='bbox 976 4417 1065 4474; x_wconf 90' lang='lat' dir='ltr'><strong>supra</strong></span> <span class='ocrx_word' id='word_1_602' title='bbox 1092 4405 1218 4468; x_wconf 89' lang='lat' dir='ltr'><strong>memini,</strong></span> <span class='ocrx_word' id='word_1_603' title='bbox 1253 4407 1412 4462; x_wconf 88' lang='lat' dir='ltr'><strong>seeundum</strong></span> <span class='ocrx_word' id='word_1_604' title='bbox 1447 4412 1552 4465; x_wconf 90' lang='lat' dir='ltr'><strong>summi</strong></span> <span class='ocrx_word' id='word_1_605' title='bbox 1580 4412 1719 4482; x_wconf 87' lang='lat' dir='ltr'><strong>sapientis</strong></span> 
     </span>
     <span class='ocr_line' id='line_1_49' title="bbox 79 4493 1719 4570; baseline -0.003 -8"><span class='ocrx_word' id='word_1_606' title='bbox 79 4501 431 4570; x_wconf 84' lang='lat' dir='ltr'><strong>imenstruorumpatitur</strong></span> <span class='ocrx_word' id='word_1_607' title='bbox 451 4497 562 4553; x_wconf 79' lang='lat' dir='ltr'><strong>llusmn</strong></span> <span class='ocrx_word' id='word_1_608' title='bbox 578 4497 648 4553; x_wconf 91' lang='lat' dir='ltr'><strong>adeo</strong></span> <span class='ocrx_word' id='word_1_609' title='bbox 666 4493 818 4551; x_wconf 89' lang='lat' dir='ltr'><strong>immunda</strong></span> <span class='ocrx_word' id='word_1_610' title='bbox 873 4493 1077 4563; x_wconf 88' lang='lat' dir='ltr'><strong>proverbium:</strong></span> <span class='ocrx_word' id='word_1_611' title='bbox 1102 4495 1226 4549; x_wconf 83' lang='lat' dir='ltr'><strong>Audiens</strong></span> <span class='ocrx_word' id='word_1_612' title='bbox 1247 4497 1355 4565; x_wconf 85' lang='lat' dir='ltr'><strong>sapiens</strong></span> <span class='ocrx_word' id='word_1_613' title='bbox 1373 4499 1525 4566; x_wconf 77' lang='lat' dir='ltr'><strong>sapientior</strong></span> <span class='ocrx_word' id='word_1_614' title='bbox 1540 4503 1602 4568; x_wconf 87' lang='lat' dir='ltr'><strong>erit,</strong></span> <span class='ocrx_word' id='word_1_615' title='bbox 1632 4506 1657 4556; x_wconf 86' lang='lat' dir='ltr'><strong>et</strong></span> <span class='ocrx_word' id='word_1_616' title='bbox 1672 4504 1719 4557; x_wconf 83' lang='lat' dir='ltr'><strong>ia-</strong></span> 
     </span>
     <span class='ocr_line' id='line_1_50' title="bbox 78 4583 1718 4663; baseline -0.002 -16"><span class='ocrx_word' id='word_1_617' title='bbox 78 4591 456 4663; x_wconf 86' lang='lat' dir='ltr'><strong>1r,utidquuqueinquo</strong></span> <span class='ocrx_word' id='word_1_618' title='bbox 483 4587 631 4643; x_wconf 90' lang='lat' dir='ltr'><strong>dormierit</strong></span> <span class='ocrx_word' id='word_1_619' title='bbox 645 4585 690 4641; x_wconf 89' lang='lat' dir='ltr'><strong>vel</strong></span> <span class='ocrx_word' id='word_1_620' title='bbox 712 4584 818 4640; x_wconf 88' lang='lat' dir='ltr'><strong>sederit</strong></span> <span class='ocrx_word' id='word_1_621' title='bbox 873 4583 996 4651; x_wconf 84' lang='lat' dir='ltr'><strong>telliqens</strong></span> <span class='ocrx_word' id='word_1_622' title='bbox 1019 4583 1206 4651; x_wconf 71' lang='lat' dir='ltr'><strong>pabunacalo</strong></span> <span class='ocrx_word' id='word_1_623' title='bbox 1233 4585 1382 4654; x_wconf 79' lang='lat' dir='ltr'><strong>possidebit</strong></span> <span class='ocrx_word' id='word_1_624' title='bbox 1401 4587 1478 4656; x_wconf 85' lang='lat' dir='ltr'><strong>(Sap.</strong></span> <span class='ocrx_word' id='word_1_625' title='bbox 1495 4604 1513 4652; x_wconf 88' lang='lat' dir='ltr'><strong>r,</strong></span> <span class='ocrx_word' id='word_1_626' title='bbox 1540 4588 1578 4660; x_wconf 78' lang='grc' dir='ltr'><strong>ὅ).</strong></span> <span class='ocrx_word' id='word_1_627' title='bbox 1605 4591 1637 4646; x_wconf 92' lang='lat' dir='ltr'><strong>ln</strong></span> <span class='ocrx_word' id='word_1_628' title='bbox 1660 4606 1718 4662; x_wconf 91' lang='lat' dir='ltr'><strong>quo</strong></span> 
     </span>
     <span class='ocr_line' id='line_1_51' title="bbox 106 4671 1718 4756; baseline -0.001 -17"><span class='ocrx_word' id='word_1_629' title='bbox 106 4685 262 4756; x_wconf 89' lang='lat' dir='ltr'><strong>polluatur,</strong></span> <span class='ocrx_word' id='word_1_630' title='bbox 287 4687 319 4734; x_wconf 92' lang='lat' dir='ltr'><strong>ut</strong></span> <span class='ocrx_word' id='word_1_631' title='bbox 344 4692 396 4733; x_wconf 94' lang='lat' dir='ltr'><strong>suo</strong></span> <span class='ocrx_word' id='word_1_632' title='bbox 416 4685 495 4732; x_wconf 87' lang='lat' dir='ltr'><strong>tectu</strong></span> <span class='ocrx_word' id='word_1_633' title='bbox 529 4675 665 4746; x_wconf 84' lang='lat' dir='ltr'><strong>quaelibet</strong></span> <span class='ocrx_word' id='word_1_634' title='bbox 694 4673 815 4743; x_wconf 90' lang='lat' dir='ltr'><strong>polluat,</strong></span> <span class='ocrx_word' id='word_1_635' title='bbox 873 4685 972 4727; x_wconf 88' lang='lat' dir='ltr'><strong>omnes</strong></span> <span class='ocrx_word' id='word_1_636' title='bbox 988 4671 1097 4742; x_wconf 90' lang='lat' dir='ltr'><strong>pariter</strong></span> <span class='ocrx_word' id='word_1_637' title='bbox 1111 4681 1308 4743; x_wconf 83' lang='lat' dir='ltr'><strong>assenserunt,</strong></span> <span class='ocrx_word' id='word_1_638' title='bbox 1325 4675 1425 4730; x_wconf 89' lang='lat' dir='ltr'><strong>eodem</strong></span> <span class='ocrx_word' id='word_1_639' title='bbox 1445 4678 1556 4733; x_wconf 86' lang='lat' dir='ltr'><strong>accensi</strong></span> <span class='ocrx_word' id='word_1_640' title='bbox 1578 4679 1718 4736; x_wconf 88' lang='lat' dir='ltr'><strong>desiderio</strong></span> 
     </span>
     <span class='ocr_line' id='line_1_52' title="bbox 79 4755 1188 4839; baseline -0.014 -8"><span class='ocrx_word' id='word_1_641' title='bbox 79 4774 208 4831; x_wconf 89' lang='lat' dir='ltr'><strong>tdeviro</strong></span> <span class='ocrx_word' id='word_1_642' title='bbox 224 4769 348 4839; x_wconf 88' lang='lat' dir='ltr'><strong>patiente</strong></span> <span class='ocrx_word' id='word_1_643' title='bbox 373 4755 487 4821; x_wconf 77' lang='lat' dir='ltr'><strong>lluirum</strong></span> <span class='ocrx_word' id='word_1_644' title='bbox 516 4764 632 4819; x_wconf 89' lang='lat' dir='ltr'><strong>seminis</strong></span> <span class='ocrx_word' id='word_1_645' title='bbox 660 4775 750 4832; x_wconf 91' lang='lat' dir='ltr'><strong>supra</strong></span> <span class='ocrx_word' id='word_1_646' title='bbox 773 4762 816 4818; x_wconf 89' lang='lat' dir='ltr'><strong>di·</strong></span> <span class='ocrx_word' id='word_1_647' title='bbox 872 4759 1071 4833; x_wconf 77' lang='lat' dir='ltr'><strong>disoendlliol.</strong></span> <span class='ocrx_word' id='word_1_648' title='bbox 1093 4764 1123 4815; x_wconf 81' lang='grc' dir='ltr'><strong>ιιι</strong></span> <span class='ocrx_word' id='word_1_649' title='bbox 1143 4760 1188 4834; x_wconf 84' lang='grc' dir='ltr'>ιιι.</span> 
     </span>
     <span class='ocr_line' id='line_1_53' title="bbox 79 4849 1720 4932; baseline -0.001 -15"><span class='ocrx_word' id='word_1_650' title='bbox 79 4870 102 4918; x_wconf 84' lang='lat' dir='ltr'><strong>st</strong></span> <span class='ocrx_word' id='word_1_651' title='bbox 119 4860 220 4932; x_wconf 60' lang='lat' dir='ltr'><strong>(ibide</strong></span> <span class='ocrx_word' id='word_1_652' title='bbox 241 4856 317 4921; x_wconf 87' lang='lat' dir='ltr'><strong>Quid</strong></span> <span class='ocrx_word' id='word_1_653' title='bbox 334 4868 400 4910; x_wconf 88' lang='lat' dir='ltr'><strong>vero</strong></span> <span class='ocrx_word' id='word_1_654' title='bbox 419 4854 489 4919; x_wconf 75' lang='lat' dir='ltr'><strong>liare,</strong></span> <span class='ocrx_word' id='word_1_655' title='bbox 511 4855 638 4920; x_wconf 90' lang='lat' dir='ltr'><strong>obsecro,</strong></span> <span class='ocrx_word' id='word_1_656' title='bbox 665 4852 700 4906; x_wconf 90' lang='lat' dir='ltr'><strong>ad</strong></span> <span class='ocrx_word' id='word_1_657' title='bbox 718 4850 812 4921; x_wconf 90' lang='lat' dir='ltr'><strong>iuqui-</strong></span> <span class='ocrx_word' id='word_1_658' title='bbox 908 4849 1018 4906; x_wconf 77' lang='lat' dir='ltr'><strong>Persas.</strong></span> <span class='ocrx_word' id='word_1_659' title='bbox 1041 4854 1099 4922; x_wconf 78' lang='lat' dir='ltr'><strong>Age</strong></span> <span class='ocrx_word' id='word_1_660' title='bbox 1123 4865 1210 4917; x_wconf 91' lang='lat' dir='ltr'><strong>nunc,</strong></span> <span class='ocrx_word' id='word_1_661' title='bbox 1227 4851 1400 4919; x_wconf 80' lang='lat' dir='ltr'><strong>Christiane,</strong></span> <span class='ocrx_word' id='word_1_662' title='bbox 1420 4853 1562 4924; x_wconf 90' lang='lat' dir='ltr'><strong>alloquor,</strong></span> <span class='ocrx_word' id='word_1_663' title='bbox 1583 4864 1615 4913; x_wconf 93' lang='lat' dir='ltr'><strong>ut</strong></span> <span class='ocrx_word' id='word_1_664' title='bbox 1631 4865 1662 4914; x_wconf 91' lang='lat' dir='ltr'><strong>tu</strong></span> <span class='ocrx_word' id='word_1_665' title='bbox 1678 4859 1720 4915; x_wconf 91' lang='lat' dir='ltr'><strong>in-</strong></span> 
     </span>
     <span class='ocr_line' id='line_1_54' title="bbox 79 4940 1717 5013; baseline -0.003 -5"><span class='ocrx_word' id='word_1_666' title='bbox 79 4943 817 5013; x_wconf 73' lang='lat' dir='ltr'><strong>emauiure,utlectusvirleliaetcujusquameon·</strong></span> <span class='ocrx_word' id='word_1_667' title='bbox 872 4940 1020 5009; x_wconf 88' lang='lat' dir='ltr'><strong>quisitioni</strong></span> <span class='ocrx_word' id='word_1_668' title='bbox 1046 4953 1117 4995; x_wconf 75' lang='lat' dir='ltr'><strong>meae</strong></span> <span class='ocrx_word' id='word_1_669' title='bbox 1150 4941 1311 4997; x_wconf 87' lang='lat' dir='ltr'><strong>secuudum</strong></span> <span class='ocrx_word' id='word_1_670' title='bbox 1341 4943 1478 5011; x_wconf 88' lang='lat' dir='ltr'><strong>propositi</strong></span> <span class='ocrx_word' id='word_1_671' title='bbox 1510 4946 1599 5003; x_wconf 91' lang='lat' dir='ltr'><strong>nostri</strong></span> <span class='ocrx_word' id='word_1_672' title='bbox 1620 4948 1717 5003; x_wconf 91' lang='lat' dir='ltr'><strong>cendi-</strong></span> 
     </span>
     <span class='ocr_line' id='line_1_55' title="bbox 79 5029 1720 5109; baseline -0.002 -12"><span class='ocrx_word' id='word_1_673' title='bbox 79 5042 161 5097; x_wconf 88' lang='lat' dir='ltr'><strong>etlam</strong></span> <span class='ocrx_word' id='word_1_674' title='bbox 180 5038 335 5109; x_wconf 91' lang='lat' dir='ltr'><strong>polluatur.</strong></span> <span class='ocrx_word' id='word_1_675' title='bbox 360 5034 429 5099; x_wconf 79' lang='lat' dir='ltr'><strong>Quae</strong></span> <span class='ocrx_word' id='word_1_676' title='bbox 443 5040 512 5088; x_wconf 89' lang='lat' dir='ltr'><strong>sunt</strong></span> <span class='ocrx_word' id='word_1_677' title='bbox 527 5032 596 5098; x_wconf 83' lang='lat' dir='ltr'><strong>istae,</strong></span> <span class='ocrx_word' id='word_1_678' title='bbox 615 5046 675 5097; x_wconf 89' lang='lat' dir='ltr'><strong>oro,</strong></span> <span class='ocrx_word' id='word_1_679' title='bbox 693 5031 826 5086; x_wconf 78' lang='lat' dir='ltr'><strong>immun·</strong></span> <span class='ocrx_word' id='word_1_680' title='bbox 872 5029 977 5083; x_wconf 91' lang='lat' dir='ltr'><strong>lienem</strong></span> <span class='ocrx_word' id='word_1_681' title='bbox 1003 5029 1185 5097; x_wconf 79' lang='lat' dir='ltr'><strong>respondeas</strong></span> <span class='ocrx_word' id='word_1_682' title='bbox 1210 5030 1300 5099; x_wconf 81' lang='lat' dir='ltr'><strong>Cujus</strong></span> <span class='ocrx_word' id='word_1_683' title='bbox 1326 5031 1443 5100; x_wconf 89' lang='lat' dir='ltr'><strong>quidem</strong></span> <span class='ocrx_word' id='word_1_684' title='bbox 1472 5033 1517 5088; x_wconf 81' lang='lat' dir='ltr'><strong>lex</strong></span> <span class='ocrx_word' id='word_1_685' title='bbox 1538 5042 1616 5091; x_wconf 90' lang='lat' dir='ltr'><strong>tanto</strong></span> <span class='ocrx_word' id='word_1_686' title='bbox 1637 5036 1720 5094; x_wconf 87' lang='lat' dir='ltr'><strong>debet</strong></span> 
     </span>
     <span class='ocr_line' id='line_1_56' title="bbox 79 5117 1721 5199; baseline -0.001 -14"><span class='ocrx_word' id='word_1_687' title='bbox 79 5129 119 5185; x_wconf 89' lang='grc' dir='ltr'><strong>ιιι</strong></span> <span class='ocrx_word' id='word_1_688' title='bbox 143 5123 332 5199; x_wconf 79' lang='lat' dir='ltr'><strong>pollutiones?</strong></span> <span class='ocrx_word' id='word_1_689' title='bbox 354 5123 435 5178; x_wconf 85' lang='lat' dir='ltr'><strong>Certe</strong></span> <span class='ocrx_word' id='word_1_690' title='bbox 462 5120 516 5177; x_wconf 80' lang='lat' dir='ltr'><strong>ille</strong></span> <span class='ocrx_word' id='word_1_691' title='bbox 541 5129 650 5191; x_wconf 83' lang='lat' dir='ltr'><strong>quoeet</strong></span> <span class='ocrx_word' id='word_1_692' title='bbox 672 5117 816 5185; x_wconf 90' lang='lat' dir='ltr'><strong>ciborum,</strong></span> <span class='ocrx_word' id='word_1_693' title='bbox 872 5131 932 5173; x_wconf 85' lang='lat' dir='ltr'><strong>esse</strong></span> <span class='ocrx_word' id='word_1_694' title='bbox 964 5117 1115 5187; x_wconf 89' lang='lat' dir='ltr'><strong>perlectlor</strong></span> <span class='ocrx_word' id='word_1_695' title='bbox 1139 5126 1166 5173; x_wconf 91' lang='lat' dir='ltr'><strong>et</strong></span> <span class='ocrx_word' id='word_1_696' title='bbox 1200 5119 1433 5176; x_wconf 88' lang='lat' dir='ltr'><strong>remuneratione</strong></span> <span class='ocrx_word' id='word_1_697' title='bbox 1458 5123 1558 5192; x_wconf 88' lang='lat' dir='ltr'><strong>patior,</strong></span> <span class='ocrx_word' id='word_1_698' title='bbox 1597 5125 1721 5197; x_wconf 79' lang='lat' dir='ltr'><strong>ejusque</strong></span> 
     </span>
     <span class='ocr_line' id='line_1_57' title="bbox 79 5206 1718 5285; baseline -0.001 -11"><span class='ocrx_word' id='word_1_699' title='bbox 79 5226 105 5274; x_wconf 84' lang='lat' dir='ltr'><strong>rt</strong></span> <span class='ocrx_word' id='word_1_700' title='bbox 133 5217 176 5272; x_wconf 94' lang='lat' dir='ltr'><strong>illi</strong></span> <span class='ocrx_word' id='word_1_701' title='bbox 203 5214 285 5272; x_wconf 88' lang='lat' dir='ltr'><strong>vobis</strong></span> <span class='ocrx_word' id='word_1_702' title='bbox 309 5211 419 5269; x_wconf 86' lang='lat' dir='ltr'><strong>vitandi</strong></span> <span class='ocrx_word' id='word_1_703' title='bbox 436 5218 505 5266; x_wconf 93' lang='lat' dir='ltr'><strong>suut</strong></span> <span class='ocrx_word' id='word_1_704' title='bbox 525 5210 554 5264; x_wconf 91' lang='lat' dir='ltr'><strong>in</strong></span> <span class='ocrx_word' id='word_1_705' title='bbox 569 5223 630 5277; x_wconf 90' lang='lat' dir='ltr'><strong>esu,</strong></span> <span class='ocrx_word' id='word_1_706' title='bbox 657 5207 697 5263; x_wconf 91' lang='lat' dir='ltr'><strong>sic</strong></span> <span class='ocrx_word' id='word_1_707' title='bbox 719 5207 774 5262; x_wconf 91' lang='lat' dir='ltr'><strong>ista</strong></span> <span class='ocrx_word' id='word_1_708' title='bbox 789 5207 818 5261; x_wconf 92' lang='lat' dir='ltr'><strong>in</strong></span> <span class='ocrx_word' id='word_1_709' title='bbox 872 5206 1005 5263; x_wconf 88' lang='lat' dir='ltr'><strong>doctriua</strong></span> <span class='ocrx_word' id='word_1_710' title='bbox 1036 5206 1244 5275; x_wconf 86' lang='lat' dir='ltr'><strong>rationabilior,</strong></span> <span class='ocrx_word' id='word_1_711' title='bbox 1271 5219 1381 5281; x_wconf 91' lang='lat' dir='ltr'><strong>quanto</strong></span> <span class='ocrx_word' id='word_1_712' title='bbox 1409 5209 1474 5283; x_wconf 84' lang='lat' dir='ltr'><strong>ipsa</strong></span> <span class='ocrx_word' id='word_1_713' title='bbox 1499 5221 1540 5269; x_wconf 89' lang='lat' dir='ltr'><strong>est</strong></span> <span class='ocrx_word' id='word_1_714' title='bbox 1570 5216 1718 5285; x_wconf 87' lang='lat' dir='ltr'><strong>posterior.</strong></span> 
     </span>
     <span class='ocr_line' id='line_1_58' title="bbox 79 5293 1717 5375; baseline -0.001 -11"><span class='ocrx_word' id='word_1_715' title='bbox 79 5303 258 5364; x_wconf 90' lang='lat' dir='ltr'><strong>etsicutllla</strong></span> <span class='ocrx_word' id='word_1_716' title='bbox 288 5299 449 5367; x_wconf 88' lang='lat' dir='ltr'><strong>immunda,</strong></span> <span class='ocrx_word' id='word_1_717' title='bbox 481 5298 627 5370; x_wconf 88' lang='lat' dir='ltr'><strong>quianon</strong></span> <span class='ocrx_word' id='word_1_718' title='bbox 651 5293 819 5352; x_wconf 86' lang='lat' dir='ltr'><strong>edendasie</strong></span> <span class='ocrx_word' id='word_1_719' title='bbox 873 5296 991 5350; x_wconf 83' lang='lat' dir='ltr'><strong>Frustra</strong></span> <span class='ocrx_word' id='word_1_720' title='bbox 1020 5295 1127 5365; x_wconf 90' lang='lat' dir='ltr'><strong>quippe</strong></span> <span class='ocrx_word' id='word_1_721' title='bbox 1155 5296 1259 5365; x_wconf 91' lang='lat' dir='ltr'><strong>papula</strong></span> <span class='ocrx_word' id='word_1_722' title='bbox 1286 5298 1396 5366; x_wconf 82' lang='lat' dir='ltr'><strong>priores</strong></span> <span class='ocrx_word' id='word_1_723' title='bbox 1423 5298 1499 5371; x_wconf 78' lang='lat' dir='ltr'><strong>leges</strong></span> <span class='ocrx_word' id='word_1_724' title='bbox 1511 5302 1717 5375; x_wconf 88' lang='lat' dir='ltr'><strong>scriberentur,</strong></span> 
     </span>
     <span class='ocr_line' id='line_1_59' title="bbox 79 5382 1716 5461; baseline 0.001 -9"><span class='ocrx_word' id='word_1_725' title='bbox 79 5393 193 5454; x_wconf 85' lang='lat' dir='ltr'><strong>munda</strong></span> <span class='ocrx_word' id='word_1_726' title='bbox 207 5390 251 5450; x_wconf 87' lang='lat' dir='ltr'><strong>vel</strong></span> <span class='ocrx_word' id='word_1_727' title='bbox 263 5389 374 5461; x_wconf 91' lang='lat' dir='ltr'><strong>polluta</strong></span> <span class='ocrx_word' id='word_1_728' title='bbox 389 5389 458 5459; x_wconf 92' lang='lat' dir='ltr'><strong>quia</strong></span> <span class='ocrx_word' id='word_1_729' title='bbox 473 5401 532 5443; x_wconf 92' lang='lat' dir='ltr'><strong>uon</strong></span> <span class='ocrx_word' id='word_1_730' title='bbox 547 5384 704 5457; x_wconf 78' lang='lat' dir='ltr'><strong>tangenda,</strong></span> <span class='ocrx_word' id='word_1_731' title='bbox 724 5391 751 5440; x_wconf 92' lang='grc' dir='ltr'><strong>ιι</strong></span> <span class='ocrx_word' id='word_1_732' title='bbox 766 5383 817 5455; x_wconf 93' lang='lat' dir='ltr'><strong>qui</strong></span> <span class='ocrx_word' id='word_1_733' title='bbox 875 5383 925 5455; x_wconf 86' lang='lat' dir='ltr'><strong>(ni)</strong></span> <span class='ocrx_word' id='word_1_734' title='bbox 940 5383 964 5438; x_wconf 90' lang='lat' dir='ltr'><strong>si</strong></span> <span class='ocrx_word' id='word_1_735' title='bbox 980 5382 1051 5452; x_wconf 92' lang='lat' dir='ltr'><strong>quid</strong></span> <span class='ocrx_word' id='word_1_736' title='bbox 1067 5383 1104 5438; x_wconf 87' lang='lat' dir='ltr'><strong>ad</strong></span> <span class='ocrx_word' id='word_1_737' title='bbox 1118 5383 1256 5441; x_wconf 87' lang='lat' dir='ltr'><strong>doetrinae</strong></span> <span class='ocrx_word' id='word_1_738' title='bbox 1270 5384 1474 5455; x_wconf 87' lang='lat' dir='ltr'><strong>perlectionem</strong></span> <span class='ocrx_word' id='word_1_739' title='bbox 1494 5390 1536 5447; x_wconf 90' lang='lat' dir='ltr'><strong>eis</strong></span> <span class='ocrx_word' id='word_1_740' title='bbox 1550 5392 1716 5454; x_wconf 89' lang='lat' dir='ltr'><strong>adderetur.</strong></span> 
     </span>
     <span class='ocr_line' id='line_1_60' title="bbox 79 5469 1718 5558; baseline -0.001 -15"><span class='ocrx_word' id='word_1_741' title='bbox 79 5490 154 5558; x_wconf 73' lang='lat' dir='ltr'><strong>runt,</strong></span> <span class='ocrx_word' id='word_1_742' title='bbox 169 5481 256 5540; x_wconf 87' lang='lat' dir='ltr'><strong>etiam</strong></span> <span class='ocrx_word' id='word_1_743' title='bbox 269 5477 294 5536; x_wconf 90' lang='lat' dir='ltr'><strong>si</strong></span> <span class='ocrx_word' id='word_1_744' title='bbox 314 5476 456 5549; x_wconf 89' lang='lat' dir='ltr'><strong>compulsi</strong></span> <span class='ocrx_word' id='word_1_745' title='bbox 477 5474 524 5534; x_wconf 84' lang='lat' dir='ltr'><strong>rol</strong></span> <span class='ocrx_word' id='word_1_746' title='bbox 550 5475 719 5548; x_wconf 80' lang='lat' dir='ltr'><strong>ignorantes</strong></span> <span class='ocrx_word' id='word_1_747' title='bbox 730 5472 760 5530; x_wconf 90' lang='lat' dir='ltr'><strong>id</strong></span> <span class='ocrx_word' id='word_1_748' title='bbox 774 5472 816 5533; x_wconf 84' lang='lat' dir='ltr'><strong>ia·</strong></span> <span class='ocrx_word' id='word_1_749' title='bbox 874 5469 956 5536; x_wconf 82' lang='lat' dir='ltr'><strong>Quod</strong></span> <span class='ocrx_word' id='word_1_750' title='bbox 969 5470 1091 5543; x_wconf 89' lang='lat' dir='ltr'><strong>quidam</strong></span> <span class='ocrx_word' id='word_1_751' title='bbox 1111 5481 1276 5531; x_wconf 87' lang='lat' dir='ltr'><strong>nostrorum</strong></span> <span class='ocrx_word' id='word_1_752' title='bbox 1302 5473 1332 5532; x_wconf 92' lang='lat' dir='ltr'><strong>in</strong></span> <span class='ocrx_word' id='word_1_753' title='bbox 1356 5476 1483 5536; x_wconf 89' lang='lat' dir='ltr'><strong>secunde</strong></span> <span class='ocrx_word' id='word_1_754' title='bbox 1502 5478 1661 5541; x_wconf 79' lang='lat' dir='ltr'><strong>Rhetorica</strong></span> <span class='ocrx_word' id='word_1_755' title='bbox 1674 5485 1718 5544; x_wconf 91' lang='lat' dir='ltr'><strong>di·</strong></span> 
     </span>
    </p>
   </div>
   <div class='ocr_carea' id='block_1_3' title="bbox 0 0 1908 5962">
    <p class='ocr_par' dir='ltr' id='par_1_3' title="bbox 0 0 1908 5962">
     <span class='ocr_line' id='line_1_61' title="bbox 0 0 1908 5962; baseline 0 0"><span class='ocrx_word' id='word_1_756' title='bbox 0 0 1908 5962; x_wconf 95' lang='lat' dir='ltr'><strong> </strong></span> 
     </span>
    </p>
   </div>
  </div>
 </body>
</html>
