3804 5962
116 227 183 286 ttae
383 224 487 280 rnatu
507 224 697 281 numanum
716 226 791 283 OPP.
812 229 903 285 PARS
921 230 968 289 lll.
987 260 1022 272 -
1040 231 1258 289 annonodlcn
1278 233 1320 287 ET
1338 231 1600 290 PHILOSOPHICA.
1800 235 1857 289 liat

113 349 256 422 passionis
279 348 405 407 dolorem
428 349 576 415 interrant,
602 357 635 407 ut
653 351 742 407 telum
768 351 888 423 aliquod
908 361 959 410 aut
975 358 999 414 A
1014 359 1114 413 illam?
1127 361 1205 413 Joaa.
1220 373 1305 426 narn,
1325 360 1377 429 ll.)
1405 358 1551 426 Quomodo
1565 372 1635 429 erga
1655 372 1710 430 per
1727 360 1859 430 passionis

114 452 223 511 aquam
236 439 393 509 perforans,
415 445 466 494 aut
485 437 581 509 ignem
604 453 813 512 compungens,
829 450 879 499 aut
894 456 962 498 aera
1017 450 1126 499 metum
1136 445 1282 502 transferri
1295 460 1349 502 ase
1363 446 1479 503 calicem
1494 447 1709 517 deprecaretur,
1724 449 1806 518 quod
1820 463 1861 518 per

115 527 284 584 vulnerans.
317 525 422 582 Omnes
446 526 562 597 quidem
596 527 648 582 bas
680 528 826 599 passiones
851 539 963 587 naturae
1016 531 1861 607 disponsationisstudiumlastinaretirnplero‘lNouenim

115 629 176 672 snat
193 614 288 682 inlert,
312 621 344 670 ut
367 613 499 684 parioret,
529 621 561 671 nt
589 624 774 687 compungat,
802 626 834 675 ut
861 620 962 676 vulne·
1017 622 1150 676 convenit
1164 624 1263 692 atpati
1280 623 1368 680 nollet
1383 624 1434 694 qui
1446 623 1505 694 pati
1516 623 1609 679 vellet.
1623 625 1716 678 Item:
1732 624 1861 695 Oportue-

116 711 176 773 rat3
206 703 255 758 sed
280 711 416 759 naturam
452 703 582 759 suarnln
608 704 669 760 ιιιεε
690 705 782 774 passio
804 707 882 764 illata
905 722 963 764 non
1017 709 1861 780 rattedictihuiusimmenroremnonluisse:Vmatmdico

117 791 231 857 retinet,
254 791 324 847 dum
351 792 379 846 in
400 800 507 847 natura
522 806 579 847 nan
605 801 647 849 cst
670 793 714 849 vel
731 808 837 864 aquam
863 797 962 863 locari,
1017 797 1102 864 cobis,
1119 799 1214 852 amodo
1230 799 1592 855 uidebitisFiliamltomiais
1610 801 1753 857 sedentem
1767 819 1786 857 a
1800 804 1862 858 dca-

115 878 161 935 vel
179 880 271 950 pungi
291 880 397 950 ignem,
422 881 466 937 vel
487 882 726 950 aeravulnorari,
750 885 886 953 quamvis
913 899 962 941 na·
1019 886 1069 938 tris
1096 889 1209 940 virtutis
1243 890 1290 942 lici
1324 893 1349 941 et
1376 890 1526 942 sortientem
1559 904 1618 944 eam
1653 890 1779 945 nabibus
1812 893 1863 946 euti

116 974 184 1025 tura
200 968 248 1025 teli
271 969 307 1026 sit
322 977 349 1026 ει
370 968 464 1025 forare
486 977 514 1025 ει
535 984 729 1041 compungere
752 980 778 1027 ot
798 973 962 1029 vulnerare.
1019 971 1127 1042 (llattlt.
1168 988 1254 1041 xxvi,
1282 974 1337 1046 ol).
1369 977 1454 1030 item:
1489 975 1588 1044 Omne,
1622 977 1703 1048 quod
1743 979 1862 1047 timetur,

117 1057 207 1112 Item:
239 1058 344 1114 Passus
381 1056 499 1129 quidem
537 1056 687 1126 Dominus,
730 1058 800 1115 dum
832 1061 962 1130 caeditur,
1018 1059 1104 1115 vitari
1128 1075 1242 1118 necesse
1265 1070 1317 1126 εει,
1352 1062 1423 1118 dnm
1446 1064 1580 1130 timetur;
1608 1065 1689 1136 quad
1720 1066 1862 1122 infirmnm

116 1145 187 1202 dum
209 1145 407 1216 suspenditur,
429 1146 498 1202 dum
528 1146 804 1217 crucifigitur,dum
823 1150 963 1218 rnoritur;
1018 1156 1070 1215 εει,
1095 1152 1184 1205 sumit
1217 1164 1254 1204 ox
1276 1151 1468 1207 imbecillitate
1489 1151 1629 1207 timorem.
1660 1151 1703 1207 Tu
1721 1165 1795 1207 reno
1815 1165 1863 1221 qno

117 1234 167 1290 sed
201 1232 231 1289 in
260 1247 364 1304 corpus
394 1234 508 1289 irruens
535 1233 629 1303 passio
655 1249 793 1291 necnon
819 1236 872 1292 luit
903 1251 966 1307 pns-
1019 1250 1106 1293 sansu
1126 1238 1246 1293 rationis
1271 1239 1418 1310 intelligis,
1442 1240 1597 1295 Dominum
1619 1240 1722 1296 lesum
1738 1240 1777 1295 ad
1796 1239 1862 1310 qual

118 1320 170 1390 sio,
197 1336 250 1378 nea
272 1329 368 1378 tamen
393 1322 534 1391 passionis
566 1329 702 1378 naturam
730 1325 870 1392 exercuit,
894 1326 965 1382 dum
1019 1322 1136 1382 festinat
1175 1328 1284 1390 ttinere,
1319 1334 1548 1384 consternantem
1584 1327 1672 1384 lortes
1702 1328 1862 1383 infirmitate

116 1416 145 1466 ει
172 1409 276 1480 poenali
304 1409 466 1466 ministerio
499 1409 625 1477 desaevit,
663 1419 690 1466 et
717 1411 810 1469 virtus
838 1414 966 1483 corporis
1021 1412 1174 1482 trepidare,
1199 1422 1226 1470 at
1245 1412 1368 1470 vulnera
1385 1430 1443 1470 non
1459 1415 1675 1485 permittentem
1695 1415 1792 1471 dolori
1806 1415 1861 1470 tul·

118 1496 182 1554 sine
200 1511 287 1554 sensu
302 1511 392 1568 poenm
414 1497 476 1554 vim
501 1511 595 1570 pmnac
614 1499 644 1554 in
662 1512 692 1555 sa
720 1500 898 1558 desaevientis
911 1516 965 1557 ex·
1021 1509 1154 1556 neratum
1169 1501 1288 1557 dolerel
1313 1502 1396 1558 Anne
1410 1510 1537 1559 metuere
1548 1503 1600 1559 tibi
1616 1503 1769 1560 infernum
1789 1503 1863 1558 cbaos

119 1585 203 1655 oepit.
235 1585 310 1654 Quid
334 1586 412 1642 enim
440 1599 490 1656 per
518 1594 655 1643 naturam
688 1589 817 1659 corporis
844 1590 966 1647 humani
1021 1586 1182 1645 credendus
1200 1597 1251 1656 cst,
1276 1590 1374 1646 dicens
1399 1591 1501 1646 latroni
1527 1591 1557 1646 in
1579 1605 1682 1646 cruce:
1703 1593 1797 1646 Amen
1815 1590 1862 1642 deo

118 1680 286 1744 conceptam
316 1687 358 1731 ex
393 1673 497 1744 spiritu
523 1688 641 1732 earnem
664 1675 850 1747 judicamus?
877 1679 966 1735 llotno
984 1649 1004 1704 B
1023 1675 1083 1744 tibi,
1105 1677 1184 1731 ltodt'o
1207 1693 1309 1732 caccum
1333 1679 1428 1733 crisin
1451 1679 1585 1748 paradiso
1605 1680 1682 1748 (Ltta.
1707 1693 1800 1746 xxtrt,
1816 1680 1859 1741 ill

118 1762 167 1819 ille
187 1762 223 1819 do
246 1762 304 1819 Deo
333 1770 376 1819 est
395 1763 505 1820 liabens
532 1764 567 1820 ad
583 1765 749 1835 patiendum
774 1767 892 1837 quidem
907 1780 968 1822 eor·
1024 1765 1143 1834 martyri
1168 1780 1221 1821 sno
1246 1766 1415 1835 paradisum
1439 1766 1606 1836 promittens
1620 1776 1649 1823 et
1664 1776 1862 1824 consummata

36 1908 39 1915 ,
120 1863 185 1921 pus,
207 1856 235 1906 et
266 1863 368 1920 passus
390 1858 441 1919 est,
470 1850 519 1908 sed
539 1860 675 1908 naturam
709 1866 767 1909 non
800 1853 910 1910 lrabens
931 1854 968 1910 ad
1024 1852 1211 1910 beatitudinis
1232 1852 1350 1909 delicias
1376 1853 1537 1924 pollicens?
1560 1857 1653 1909 item:
1685 1853 1860 1925 Collatisigi·

119 1937 285 1996 dolendum.
312 1938 430 1996 Natura
452 1939 529 1996 enim
550 1941 673 2011 propria
697 1954 731 1997 ac
761 1956 822 1997 suta
864 1956 968 2014 corpus
1023 1949 1071 1998 tur
1084 1941 1226 1996 dictorum
1240 1949 1328 2011 atque
1342 1951 1488 2013 gestorum
1504 1943 1666 2006 virtutibus
1681 1941 1861 1999 demonstrari

119 2026 192 2084 illud
207 2034 258 2084 εει.
280 2027 381 2100 Neque
404 2043 471 2085 cum
494 2029 584 2086 sitivit
604 2036 654 2084 aut
674 2031 794 2086 esurivit
811 2038 861 2087 ant
878 2030 966 2097 flevit,
1023 2041 1081 2082 non
1109 2027 1281 2098 ambiguum
1306 2036 1357 2096 est,
1382 2029 1410 2083 iu
1433 2039 1539 2085 natura
1562 2031 1624 2100 ojus
1640 2029 1773 2100 corporis
1796 2030 1861 2085 intir-

119 2114 225 2173 bibisse
255 2123 306 2173 εει
337 2118 526 2174 manducasse
553 2125 603 2173 aut
636 2116 760 2174 doluisse
793 2126 969 2175 monstratus
1023 2114 1153 2170 mitatem
1171 2124 1439 2185 uatnraecorporem
1463 2132 1519 2172 nou
1536 2117 1634 2182 luisse,
1656 2117 1706 2172 cui
1723 2119 1861 2173 larinate

85 2227 91 2234 ·
120 2211 179 2271 εει,
219 2203 269 2260 sed
298 2203 335 2260 ad
363 2204 619 2261 demonstrandum
647 2206 776 2276 corporis
805 2206 966 2276 veritatem,
1024 2202 1368 2259 naturaliteritomnom
1389 2218 1540 2273 corporum
1559 2205 1702 2274 depellere
1721 2206 1859 2261 inlrrmita·

123 2291 251 2361 corporis
275 2291 454 2348 consuetudo
476 2302 610 2363 suscepta
630 2299 690 2348 est:
714 2293 759 2348 vel
777 2307 844 2349 oum
869 2303 969 2364 potunt
1025 2299 1091 2358 tetn,
1125 2299 1154 2347 ει
1178 2291 1341 2361 passionem
1367 2292 1454 2355 illam,
1486 2291 1549 2347 licet
1578 2292 1693 2362 corpori
1722 2292 1802 2349 illata
1823 2293 1860 2367 sit,

120 2386 149 2436 et
176 2377 274 2434 cilium
297 2381 414 2448 accepit,
439 2393 497 2435 non
520 2393 549 2435 se
571 2380 733 2436 necessitati
755 2381 894 2452 corporis,
919 2383 969 2439 sed
1024 2393 1082 2434 non
1106 2386 1202 2435 tamen
1222 2386 1356 2434 naturam
1377 2378 1491 2435 dolendi
1506 2379 1620 2449 corpori
1642 2378 1786 2444 intulisse,
1803 2378 1860 2448 poia

121 2464 330 2524 consuetudini
357 2467 467 2523 tribuit.
492 2469 582 2522 llam:
613 2468 717 2524 Tenuit
751 2469 903 2540 Apostolus
924 2471 970 2527 de-
1025 2469 1160 2538 quamvis
1180 2466 1860 2536 lornraoorporisnostriessetinDomino,non

122 2554 317 2612 monstranda
344 2554 506 2611 nativitatis
530 2555 620 2625 hujus
648 2563 870 2620 sacramentum,
902 2571 969 2614 cum
1025 2553 1314 2626 tamenlinlvitioste
1337 2554 1514 2612 infirmitatis
1535 2561 1640 2610 nostra
1660 2563 1736 2610 esset
1757 2567 1860 2624 corpure
1898 2552 1901 2557 '

122 2642 236 2700 altalo
265 2643 447 2698 similitudine
473 2645 635 2698 constitutus
671 2648 696 2698 et
719 2645 813 2699 babitu
845 2650 970 2714 rapertus
1025 2643 1076 2708 aui
1102 2657 1160 2699 non
1183 2651 1255 2698 osset
1278 2642 1308 2697 in
1339 2643 1461 2714 origine,
1484 2643 1560 2712 quod
1588 2657 1625 2698 ex
1643 2651 1786 2713 conceptu
1808 2641 1858 2712 Spi-

122 2736 154 2787 ai
175 2733 251 2787 bomo
270 2731 402 2805 (Philipp.
424 2746 455 2798 ιι,
480 2734 517 2802 7).
543 2731 605 2787 Non
629 2731 683 2788 luit
705 2733 820 2789 habitus
844 2734 891 2790 ille
906 2743 969 2790 tan·
1025 2733 1098 2787 ritus
1113 2730 1203 2785 sancti
1217 2731 1300 2801 virgo
1314 2731 1477 2802 progenuit,
1494 2730 1570 2800 quod
1583 2728 1858 2786 lieetsexussniom·

122 2825 187 2876 tum
208 2819 405 2886 hominis,sed
429 2827 462 2877 ut
484 2819 619 2886 bominis,
644 2819 715 2875 dum
734 2828 762 2876 et
776 2820 895 2878 habitus
908 2835 969 2877 oar·
1025 2819 1068 2874 clo
1078 2818 1221 2890 genuerit,
1233 2831 1290 2873 non
1302 2826 1397 2873 tamen
1410 2827 1530 2874 torrenae
1540 2819 1739 2887 conceptionis
1749 2818 1859 2887 suscepit

123 2907 170 2965 nis
192 2908 221 2963 in
237 2909 397 2966 nativitatis
420 2916 462 2964 εει
494 2909 671 2976 ιειιιειε,ει
698 2907 856 2964 similitudo
875 2909 970 2965 carnis
1025 2907 1181 2972 elementis,
1202 2913 1229 2960 et
1252 2914 1334 2961 extra
1360 2905 1486 2975 corporis
1508 2907 1597 2962 nostri
1620 2906 1860 2962 inormitatemeu

123 2997 233 3068 peccati
254 2997 365 3053 avitiis
390 2996 526 3051 hnmana
542 2995 685 3065 passionis
702 2996 795 3051 aliena
810 3004 860 3052 est.
878 2981 1103 3068 atququnod
1138 2993 1296 3064 spiritualis
1328 2993 1521 3063 conceptionis
1552 2995 1677 3063 sumpsit
1708 2993 1858 3050 exordium.

123 3084 164 3141 ita
185 3083 270 3142 habat
287 3083 466 3141 nativitatem
489 3083 623 3146 bantinis,
653 3082 897 3154 quiahomoes13
920 3099 972 3141 nec
1024 3081 1860 3153 rtem:Nonejusdemsigniuoattooisesttristemessopro
1898 3152 1901 3165 .

126 3169 179 3244 [ast
199 3171 243 3243 in]
264 3172 369 3227 vitiosa
397 3169 522 3226 bominis
543 3169 721 3237 infirmitate,
743 3163 821 3240 'quia
842 3172 973 3229 Christus
1027 3179 1225 3241 ptermortem,
1238 3178 1265 3226 ει
1277 3171 1385 3225 tristem
1395 3184 1555 3240 essetisque
1565 3167 1859 3241 adanortem,quianlti
1897 3172 1901 3227 l

124 3266 176 3326 est,
202 3259 274 3328 quia
300 3257 434 3328 quamvis
460 3255 550 3313 lorma
576 3257 666 3312 nostri
688 3260 815 3328 corporis
843 3269 916 3317 esset
943 3261 971 3318 in
1027 3267 1143 3330 propter
1153 3266 1275 3313 mortem
1291 3257 1406 3313 tristitia
1426 3267 1478 3324 cst,
1494 3259 1550 3313 illic
1566 3257 1627 3327 ipsa
1641 3272 1721 3329 mors
1733 3262 1859 3314 causaesl
1897 3234 1900 3271 ¹

125 3344 256 3407 Domino,
289 3359 346 3401 non
382 3352 478 3401 tamen
514 3345 623 3403 vitiosae
660 3346 836 3404 inllrmitatis
869 3357 973 3406 nostrae
1028 3346 1233 3417 tristitrae3ubi
1248 3360 1315 3402 vero
1330 3345 1447 3402 tristitia
1465 3360 1559 3416 usque
1578 3345 1614 3401 ad
1630 3353 1753 3402 mortem
1768 3354 1807 3403 est
1821 3344 1858 3400 tri·
1897 3336 1900 3357 '

125 3433 218 3490 lorma
241 3440 313 3490 esset
332 3434 362 3489 in
391 3448 519 3504 corpore,
543 3434 595 3505 qui
618 3447 676 3490 non
699 3443 772 3493 esset
798 3437 826 3492 in
850 3438 972 3509 origine,
1027 3436 1110 3492 stitia
1124 3442 1166 3491 est
1181 3433 1255 3489 linis.
1272 3436 1361 3488 Item:
1387 3435 1503 3490 oravit:
1528 3437 1618 3502 Potor,
1636 3439 1660 3488 ει·
1676 3435 1802 3504 possibile
1820 3438 1858 3497 at,

125 3522 202 3594 quod
218 3535 255 3578 ex
280 3531 420 3592 conceptu
444 3523 568 3593 Spiritus
586 3524 676 3579 sancti
701 3525 785 3596 virgo
808 3528 971 3598 progenuit.
1027 3530 1149 3580 transeat
1169 3539 1186 3577 a
1209 3539 1249 3576 me
1267 3525 1340 3577 colia
1355 3525 1407 3577 ista
1426 3523 1534 3591 tllattlt.
1557 3537 1643 3592 ιιιι,
1670 3524 1730 3594 39).
1755 3523 1812 3579 Non
1826 3535 1859 3576 ro

125 3613 216 3666 Item:
239 3610 380 3667 Timuisse
401 3612 461 3679 tibi,
490 3627 507 3668 o
534 3612 675 3681 heretice,
711 3613 849 3670 Dominus
877 3616 975 3686 gloriae
1028 3619 1085 3684 gat,
1101 3626 1137 3667 na
1152 3624 1249 3667 secun}
1266 3611 1312 3674 sit,
1327 3610 1375 3666 sed
1396 3618 1429 3665 ut
1452 3624 1468 3666 a
1489 3625 1519 3666 se
1543 3619 1682 3666 transeat.
1704 3611 1809 3667 Deinde
1826 3623 1859 3663 ri

126 3700 290 3773 passionom
306 3698 447 3756 videtur?
467 3699 521 3756 Sed
535 3701 561 3756 ει
583 3701 619 3757 ob
643 3702 913 3774 ignorantiaebujus
927 3718 973 3760 er·
1028 3707 1086 3772 gat,
1113 3714 1149 3756 ne
1182 3698 1316 3755 voluntas
1346 3713 1400 3754 sua
1423 3699 1482 3766 liat,
1503 3707 1530 3755 et
1549 3699 1627 3770 quod
1649 3699 1715 3755 vult
1734 3699 1816 3764 elbai,
1838 3694 1858 3750 il
1897 3732 1900 3757 ι

127 3802 234 3854 rorem,
256 3795 284 3845 et
308 3788 428 3846 Satanas
447 3789 550 3845 Petrus
572 3798 600 3846 et
619 3790 788 3847 scandalum
806 3800 857 3848 est.
878 3793 972 3847 Item:
1027 3789 1122 3859 ipsum
1149 3787 1265 3843 concedi
1290 3787 1344 3842 sibi
1368 3801 1427 3843 non
1449 3786 1521 3843 vult.
1544 3787 1588 3843 ait
1609 3787 1700 3851 enim,
1730 3802 1783 3842 aaa
1804 3787 1859 3842 stell

127 3879 172 3936 Tu
204 3879 276 3951 quid
297 3879 452 3936 sectaberis
475 3879 535 3950 spei
559 3879 706 3936 Christum
728 3881 817 3936 ileum
841 3881 973 3951 negando
1027 3893 1074 3946 ego
1096 3876 1166 3946 coto,
1189 3876 1238 3930 sed
1266 3877 1391 3929 sicutte
1414 3875 1525 3946 (ibid.);
1547 3881 1578 3931 ut
1606 3875 1755 3932 voluntate
1778 3873 1860 3931 calicis

127 3968 190 4025 etei
209 3975 319 4025 rnatum
338 3968 479 4039 passionis
502 3968 658 4024 addendo?
683 3969 767 4024 Anna
789 3968 899 4033 metuit,
923 3967 974 4038 qui
1027 3964 1198 4035 deprecandi
1224 3964 1360 4021 humanae
1381 3964 1411 4019 in
1435 3978 1464 4020 se
1486 3963 1690 4020 sollicitudinis
1710 3963 1862 4035 significans

127 4057 247 4114 armatis
267 4056 304 4113 ad
320 4057 536 4128 corripiendum
561 4071 590 4113 sa
614 4057 717 4113 obvius
738 4057 865 4127 prodiit?
893 4065 921 4113 et
944 4058 974 4114 iu
1016 4053 1212 4134 consortium.
1248 4054 1419 4110 sententiam
1449 4066 1466 4108 a
1499 4065 1529 4108 se
1554 4053 1641 4108 unita
1667 4052 1725 4108 sibi
1747 4065 1864 4109 commn-

128 4158 247 4215 oarporo
269 4146 334 4217 ejus
363 4144 515 4201 infirmitas
545 4145 609 4212 luit,
639 4144 675 4200 ad
703 4144 788 4215 cuius
820 4159 974 4202 occursum
1028 4142 1132 4211 nisque
1152 4155 1219 4197 cum
1236 4144 1388 4197 Patrouon
1403 4141 1579 4196 discerneret
1594 4139 1765 4197 voluntatis.
1783 4143 1863 4196 lum:

128 4241 310 4291 consternata
339 4234 458 4306 agmina
487 4233 726 4303 persequentium
761 4201 1112 4290 concideruntiDOratc
1140 4246 1174 4285 aa
1208 4231 1316 4284 intretis
1350 4233 1379 4283 in
1412 4230 1594 4291 tentationem,
1621 4229 1707 4294 (laid,
1739 4231 1799 4298 ιι.)
1820 4227 1864 4296 Qui

128 4325 222 4389 littam
242 4321 333 4394 igitur
357 4321 553 4378 infirmitatem
572 4320 748 4377 dominatam
771 4321 860 4392 hujus
876 4335 973 4392 corpo·
1029 4333 1088 4375 non
1112 4317 1356 4374 scandalizaturos
1379 4332 1409 4373 se
1443 4317 1662 4387 pollicebantur.
1691 4317 1721 4372 in
1741 4318 1864 4374 scandalo

128 4410 287 4479 rismodis,
311 4409 396 4480 quus
423 4416 534 4466 tantam
557 4408 658 4465 lrabuit
681 4416 787 4464 natura
813 4409 975 4465 virtutem?
1031 4421 1081 4477 per
1101 4406 1296 4462 infirmitatem
1311 4407 1407 4462 carnis
1421 4412 1503 4461 eraut
1517 4404 1618 4460 lutari.
1643 4404 1708 4460 lion
1729 4421 1799 4478 crgo
1820 4404 1863 4463 sibl

131 4498 185 4557 Sed
210 4499 282 4557 lorte
305 4499 432 4555 dolorem
458 4497 614 4554 vulnerum
641 4497 747 4553 timuit.
771 4497 871 4562 Quam,
894 4511 973 4570 rogo,
1030 4496 1118 4551 tristis
1136 4502 1186 4562 est,
1209 4509 1304 4566 neque
1326 4494 1381 4550 sibi
1413 4507 1486 4558 ora,
1516 4493 1565 4548 sed
1593 4492 1650 4548 illis
1679 4508 1756 4563 quos
1782 4498 1863 4550 monet
1901 4540 1902 4545 ,

130 4586 308 4661 penetrantis
331 4586 360 4642 in
380 4599 495 4643 carnem
515 4586 589 4642 olavi
617 4584 717 4642 habuit
739 4584 900 4651 horrorem,
924 4585 975 4656 qui
1029 4597 1111 4642 orara
1136 4583 1339 4656 pervigilasne
1362 4583 1391 4637 in
1406 4597 1454 4638 eos
1478 4581 1554 4637 calin
1568 4579 1731 4650 incumbat,
1756 4593 1863 4652 quent

130 4676 234 4735 excisae
252 4676 332 4732 auris
350 4689 464 4732 carnem
492 4674 551 4730 solo
577 4673 704 4730 restituit
722 4674 856 4729 attactu?
874 4673 975 4729 llanus
1029 4687 1059 4729 se
1079 4672 1202 4729 transire
1222 4679 1296 4740 orat,
1320 4687 1356 4728 ne
1381 4672 1409 4726 in
1434 4671 1478 4726 lris
1502 4669 1611 4726 scilicet
1631 4680 1758 4726 maneat.
1784 4672 1862 4726 Ilm:

127 4767 245 4823 alaram
274 4763 373 4823 dolet?
397 4771 425 4820 et
455 4763 541 4820 sentit
571 4763 626 4819 sibi
659 4762 778 4827 vulnus,
806 4761 858 4832 qui
892 4761 975 4818 alteri
1029 4761 1109 4828 Quod
1131 4761 1172 4816 ait
1201 4763 1225 4815 si
1254 4761 1383 4830 possibile
1405 4765 1455 4825 est,
1482 4759 1578 4815 docuit
1611 4758 1692 4826 quod
1717 4759 1756 4815 ait
1780 4760 1861 4815 Petro:

129 4854 257 4912 dolorem
295 4852 427 4910 vulneris
459 4865 517 4908 uon
552 4849 712 4921 relinquit?
747 4851 835 4905 Item:
877 4850 975 4905 litere·
1028 4854 1095 4906 ane
1117 4851 1235 4906 Salamas
1258 4851 1400 4919 capetioil,
1422 4853 1453 4902 ει
1467 4862 1513 4901 oos
1536 4847 1648 4901 ventilet
1668 4849 1741 4901 siout
1755 4849 1861 4902 irtacus

127 4943 193 5010 tica,
222 4956 276 4999 eur
301 4949 426 4999 exeunte
454 4941 490 4997 ad
517 4940 707 5011 proditionem
731 4939 807 4994 luda
833 4952 891 4994 non
915 4952 972 4994 me·
1030 4940 1103 5010 (ιεε.
1125 4952 1195 5000 xxii,
1220 4940 1274 5005 31).
1300 4936 1424 4994 Τιιειιιιε
1444 4943 1539 4992 εειειε
1571 4936 1723 5005 usquead
1757 4942 1860 4991 rnortcn

127 5031 247 5090 mineris
271 5030 379 5088 dictum
403 5029 499 5096 luisse,
527 5045 599 5084 auae
623 5029 816 5098 honorificatos
839 5031 879 5082 cst
900 5028 974 5096 plius
1029 5027 1152 5082 Domino
1177 5025 1302 5094 estquia
1324 5025 1352 5079 iu
1373 5032 1473 5089 morte,
1499 5029 1755 5078 monumentorum
1770 5031 1860 5077 resera-
1892 5092 1895 5105 Ι

130 5124 270 5180 bominis?
286 5123 376 5192 (Joaa.
399 5134 465 5187 xm,
485 5118 542 5191 al.)
559 5119 588 5176 Si
602 5119 678 5175 enirn
695 5119 788 5187 passio
804 5117 973 5173 honorifica·
1029 5116 1117 5185 tione,
1143 5120 1325 5171 mortuorum
1363 5112 1570 5168 resurrectione
1594 5110 1794 5167 confirmanda
1812 5108 1858 5178 iant

129 5219 197 5270 tura
212 5218 359 5279 enmerat,
371 5208 515 5281 quomodo
528 5208 636 5265 tristem
651 5221 717 5262 eum
728 5205 975 5275 metuspassionis
1029 5204 1222 5273 apostolorum
1247 5202 1317 5258 fides
1341 5208 1424 5257 assat.
1450 5202 1537 5255 itam:
1564 5199 1638 5262 Quia
1667 5208 1732 5269 post
1757 5202 1857 5253 morton

127 5298 283 5357 ειιεεειειι
298 5299 442 5358 Νιειιοειε
457 5307 516 5355 tam
531 5295 739 5353 irrationabilis
754 5294 850 5362 luerit,
872 5293 973 5364 utpati
1027 5293 1092 5363 ejus
1106 5299 1133 5348 et
1154 5306 1204 5362 par
1221 5291 1338 5347 virtutis
1361 5289 1484 5360 gloriam
1509 5288 1673 5357 apostolicae
1698 5281 1857 5344 inormitatis

128 5380 971 5458 timueritquesuessentglorittoaturapatientemtttam:
1028 5380 1197 5437 scandalum
1222 5378 1385 5450 pelleretur.
1401 5378 1482 5432 itam:
1506 5375 1645 5447 Subjecit,
1674 5384 1740 5447 post
1755 5374 1855 5433 mulum

130 5475 256 5545 colicam
282 5491 361 5547 gaam
384 5475 462 5532 dedit
483 5474 552 5530 ειιιι
578 5476 669 5542 Pater,
693 5487 746 5528 aaa
769 5474 810 5529 als
830 5475 861 5527 ει
883 5470 973 5526 bibam
1028 5468 1142 5527 Domini
1174 5480 1285 5539 precem
1326 5466 1461 5539 angelum
1497 5462 1620 5522 astitisse
1665 5465 1855 5524 confortantur
