3804 5962
138 155 219 220 lstl'
403 164 505 221 PETRI
524 164 712 222 ABAELARDI
731 166 807 222 OPP.
828 167 920 224 PARS
939 169 1027 226 lll.-
1039 170 1263 231 lfluoteelca
1282 175 1325 230 ET
1342 175 1614 235 Pflluosovlllca.
1815 183 1864 238 lttt
1890 207 1895 254 p

134 287 257 361 dignum
272 298 345 357 opus
359 285 453 353 sciret,
471 284 551 356 prius
578 286 612 342 de
634 300 664 343 se
688 287 792 362 Filium
817 288 977 361 generavit,
993 290 1018 344 Δ
1032 291 1147 348 numeri
1162 292 1216 364 (23)
1232 293 1461 366 ordinationem;
1475 295 1562 366 juxta
1576 295 1780 355 substantiam
1789 305 1865 355 auteu
1892 339 1897 380 η

135 376 165 433 ιιι
180 390 239 448 quo
255 375 312 445 ipse
336 374 493 442 videretur,
519 373 570 446 qui
586 373 658 432 nihil
680 376 716 431 ab
736 389 769 432 co
793 376 922 444 distaret,
948 386 980 434 ut
1034 393 1093 436 non
1112 395 1173 436 esse
1192 389 1219 438 et
1232 396 1290 438 non
1309 381 1425 440 differre
1446 399 1539 440 uuum
1564 385 1601 442 eb
1626 385 1731 442 altero.
1755 388 1797 442 ne
1814 386 1867 442 lde
1895 428 1897 440 .

134 463 328 537 magnitudini
357 478 417 520 suae
452 477 600 535 congruus
639 464 820 534 responderet
851 464 978 522 ellectus.
1034 469 1603 544 Queslienurnovesti:ddAugustinum
1618 473 1762 531 Orosius:
1780 445 1897 532 Vetus

133 553 208 622 Quid
222 552 301 608 euim
317 552 394 609 ultra
415 561 509 622 posset
533 553 637 620 lacere,
664 568 753 624 quarn
781 562 813 611 ut
837 568 873 610 ex
892 569 921 611 se
941 556 980 612 al·
1033 564 1090 613 tate
1099 557 1183 613 Peter
1193 558 1410 630 genuithlium
1421 574 1458 616 an
1469 560 1662 618 necessitate?
1680 561 1868 633 Augustinus:

133 649 226 698 terum
238 640 288 710 qui
305 639 446 709 perlectus
459 649 501 698 est
520 642 693 712 generaret?
714 643 766 699 boc
790 659 859 716 ergo
885 645 979 716 perle·
1031 644 1089 701 Nec
1103 647 1251 702 voluntate
1262 661 1314 702 nec
1327 648 1493 705 necessitate
1506 665 1514 719 ;
1526 650 1597 720 quia
1608 649 1637 704 iu
1655 651 1718 707 Deo
1733 651 1871 709 nemesius

132 737 211 786 ctum
232 742 305 799 opus
324 737 376 797 est,
402 743 461 800 quo
486 745 544 787 non
563 738 653 801 potest
677 731 769 788 videri
794 734 980 803 prestantius
1032 748 1089 790 non
1100 742 1151 802 est,
1164 735 1264 804 preire
1278 736 1412 793 voluntas
1420 737 1589 807 sapientiam
1604 752 1665 794 nou
1677 747 1784 809 potest.
1796 740 1873 812 igitvr

131 816 222 875 aliud.
239 818 315 875 Deus
334 818 411 875 euim
427 833 464 877 ex
480 834 537 891 quo
553 827 622 877 sunt
644 821 750 889 clunia,
777 822 877 879 volens
899 830 926 879 ει
944 823 978 880 (ιε
1031 822 1111 892 prius
1125 823 1180 880 luit
1195 824 1402 882 rationabiliter
1415 840 1524 897 sapere,
1550 841 1640 897 quam
1667 827 1873 888 rationabilior

131 914 264 966 creatura
284 907 365 977 prius
378 908 492 976 lilium,
509 923 596 979 quem
621 908 650 964 in
671 909 804 981 mysterio
832 911 862 968 in
886 925 915 968 εε
932 912 977 968 vel
1031 911 1122 979 velle·,
1137 927 1206 969 nam
1222 913 1494 985 quidamuostrum,
1509 929 1574 972 eunt
1593 930 1663 972 eum
1678 916 1875 989 interrogent

131 996 209 1066 apud
222 1010 251 1054 se
266 996 400 1064 babebat,
424 998 582 1069 generavit,
598 1011 649 1067 per
672 1012 759 1069 quem
785 999 889 1056 laceret
913 1014 978 1071 quae
1031 1001 1191 1069 haereticus,
1207 1010 1307 1059 utrum
1319 1002 1419 1060 velens
1430 1018 1467 1060 an
1482 1004 1583 1060 nolens
1592 1004 1733 1075 genuerit
1742 1007 1829 1062 Pater
1838 1006 1872 1062 lli

131 1086 207 1144 lacta
221 1092 300 1153 sunt,
315 1093 348 1142 ut
363 1086 524 1144 ostenderet
547 1094 687 1143 creaturae
705 1088 880 1159 mysterium.
897 1088 976 1159 quod
1031 1090 1114 1158 lium,
1140 1090 1325 1148 laudabiliter
1348 1093 1530 1162 respondisse
1548 1093 1657 1149 tertur:
1684 1094 1748 1162 Dic,
1776 1092 1872 1167 inquit,

130 1174 215 1232 latuit
230 1174 259 1230 iu
277 1174 325 1231 illo
338 1189 374 1231 ex
389 1175 514 1242 aeternis,
530 1174 604 1232 sicul
619 1175 687 1233 dicit
711 1176 872 1246 Apostolus.
894 1178 972 1244 leem,
1029 1186 1057 1235 et
1072 1187 1113 1246 tn,
1128 1179 1268 1258 haeretice,
1289 1182 1363 1238 bens
1382 1181 1465 1237 Pater
1486 1180 1654 1238 necessitate
1683 1189 1729 1239 est
1754 1183 1871 1239 neusin

131 1277 192 1332 eep.
210 1260 364 1320 ccxt'lll:
395 1263 471 1320 lleus
498 1263 694 1333 omnipotens,
727 1279 793 1321 eum
821 1263 974 1336 magnitu·
1030 1266 1198 1324 voluntate?
1237 1268 1267 1323 Si
1295 1267 1430 1325 dixisset:
1472 1269 1650 1338 necessitate,
1700 1269 1870 1340 sequebatur

130 1350 197 1408 dine
221 1350 400 1409 aebonitate
425 1353 674 1424 praestandusne,
703 1367 842 1426 magnum
865 1353 976 1423 aliquid
1030 1355 1148 1427 grandis
1177 1357 1362 1427 absurditas3
1399 1358 1422 1414 si
1453 1357 1611 1424 voluntate,
1647 1357 1869 1428 respondebatur

130 1447 158 1497 ει
172 1439 298 1497 maxime
313 1442 370 1512 (tol
388 1441 495 1498 bonum
513 1442 597 1500 edere
615 1457 651 1500 ex
675 1457 705 1500 se
728 1450 816 1514 etque
838 1441 976 1499 exhibere
1031 1444 1070 1499 illi
1085 1460 1092 1499 ι
1107 1458 1176 1517 ergo
1190 1444 1338 1502 voluntate
1358 1447 1433 1502 Deus
1455 1453 1505 1511 est,
1531 1461 1588 1502 non
1608 1454 1730 1503 natura.
1758 1445 1867 1503 ldente

60 1524 69 1539 '
131 1528 279 1586 debuerat.
295 1526 347 1586 Sed
366 1529 390 1586 si
414 1530 485 1601 quid
499 1531 633 1589 edidisset
647 1532 724 1603 quod
742 1539 842 1589 eontra
857 1531 974 1590 modum
1028 1532 1116 1588 evertis
1145 1536 1263 1602 bomini,
1288 1550 1408 1589 sermone
1431 1535 1483 1589 lll:
1512 1534 1685 1590 Insinuatur
1715 1534 1745 1590 in
1773 1535 1863 1593 nobb:

130 1617 306 1676 excellentiae
329 1634 390 1676 suae
415 1620 496 1690 leret,
529 1629 580 1679 aut
608 1636 666 1679 non
691 1621 816 1692 petuisse
840 1621 974 1692 amplius,
1032 1623 1060 1678 in
1088 1624 1170 1679 Patre
1198 1623 1365 1689 auctoritas,
1393 1623 1424 1679 in
1465 1622 1533 1678 lilio
1569 1622 1719 1686 nativitas,
1758 1623 1789 1681 iu
1813 1622 1862 1693 gg

131 1707 208 1779 quod
234 1707 264 1764 in
292 1708 516 1779 omnipotentem
547 1724 605 1766 non
642 1709 729 1775 eadit,
759 1716 811 1766 aut
839 1709 975 1774 noluisse,

130 1797 210 1868 quod
232 1797 502 1869 inbenignissimum
514 1813 574 1855 esse
588 1798 745 1856 videretur.
757 1799 837 1856 Certe
852 1798 882 1856 in
896 1813 974 1856 sum·

131 1900 178 1942 ruo
192 1886 251 1942 Deo
265 1886 374 1958 grande
385 1901 442 1943 non
463 1887 557 1944 luerat
571 1887 680 1956 iecisse,
699 1888 776 1959 quod
792 1887 868 1945 iutra
883 1902 913 1944 se
927 1903 974 1959 po·

130 1975 217 2032 situm
231 1975 291 2030 vim
307 1974 397 2045 plenae
412 1977 586 2033 summitatis
613 1991 674 2033 non
698 1991 759 2033 esse
786 1975 974 2033 habiturum:

129 2077 256 2134 suprnse
270 2077 337 2135 ergo
353 2063 425 2120 nibil
438 2073 518 2133 erat;
534 2065 607 2122 nibil
627 2066 760 2123 estenirn
783 2065 862 2136 qnod
886 2068 975 2123 [teum

129 2151 238 2208 vineat.
255 2149 333 2207 lnlra
354 2166 383 2208 sc
397 2165 499 2222 parum
522 2153 626 2221 iuerat,
646 2154 715 2225 cuia
730 2153 828 2209 miuus
849 2153 975 2209 maxime

47 2289 54 2299 .
129 2254 187 2297 non
211 2240 398 2312 congruebat.
423 2239 608 2298 simillimum
636 2241 734 2313 itaque
757 2256 845 2299 suum
870 2241 974 2298 Filium

130 2342 232 2387 ereans
258 2328 347 2386 edidit
375 2343 451 2386 exse
473 2331 555 2401 quasi
582 2330 705 2387 alterurn
735 2344 774 2386 se.
806 2332 890 2385 llem:
920 2329 974 2397 Qui

128 2432 198 2490 ergo
213 2418 317 2474 babuit
334 2417 436 2475 Filium
465 2418 530 2475 totis
545 2418 599 2475 sibi
622 2417 821 2475 similitudinis
845 2419 974 2488 partibus

129 2515 346 2579 congruentem,
365 2507 417 2564 boe
438 2514 480 2563 est
503 2508 609 2563 unicus
633 2509 762 2576 unicum,
788 2507 889 2566 beatus
908 2508 972 2564 bea·

130 2605 201 2664 tum,
228 2596 375 2653 maximus
402 2596 574 2666 maximum,
601 2597 794 2668 sempiternus
824 2597 972 2668 sempiter-

1030 1712 1089 1768 ritu
1123 1719 1221 1768 sancto
1246 1711 1338 1767 Petris
1377 1711 1498 1781 liliieue
1539 1711 1747 1767 communitas.
1783 1711 1860 1768 bule

1029 1799 1164 1856 siasticus
1185 1802 1214 1870 (l,
1238 1799 1284 1871 l):
1314 1801 1406 1856 Omnis
1429 1802 1566 1870 snpientia
1586 1802 1730 1856 nilomino
1753 1804 1806 1856 nee
1823 1806 1860 1866 nl,

1029 1891 1246 1956 elevmillosm't
1260 1905 1365 1958 semper
1378 1894 1404 1943 et
1432 1893 1471 1944 est
1488 1891 1518 1943 iu
1542 1904 1618 1944 ornus
1635 1905 1735 1944 mrum.
1761 1889 1859 1960 sapiet·

1031 1979 1098 2035 tiam
1121 1978 1171 2035 uei
1190 1977 1405 2048 precedentem
1429 1978 1537 2044 omnia,
1572 1977 1640 2047 quis
1666 1975 1860 2048 investigavit?
1894 1964 1897 2042 ⁴,

1029 2069 1109 2124 Prior
1130 2068 1260 2123 omnium
1288 2073 1385 2121 creata
1413 2073 1456 2121 εει
1479 2065 1633 2135 sapientie,
1662 2072 1693 2120 et
1719 2064 1862 2121 intellectus
1895 2056 1897 2121 ἶ

1029 2154 1184 2227 prudentia
1205 2154 1241 2210 ab
1256 2169 1337 2224 aevo;
1362 2154 1426 2210 lons
1440 2154 1590 2223 sapientie
1618 2153 1668 2208 Dei
1696 2153 1727 2208 in
1747 2151 1860 2209 exeeute
1896 2147 1897 2152 ’

1028 2247 1152 2300 Hilarius
1181 2259 1262 2313 super
1296 2245 1369 2313 psol.
1406 2242 1569 2298 cxxxvll:
1601 2243 1641 2296 Tu
1672 2241 1801 2308 formasti
1831 2254 1861 2294 ns
1896 2233 1897 2238 '

1028 2339 1052 2388 cl
1063 2335 1181 2403 posuisti
1194 2347 1275 2402 snper
1289 2348 1331 2385 mc
1344 2347 1457 2409 mertum
1483 2334 1568 2385 tuom.
1600 2330 1768 2400 Utrumque
1788 2327 1859 2400 signi-
1896 2381 1897 2401 χ

1029 2423 1102 2487 fient,
1131 2428 1173 2489 ut,
1195 2421 1272 2492 vpuod
1296 2420 1442 2488 lerntavit,
1471 2420 1625 2489 antiquum
1646 2418 1704 2486 sit;
1730 2417 1805 2489 quod
1824 2431 1860 2473 sn·
1895 2479 1897 2503 1

1030 2510 1173 2581 perposnit
1198 2524 1327 2576 manunt,
1350 2509 1540 2564 novissimum
1562 2507 1609 2562 sit.
1625 2506 1710 2573 Quod
1731 2507 1805 2564 enim
1822 2519 1857 2560 se·
1878 2522 1897 2597 v,

1027 2599 1159 2656 cundum
1185 2605 1319 2653 naturam
1335 2595 1497 2653 divinitatis
1518 2596 1659 2651 lormalus
1683 2595 1732 2660 sit,
1755 2595 1858 2665 Apeste
1894 2649 1897 2687 1

129 2701 210 2755 uum,
236 2685 338 2742 babuit
363 2685 462 2756 itaque
490 2692 557 2741 ante
577 2686 720 2742 urendum
744 2693 846 2743 create
871 2685 975 2742 sobolis
1028 2687 1073 2745 lus
1104 2687 1184 2744 docet
1222 2685 1337 2741 dicens:
1372 2684 1425 2749 Qut
1452 2700 1513 2740 cum
1545 2686 1575 2738 in
1607 2685 1703 2746 terme
1728 2686 1777 2738 Dea·
1805 2686 1857 2736 essu
1895 2722 1897 2773 ,

127 2775 331 2847 principatum,
361 2774 396 2830 de
425 2789 485 2845 quo
513 2775 600 2831 rebus
632 2775 762 2832 oriundis
791 2775 971 2846 impertiebat
1029 2777 1159 2847 (Philipp.
1185 2775 1233 2846 ¹¹)'2
1257 2773 1437 2844 quodecim
1464 2775 1494 2829 iu
1523 2773 1616 2830 torena
1640 2779 1694 2839 est,
1721 2772 1856 2828 tormatnr·
1894 2820 1897 2859 ι

127 2864 302 2935 exemplum,
323 2871 355 2920 ut
369 2864 552 2935 gignentium
575 2864 706 2934 germina
722 2863 784 2920 suis
800 2862 973 2933 respondere
989 2861 1011 2917 C
1029 2865 1059 2921 iu
1076 2865 1168 2920 iorma
1187 2871 1214 2919 et
1229 2863 1255 2919 ei
1285 2863 1380 2929 Pater,
1405 2870 1519 2918 naturee
1544 2869 1572 2918 et
1594 2860 1760 2918 divinitatis
1780 2863 1857 2916 estut
1894 2901 1897 2945 1

127 2953 286 3010 seminibus
300 2959 482 3023 cogerentur.
497 2950 555 3008 Nec
573 2966 641 3008 sane
657 2951 740 3008 aliter
765 2952 877 3008 sinebat
902 2951 971 3007 crdo
1027 2954 1127 3010 reterri
1155 2951 1242 3023 possit
1262 2950 1297 3006 ad
1324 2951 1437 3006 Patrem
1463 2958 1491 3007 et
1515 2951 1655 3007 lormatus
1678 2949 1718 3006 ab
1747 2949 1804 3020 ipso
1820 2947 1855 3003 sil.
1894 3000 1897 3019 Ι

128 3042 274 3115 legitimus
289 3054 377 3112 quam
392 3048 423 3096 nt
444 3043 527 3097 Peter
546 3054 642 3096 rerum
666 3040 784 3097 luterus
803 3047 887 3095 antea
912 3053 973 3095 esse
1026 3043 1101 3098 ldem
1123 3043 1162 3095 lte
1189 3040 1475 3107 penevesellum:
1500 3037 1855 3109 SecundumApostolun,
1895 3071 1897 3123 4

128 3132 259 3188 debuerit
276 3130 359 3185 Pater
382 3129 524 3198 proprius,
550 3129 605 3185 hoc
627 3136 670 3185 ost
686 3128 795 3198 proprii
820 3127 866 3183 sui
886 3127 969 3184 letus.
1028 3128 1098 3200 quia
1119 3130 1151 3182 in
1179 3128 1291 3182 Christo
1318 3127 1425 3181 dubitet
1446 3127 1533 3181 omnis
1550 3125 1696 3195 plenitudo
1720 3125 1854 3182 divinitatis
1896 3180 1897 3208 ἶ

130 3219 272 3274 ltem:Ex
289 3232 319 3274 se
344 3216 371 3272 id
392 3216 468 3287 quod
502 3218 533 3274 in
559 3220 631 3274 sset
658 3230 757 3274 secum
786 3230 897 3286 semper
926 3218 974 3272 ba·

129 3307 202 3371 buit,
217 3305 321 3363 eduxit
342 3314 369 3360 ει
389 3305 523 3376 protulit3
547 3313 576 3361 ut
592 3305 615 3360 sl
640 3305 734 3362 luceru
754 3320 790 3362 cx
814 3304 873 3361 sole
896 3304 974 3361 nasci

128 3394 222 3452 dicam
237 3393 314 3464 quod
330 3394 367 3449 ab
390 3408 423 3449 eo
442 3394 587 3463 procedat,
608 3409 665 3450 uon
692 3394 796 3465 utique
824 3393 908 3464 quasi
925 3393 974 3448 ali-

129 3482 246 3555 quande
262 3481 320 3553 (ιι)
335 3483 396 3539 sine
416 3482 479 3539 luce
504 3482 545 3539 sol
570 3490 621 3540 aut
643 3497 781 3539 essenon
810 3483 898 3551 possit
923 3488 974 3537 aut

132 3570 229 3629 luerit.
249 3572 322 3627 ldsm
342 3574 370 3627 in
384 3572 432 3627 ιιι.
459 3572 479 3624 V
505 3573 621 3628 beree:
651 3572 779 3637 llcrmes,
807 3570 859 3642 qui
888 3569 975 3626 latine

130 3660 293 3719 Mercurius
311 3661 426 3726 dieitur,
437 3661 549 3730 scripsit
569 3660 674 3717 librum
697 3661 748 3731 qui
771 3660 862 3733 Leges
879 3659 974 3715 lelcos

129 3749 300 3821 appellatur,
322 3751 407 3808 inest
430 3751 557 3807 Verbum
575 3749 744 3806 Perfectum.
766 3751 901 3822 Magnum
924 3761 973 3804 no·

128 3853 195 3895 meu
210 3838 276 3896 libri
291 3840 363 3910 ejus,
380 3838 450 3911 quin
465 3853 589 3909 mugnus
604 3845 647 3894 εει
660 3838 694 3894 de
710 3853 768 3908 quo
782 3840 908 3908 scriptus·
922 3843 973 3892 est.

128 3927 293 3984 Audiamus
306 3929 376 3999 quid
392 3927 530 3998 loquatur
551 3926 586 3981 de
611 3927 701 3983 Verbo
717 3926 849 3996 perlecto.
880 3925 972 3982 bomi-

129 4030 196 4084 nus,
212 4015 319 4087 inquit,
335 4016 421 4072 etiarn
437 4014 568 4072 eternium
585 4015 726 4071 laetorum
740 4013 860 4070 deorum
874 4028 975 4070 secun·

129 4105 199 4163 dum
216 4106 280 4162 lecit
299 4106 471 4176 dominnm,
498 4105 577 4161 bunc
600 4103 664 4160 lecit
688 4103 817 4174 primum
833 4110 861 4159 et
882 4102 974 4158 solum

1028 3217 1206 3286 corporaliter
1234 3216 1300 3283 (dol.
1333 3230 1362 3282 rr,
1386 3217 1425 3286 9).
1456 3215 1509 3270 Sed
1534 3213 1853 3284 incomprehensibiliter.
1896 3263 1897 3273 ,

1030 3303 1260 3361 inenarrabiliter
1283 3311 1349 3359 aute
1372 3317 1456 3360 omne
1490 3309 1601 3373 tempus
1622 3310 1651 3358 ει
1669 3302 1786 3371 secula,
1810 3299 1856 3357 uri
1896 3293 1897 3296 ’

1029 3392 1159 3463 genitum
1174 3407 1211 3448 ex
1223 3392 1269 3448 bis
1283 3406 1350 3462 quse
1367 3392 1494 3463 ingenita
1504 3391 1533 3447 in
1548 3406 1578 3448 se
1594 3397 1688 3460 erant,
1703 3390 1856 3464 procreavit,
1882 3438 1885 3463 Ε

1027 3496 1112 3539 omne
1126 3481 1203 3552 quod
1228 3482 1302 3537 Deus
1328 3488 1371 3536 εει
1400 3494 1450 3551 per
1473 3480 1645 3537 charitatem
1668 3488 1759 3552 atque
1781 3479 1855 3538 virtu·
1882 3468 1887 3529 t

1030 3578 1086 3627 tem
1109 3569 1254 3626 nativitati
1279 3569 1342 3640 ejus
1369 3569 1554 3639 impertiens;
1572 3583 1606 3625 ac
1629 3568 1671 3625 sic
1703 3570 1743 3627 ab
1763 3567 1854 3642 ingeni·
1886 3608 1889 3617 .

1030 3666 1068 3726 te,
1086 3659 1209 3730 perlecto
1223 3666 1388 3728 aeternoque
1410 3658 1493 3714 Patre
1509 3658 1678 3729 unigenitus
1692 3666 1722 3716 ει
1738 3657 1858 3730 perlectus
1887 3646 1893 3723 ᾗ

1029 3746 1859 3819 eteternusestltltns.nectutem,quesisunt,sccnnden
1891 3754 1895 3807 ¹.

1029 3850 1135 3907 corpus
1160 3836 1238 3907 qued
1255 3835 1421 3906 assumpsit,
1446 3834 1581 3891 bonitatis
1604 3835 1669 3907 eius
1696 3837 1864 3893 adsalutem
1893 3812 1897 3847 ¹

1030 3933 1158 3983 nostram
1184 3924 1319 3981 voluntas
1347 3930 1398 3980 εει.
1423 3924 1500 3980 ldem
1519 3927 1548 3979 in
1562 3924 1625 3980 xl:
1654 3927 1743 3981 Verbo
1759 3941 1817 3997 gna
1834 3924 1866 3979 le

1031 4029 1100 4085 quor
1118 4014 1204 4080 uobis,
1227 4029 1280 4068 teon
1304 4028 1376 4067 ome
1396 4013 1501 4082 loquor.
1527 4014 1597 4069 Nam
1626 4013 1699 4071 dum
1730 4029 1789 4072 nou
1810 4027 1827 4070 a
1847 4027 1871 4069 se
1895 4039 1897 4091 i

1031 4101 1171 4174 loquitur,
1189 4101 1300 4158 auctori
1323 4115 1391 4158 eum
1416 4115 1530 4158 neeesse
1554 4110 1596 4158 est
1611 4102 1718 4160 debere
1742 4103 1822 4175 quod
1841 4094 1897 4159 lo?

129 4201 157 4251 et
166 4209 278 4251 verum.
296 4196 391 4251 Bonus
416 4202 513 4250 eutem
528 4193 554 4249 ei
571 4193 652 4248 visus
672 4199 713 4247 est
736 4201 764 4247 ει
790 4190 973 4260 plenissimus
989 4199 1010 4252 ι)
1028 4192 1140 4263 quitur.
1156 4193 1227 4246 ltem
1244 4190 1279 4246 ad
1297 4189 1323 4245 id
1340 4190 1417 4260 qnod
1429 4190 1489 4262 agit
1504 4191 1665 4247 secundum
1680 4192 1870 4255 nativitatem,

130 4284 261 4342 omnium
282 4282 435 4339 bonorum.
461 4282 606 4348 Quantum
629 4279 801 4349 plenissmus
826 4280 871 4346 sit,
888 4293 975 4336 erten-

130 4373 233 4445 gelista
248 4372 341 4428 dicat:
370 4374 409 4426 De
436 4368 609 4438 plenitudine
637 4369 695 4436 cJ'ns
715 4383 804 4423 omnes
828 4370 976 4438 accipimus

133 4463 223 4531 (teuc.
243 4460 264 4530 ι)
288 4461 411 4516 letatus
425 4467 468 4514 est
483 4456 566 4512 valde
581 4464 608 4513 et
621 4456 723 4513 dilexit
744 4465 884 4529 tauquam
907 4457 977 4514 uni-

131 4551 261 4623 genitum
275 4562 373 4615 suum,
398 4561 485 4618 quent
500 4545 591 4616 primo
605 4545 714 4603 lactum
738 4546 822 4613 dixit,
840 4546 976 4618 unigeni·

131 4649 193 4698 tum
208 4653 296 4696 suum
322 4635 476 4708 appellavit
503 4645 608 4707 postea.
633 4638 702 4692 ltem
730 4638 783 4692 etio
812 4637 866 4692 loce
885 4637 976 4691 dicit:

132 4729 222 4786 Filius
250 4725 390 4784 benedicti
419 4725 469 4781 llei
490 4733 577 4796 atque
602 4725 684 4781 boum
714 4725 880 4781 voluntatis.
897 4724 979 4791 Qum·

131 4819 226 4885 sebas,
257 4829 377 4888 pagane,
413 4815 567 4885 conjugem
598 4813 670 4870 Dei?
690 4813 758 4870 audi
782 4813 977 4869 Mercurium:

131 4906 290 4978 Coniugem
317 4904 365 4960 Dei
392 4903 522 4974 duceris?
541 4903 649 4974 conjux
675 4901 723 4957 Dei
746 4902 821 4958 bona
845 4900 980 4958 voluutas

132 5005 183 5052 est.
199 4994 278 5049 Idem
305 4997 335 5046 in
363 4993 432 5048 libro
463 4992 646 5057 Quaestionem
673 4995 724 5047 eet.
750 4996 776 5046 et
802 5007 867 5046 vioe.
900 4991 978 5059 tegis.

132 5101 193 5154 ecp.
225 5082 327 5138 LVlll:
361 5081 500 5152 Spiritum
525 5088 668 5147 sanctum,
698 5081 748 5151 qui
773 5080 875 5136 tertius
900 5081 935 5135 sit
961 5092 979 5134 a

134 5174 218 5229 Patre
247 5171 315 5243 (aa),
346 5170 491 5227 secundus
520 5177 617 5226 autem
645 5169 796 5226 acbrtsto
820 5168 981 5225 secundnm

173 5296 218 5362 (ιο
244 5296 328 5352 Cotrs.
347 5311 354 5349 ι
371 5297 532 5349 meeimnm.

173 5364 214 5429 (al
242 5367 326 5423 Cous.
343 5383 350 5421 :
366 5381 419 5421 non
431 5367 526 5432 ettqee
540 5368 604 5434 quin
620 5365 727 5432 aliquo.

174 5436 218 5501 lli
243 5437 316 5493 ldou.
332 5452 343 5492 t
358 5439 423 5492 este
436 5439 517 5492 Putre

1032 4280 1085 4337 sibi
1114 4279 1197 4335 Pater
1222 4286 1324 4334 auctor
1342 4286 1393 4334 εει.
1416 4281 1522 4335 Rursus
1546 4282 1576 4334 in
1597 4278 1654 4347 llll,
1682 4280 1719 4337 de
1743 4296 1803 4338 non
1817 4288 1873 4338 uate

1032 4370 1088 4425 Deo
1103 4368 1186 4423 Patre
1200 4375 1228 4423 ει
1257 4374 1324 4423 nato
1342 4368 1378 4423 eb
1404 4382 1436 4422 eo
1456 4367 1527 4424 Filio
1548 4367 1679 4439 loquens,
1703 4369 1768 4425 ait:
1783 4369 1872 4440 Neque

1032 4457 1068 4515 ad
1083 4457 1179 4527 ipsum
1194 4458 1237 4510 εει
1251 4469 1308 4510 non
1325 4463 1427 4511 natum
1447 4463 1536 4527 atque
1558 4456 1653 4511 nasei:
1672 4456 1745 4526 quie
1760 4457 1833 4514 illud
1846 4455 1874 4512 ab

1032 4546 1131 4606 altero,
1162 4544 1215 4600 boc
1240 4558 1308 4600 vero
1331 4558 1348 4599 a
1371 4545 1486 4601 nemine
1510 4553 1561 4601 est.
1587 4545 1622 4600 Ει
1651 4543 1733 4601 aliud
1758 4545 1876 4603 estsine

1033 4642 1149 4692 auctore
1164 4647 1224 4690 esse
1235 4647 1349 4704 semper
1358 4641 1510 4700 eternum,
1523 4633 1601 4690 aliud
1611 4632 1690 4704 quod
1704 4633 1798 4701 Patri,
1808 4634 1876 4691 idest

1033 4722 1143 4781 auctori
1158 4737 1219 4780 esse
1235 4731 1386 4779 eternum.
1405 4722 1459 4781 Ubi
1471 4722 1548 4779 enim
1564 4722 1647 4778 Pater
1662 4729 1768 4779 auctor
1781 4730 1833 4787 est,
1846 4711 1876 4776 ibi

1033 4821 1061 4870 ct
1075 4812 1215 4868 nativitas
1228 4819 1278 4868 est.
1294 4815 1330 4867 At
1340 4825 1408 4868 vero
1424 4811 1475 4868 ubi
1490 4818 1796 4879 aucloraeternusest,
1812 4808 1876 4867 ibiet

1034 4900 1325 4957 nativitasenternites
1334 4907 1387 4964 est,
1402 4901 1472 4971 qnia
1482 4902 1557 4956 sieut
1570 4898 1709 4955 nativitas
1717 4900 1757 4956 ab
1768 4909 1876 4958 anctore

1034 4997 1084 5056 est,
1098 4990 1137 5046 ita
1151 4997 1178 5046 et
1191 4990 1227 5046 ab
1242 4998 1349 5046 aeterno
1373 4997 1490 5046 auctore
1513 4996 1620 5045 eterna
1642 4989 1796 5047 nativitas.
1810 4991 1876 5044 ltsm

1035 5079 1218 5149 Quodexltl)
1230 5086 1335 5135 interno
1347 5086 1448 5135 natum
1462 5085 1514 5144 est,
1524 5078 1551 5133 id
1562 5077 1585 5134 si
1601 5091 1660 5134 nou
1674 5085 1817 5136 aeteruum
1828 5078 1874 5145 (tlt

1036 5176 1136 5225 natum
1156 5166 1229 5240 [est],
1243 5167 1305 5247 jare
1319 5182 1379 5223 non
1390 5167 1442 5224 erit
1454 5175 1481 5223 et
1490 5167 1574 5223 Pater
1588 5173 1691 5223 auctor
1700 5175 1836 5224 aeternus.
1850 5163 1874 5218 Si

1084 5292 1131 5355 ‘til
1146 5292 1221 5348 lion.
1242 5309 1248 5347 :
1263 5298 1394 5348 nestram.

1084 5364 1129 5434 bl)
1145 5365 1228 5419 Ceus.
1248 5364 1389 5429 :itemque
1405 5379 1448 5418 sec.
1474 5424 1477 5428 ,

1073 5433 1118 5504 ⁶25)
1133 5434 1238 5491 Cous:
1258 5440 1367 5490 meme.
1385 5434 1425 5492 ct.
1448 5433 1520 5504 0pp.
1543 5433 1658 5502 llilarii,
1672 5447 1700 5506 p.
1720 5437 1800 5491 llll.
