3736 5962
111 169 163 225 687
399 167 500 225 PETRI
519 169 707 226 ABAELARDI
727 171 805 228 OPP.
827 171 918 229 PARS
937 173 973 230 it.
989 200 1025 217 -
1045 173 1231 231 suitiitttlus
1250 173 1293 230 iti
1313 173 1436 232 OPUSC.
1455 173 1575 234 Ascua
1810 177 1860 231 688

109 295 156 355 nis
180 295 265 370 qnasi
295 304 379 355 vetus
406 304 472 355 ante
504 302 741 357 resurrectionem
769 300 889 370 exstitit,
924 307 951 358 et
966 301 991 356 t
1006 299 1070 358 lari.
1098 304 1165 371 Hoc,
1195 302 1300 373 inquit,
1330 304 1424 372 tacite,
1472 303 1526 361 boc
1553 310 1596 361 est
1623 302 1717 375 ipsum
1749 318 1859 374 corpus

108 386 290 460 postmodum
316 402 426 445 norum
452 387 601 461 luitquta
621 390 796 447 cumadbuc
819 391 953 462 passibile
1007 403 1114 460 meum,
1145 405 1203 448 non
1224 392 1284 462 jam
1309 405 1360 463 pro
1379 391 1461 448 vobis
1487 392 1636 460 traditum,
1657 392 1707 450 sed
1738 393 1858 449 traden-

106 483 251 547 corpnset
273 476 460 548 corruptibile
483 477 529 534 rel
558 479 677 534 mortale
701 488 837 550 gestaret,
863 479 951 537 veteri
1006 479 1122 536 durnin
1146 480 1313 537 memoriam
1336 488 1422 537 tantm
1446 495 1516 537 meae
1532 480 1692 537 dilectionis
1713 480 1858 550 condente,

105 563 216 623 homini
237 579 288 637 per
309 565 363 623 boe
377 566 479 624 similis
500 566 565 636 init,
588 576 745 640 antequam
774 570 952 641 resurgendo
1006 574 1039 624 ut
1058 567 1125 623 inde
1146 582 1264 639 quoque
1288 576 1375 624 tante
1397 567 1559 625 dilectionis
1580 568 1699 625 damma
1728 570 1794 625 sitis
1814 584 1859 626 ac

106 654 142 713 de
155 655 209 712 bac
223 655 283 712 rita
306 654 410 726 poenali
425 656 462 713 ad
482 656 638 713 novitatem
655 656 761 715 lutura
776 659 948 729 perveniret.
1006 656 1094 725 censi,
1111 659 1148 727 {nt
1171 657 1385 714 communicare
1410 657 1524 728 possitis
1548 657 1684 728 passioni.
1710 659 1759 714 itis
1780 673 1860 716 eum·

106 743 180 801 llum
202 757 272 816 ergo
293 743 422 802 mortalis
442 744 507 810 init,
529 753 557 802 et
584 760 615 802 se
641 746 737 814 talem,
761 747 857 818 qualis
882 756 952 806 tunc
1006 745 1070 802 dem
1084 745 1201 802 calicem
1216 744 1285 802 dare
1302 745 1405 814 voluit,
1422 753 1454 802 ut
1470 759 1520 817 per
1539 746 1592 803 bon
1611 747 1793 817 exprimeret
1808 762 1860 805 nos

104 839 178 900 erat,
197 832 227 889 in
253 841 433 891 sacramento
455 833 541 901 dedit,
567 835 779 906 quodammodo
809 844 892 894 vetus
924 846 951 895 et
1005 833 1122 891 calicem
1164 833 1228 905 ejus
1263 834 1357 891 solum
1395 833 1426 890 in
1456 835 1628 891 sacramenti
1664 834 1858 906 perceptione,

104 934 164 978 non
179 934 288 978 novum
303 921 358 979 init
386 920 458 979 iilud
481 921 655 979 sacrificium
670 925 885 996 comparatione
904 927 950 982 vi·
1005 937 1107 979 verum
1128 923 1216 980 etiam
1234 923 1264 978 in
1293 922 1435 993 passionis
1462 923 1620 981 imitatione
1647 924 1781 995 accipere
1806 926 1860 982 de·

104 1007 205 1066 delicet
218 1010 297 1078 nori,
314 1010 391 1081 qnod
407 1025 486 1068 nune
499 1011 528 1066 in
543 1011 723 1069 humanitate
739 1014 881 1070 sumimus
894 1013 950 1070 im·
1005 1011 1080 1068 bere.
1098 1011 1179 1068 Unde
1199 1018 1227 1068 et
1246 1011 1413 1068 Psalmista:
1444 1011 1559 1070 Calicem
1586 1011 1729 1081 salutaris,
1749 1013 1803 1070 boc
1816 1022 1860 1072 est

103 1098 219 1154 mortali
244 1099 305 1169 jam
342 1104 370 1155 et
393 1099 615 1170 incorruptibili,
650 1101 743 1159 Lucas
773 1116 868 1158 vero:
899 1104 951 1158 liic
1004 1100 1066 1157 veri
1098 1101 1176 1168 lesu,
1207 1103 1341 1171 accipiam
1365 1100 1450 1172 (Psoi.
1482 1100 1616 1171 urnii),
1640 1115 1708 1158 enm
1725 1101 1859 1159 videlicet

103 1187 178 1242 caiia
206 1203 305 1243 novam
334 1192 526 1244 testamentum
547 1193 587 1244 est
611 1191 948 1262 inscnpninemeoiiac.
1005 1190 1209 1261 perpassionis
1234 1204 1352 1261 quoque
1384 1190 1521 1247 virtutem
1548 1191 1698 1248 imitando.
1725 1192 1762 1249 lit
1788 1197 1859 1265 qnia

102 1290 176 1345 xxti,
191 1277 249 1350 ab),
265 1276 293 1334 id
313 1284 356 1334 est
380 1286 495 1349 pactum
520 1278 565 1335 vel
581 1279 730 1349 promissio
752 1280 866 1337 vobisa
893 1283 950 1337 lieo
1005 1287 1124 1335 mortem
1149 1279 1272 1336 tolerare
1293 1293 1350 1335 non
1373 1286 1414 1336 est
1439 1279 1576 1338 bumana
1591 1280 1779 1349 infirmitatis,
1809 1283 1859 1339 sed

101 1365 188 1436 laets,
215 1367 250 1423 de
272 1375 369 1424 vestra
388 1367 496 1423 scilicet
520 1368 715 1439 redemptione
737 1368 766 1425 in
795 1383 859 1426 mea
884 1383 949 1440 pas-
1006 1367 1117 1426 coliaire
1147 1367 1261 1425 nobisa
1286 1368 1343 1423 lieo
1356 1367 1483 1437 virtutis,
1510 1369 1570 1439 ipse
1587 1376 1630 1425 est
1660 1369 1856 1438 invocandus,

102 1455 192 1511 sione.
208 1455 262 1512 libi
284 1456 362 1512 enim
386 1470 438 1513 nos
457 1457 599 1513 babemus
617 1463 818 1527 testamentum,
842 1459 870 1515 iu
896 1459 950 1515 ile·
1005 1471 1022 1513 a
1038 1472 1096 1528 qno
1108 1457 1162 1514 ista
1183 1457 1327 1527 speranda
1347 1456 1507 1525 estvirtus,
1524 1457 1630 1528 inqua
1650 1471 1707 1514 nou
1729 1466 1855 1515 tamne

103 1544 182 1602 braeo
194 1545 318 1602 babetur
335 1551 457 1616 pactum.
484 1546 538 1610 Qui
552 1547 628 1603 enirn
648 1547 742 1619 legem
769 1548 882 1605 Domini
896 1563 950 1604 su·
1004 1556 1095 1604 stram
1104 1545 1268 1612 utilitatem,
1290 1559 1379 1616 quam
1400 1547 1463 1617 ejus
1488 1546 1610 1619 gloriam
1626 1561 1759 1618 quarere
1775 1548 1856 1605 debe

103 1634 237 1705 scipiunt,
254 1648 372 1705 eum2eo
396 1635 542 1707 quoddam
567 1635 668 1693 ineunt
682 1645 807 1707 paetum,
820 1637 880 1694 sive
903 1637 950 1694 iile
966 1649 987 1704 tt
1006 1649 1080 1704 mus,
1096 1649 1163 1706 quae
1178 1647 1230 1705 per
1248 1648 1353 1690 nomen
1365 1633 1430 1705 ejns
1450 1634 1641 1706 significatur.
1672 1634 1754 1693 Siout
1779 1637 1854 1694 enim

101 1735 169 1780 enm
185 1723 265 1795 ipsis,
281 1738 349 1781 cum
377 1724 429 1795 ipsi
448 1724 579 1782 videlicet
594 1723 665 1798 legis
685 1726 889 1795 obedientiam,
903 1726 950 1784 ille
1004 1724 1196 1796 ignominiosa
1208 1724 1347 1780 dicuntur
1360 1738 1426 1795 quae
1443 1723 1558 1780 nomine
1571 1724 1660 1796 digna
1675 1738 1736 1782 uon
1755 1727 1854 1783 viden·

101 1814 250 1884 promittat
267 1814 540 1871 remunerationem.
1003 1820 1063 1879 tur,
1078 1812 1117 1868 ita
1140 1813 1317 1894 econtrario
1333 1826 1458 1884 quaeque
1482 1812 1607 1885 gloriosa
1630 1814 1750 1871 nomine
1767 1815 1854 1887 digna

328 1916 485 1959 rnonunrrs
505 1917 648 1960 unnousn
662 1918 716 1960 vtr.
1003 1907 1107 1959 suntet
1121 1901 1207 1958 iama.

136 1990 211 2057 Ouid
225 1998 267 2048 est
286 1991 372 2049 etiam
387 1991 465 2063 quod
494 1991 524 2047 in
542 1992 619 2048 Luca
637 1991 761 2063 legimus
780 1991 853 2049 duos
876 1990 950 2048 eali·
1039 1989 1150 2046 Nomen
1164 1989 1254 2060 igitur
1283 1989 1334 2045 Dei
1348 1989 1529 2058 invocamus,
1558 2004 1624 2048 cum
1651 2004 1685 2048 ea
1704 2006 1773 2064 qua
1787 1992 1852 2049 iaci·

101 2092 158 2145 ces,
172 2079 216 2135 rel
231 2080 366 2136 eumdem
385 2080 429 2137 bis
454 2079 608 2138 Dominum
637 2080 748 2137 dedisse
771 2080 949 2152 discipulis?
1002 2092 1068 2135 mus
1081 2079 1117 2134 ad
1134 2078 1254 2151 gloriam
1281 2079 1345 2149 ejus
1364 2078 1551 2146 intendimus,
1578 2087 1611 2136 nt
1633 2079 1680 2136 ille
1707 2081 1804 2152 potius
1826 2082 1852 2138 iu

102 2165 149 2224 Sic
171 2166 280 2238 quippe
305 2168 444 2238 seriptum
470 2167 609 2224 habetur:
639 2171 675 2224 nt
704 2185 765 2224 cnm
781 2171 858 2235 sacta
881 2174 949 2225 esset
1003 2168 1096 2234 nobis,
1112 2181 1199 2238 qnam
1216 2181 1268 2222 nos
1290 2166 1354 2237 ipsi,
1381 2166 1562 2239 gioriiieetur.
1589 2175 1677 2240 atque
1703 2170 1850 2237 landetur,

103 2256 181 2320 bora,
205 2255 395 2325 discubuit,et
414 2255 689 2326 duodecimapostoli
707 2272 768 2311 cum
785 2272 824 2310 eo.
853 2260 948 2312 litati
1002 2271 1102 2327 aquo
1117 2256 1145 2313 in
1169 2255 1216 2311 his
1238 2266 1373 2313 virtutem
1401 2257 1569 2327 accipitttus,
1601 2258 1636 2313 ad
1657 2272 1725 2329 quie
1748 2259 1850 2315 infirmi

101 2346 158 2401 iilis
172 2363 183 2401 :
200 2346 335 2401 Desiderio
349 2343 503 2400 desideravi
526 2344 574 2398 icoc
592 2346 697 2400 Pascite
719 2344 885 2401 manducare
903 2360 949 2399 oo·
1001 2345 1129 2401 exnobis
1145 2360 1258 2402 sumus.
1275 2345 1348 2400 liinc
1370 2353 1397 2402 et
1427 2345 1598 2416 Apostolus:
1631 2345 1684 2412 Qui
1719 2349 1850 2418 clarifice

101 2432 480 2504 incenanteqeompettor.
494 2436 557 2488 iiico
572 2434 645 2488 enim
665 2434 741 2488 nobis
762 2438 829 2500 qnia
846 2449 879 2488 aa
900 2434 947 2488 boc
1002 2439 1058 2500 tar,
1075 2434 1180 2505 inquii,
1203 2436 1233 2488 in
1263 2436 1375 2488 Domino
1402 2435 1536 2501 plectetur
1551 2436 1573 2506 (i
1588 2438 1653 2490 Gor.
1671 2452 1691 2505 r,
1712 2437 1760 2507 34)
1776 2452 1785 2508 ;
1803 2437 1851 2494 bct

101 2524 345 2587 conmanducata,
363 2528 445 2579 donec
472 2523 544 2578 iilud
567 2524 716 2593 implectur
735 2525 764 2578 in
779 2539 863 2592 reone
885 2526 944 2578 Dei.
1001 2530 1043 2579 est
1067 2523 1117 2593 uui
1142 2523 1171 2578 in
1193 2535 1224 2577 se
1249 2521 1359 2592 aliquid
1388 2522 1505 2578 virtutis
1524 2523 1570 2580 vel
1601 2524 1684 2593 pretii
1718 2539 1848 2598 recogno·

100 2615 138 2671 tte
151 2619 258 2684 accepto
272 2615 364 2680 catice,
379 2614 485 2680 pretias
513 2616 578 2682 epit,
601 2618 627 2667 et
649 2612 724 2667 dicit
737 2632 747 2668 .·
771 2614 895 2682 Accipite
921 2618 947 2667 et
1000 2612 1063 2679 scit,
1079 2626 1136 2668 nou
1148 2626 1177 2667 sc
1193 2609 1269 2677 inde,
1286 2612 1334 2667 sed
1360 2612 1452 2667 Deum
1484 2619 1596 2682 quaerat
1624 2613 1787 2683 bonorari3
1804 2629 1850 2672 nec

81 2674 217 2758 bdisicite
243 2706 316 2758 inter
340 2719 396 2759 cos.
414 2705 478 2758 iiico
501 2705 572 2757 mim
589 2702 665 2757 codis
689 2701 762 2769 qnod
779 2717 834 2756 non
858 2702 946 2756 bibam
1001 2700 1029 2757 id
1048 2700 1150 2757 virtuti
1165 2714 1236 2767 stne,
1253 2701 1301 2756 sed
1317 2700 1421 2756 divinae
1434 2699 1559 2757 ascribat
1574 2700 1674 2772 gratiae
1699 2717 1758 2760 non
1782 2717 1848 2773 ase,

100 2790 321 2860 depenercttcne
343 2794 418 2861 citis,
434 2792 517 2847 denec
535 2807 650 2860 repnem
666 2794 715 2846 liei
732 2792 833 2846 ueniat.
850 2793 886 2845 Et
900 2805 945 2845 oc-
1000 2789 1049 2846 sed
1078 2791 1173 2846 allec
1193 2788 1223 2844 id
1256 2802 1463 2860 recognoscens
1496 2803 1567 2846 esse.
1602 2790 1642 2845 tie
1668 2791 1725 2848 hoc
1752 2792 1848 2861 calice,

99 2885 175 2952 cepto
194 2898 278 2953 pane,
302 2884 409 2951 pretias
430 2885 495 2949 epit,
524 2882 655 2948 citream,
672 2885 699 2934 et
721 2879 797 2934 dedit
824 2881 873 2947 eis,
899 2878 945 2932 di·
1001 2893 1089 2951 qnem
1118 2879 1221 2934 Christi
1245 2879 1406 2948 passionem
1435 2877 1575 2934 imitando
1590 2879 1757 2948 sumimus;
1781 2881 1849 2939 iilntl

99 2984 177 3026 cens:
207 2972 263 3026 Hoc
289 2975 329 3025 est
353 2983 450 3039 corpas
469 2983 557 3022 meam
583 2966 656 3033 qnod
676 2982 727 3037 pro
749 2966 825 3022 cobis
850 2966 944 3023 datar.
963 2939 984 2996 c
1002 2975 1045 3025 est
1068 2968 1147 3038 quod
1168 2966 1234 3024 titiis
1254 2966 1369 3023 Zebcdae
1382 2968 1422 3023 alt
1444 2969 1580 3024 :Potestis
1607 2967 1697 3024 bibere
1727 2970 1847 3040 calicem,

97 3059 155 3115 Hoc
180 3062 265 3128 tacite
283 3060 313 3113 in
334 3073 422 3112 meam
440 3059 724 3113 commemorationem.
760 3055 895 3111 Similiter
921 3060 947 3111 et
1002 3073 1082 3129 quem
1100 3072 1148 3125 epo
1178 3057 1390 3112 bibitur-assam
1406 3054 1420 3110 i
1436 3056 1545 3126 (idatii.
1571 3071 1622 3125 xx,
1647 3057 1704 3130 22).
1723 3060 1783 3116 lloc
1810 3068 1849 3117 est

97 3149 209 3204 calicem
236 3151 384 3218 postquem
411 3143 655 3200 marcescens:
673 3146 725 3200 iiic
745 3145 873 3199 estcaiia
899 3160 947 3201 no·
1001 3159 1047 3202 me
1071 3159 1122 3216 per
1148 3145 1308 3215 passionem
1344 3143 1452 3200 imitari
1480 3159 1561 3215 posse
1581 3144 1754 3203 confiditis?
1777 3149 1848 3206 Bene

96 3250 162 3290 cnm
190 3238 379 3291 testamentum
404 3234 441 3306 {in
463 3234 597 3302 sanpnine
624 3247 682 3288 mco
713 3233 786 3304 (Lac.
808 3247 882 3301 xxm,
914 3235 946 3289 il
1001 3233 1145 3291 autemde
1160 3233 1214 3290 boc
1240 3233 1328 3290 calice
1341 3233 1444 3304 primo,
1471 3241 1580 3289 ennon
1605 3234 1792 3305 desecando,
1808 3237 1846 3294 di-

7 3380 14 3399 ,
97 3323 201 3397 etseq.)
999 3322 1128 3394 scipulis,
1149 3321 1205 3378 all:
1226 3322 1357 3392 Accipite,
1381 3326 1407 3376 et
1423 3321 1538 3377 dividite
1547 3326 1619 3378 inter
1644 3338 1701 3378 voc.
1725 3323 1847 3382 Calicem

373 3425 662 3469 scnurtotnnnsnnr.
999 3410 1108 3484 quippe
1134 3409 1240 3468 Christi
1259 3411 1295 3467 ab
1323 3425 1356 3468 eo
1370 3410 1542 3481 accipientes
1560 3411 1636 3467 inter
1661 3426 1714 3468 nos
1737 3413 1846 3470 dividi-

131 3503 250 3573 Pascba,
267 3501 345 3573 quod
371 3501 532 3558 secundnm
558 3501 650 3571 legem
670 3513 772 3571 parare
792 3499 945 3570 discipulos
999 3514 1075 3569 mus,
1091 3514 1158 3557 cnm
1177 3514 1244 3557 eum
1268 3499 1389 3556 diversis
1413 3499 1568 3572 generibus
1591 3514 1761 3571 passionum
1784 3503 1845 3559 imi·

94 3593 222 3659 miserat,
239 3600 322 3648 retus
343 3598 386 3648 est
401 3589 522 3657 Pascha,
539 3589 569 3645 in
590 3602 641 3645 esu
660 3588 792 3678 pidelieet
814 3588 883 3661 agni
898 3589 944 3647 vel
998 3590 1154 3647 inmunia
1174 3589 1355 3661 perceptione
1382 3603 1449 3646 vero
1468 3589 1642 3646 sacramenti
1665 3604 1724 3647 non
1738 3601 1782 3648 est
1804 3591 1844 3648 di·

94 3680 249 3739 boedicnm
270 3678 390 3737 lactucis
418 3678 590 3751 agrestibus.
616 3676 697 3742 Quod
721 3678 807 3734 etiam
835 3678 943 3734 Pascha
997 3679 1080 3749 visio,
1104 3680 1174 3751 quia
1189 3679 1227 3736 ibi
1254 3686 1296 3740 est
1310 3692 1370 3735 una
1393 3678 1485 3749 ipsius
1499 3678 1600 3749 capitis
1626 3693 1682 3735 non
1704 3681 1844 3737 membm·

94 3771 163 3829 dicit
175 3784 205 3828 sa
228 3770 414 3834 desiderasse,
432 3776 465 3825 at
493 3768 546 3824 hoo
563 3782 629 3826 cum
645 3767 796 3838 discipulis
817 3768 940 3824 mandu·
996 3781 1062 3825 rum
1078 3768 1193 3836 oblatio,
1210 3782 1276 3839 quae
1295 3782 1312 3823 a
1328 3767 1411 3824 malis
1424 3782 1507 3838 aeque
1521 3776 1585 3824 uta
1607 3768 1690 3827 bonis
1713 3770 1844 3826 sacerdo·

92 3867 182 3930 caret,
210 3868 366 3930 numquam
394 3865 551 3929 pateretur,
577 3858 647 3929 qnia
675 3865 742 3913 ante
770 3852 940 3927 passionem,
998 3856 1075 3914 tibus
1085 3858 1193 3914 virtute
1206 3856 1374 3913 divinorum
1393 3855 1548 3914 verborum
1575 3856 1736 3914 coniicitur.
1764 3859 1843 3915 Acci·

92 3963 150 4007 non
165 3959 261 4020 postea
283 3946 375 4004 voluit
398 3946 429 4002 in
455 3947 557 4017 liguris
584 3945 722 4002 celebrari
746 3954 854 4013 vetera,
875 3959 941 4016 quae
993 3947 1060 4014 pite,
1091 3945 1197 4017 inquit,
1212 3944 1333 4010 calicem,
1363 3945 1473 4002 bunca
1493 3959 1654 4016 mennam
1678 3953 1779 4019 postea
1801 3947 1845 4004 in·

91 4028 363 4109 supervenientibus
388 4037 470 4091 novis
497 4043 591 4091 essent
612 4033 797 4106 projicienda.
813 4033 893 4099 duod
913 4041 941 4090 et
995 4039 1103 4091 tervos
1118 4034 1260 4104 dividatis,
1277 4037 1344 4101 qnia
1363 4035 1488 4104 deinceps
1518 4051 1570 4089 non
1595 4036 1684 4090 bibam
1702 4035 1737 4091 de
1762 4052 1841 4107 emm·

56 4117 58 4121 ⁴
91 4127 151 4197 ipse
174 4128 314 4183 [lominus
336 4132 467 4195 patenter
494 4124 632 4189 insinuat,
648 4138 715 4180 eum
746 4122 781 4179 de
807 4137 940 4179 novosa·
994 4124 1188 4192 rottoneoitis,
1216 4124 1269 4181 boc
1298 4131 1417 4181 estnon
1440 4124 1591 4181 celebrabo
1616 4124 1693 4181 banc
1717 4125 1843 4182 hostiam

90 4222 238 4272 eramento
264 4222 378 4270 lanium
395 4212 500 4268 dixerit
517 4213 687 4279 :idoctocite
712 4213 743 4266 in
760 4227 847 4266 meam
870 4226 977 4282 com-1)
994 4226 1064 4269 meae
1087 4211 1237 4283 passionis
1262 4212 1345 4268 donec
1374 4229 1488 4282 repnnm
1521 4214 1569 4268 Dei
1588 4215 1692 4282 veniat,
1720 4215 1775 4272 boc
1800 4223 1843 4273 est

89 4303 319 4368 memorationem,
331 4308 472 4371 tanquam
487 4302 638 4372 vetusjam
660 4300 771 4367 liniens,
786 4309 815 4373 et
828 4298 936 4357 solum·
990 4300 1050 4358 viia
1064 4301 1196 4371 coelestis,
1218 4300 1247 4357 in
1268 4316 1328 4372 qua
1347 4303 1426 4359 solus
1441 4302 1589 4369 Dourinus,
1608 4317 1665 4359 non
1690 4311 1841 4374 peccatum

89 4395 292 4450 modonovum
313 4389 447 4460 deinceps
461 4395 599 4447 statuens.
616 4389 688 4447 Cum
699 4389 775 4446 enim
794 4388 934 4446 dixisset:
990 4398 1103 4462 regnat,
1119 4391 1343 4462 perpessionem
1364 4405 1456 4448 meam
1484 4391 1617 4448 fidelibus
1647 4382 1775 4462 pateiiat.
1792 4393 1841 4449 Be·

88 4483 145 4538 Hoc
160 4485 201 4537 est
222 4494 321 4551 corpus
343 4494 443 4546 meum,
458 4479 533 4549 qnod
549 4495 602 4550 pro
620 4479 696 4536 cebir
721 4478 858 4545 tradetur,
874 4487 935 4535 sta·
989 4493 1026 4535 nc
1039 4479 1156 4537 calicem
1185 4478 1352 4536 imitationis
1378 4479 1459 4536 calici
1486 4479 1626 4550 praemisit
1651 4483 1838 4549 sacramenti,

87 4571 139 4629 tim
168 4569 324 4643 adjunxit:
351 4570 408 4625 Hoc
434 4567 570 4642 facitelin
594 4585 681 4626 meam
707 4569 935 4624 commemoratio·
989 4569 1059 4640 qnia
1079 4569 1108 4624 bi
1132 4567 1184 4624 soli
1196 4568 1333 4640 condigni
1358 4577 1427 4626 snut
1456 4568 1610 4626 Dominicae
1631 4584 1737 4628 mensae
1763 4586 1840 4628 com·

86 4677 160 4717 nem.
177 4660 258 4718 Unde
284 4666 311 4716 et
325 4657 496 4730 Apostolus:
522 4657 738 4728 Quotiescunque
762 4659 834 4713 enim
852 4674 934 4713 man·
989 4658 1150 4725 municare,
1181 4659 1232 4730 qui
1262 4657 1421 4729 passionem
1444 4661 1509 4730 ejus
1535 4657 1641 4715 imitari
1665 4667 1693 4716 et
1720 4674 1837 4718 crucem

86 4748 223 4806 deceditis
246 4763 347 4819 panem
373 4747 445 4803 benc
472 4753 498 4803 et
527 4749 637 4803 calicem
675 4747 795 4803 bibetis:
821 4753 934 4803 mortem
987 4748 1051 4818 ejus
1077 4746 1171 4818 parati
1197 4753 1266 4803 sunt
1290 4747 1397 4805 tollere.
1414 4748 1536 4805 Undeet
1557 4747 1752 4818 scriptumest
1770 4765 1776 4805 :
1793 4748 1837 4807 Ad

84 4839 195 4896 Domini
223 4838 425 4894 annuntiabitis
453 4837 536 4893 donec
558 4841 650 4892 teniat
678 4835 702 4907 ii
724 4837 784 4893 Cor.
810 4850 851 4902 rr,
872 4826 929 4906 tl).
986 4853 1106 4893 mensem
1121 4852 1250 4906 maenam
1281 4836 1387 4904 sedisti,
1404 4841 1470 4892 scito
1500 4839 1630 4907 qnoniam
1644 4838 1711 4892 tolia
1730 4843 1835 4909 oporiet

84 4926 135 4984 Est
163 4929 253 4998 igitur
282 4926 375 4984 missae
412 4925 565 4984 celebratio
601 4924 756 4982 dominica
789 4925 932 4982 Passionis
986 4924 1278 4997 tepraepcrareiiiccli.
1296 4939 1378 4992 xxm,
1397 4929 1429 4981 it
1443 4932 1520 4994 juxt.
1538 4926 1767 4997 iclxiiiovum,
1780 4941 1836 4984 non

83 5018 326 5080 commemoratio,
370 5014 406 5071 ad
436 5029 524 5086 quam
554 5014 758 5086 unusquisque
804 5013 931 5071 iidelinm
986 5024 1284 5074 vetustestaurentum
1301 5015 1428 5082 tradens,
1452 5025 1510 5072 tam
1537 5030 1639 5085 panem
1660 5030 1750 5086 quam
1767 5018 1832 5074 cali·

83 5112 165 5162 tanta
178 5105 385 5176 compassionis
400 5105 549 5162 devotione
562 5103 644 5161 debet
660 5104 804 5171 accedero,
820 5111 932 5175 quanta
985 5120 1046 5163 cem
1060 5105 1213 5176 accipiens,
1230 5104 1339 5176 gratias
1354 5106 1423 5175 agit,
1435 5104 1560 5161 innuens
1577 5119 1627 5175 per
1641 5104 1694 5162 boc
1709 5105 1758 5162 bic
1775 5120 1834 5164 csse

83 5208 151 5251 eum
178 5208 273 5263 prose
300 5193 473 5250 crucifixum
489 5193 572 5250 debet
601 5195 774 5265 conspicere.
799 5193 835 5250 tit
861 5206 930 5265 ergo
983 5195 1166 5264 completum,
1196 5193 1335 5264 quodibi
1367 5193 1459 5250 luerat
1489 5192 1719 5265 praefiguratum,
1746 5204 1774 5252 et
1799 5195 1834 5252 dc

83 5280 146 5340 bae
159 5282 314 5340 dominice
338 5282 477 5353 passionis
505 5283 645 5339 memoria
665 5283 769 5339 nostris
785 5281 930 5339 mentibus
984 5283 1105 5341 veritate
1120 5281 1317 5355 potiusquam
1343 5283 1378 5340 de
1397 5285 1502 5340 umbra
1527 5283 1619 5342 ileum
1643 5297 1704 5342 esse
1724 5283 1832 5358 glorid·

83 5374 273 5446 inhaereat,ot
288 5377 316 5433 in
335 5377 399 5449 ejus
418 5390 545 5434 amorem
568 5392 681 5449 semper
693 5378 840 5446 accendat,
857 5392 928 5450 quc·
983 5373 1119 5432 candum.

82 5466 199 5527 tidieen
213 5464 278 5540 elus
292 5464 377 5525 altari
391 5465 445 5524 boc
458 5467 522 5538 elus
534 5461 710 5528 sacrificium
724 5466 808 5526 debet
820 5466 928 5528 immo·
1018 5462 1156 5536 Superius
1183 5470 1280 5524 tamen
1304 5476 1335 5522 se
1357 5463 1533 5524 desiderasse
1551 5464 1626 5525 dixit
1648 5471 1734 5527 retus
1756 5480 1830 5541 quo
