3804 5962
131 215 199 274 1687
394 211 496 270 PETRI
515 209 703 270 temnunt
721 209 800 269 OPP.
820 209 909 270 PARS
927 210 976 269 tlt.
990 242 1025 256 -·
1036 211 1262 271 rhuotoolct
1279 211 1322 268 ET
1340 209 1605 269 rumosoettlm.
1819 213 1874 269 lttt

127 341 311 402 enumeravit
347 344 435 412 atque
470 340 558 396 etiam
591 339 688 397 locum
720 354 757 397 ex
790 341 844 397 hoc
870 341 1015 411 seriptott
1066 341 1140 398 Com
1157 340 1624 414 igiturexternatestimonianon
1642 339 1873 408 relucentium

127 414 233 486 allegat
260 413 327 484 (77).
353 412 442 468 Ροιι·ο
464 410 619 468 Gualterus
643 410 703 467 aS.
720 412 830 468 Victore
854 415 973 469 mentio·
1029 412 1146 470 lardum
1161 414 1281 475 librum,
1298 412 1351 483 qui
1367 411 1539 468 adversariis
1551 412 1615 482 ejus
1631 419 1724 482 atque
1740 410 1872 468 aliisxiris

128 499 194 543 nem
207 491 347 541 tractatus
361 482 514 553 cujusdam
531 481 633 625 injicit.
652 482 702 552 qui
728 483 782 539 sub
801 483 883 540 tituto
907 485 973 539 Sen—
1030 484 1119 540 doctis
1137 485 1192 540 sub
1215 485 1299 540 titulo
1322 486 1524 540 Sententiarum
1542 482 1750 549 innotesceret,
1774 496 1873 552 compo

129 558 277 612 tentionem
297 553 532 611 circumferretur
566 553 612 624 78)
627 561 715 680 ιιιιιιθ
729 554 877 610 Abaelardo
893 554 973 609 addi·
1030 555 1131 621 suisse,
1155 569 1237 624 porro
1258 556 1464 625 inquirendum
1494 554 1548 609 erit
1570 568 1642 609 num
1665 555 1787 609 interna
1810 553 1872 608 testi

127 634 192 683 ctus
215 631 298 681 esset.
315 624 470 681 Gualterus
492 624 588 693 priora
613 638 663 679 ver
685 638 702 679 a
722 625 811 695 hujus
835 633 975 681 tractatus

128 695 216 754 relert
238 695 304 767 (79),
329 710 396 766 quai
425 703 520 751 tamen
548 695 587 750 ita
612 708 641 750 se
662 694 777 762 habent,
804 706 835 751 ιιι
859 709 975 763 prorsus

129 767 165 824 ab
178 766 214 822 iis
234 779 300 837 quae
316 774 412 822 noster
439 766 529 821 codex
544 764 672 831 exhibet,
688 765 832 821 differant.
851 767 976 822 Tantum

128 837 232 895 deinde
252 837 342 904 abest,
372 844 406 893 ut
432 851 469 890 ex
492 836 537 901 iis,
561 851 628 905 quar
647 837 681 892 de
698 844 870 908 argumento
890 839 976 893 totius

130 908 196 965 libri
231 906 369 976 disputat,
405 907 497 963 evinci
528 909 622 976 possit,
652 914 785 963 nostrum
821 915 976 964 tractatum

129 992 223 1036 unum
252 978 445 1047 eumdemque
471 991 530 1033 esse
545 992 611 1033 cum
645 977 719 1033 libro
742 979 779 1033 ab
802 992 834 1034 eo
853 992 977 1035 comme-

130 1056 251 1117 morato,
278 1059 310 1107 ut
333 1048 511 1106 contrarium
540 1050 626 1104 etiam
651 1048 717 1103 inde
744 1049 857 1105 eiliccro
882 1049 976 1105 liceat.

130 1121 227 1178 Pauca
252 1119 329 1176 enirn
346 1134 413 1191 quae
436 1117 519 1175 allert
546 1118 699 1175 Gualterus
713 1116 792 1174 haud
805 1134 912 1188 parum
924 1120 977 1175 ab·

130 1193 248 1249 horrent
266 1205 284 1247 a
312 1189 436 1261 simplici
464 1188 577 1268 dicendi
602 1203 715 1260 genere,
732 1204 790 1270 quo
805 1193 907 1246 Petrus
923 1198 978 1246 tra·

130 1270 226 1318 clatus
253 1276 321 1319 snos
345 1261 454 1331 aperit3
479 1260 662 1316 existimares
689 1268 785 1329 potius
811 1260 978 1330 hocsnper·

130 1333 201 1390 bum
223 1333 336 1389 dicendi
356 1346 457 1403 genus,
470 1344 507 1386 ex
522 1330 670 1387 rhetorum
693 1331 796 1387 scholis
812 1333 976 1402 repetitum,

131 1405 193 1461 liaec
205 1417 249 1459 ses
271 1402 417 1474 nipedalia
439 1403 528 1458 verba
543 1415 561 1457 a
575 1415 650 1457 vano
665 1415 699 1458 ac
718 1403 837 1473 garrulo
862 1403 979 1458 homine

132 1417 320 1546 (Tanqueimo
345 1474 391 1530 vel
417 1473 502 1530 simili
526 1473 652 1544 quodam
677 1473 823 1544 argutula)
854 1473 978 1543 proiecta

132 1559 202 1613 esse,
218 1559 307 1616 quain
336 1545 372 1601 ab
402 1544 549 1600 theotardo
573 1557 641 1599 vero
664 1557 698 1600 ac
724 1552 801 1600 casto
827 1544 976 1600 llnsaruni

1031 627 1128 682 monia
1143 627 1171 681 id
1196 627 1315 695 probent
1331 640 1364 682 ac
1378 624 1519 753 flagitent,
1537 624 1582 680 vet
1598 638 1673 679 num
1685 624 1799 680 diserta
1813 624 1872 680 iudi·

1031 695 1121 822 ιιιιιι
1142 712 1175 752 eo
1196 696 1301 764 adsint,
1329 698 1408 754 hunc
1434 696 1531 752 ibrum
1553 708 1590 750 ex
1614 694 1769 752 abaelardi
1796 709 1870 750 manu

1051 782 1082 824 ro
1105 781 1177 823 iisse.

1032 783 1107 894 pud
1135 839 1210 895 hanc
1233 838 1419 909 questionem
1444 836 1610 893 soluendam
1632 843 1701 892 ante
1728 835 1869 892 umutile

1031 923 1084 964 ens
1111 909 1309 979 respiciendus
1332 909 1386 966 erit
1415 908 1481 980 (82),
1517 908 1546 964 in
1574 922 1634 978 quo
1662 915 1771 964 auctor
1797 906 1870 962 libeli

1031 981 1166 1036 nostrisa
1182 982 1276 1051 ipsum
1292 981 1421 1035 nominat
1444 989 1531 1050 atque
1550 978 1724 1035 accuratius
1739 978 1867 1049 depingit.

1032 1050 1106 1106 Dicit
1120 1051 1197 1107 enim
1220 1067 1227 1105 ι
1254 1072 1265 1100 ι
1295 1051 1376 1115 Quod
1396 1050 1524 1120 quidem,
1550 1049 1620 1120 quia
1634 1049 1667 1104 in
1692 1048 1869 1119 Epistolaad

1032 1122 1176 1178 Romanos
1191 1135 1278 1190 super
1300 1136 1368 1177 eum
1392 1120 1505 1177 locuni:
1521 1120 1601 1175 Jacob
1622 1120 1726 1186 dileat,
1748 1118 1813 1185 rel,
1826 1119 1866 1188 (83]

1032 1191 1185 1261 diiigenter
1198 1193 1338 1262 expressi,
1355 1192 1408 1247 hoc
1420 1193 1502 1262 quasi
1519 1200 1619 1247 notum
1642 1191 1867 1259 praetereundnn
1901 1233 1902 1245 t

1031 1263 1173 1319 existimo.
1199 1284 1213 1313 ιι
1241 1264 1308 1320 flea
1336 1264 1423 1318 verba
1448 1262 1526 1318 haud
1552 1262 1676 1317 obscure
1705 1261 1866 1332 significant
1901 1285 1902 1330 j

1032 1342 1180 1389 auctorem
1209 1335 1298 1390 nostri
1336 1333 1434 1402 scripti
1461 1333 1497 1388 ab
1530 1338 1650 1401 aiictore
1680 1334 1866 1388 commentari
1901 1341 1902 1358 ¹

1032 1417 1119 1473 super
1146 1406 1198 1472 Ep.
1222 1406 1257 1459 ad
1284 1406 1428 1460 ltoinaoos
1444 1418 1501 1459 non
1529 1402 1654 1458 dillcrre.
1686 1403 1866 1458 Huncauten
1897 1386 1901 1461 i

1032 1474 1275 1531 Coinmentarium
1293 1474 1437 1530 hbaclardi
1455 1487 1527 1544 opus
1541 1487 1601 1529 esse
1617 1473 1792 1544 genuinum
1804 1481 1866 1529 extri

1032 1559 1146 1601 omnem
1170 1545 1375 1601 dubitationem
1403 1545 1527 1614 positum
1550 1552 1601 1600 est.
1627 1543 1712 1610 Quod
1744 1545 1771 1598 si
1799 1545 1865 1623 igitu

132 1616 258 1672 alumno.
277 1613 367 1672 Aliter
381 1630 411 1671 se
439 1629 484 1671 res
500 1614 586 1670 habet
602 1628 668 1670 cuin
695 1614 834 1670 Bernardi
849 1615 974 1671 testimo·
1033 1629 1091 1670 non
1107 1616 1136 1671 in
1153 1617 1344 1684 suspicionem
1369 1616 1486 1680 incidat,
1506 1614 1645 1671 callidoni
1668 1615 1866 1684 quemdamie

131 1687 189 1742 nio.
209 1685 457 1750 onaeeniinliioee
471 1699 508 1742 ex
535 1685 609 1741 libro
638 1685 839 1740 Sententiarum
853 1693 880 1740 et
904 1686 978 1740 Canii·
994 1681 1017 1738 lt
1036 1687 1234 1755 terpolatoreni
1257 1687 1319 1742 hmo
1346 1686 1415 1742 satis
1439 1687 1538 1742 dextre
1567 1685 1699 1752 finxisse,
1735 1684 1867 1741 thelame

131 1758 264 1813 menteris
290 1758 320 1810 in
340 1759 393 1827 Ep.
422 1756 460 1811 ad
485 1757 620 1811 Romanos
646 1755 676 1810 in
697 1756 824 1812 medium
840 1755 922 1812 aliert
938 1757 980 1827 (in

132 1843 182 1900 ep.
208 1828 281 1898 (80),
308 1841 366 1884 non
393 1826 510 1898 quidem
539 1826 712 1883 verbotenus
733 1826 761 1882 in
786 1826 861 1883 libro
882 1836 980 1883 nostro

132 1898 282 2041 Ιιιιιιιιιιι,
304 1898 352 1955 sed
381 1897 477 1971 quoad
505 1911 621 1955 sensnm
636 1897 736 1953 eadem
751 1912 781 1955 se
807 1897 890 1953 nobis
913 1896 980 1953 otte

132 1977 203 2027 runt
276 2009 283 2023 .

167 2041 222 2099 Sed
247 2039 368 2097 mirum.
395 2038 564 2095 hbaelardus
579 2039 640 2108 ipse
655 2045 755 2095 contra
779 2042 879 2095 testem
894 2037 980 2094 modo

133 2112 244 2169 dictum
284 2123 403 2181 surgere
440 2110 568 2179 videtur,
607 2110 660 2180 qni
688 2109 797 2166 alicubi
827 2110 867 2165 ait
895 2108 977 2179 (8ι);

134 2203 148 2232 u
164 2182 245 2250 Quod
270 2189 366 2237 autem
390 2180 515 2251 capitula
536 2188 637 2238 contra
660 2194 706 2236 mo
727 2182 833 2251 scripta
859 2178 906 2236 tali
924 2179 980 2235 sine

134 2253 247 2309 amicus
269 2258 368 2306 noster
395 2252 579 2317 concluserit,
595 2258 627 2307 ut
643 2251 771 2307 diceret:
791 2273 801 2300 ι
833 2251 899 2306 llaec
926 2265 980 2306 au·

136 2331 223 2379 item
246 2321 372 2391 capitula
392 2321 495 2391 partini
518 2321 546 2376 in
573 2321 646 2376 libro
675 2322 823 2389 Tlieolepia
847 2320 979 2392 magistri

135 2413 150 2442 ι
166 2392 253 2459 Petri,
269 2391 374 2463 partim
397 2393 427 2446 in
451 2391 526 2448 libro
540 2392 745 2448 Sententiarum
758 2391 898 2462 ejusdem,
914 2406 980 2462 pur·

136 2484 150 2514 ii
167 2463 218 2520 tini
234 2464 265 2519 in
288 2462 373 2529 libro,
389 2461 474 2534 cujus
490 2463 591 2519 titulus
614 2469 678 2518 est:
699 2463 772 2519 Scite
795 2466 920 2531 teipsam,
937 2477 979 2518 re·

135 2554 150 2585 ii
166 2541 248 2606 perta
268 2539 346 2602 suot,
363 2552 378 2583 ii
398 2547 456 2588 non
472 2533 533 2589 sine
560 2533 751 2589 admiratione
773 2532 900 2589 maxima
919 2547 980 2590 sus·

135 2605 209 2677 cepi,
237 2618 304 2660 com
328 2617 481 2674 nunquam
508 2604 581 2660 tiber
608 2604 724 2675 aliquis,
740 2605 792 2676 qui
821 2605 981 2660 Sententia-

1036 1771 1153 1828 quoque
1167 1756 1274 1812 librum
1296 1758 1506 1824 Sententiarum,
1530 1770 1616 1827 quent
1632 1756 1752 1821 dicunt,
1779 1757 1868 1812 tribua

1035 1842 1147 1883 necesse
1172 1828 1236 1883 erit.
1262 1828 1322 1884 lluc
1346 1841 1431 1897 porro
1456 1827 1524 1883 iacit
1539 1826 1615 1896 quod
1645 1826 1716 1881 huis
1732 1833 1821 1897 atque
1838 1839 1868 1881 ar·

1036 1905 1206 1967 gementum
1222 1899 1307 1954 totius
1323 1899 1400 1965 libri,
1416 1899 1445 1953 in
1466 1898 1566 1968 primis
1580 1897 1804 1965 comparatione
1821 1910 1868 1951 ron

1033 1969 1108 2024 libro
1130 1969 1341 2023 Introductionis
1360 1971 1390 2024 ia
1413 1970 1572 2038 theolegio-ni
1602 1968 1744 2035 instituta
1768 1966 1868 2037 (Sitti

1034 2041 1148 2097 Petrum
1172 2041 1235 2110 ejus
1250 2047 1395 2096 auctorem
1415 2039 1534 2096 lectores
1554 2038 1681 2110 ablegat.
1705 2039 1868 2095 Introductis»
1901 2086 1902 2089 ,

1033 2113 1077 2165 nis
1105 2111 1183 2166 enim
1211 2119 1312 2166 auctor
1338 2111 1434 2166 statim
1458 2112 1493 2166 ab
1523 2111 1604 2165 initio
1634 2109 1868 2165 animadvertite

1035 2180 1184 2236 materiam
1207 2195 1289 2236 suam
1304 2182 1334 2237 in
1359 2190 1415 2237 tres
1430 2191 1524 2250 parics
1538 2180 1663 2235 divisam
1679 2187 1867 2243 tractaturum,

1034 2252 1162 2322 primurn
1183 2251 1216 2307 de
1236 2252 1300 2317 tide,
1324 2251 1389 2307 dein
1410 2252 1443 2306 de
1465 2251 1617 2317 charitate,
1643 2251 1778 2324 denique
1796 2250 1867 2306 desa

1034 2324 1189 2378 oramentis
1212 2321 1377 2378 locuturum
1405 2337 1475 2379 esse.
1500 2322 1757 2386 Quemadmodum
1790 2329 1866 2377 anteo

1034 2393 1208 2448 Introductio
1221 2394 1256 2448 ad
1272 2394 1445 2462 posteritatis
1474 2406 1576 2448 iiianus
1596 2393 1743 2462 pervenit,
1761 2407 1798 2448 ne
1811 2392 1866 2462 prio

1035 2478 1096 2520 rem
1112 2464 1227 2534 quidem
1249 2471 1370 2533 partem,
1395 2465 1429 2519 de
1446 2463 1511 2529 lide,
1532 2462 1667 2531 absolvit,
1685 2466 1736 2519 sed
1753 2462 1867 2519 mediati

1035 2548 1076 2602 re,
1094 2535 1123 2589 in
1150 2534 1344 2603 disputatione
1359 2536 1393 2590 de
1416 2534 1561 2590 attributis
1583 2533 1636 2589 Dei
1662 2534 1810 2601 inchoata,
1824 2533 1866 2587 tte
1897 2552 1900 2571 ι

1035 2618 1083 2659 iria
1101 2604 1222 2660 uberius
1236 2605 1421 2660 tractandum
1436 2605 1633 2674 imperleotnni
1657 2604 1789 2674 reliquit,
1809 2603 1868 2659 Aba

134 2692 196 2732 rum
221 2675 346 2742 dicatur,
368 2688 385 2730 ι
409 2689 454 2730 me
476 2675 602 2746 scriptus
629 2674 801 2744 reperiatur.
826 2674 880 2730 Sed
907 2677 981 2731 sicut
1035 2675 1136 2731 lardus
1159 2689 1260 2744 nempe
1275 2677 1304 2730 in
1324 2676 1538 2730 introductionis
1553 2677 1572 2730 l.
1589 2689 1635 2734 tlt,
1651 2690 1678 2730 c.
1694 2677 1723 2742 3,
1744 2677 1786 2730 ait
1800 2690 1807 2729 :
1822 2671 1867 2727 «St
1898 2738 1900 2743 ¹

134 2756 237 2803 catera
264 2752 369 2803 cuncta
396 2753 497 2803 contra
524 2761 569 2802 me
593 2746 721 2817 capitula
734 2746 775 2801 ita
798 2753 825 2801 et
839 2746 894 2801 hoc
911 2759 982 2815 quo·
1033 2745 1093 2816 jani
1109 2747 1143 2801 de
1152 2746 1245 2801 tribus
1259 2746 1350 2803 divini
1370 2747 1501 2803 numinis
1516 2745 1677 2814 attributis,
1693 2746 1731 2801 de
1751 2745 1865 2815 potentia

135 2832 193 2889 que
213 2831 266 2889 per
292 2816 433 2874 malitiam
461 2815 528 2874 veli
553 2818 716 2873 norantiam
732 2816 875 2888 prolatum
897 2823 948 2872 est.
968 2837 978 2864 ι
1036 2816 1185 2886 sapientia,
1211 2816 1347 2883 bonitate,
1364 2817 1529 2873 accuratius
1541 2830 1689 2887 exponere
1697 2815 1781 2872 velte.
1799 2837 1810 2866 ι
1826 2814 1865 2868 lni·

135 2918 170 2928 —
184 2888 238 2946 Sed
263 2888 330 2960 quis
346 2896 388 2945 est
403 2886 475 2959 quin
499 2832 596 2943 vigeat
622 2896 791 2968 utrumque,
818 2888 933 2968 ¹Petrum
954 2893 982 2941 ot
1036 2889 1107 2943 tium
1124 2887 1224 2956 capita
1240 2888 1383 2956 potentia;
1401 2888 1436 2943 ab
1453 2874 1508 2944 hac
1525 2889 1561 2943 ad
1581 2887 1758 3013 sagientiam
1774 2885 1864 2946 transit

135 2958 328 3027 bernardum,
351 2960 418 3028 jure
441 2971 493 3014 suo
516 2972 549 3014 ac
575 2966 688 3014 veritati
704 2965 908 3013 convenienter
923 2957 982 3012 hinc
998 2970 1020 3028 q
1036 2958 1084 3013 sed
1100 2959 1195 3013 media
1222 2959 1250 3013 in
1266 2959 1443 3027 expositione
1466 2959 1500 3014 de
1526 2958 1581 3013 hcc
1632 2958 1713 3012 irino
1733 2957 1863 3013 attributa

135 3030 231 3088 dicere
257 3027 406 3100 potuisset
431 3028 601 3085 hbaetardus
629 3041 820 3084 cuiusumma
844 3028 935 3083 animi
950 3027 982 3083 ii·
1036 3029 1093 3084 imo
1118 3030 1148 3083 in
1175 3029 1269 3084 niedia
1299 3028 1414 3099 periodo
1434 3042 1493 3085 rem
1514 3042 1598 3084 suam
1621 3030 1743 3083 missam
1760 3025 1864 3091 include

137 3100 224 3158 dacia
250 3115 280 3157 se
310 3112 462 3170 nunquam
487 3099 573 3154 tatem
599 3097 707 3155 librum
731 3099 935 3168 composuisse,
958 3097 982 3153 si
1034 3099 1161 3155 bonitate
1176 3114 1245 3155 vero
1259 3100 1427 3155 neverbum
1441 3099 1559 3169 quidein
1575 3099 1694 3168 legitur.
1711 3099 1757 3154 lta
1771 3107 1864 3168 quoque

135 3184 290 3242 nunquam
315 3169 457 3239 eiusmodi
486 3168 602 3224 titutum
623 3169 695 3225 libro
713 3182 730 3224 a
749 3183 779 3224 se
796 3168 901 3239 scripto
917 3182 981 3238 pro·
1035 3170 1214 3225 desecanda
1235 3184 1269 3226 nc
1293 3170 1377 3225 tertia
1405 3178 1485 3239 parte
1509 3169 1553 3240 (de
1572 3168 1717 3225 charitate
1732 3170 1865 3227 scilicetne

137 3240 273 3311 posuerit,
296 3240 477 3306 contendere,
498 3238 663 3294 bernardus
688 3240 863 3294 contrasine
886 3252 983 3295 errore
1035 3240 1232 3311 sacramentis)
1260 3243 1429 3295 introductio
1452 3240 1526 3296 nihil
1548 3240 1679 3308 amptius
1701 3240 1865 3310 proterttle
1896 3242 1898 3255 '

136 3319 292 3368 tractatum
315 3309 481 3378 quemdam,
503 3308 555 3379 qui
581 3309 665 3365 tituto
680 3309 880 3364 Sententiarum
892 3322 983 3365 nona
1035 3318 1094 3366 ster
1105 3312 1164 3381 jain
1182 3311 1306 3379 libellos,
1323 3311 1569 3381 quemadmodum
1588 3310 1702 3368 dictum
1721 3320 1775 3379 est,
1792 3319 1865 3379 nsqm

137 3379 282 3438 Petrosed
308 3380 345 3436 ab
372 3379 427 3436 alio
453 3379 711 3450 quodamhomine
736 3380 892 3451 insignitus
910 3387 981 3448 erat,
1036 3382 1071 3437 ad
1089 3383 1245 3439 articulum
1278 3385 1312 3438 de
1327 3383 1466 3452 sapientia
1483 3395 1602 3451 prorsus
1632 3382 1710 3437 idem
1730 3392 1865 3452 argumeie

137 3450 288 3532 tbailardo
307 3450 461 3532 ascribe-re·
479 3452 580 3531 potuit.
606 3450 670 3507 ilua
684 3452 793 3507 accedit
815 3452 893 3521 quod
916 3452 984 3508 Ber·
1037 3459 1099 3508 tum
1127 3453 1245 3509 exhibet
1272 3461 1359 3524 atque
1377 3453 1547 3509 introductio
1560 3452 1627 3524 (st).
1652 3452 1707 3509 Ubi
1724 3460 1815 3509 autem
1835 3450 1865 3503 lii·

138 3521 250 3580 nardus
264 3534 294 3577 in
311 3536 345 3578 iis
373 3522 441 3578 loeis
455 3535 484 3576 in
504 3520 613 3592 quibus
628 3522 662 3577 de
691 3521 774 3577 titulo
807 3521 875 3577 libri
890 3536 983 3578 sermo
1037 3523 1176 3578 traductio
1192 3525 1221 3579 in
1238 3525 1359 3579 materia
1382 3525 1533 3580 tractanda
1548 3523 1665 3588 desinit,
1683 3533 1780 3580 noster
1797 3519 1865 3577 radet

139 3594 185 3663 sit,
202 3592 340 3650 nonsatis
358 3593 509 3664 perspicue
523 3605 558 3647 ac
578 3591 695 3649 definite
709 3591 840 3663 loquitur
856 3592 919 3664 (eir.
936 3593 984 3648 ad·
1037 3594 1131 3664 pergit
1149 3608 1202 3650 nec
1229 3609 1286 3649 non
1316 3594 1458 3664 inceptam
1475 3595 1628 3650 materiam
1653 3588 1866 3669 dispositionum

138 3672 200 3722 not.
211 3678 241 3721 u.
256 3663 314 3734 78).
1036 3666 1239 3721 introductione
1254 3665 1416 3735 proposita,
1436 3664 1621 3721 accomodate
1637 3664 1775 3721 absolvit.
1789 3663 1866 3732 Capltt
1895 3672 1898 3685 ·

176 3787 234 3862 (77)
256 3788 309 3861 up.
341 3788 400 3845 tto.
418 3810 430 3839 ι
452 3787 605 3847 Sciendum
631 3797 683 3858 est,
707 3789 758 3860 ait,
783 3787 861 3860 quod
887 3797 1005 3845 omnes
1038 3787 1219 3858 Expositioni
1232 3789 1266 3845 de
1285 3788 1481 3858 redemptione
1499 3800 1549 3858 per
1564 3785 1718 3844 Christum
1741 3785 1812 3843 lacta
1825 3784 1870 3839 bct

140 3861 269 3919 doctores
303 3860 394 3917 nostri
418 3874 469 3930 per
498 3862 641 3930 apostolos
662 3862 691 3917 iii
719 3860 773 3916 hoc
798 3860 983 3927 conveniunt,
1039 3860 1097 3916 lere
1113 3860 1201 3915 verba
1225 3860 1302 3915 addit
1318 3859 1487 3915 Abaelardus
1503 3873 1509 3914 :
1523 3877 1537 3908 a
1552 3857 1624 3924 Qoae
1641 3859 1761 3929 quidem
1777 3854 1871 3927 plenius

140 3932 218 4004 quod
235 3930 368 3988 diabotus
382 3931 541 3988 dominium
556 3939 583 3988 et
599 3937 766 4002 potestatem
781 3931 885 3986 habeat
899 3943 986 3999 snper
1039 3945 1091 3986 sno
1107 3930 1168 3987 loco
1189 3944 1377 4000 exponemus.
1397 3930 1421 3986 N
1426 3945 1482 3985 rinc
1505 3935 1602 3985 autem
1623 3929 1782 3994 succincte,
1797 3938 1871 3997 quen

140 4002 297 4070 hominem,
322 4011 350 4058 et
380 4003 446 4074 jure
475 4016 542 4058 eum
576 4002 749 4071 possidebat,
778 4000 841 4057 idco
867 4000 985 4065 scilieet,
1040 4009 1100 4057 tum
1124 4002 1159 4056 ad
1186 4003 1375 4070 expositionis
1397 4001 1568 4056 brevitatem
1595 4001 1737 4069 pertinet,
1752 3999 1786 4055 de
1808 3995 1870 4052 matt

141 4073 220 4147 quod
255 4072 342 4129 homo
368 4080 396 4129 et
421 4071 551 4130 libertate
577 4072 699 4140 arbitrii,
730 4085 819 4142 qnam
849 4069 984 4138 habebat,
1039 4078 1142 4127 nostrin
1168 4071 1370 4141 redemptionis
1397 4072 1473 4141 quod
1496 4070 1616 4127 videtur
1641 4070 1729 4126 nobis
1752 4068 1868 4125 sufficiat:

141 4151 242 4215 sponte
268 4142 381 4200 diabolo
409 4143 560 4199 consensit.
588 4143 832 4212 hiuntnainqne,
862 4141 938 4212 quod
963 4144 986 4198 si
1039 4144 1063 4198 si
1091 4157 1151 4212 qua
1179 4157 1248 4199 vero
1267 4143 1371 4198 desunt
1399 4141 1574 4212 perfectioni,
1608 4140 1764 4208 Theologiae
1791 4146 1895 4209 nostr-t¹

142 4215 211 4288 quis
235 4213 361 4286 aliquem
383 4213 494 4280 vicerit,
517 4214 622 4278 victus,
651 4214 717 4283 jure
744 4211 862 4269 victoris
884 4226 985 4268 serviis
1040 4213 1176 4269 tractatui
1192 4227 1383 4269 reservamus.
1401 4233 1414 4262 i

142 4286 338 4344 constituitur.
374 4283 449 4351 ldeo,
482 4284 588 4353 inquit,
613 4283 688 4340 sient
719 4283 820 4339 dieunt
844 4281 1024 4350 doctores,D
1075 4284 1228 4351 (artabat.
1249 4283 1587 4353 consessionemsupra,
1608 4281 1665 4338 col.
1683 4282 1746 4336 tot.

142 4357 199 4414 hac
211 4355 377 4413 necessitate
398 4355 572 4410 incarnatus
587 4363 628 4410 est
643 4354 733 4410 Filius
754 4354 815 4421 liei,
831 4361 864 4409 ul
889 4354 984 4422 bomo,
1076 4355 1132 4423 (8ι)
1147 4356 1215 4423 Cap.
1232 4356 1276 4409 it.
1891 4390 1895 4417 ,

143 4427 196 4500 qui
220 4426 303 4483 aliter
324 4425 440 4482 liberari
464 4439 522 4481 non
551 4432 670 4495 poterat,
695 4438 744 4495 per
771 4426 987 4481 inortemlnno
1075 4425 1132 4495 (88)
1161 4424 1249 4482 Abael.
1279 4426 1425 4481 comment.
1466 4426 1496 4478 in
1523 4424 1576 4493 Ep.
1606 4422 1647 4477 od
1676 4426 1757 4480 hom.
1795 4426 1895 4490 snpra!

142 4497 233 4556 centis
247 4497 313 4568 jnre
327 4495 499 4552 liberaretur
517 4510 534 4552 a
543 4496 616 4567 iugo
630 4494 747 4552 diaboli.
772 4495 836 4564 Sed,
859 4503 891 4551 ιιι
904 4495 986 4552 nobis
1039 4494 1093 4552 col.
1106 4498 1167 4552 783.

142 4569 268 4637 ridetur,
283 4566 333 4635 ait,
357 4580 410 4623 nec
433 4566 566 4623 diabolus
595 4580 727 4637 unquain
745 4566 793 4636 jus
822 4564 938 4636 aliquod
956 4568 988 4622 in
1079 4567 1136 4638 titt)
1162 4566 1191 4624 Si
1219 4567 1255 4622 ad
1271 4565 1356 4621 tinem
1378 4564 1567 4622 etmateriam
1585 4571 1710 4633 spectes,
1733 4571 1862 4634 campani

143 4639 261 4696 homine
274 4637 385 4700 habuit,
402 4637 458 4692 nisi
474 4638 544 4694 torte
568 4637 626 4705 Deo
640 4637 830 4707 permittente,
848 4643 880 4692 ol
893 4650 986 4692 carce-

143 4711 241 4768 rarius
255 4723 262 4765 ε
277 4723 330 4792 nee
343 4707 433 4766 Filius
446 4708 497 4765 Dei
507 4716 540 4766 ut
554 4708 700 4764 hominem
714 4707 858 4776 liberaret,
871 4720 987 4763 carnem

143 4794 241 4839 assum
262 4788 339 4836 tlt.»

180 4794 415 4979 (ιιιιέιιιηιιιιι,
443 4848 472 4907 in
498 4847 572 4906 libro
590 4862 642 4906 suo
664 4849 764 4906 cinna
779 4849 827 4906 lV.
850 4849 986 4919 Labyrin-

143 4923 205 4981 thos
243 4923 324 4988 allia,
340 4920 374 4978 de
390 4935 449 4992 qno
475 4919 564 4977 habes
577 4927 712 4990 excerpta
730 4921 808 4990 apud
823 4920 852 4975 C.
878 4922 909 4974 E.
930 4920 987 4977 Bu-

143 4994 401 5062 ieiunorium.
420 4993 500 5048 Unio.
511 4993 685 5060 Parisiensis,
702 4997 721 5045 t.
735 4992 769 5046 ll.
788 5006 815 5061 p.
831 4993 891 5048 200.

178 5066 236 5138 (78)
265 5065 382 5122 Bulaeus
404 5063 424 5120 l.
444 5078 469 5120 e.
494 5078 500 5118 :
527 5061 657 5121 «Contra
672 5062 853 5120 Abaelarduiii
871 5075 988 5132 praeser-

142 5137 194 5196 tim
219 5136 288 5209 agit,
315 5144 431 5207 propter
459 5141 612 5191 tractatum
639 5134 806 5204 quemdam,
821 5133 905 5204 eujiis
927 5140 990 5190 erat

143 5209 191 5267 hic
214 5207 341 5265 titulus:
366 5208 510 5277 Incipiunt
527 5206 672 5262 Sententiae
691 5207 869 5271 llioinitatis;
885 5211 912 5259 et
935 5204 989 5260 hoc

142 5279 260 5337 initium
284 5293 292 5335 ι
317 5278 413 5336 Omnes
436 5278 559 5334 sitientes
578 5279 667 5333 venite
692 5277 729 5331 ael
745 5292 831 5343 aquas
861 5280 886 5330 et
906 5275 989 5330 bibite

63 5360 68 5368 ·
143 5351 236 5417 amici,
259 5350 443 5412 inebriamini,
472 5349 637 5417 charissimi,
661 5354 728 5415 etc,
751 5349 781 5403 in
810 5360 868 5417 quo
890 5346 988 5401 niolio

142 5421 364 5479 continebantur
379 5420 498 5475 hareses
513 5427 540 5475 et
555 5420 681 5489 prolaiiee
698 5432 801 5475 vocum
818 5417 984 5482 novitates·

142 5490 195 5552 rel·
1042 5494 1069 5542 et
1099 5488 1236 5556 quintani
1273 5488 1420 5553 Tlieolopt‘e
1445 5486 1552 5541 l:briiiii
1583 5500 1656 5552 pene
1677 5486 1713 5540 do
1741 5486 1825 5542 verbe
1844 5488 1864 5531 u

179 5558 235 5633 (80)
258 5557 315 5616 Cir.
342 5574 366 5616 c.
390 5561 434 5626 23,
458 5558 550 5615 nostri
573 5559 679 5615 codicis
700 5572 753 5615 nec
772 5572 830 5614 uon
854 5571 878 5614 c.
904 5559 938 5612 28
962 5571 985 5613 s.
1041 5557 1164 5614 verbani
1177 5559 1206 5613 in
1221 5558 1430 5612 introductione
1449 5555 1577 5626 reperiri.
1598 5555 1713 5625 chna
1728 5571 1761 5612 ro
1776 5550 1886 5624 laquie!

141 5630 194 5689 iiii.
215 5628 287 5688 Cum
306 5630 352 5688 his
375 5629 444 5686 loeis
458 5629 672 5699 comparandus
696 5636 739 5686 est
752 5627 895 5686 hbmtardi
908 5628 986 5684 dem·
1041 5626 1212 5686 Guillelmus
1232 5629 1321 5685 abbas
1342 5627 1370 5685 S.
1386 5626 1555 5684 'theodorici
1572 5625 1601 5680 iii
1618 5627 1746 5697 epistota
1762 5627 1797 5683 ad
1812 5624 1864 5680 du·

141 5702 295 5762 mmmmm
314 5701 345 5759 in
358 5703 409 5761 Su.
425 5700 463 5758 ad
482 5699 617 5758 Romanor
639 5700 750 5773 (supra,
776 5699 829 5759 col.
845 5699 984 5770 ”lat-978).
1041 5699 1150 5759 bidom
1177 5700 1382 5759 Carnotmsem
1395 5706 1423 5756 et
1449 5695 1631 5757 Bemardum
1648 5712 1656 5755 :
1674 5716 1691 5746 α
1710 5698 1884 5763 boeium,

1878 5814 1884 5933 l

1043 4651 1159 4708 quoque
1175 4639 1262 4707 possit
1280 4636 1354 4692 liber
1365 4636 1502 4692 hbaetardi
1522 4634 1795 4704 quiinscribitur:
1811 4633 1863 4688 lla·-

1043 4709 1116 4777 ioqia
1137 4707 1579 4777 christianusupracol.litt.
1850 4772 1854 4778 .
1889 4694 1893 4717 ¹

1078 4778 1132 4849 (85)
1151 4779 1288 4836 Santtlius
1302 4790 1420 4849 quoque
1442 4793 1479 4834 ex
1504 4778 1651 4833 consensu
1675 4775 1862 4849 argumentis

1043 4856 1168 4906 tractatu
1198 4859 1295 4905 nostro
1325 4849 1458 4919 propositi
1482 4862 1548 4905 cuin
1571 4859 1754 4918 argumento
1770 4843 1860 4921 inlicit

1042 4922 1139 4975 ationis
1162 4935 1219 4976 non
1241 4921 1339 4972 natatui
1359 4919 1425 4976 libri
1450 4921 1539 4975 nostri
1564 4919 1613 4974 sed
1639 4919 1783 4972 αΰθειτῑαν
1804 4924 1862 4991 poric-

1043 4992 1233 5062 colligendam
1245 5005 1305 5046 esse
1323 4999 1413 5060 putat.
1426 4991 1474 5046 Ait
1488 4989 1583 5046 enini:
1607 5010 1618 5036 ‹
1637 4990 1743 5059 Neque
1758 4990 1858 5046 liberti

1043 5062 1192 5118 abelardo
1207 5062 1396 5132 abnegandus
1406 5067 1449 5117 est
1458 5075 1492 5116 ea
1504 5062 1538 5117 de
1551 5072 1654 5125 causa,
1669 5063 1752 5130 quod
1761 5066 1858 5130 magnit

1045 5142 1152 5203 partein
1173 5147 1209 5188 ex
1237 5134 1365 5204 ejusdem
1395 5131 1649 5186 introductionem
1676 5133 1771 5187 Theoi.
1799 5136 1861 5207 ιιιιι

1044 5212 1110 5273 plns
1134 5205 1180 5258 sit.
1206 5203 1236 5258 ld
1257 5204 1333 5258 enini
1360 5203 1506 5259 llbtelardo
1530 5200 1608 5257 haud
1634 5201 1789 5258 insolitum
1806 5202 1857 5255 iuis<

1042 5282 1119 5332 certo
1139 5273 1370 5344 persuadebitur,
1391 5273 1525 5343 quisquis
1542 5273 1606 5342 ejus
1629 5270 1863 5342 tuotone-iatin-

1042 5350 1162 5400 stt'anom
1192 5359 1257 5401 cuni
1282 5343 1410 5426 ejusdem
1434 5343 1646 5398 Introductioue
1664 5346 1694 5398 t'n
1725 5342 1860 5409 Thuben

1043 5417 1170 5472 conicito
1195 5415 1327 5471 intererit.
1355 5416 1380 5470 is
1403 5417 1510 5485 quippe
1533 5414 1744 5482 deprehendet,
1772 5415 1864 5484 priniut
