3804 5962
64 213 134 269 {485
826 217 879 274 SiC
897 219 941 273 ET
959 217 1042 275 NON.
1742 217 1809 275 libb

62 339 195 395 Ereuute
210 344 308 394 ιιιιιιι
324 337 373 394 iilo
392 336 526 409 ianuam,
550 338 702 397 viditeum
726 341 784 399 alia
799 342 906 399 ancilia
920 340 945 396 Α
961 342 1042 398 dictis
1067 344 1193 412 monuero·
1223 341 1426 399 Corinthiorum
1462 341 1582 412 episcopi
1606 341 1639 396 de
1667 344 1745 399 Petro
1781 348 1808 399 et

62 434 90 484 et
104 428 145 483 ait
159 426 204 482 his
219 427 369 496 quierant
389 426 450 482 ibi:
467 427 502 483 Et
523 427 570 485 hic
589 436 651 486 erat
672 444 739 487 cum
764 431 832 488 iesu
854 431 908 486 Na·
965 434 1050 487 Pouto
1066 449 1073 487 :
1090 433 1183 489 Ambo
1208 431 1313 488 etenim
1339 429 1427 486 simul
1452 429 1639 487 adventantes
1661 437 1689 487 ιι
1708 430 1739 488 iu
1761 431 1811 490 Co

63 529 177 572 zareuo.
205 516 240 571 Et
268 516 375 572 iterum
399 515 517 586 negavit
545 531 613 574 cum
637 518 814 589 juramento,
841 519 911 591 quia
964 521 1073 578 riuthiu
1100 520 1227 577 Ecclesia
1250 520 1464 584 docueruutet
1488 532 1674 590 peromnem
1695 520 1810 579 ltaliam

63 618 123 659 non
148 604 216 660 novi
244 604 399 661 hominem.
419 606 456 661 Et
477 612 541 675 post
562 605 700 675 pusillum
727 614 911 664 accesserunt
965 615 1052 681 atque
1071 609 1101 665 iu
1130 610 1184 665 hac
1212 608 1285 665 urbe
1311 606 1398 663 simul
1413 606 1547 663 docentes
1568 607 1653 664 etiam
1670 601 1810 680 martyrio

63 692 114 762 qui
130 692 245 749 stabant
267 700 296 749 ιι
319 691 457 749 dixerunt
480 692 563 749 Petro
581 709 587 749 :
605 693 679 753 Vere
696 701 724 752 et
740 703 773 752 tu
794 710 831 753 ex
854 696 911 752 iilis
965 697 1074 767 pariter
1105 711 1164 754 uuo
1192 697 1349 766 eodemque
1403 703 1531 765 tempore
1558 696 1686 754 coronati
1729 704 1807 755 sunt.

63 794 103 848 es,
127 795 196 836 uem
211 789 239 838 ιι
254 780 371 852 loquela
386 782 571 838 maniiestum
585 789 611 839 te
625 783 702 841 lacit.
726 785 808 842 Tunc
826 786 911 857 coepit
964 787 1114 841 audoletus
1136 785 1260 840 omnibus
1280 785 1412 853 episcopis
1439 789 1465 839 et
1487 783 1673 840 sacerdotibus
1699 788 1730 840 iu
1754 801 1810 842 eo:

64 868 199 926 detestari
229 875 258 925 et
282 868 393 941 jurare,
420 870 491 941 quia
518 885 575 928 uon
600 873 725 929 novisset
753 874 909 931 homiuem.
965 874 1135 931 Benedictus
1162 871 1255 930 Densi
1288 873 1405 939 Paulus,
1434 886 1484 928 vas
1507 872 1662 941 electionis,
1677 887 1737 930 uuo
1766 873 1811 932 die

65 960 175 1013 Dareus
193 958 265 1027 (xiv,
292 958 338 1031 ab)
355 958 483 1016 :Petrus
506 967 603 1017 autem
617 962 657 1017 ait
677 961 717 1018 ilii
736 978 742 1017 :
759 964 831 1020 Etsi
849 978 910 1020 om·
963 975 1082 1033 unoque
1101 960 1361 1033 temporegloriosa
1376 969 1466 1017 morte
1481 975 1549 1018 cum
1564 962 1647 1018 Petro
1659 961 1715 1018 suh
1732 963 1811 1034 prin·

63 1060 115 1104 nes
129 1047 314 1104 scandalizati
339 1047 446 1104 tuerint
471 1048 501 1103 in
516 1054 553 1116 ιι,
580 1048 702 1105 sednon
724 1064 787 1121 ego.
812 1049 848 1105 Ει
872 1049 911 1104 ait
965 1051 1028 1121 cipe
1050 1050 1162 1106 Nerone
1187 1049 1342 1121 agonizans
1366 1057 1520 1106 coronatus
1546 1058 1597 1106 est.
1627 1051 1811 1124 Hieronymus

64 1133 106 1189 illi
129 1134 234 1191 lesus:
259 1138 348 1191 Amen
371 1134 436 1191 dico
455 1136 518 1202 tibi,
544 1136 614 1207 quia
639 1144 671 1193 ιιι
694 1137 778 1194 hodie
801 1137 832 1193 iu
857 1136 912 1193 hac
968 1143 1003 1195 De
1028 1139 1181 1194 illustribus
1208 1142 1287 1205 virts,
1317 1153 1377 1208 cop.
1395 1139 1428 1193 l:
1458 1138 1573 1195 Simeon
1600 1140 1712 1207 Petrus,
1733 1138 1812 1196 iliius

63 1229 158 1290 nocte,
174 1223 346 1293 priusquam
367 1223 462 1294 gallus
479 1223 522 1279 bis
545 1237 645 1280 vocem
668 1224 788 1290 dederit,
810 1232 851 1281 ter
866 1239 912 1282 me
964 1228 1092 1296 ioannis,
1116 1226 1272 1299 provinciae
1289 1226 1421 1295 Galilaeae,
1443 1227 1507 1284 vico
1532 1227 1696 1300 Bethsaida,
1723 1227 1812 1286 irater

63 1324 95 1366 es
110 1319 279 1382 negaturus.
298 1311 386 1366 ducos
402 1312 487 1381 (rxu,
508 1310 572 1381 bil:
590 1312 637 1369 hit
659 1321 755 1369 autem
772 1314 913 1371 Dominus
965 1318 1087 1374 andree
1108 1315 1238 1387 apostoli,
1255 1324 1282 1372 et
1309 1315 1442 1386 princeps
1457 1316 1592 1393 eliorum,
1618 1323 1681 1387 post
1699 1317 1811 1387 episco-

63 1398 199 1455 Simoni:
225 1399 334 1467 Simon,
363 1414 427 1457 ecce
450 1401 724 1472 Satanascxpetivit
748 1409 785 1467 te,
810 1409 843 1459 ut
858 1402 912 1460 cri·
966 1413 1065 1477 patum
1097 1403 1337 1461 antiochenensis
1364 1403 1499 1460 Ecclesiae
1530 1411 1557 1460 et
1581 1403 1812 1474 predicationem

64 1488 161 1545 braret
174 1487 248 1545 sicut
276 1489 413 1545 triticum.
441 1490 502 1562 Ego
518 1497 617 1546 eutem
631 1491 735 1562 rogavi
753 1505 806 1562 pru
826 1499 863 1558 ιι,
879 1498 912 1548 ut
966 1491 1150 1564 dispersionis
1174 1506 1276 1548 eorum
1297 1493 1349 1562 qui
1374 1491 1409 1548 de
1441 1491 1659 1549 circumcisione
1686 1492 1813 1550 credide-

64 1591 126 1634 nou
146 1576 259 1633 deficiat
274 1577 343 1633 tides
370 1586 431 1646 tua,
461 1585 489 1634 et
515 1586 547 1635 ιιι
567 1579 726 1650 aliquando
754 1567 950 1637 conversusB
967 1589 1042 1651 rant,
1063 1583 1094 1638 in
1108 1583 1208 1648 Ponto,
1232 1580 1352 1650 Calatia,
1369 1578 1560 1652 Cappadocia,
1579 1581 1645 1639 hsia
1659 1589 1688 1639 et
1708 1580 1813 1652 bithy-

64 1666 206 1724 eoudrma
220 1667 323 1723 iratres
342 1675 415 1724 tuos.
440 1667 581 1732 Quidixit
595 1668 622 1725 ei
643 1684 651 1724 c
669 1668 797 1732 Domine,
818 1676 912 1726 tecum
966 1671 1024 1739 nia,
1040 1670 1166 1727 secundo
1195 1669 1308 1727 Claudii
1331 1683 1419 1739 auno,
1449 1669 1486 1726 ad
1514 1671 1745 1742 expugnandum
1769 1669 1811 1726 Si·

65 1762 186 1827 paratus
199 1769 263 1812 sum
288 1764 316 1812 et
343 1755 374 1812 in
396 1769 540 1813 carcerem
554 1764 581 1814 et
611 1757 641 1812 iu
666 1765 786 1814 mortem
809 1757 860 1814 ire.
877 1758 913 1814 Et
965 1773 1095 1816 meouem
1110 1760 1229 1831 Magum
1253 1759 1373 1815 Romam
1392 1759 1496 1830 pergit,
1519 1758 1619 1831 ibique
1633 1758 1715 1817 XXV
1727 1759 1813 1816 anuis

65 1844 113 1901 ille
143 1843 239 1901 dixit:
269 1845 341 1902 Dico
368 1845 429 1914 tibi,
467 1847 559 1912 Petro,
589 1860 646 1902 uou
673 1845 800 1902 cantabit
827 1845 912 1903 hodie
966 1848 1132 1905 cathedram
1153 1847 1361 1905 sacerdotalem
1388 1849 1480 1906 tenuit
1501 1862 1593 1920 usque
1614 1849 1651 1906 ad
1677 1847 1813 1905 ultimum

65 1931 171 2005 gallus,
186 1932 275 1990 donec
303 1942 346 1990 ter
360 1934 485 2006 abneges
506 1948 551 1991 me
575 1949 668 1991 nosse.
696 1938 812 1990 ioannes
836 1933 910 2005 (ιιιι,
966 1951 1077 1994 annum
1091 1936 1222 2003 Neronis,
1248 1936 1278 1993 id
1301 1944 1344 1993 est
1362 1936 1438 2004 XlV,
1468 1950 1485 1992 a
1513 1951 1572 2008 quo
1594 1943 1622 1994 ιι
1641 1936 1749 1995 aiflrus
1771 1942 1818 2006 est

65 2024 110 2091 38)
127 2037 133 2077 ;
150 2021 225 2078 Ιιιιίι
246 2021 273 2078 ιι
288 2022 418 2080 Petrus:
445 2023 540 2091 Quare
561 2037 618 2081 nou
633 2037 752 2095 possum
780 2029 808 2080 ιι
827 2023 912 2080 modo
966 2026 1055 2095 cruci,
1080 2025 1220 2096 martyrio
1248 2032 1406 2082 coronatus
1438 2033 1490 2093 est,
1525 2024 1616 2096 capite
1640 2025 1677 2097 ad
1706 2033 1813 2083 terram

65 2111 169 2183 sequi?
196 2110 331 2167 Animam
363 2126 457 2169 meam
487 2125 538 2182 pro
566 2120 593 2168 te
614 2126 728 2182 ponam.
757 2113 913 2182 Respondit
966 2123 1090 2173 rersoet
1118 2114 1148 2170 iu
1172 2113 1296 2171 sublime
1321 2113 1445 2184 pedihus
1471 2113 1602 2185 elevatis,
1626 2128 1757 2172 assereus
1784 2129 1813 2172 se

64 2199 171 2256 iesus:
192 2198 328 2256 Animum
344 2206 425 2256 tuam
447 2214 535 2271 pones
550 2214 601 2271 pro
624 2198 695 2257 mel
710 2201 814 2268 Amen,
829 2214 914 2256 amen
968 2203 1131 2275 iudignum,
1148 2201 1226 2273 quod
1248 2203 1289 2259 sic
1302 2202 1521 2274 crucifigeretur
1536 2202 1611 2260 sicut
1628 2210 1656 2260 ιι
1674 2202 1814 2260 Dominus

66 2289 131 2345 dico
146 2287 196 2344 tibi
214 2303 292 2345 :non
308 2289 437 2346 cantabit
452 2289 556 2360 gallus,
583 2291 673 2346 donec
687 2304 733 2347 me
758 2297 802 2347 ter
816 2304 911 2362 neges.
968 2306 1048 2349 suus.
1071 2293 1138 2346 lieu
1161 2307 1223 2361 cop.
1248 2292 1273 2347 V
1294 2291 1327 2346 ote
1350 2292 1435 2347 Paulo
1452 2307 1458 2345 :
1476 2293 1513 2348 Et
1535 2291 1582 2347 hic
1600 2306 1719 2364 quoque
1741 2291 1813 2351 xiv.

66 2382 241 2447 Aupustious
271 2394 354 2450 super
375 2381 506 2434 ioannem
530 2384 650 2434 tractatu
679 2378 789 2436 lxvi:
817 2379 914 2451 Nega·
967 2380 1089 2438 Neronis
1115 2395 1190 2437 auno
1214 2379 1313 2438 eodem
1346 2379 1393 2437 dio
1422 2394 1480 2451 quo
1506 2381 1609 2436 Petrus
1639 2381 1737 2437 Romae
1762 2395 1814 2452 pro

66 2467 109 2523 ιιι
138 2467 185 2523 ille
207 2474 235 2524 ιι
263 2467 344 2536 dixit,
370 2484 423 2524 uon
452 2484 523 2523 sum.
552 2471 596 2524 An
629 2467 775 2539 apostolus
800 2469 914 2535 Petrus,
968 2470 1080 2528 Christo
1108 2469 1201 2541 capite
1228 2475 1381 2525 truncatus
1413 2468 1601 2539 sepultusque
1635 2476 1679 2526 ιιι
1707 2470 1738 2526 in
1765 2470 1815 2526 ria

66 2556 225 2613 sicuteum
240 2557 356 2628 quidem
378 2557 475 2614 lavore
494 2571 627 2628 perverso
651 2571 791 2614 excusare
814 2557 915 2613 uituu·
968 2557 1103 2622 Ostiensi,
1130 2571 1207 2614 anuo
1245 2565 1307 2628 post
1341 2556 1502 2627 passionem
1534 2556 1649 2612 Domini
1676 2554 1813 2612 xxxiii.

67 2651 128 2711 tur,
157 2641 303 2701 Christum
322 2659 381 2702 nou
406 2645 534 2716 negavit,
560 2645 630 2716 quia
655 2644 849 2715 iuterrogatus
879 2642 915 2700 ah
970 2644 1117 2713 dreqoeu‘us
1155 2647 1321 2700 Turonensis
1358 2644 1407 2699 tib.
1446 2644 1457 2697 l
1494 2645 1700 2713 miraculorum,
1752 2658 1812 2714 cop.

69 2732 177 2789 ancilla
193 2733 337 2790 homiuem
366 2748 396 2791 se
424 2734 533 2790 nescire
557 2734 712 2804 respondit,
739 2732 916 2804 quasivero
969 2732 1108 2790 xxviii:
1137 2731 1247 2788 Paulus
1280 2730 1426 2802 apostolus
1457 2738 1519 2801 post
1547 2731 1710 2789 revolutum
1744 2729 1816 2788 anni

68 2823 121 2893 qui
136 2823 280 2880 homiuem
294 2822 440 2881 Christum
455 2830 551 2895 negat,
567 2838 625 2879 nou
650 2822 796 2880 Christum
809 2824 914 2894 inegat.
970 2822 1114 2879 circulum
1130 2822 1192 2892 ipsa
1207 2821 1253 2877 die
1268 2834 1327 2891 qua
1355 2822 1457 2876 Petrus
1482 2821 1629 2890 apostolus
1647 2834 1749 2890 passus
1764 2834 1815 2877 oc·

68 2910 123 2978 Qui
138 2925 207 2982 ergo
224 2913 262 2968 ita
285 2912 439 2969 confltetur
460 2911 609 2968 Christum
631 2912 733 2973 Deum,
755 2919 787 2968 nt
819 2910 914 2967 homi·
932 2922 955 2982 q
971 2909 1082 2969 cubuit.
1111 2910 1347 2981 Dortyrolopium,
1377 2911 1589 2965 eomrueuorotio
1617 2914 1708 2965 suncti
1735 2909 1817 2966 Pauli

68 3014 134 3056 nem
151 3008 247 3072 neget,
263 3016 321 3057 uon
344 3015 396 3072 pro
419 3001 466 3057 illo
481 3008 615 3058 mortuus
632 3008 674 3057 est
689 3000 829 3070 Christus,
846 3001 916 3070 quia
970 2999 1108 3071 apostoli:
1138 2997 1228 3065 Quem
1261 3012 1326 3054 cum
1351 2997 1433 3054 beato
1468 3000 1549 3055 Petro
1574 3012 1659 3056 cruce
1688 3012 1816 3071 appenso

68 3089 230 3145 secuudum
259 3090 405 3146 homiuem
445 3098 578 3147 mortuus
616 3097 658 3146 est
693 3088 831 3146 Christus.
862 3088 917 3155 Qui
970 3089 1074 3148 coelum
1090 3087 1186 3160 gladio
1201 3093 1334 3143 necatum
1367 3086 1488 3157 excepit,
1503 3101 1564 3144 una
1577 3102 1635 3144 nou
1659 3096 1757 3145 tamen
1769 3086 1817 3145 die

68 3185 155 3248 negat
184 3177 330 3235 hominem
362 3177 520 3246 Christum,
548 3192 607 3234 uon
631 3177 821 3249 justificatur,
846 3178 917 3248 quia
971 3176 1101 3249 quidem,
1117 3175 1165 3233 sed
1187 3175 1303 3232 evoluto
1327 3176 1395 3231 anui
1416 3183 1552 3246 tempore,
1572 3183 1604 3233 ut
1628 3175 1675 3234 vir
1692 3176 1818 3235 disertus

68 3268 139 3320 sicut
158 3280 208 3335 per
233 3265 444 3323 inobedientium
467 3270 549 3321 unius
585 3266 711 3332 bominis,
740 3272 794 3323 etc.
828 3267 915 3339 (Rom.
970 3269 1073 3323 arator
1086 3266 1143 3337 (ιι)
1158 3262 1267 3321 scribit.

68 3366 100 3421 ι,
118 3354 173 3425 itt).
191 3353 248 3417 Qui
262 3362 349 3426 negat
363 3354 508 3411 homiuem
528 3353 684 3421 Christum,
709 3368 766 3410 nou
786 3361 917 3427 resurget
1333 3351 1451 3410 XCVlll.

69 3442 99 3499 iu
114 3443 356 3500 resurrectionem
382 3444 459 3510 ritae,
479 3444 551 3514 quia
575 3450 603 3499 ιι
622 3456 674 3513 per
699 3441 846 3500 homiuem
871 3458 915 3499 re·
971 3443 1049 3510 Quod
1062 3443 1177 3508 Pontus,
1201 3446 1264 3495 onte
1291 3446 1491 3498 conversionem
1520 3458 1635 3512 quoque,
1663 3449 1719 3499 tom
1742 3445 1816 3501 Pou-

69 3531 209 3589 surrcctio
223 3539 415 3589 mortuorum.
432 3534 498 3587 item
513 3549 519 3586 :
537 3533 639 3588 Petrus
662 3531 687 3586 si
710 3538 814 3603 negato
835 3529 917 3588 Chri·
1092 3514 1133 3568 ἰιι
1149 3528 1232 3582 quom
1246 3512 1346 3568 Stulni
1369 3520 1478 3569 ”titilius
1493 3516 1538 3578 sit,
1554 3520 1579 3569 ti
1592 3520 1696 3570 ⁶0¹²er-

69 3628 113 3678 stu
128 3619 197 3677 hinc
213 3621 278 3689 iret,
293 3622 365 3691 quid
390 3620 469 3677 aliud
485 3635 574 3692 qnam
600 3619 725 3691 periret?
740 3620 814 3675 Bcdu
836 3636 919 3690 super
1007 3621 1120 3691 Rufinus
1144 3618 1290 3673 secuudum
1316 3619 1459 3685 helponem
1483 3622 1513 3674 iu
1537 3620 1660 3689 Epistola
1677 3621 1759 3676 Pouii
1781 3620 1819 3677 ud

69 3711 170 3764 Lucam
196 3715 276 3778 (xxu,
295 3713 340 3776 56)
357 3725 364 3764 ι
383 3710 421 3765 At
444 3711 491 3765 iiie
514 3711 624 3780 neqouit
646 3725 705 3764 eum
724 3709 816 3764 dicens
833 3723 839 3762 :
855 3710 916 3764 diu·
973 3711 1105 3764 Romanos
1122 3706 1323 3774 :Quibusdam
1343 3706 1439 3763 visum
1453 3714 1495 3763 ιιι
1510 3708 1619 3778 quoda
1643 3709 1733 3767 Paulo
1752 3723 1817 3780 pru·

70 3801 131 3866 tier,
158 3812 212 3853 nou
235 3801 299 3853 siout
320 3798 408 3854 ittam.
432 3797 566 3865 Quidam,
593 3798 639 3869 pio
667 3811 736 3877 erga
755 3797 918 3868 apostolum
972 3794 1101 3861 consule,
1122 3808 1209 3866 quem
1223 3795 1309 3865 ,apud
1330 3792 1456 3865 Cyprum
1483 3793 1547 3851 ddci
1570 3793 1676 3851 Christi
1690 3796 1819 3877 subjece-

69 3890 187 3944 Petrum
214 3886 328 3951 adactu,
362 3888 457 3944 locum
488 3887 568 3944 hunc
593 3887 633 3943 ita
666 3886 916 3957 interpretantur,
974 3892 1028 3953 rat,
1052 3882 1228 3940 vocabulum
1250 3882 1465 3952 apostolussibi
1491 3883 1658 3952 sumpserit,
1676 3884 1752 3940 sicut
1776 3899 1818 3942 re·

69 3977 154 4049 quasi
174 3976 353 4033 benedixerit
375 3991 405 4033 se
424 3976 579 4033 illumuou
608 3989 701 4041 nosse,
722 3989 809 4046 quem
837 3989 919 4033 meus
974 3989 1023 4047 ges
1045 3973 1136 4030 solent
1159 3971 1314 4043 [devictis),
1344 3972 1424 4028 verhi
1447 3971 1541 4044 gratia
1572 3972 1679 4029 sicuta
1703 3973 1821 4032 Parthis

69 4065 201 4120 humana
233 4066 323 4121 nescit
351 4064 603 4137 comprehendere,
633 4063 704 4135 quia
729 4078 813 4120 nemo
836 4064 919 4121 novit
974 4062 1100 4120 Parthici
1116 4070 1144 4119 et
1172 4061 1271 4118 Gothis
1294 4061 1405 4118 Gothici
1420 4061 1576 4118 nominari.
1607 4061 1688 4125 Quod
1710 4075 1747 4119 ue
1767 4074 1821 4119 uos

70 4153 179 4210 Filium
195 4153 250 4209 uisi
266 4154 359 4210 Pater.
386 4157 495 4211 lterum
517 4167 634 4225 quoque
658 4153 816 4224 inquisitus
838 4152 917 4209 dire·
974 4153 1092 4224 quidem
1112 4164 1324 4221 usquequaque
1333 4150 1536 4207 evacuandum
1548 4157 1695 4220 putemus.
1713 4151 1821 4208 Tamen

69 4243 164 4300 rit:o
192 4242 287 4310 homo,
317 4256 377 4299 non
400 4256 477 4310 sum,
502 4241 612 4299 maleus
637 4255 667 4298 se
692 4255 798 4313 negare
830 4254 919 4312 quam
976 4243 1046 4314 quia
1064 4240 1145 4319 nulla
1173 4240 1240 4296 talis
1268 4240 1298 4295 iu
1322 4239 1478 4310 scripturis
1506 4239 1611 4298 diuinis
1644 4240 1821 4299 cousuetudo

69 4329 228 4388 Christum.
254 4329 306 4386 Sed
323 4330 406 4387 tertio
431 4331 626 4404 interrogatus
648 4344 714 4387 cum
731 4329 792 4387 ait:
822 4330 918 4398 homo,
975 4328 1210 4400 deprehenditur,
1228 4328 1320 4400 magis
1343 4343 1380 4384 ex
1401 4328 1444 4385 his
1466 4344 1533 4400 quae
1553 4329 1583 4384 iu
1607 4328 1738 4400 exemplo
1752 4334 1822 4385 sunt

69 4418 169 4476 nescio
196 4418 268 4491 quid
294 4419 376 4488 dicis,
396 4419 613 4491 significaverit,
638 4434 668 4476 ιι
695 4418 847 4492 sacrilegia
873 4433 921 4477 eo·
975 4417 1182 4476 absolutionem
1205 4418 1376 4488 quaerimus.
1394 4419 1563 4475 invenimus
1584 4418 1677 4489 igitur
1698 4418 1730 4473 iu
1746 4416 1821 4476 Suri·

71 4521 139 4565 rum
165 4507 286 4572 nescire,
318 4509 373 4565 hoc
406 4517 448 4566 ιιι
477 4508 659 4581 reprobando
686 4517 713 4565 ιι
745 4510 921 4566 exsecrando
978 4506 1069 4577 pluris
1092 4505 1258 4577 aliquantos
1279 4507 1363 4573 binis,
1381 4507 1452 4564 alios
1471 4509 1557 4564 etiam
1570 4507 1660 4563 ternis
1673 4521 1742 4565 usos
1761 4520 1822 4564 esse

70 4596 222 4653 damnare.
253 4596 305 4653 Sed
328 4596 390 4655 haec
413 4612 503 4668 quam
531 4599 634 4656 frivola
660 4597 696 4653 sit
723 4597 873 4668 expositio,
894 4604 921 4655 et
976 4594 1152 4652 nominihus.
1183 4595 1347 4651 &eundum
1376 4610 1443 4667 ergo
1479 4596 1555 4652 hanc
1583 4595 1822 4654 consuetudinem

71 4684 225 4753 Dominus,
243 4685 337 4756 quise
357 4694 399 4744 ter
422 4687 589 4758 negandum
612 4687 726 4742 ePetro
753 4684 878 4754 dixerat,
894 4693 921 4742 et
976 4683 1092 4740 videtur
1123 4682 1206 4739 nohis
1233 4684 1342 4741 Paulus
1374 4684 1482 4756 duplici
1512 4699 1584 4742 usus
1611 4684 1766 4752 vocabulo,
1794 4687 1823 4741 ιι

70 4777 134 4845 ipse
150 4773 252 4831 Petrus
274 4774 414 4844 insinuat,
433 4777 485 4847 qui
515 4790 545 4832 se
562 4774 676 4832 nonde
701 4772 921 4842 iudustria,sed
977 4772 1066 4830 donec
1095 4772 1212 4844 quidem
1241 4775 1319 4844 genti
1347 4773 1469 4844 propriso
1495 4774 1688 4843 ministrabat,
1717 4772 1824 4831 Saulus

70 4864 108 4920 de
133 4863 317 4935 subreptione
338 4863 467 4922 locutum
490 4863 736 4936 subsequentibus
763 4861 921 4935 [lacrymis]
977 4876 1038 4920 esse
1064 4861 1218 4931 vocitatus,
1240 4862 1318 4933 quod
1340 4870 1368 4920 ιι
1392 4863 1486 4936 treugis
1511 4863 1700 4935 appellationi
1722 4861 1823 4935 patriar

70 4952 249 5010 manilestat.
554 4956 568 5025 1
977 4950 1167 5008 vernaculum
1189 4950 1354 5018 videbatur,
1382 4952 1506 5009 Paulum
1532 4960 1630 5010 autem
1645 4951 1824 5024 appellatum

449 5042 547 5100 XCVI!
977 5054 1047 5109 esse,
1072 5053 1140 5096 cum
1164 5038 1299 5111 gentibus
1325 5047 1467 5110 praecepta
1496 5040 1673 5111 conecripsit.
1692 5039 1766 5098 Nam
1795 5048 1824 5097 ιι

71 5129 152 5198 Quod
179 5133 276 5188 Petrus
303 5137 329 5187 et
364 5131 466 5187 Paulus
504 5131 595 5187 eodem
631 5144 744 5214 prorsus
772 5130 826 5196 die,
870 5142 924 5184 nou
978 5129 1032 5186 hoc
1056 5128 1151 5199 ipsum
1184 5128 1263 5199 quod
1292 5128 1441 5200 Scriptura
1468 5129 1547 5193 dicit,
1589 5131 1688 5186 Saulus
1716 5131 1767 5197 qui
1797 5133 1824 5185 et

161 5203 282 5258 ttv⁰1¹¹i⁰
296 5206 362 5258 “⁷¹²²‘'
377 5208 505 5273 tempore,
518 5203 597 5275 possi
611 5207 676 5271 imi,
694 5206 719 5257 ti
733 5207 836 5257 timim·
978 5218 1080 5275 Pontus
1099 5217 1173 5290 (Act.
1190 5230 1253 5284 ιιιι,
1274 5219 1312 5288 9),
1338 5217 1483 5274 evidenter
1507 5217 1591 5275 Pauli
1614 5232 1719 5278 nomeu
1743 5226 1824 5277 vete-

110 5311 156 5365 Ec
182 5311 365 5367 ecclesiastico
391 5313 508 5368 historio
532 5310 579 5366 tib.
612 5310 650 5380 li,
681 5325 741 5380 cop.
775 5308 863 5377 XXV,
889 5324 924 5364 ec
977 5307 1019 5364 ris
1041 5304 1241 5378 appellationis
1266 5305 1353 5362 inisse
1396 5305 1536 5378 designat.
1574 5305 1759 5380 Hieronymus
1788 5307 1825 5364 od

109 5484 168 5558 (ιι)
183 5486 299 5557 Αιιιιι,
315 5496 397 5561 poete
406 5486 599 5560 Christianus,
616 5486 669 5562 qui
682 5483 808 5545 historia
822 5483 985 5558 apostolice
998 5483 1088 5542 libros
1097 5485 1170 5542 duos
1179 5482 1284 5542 saecuto
1298 5490 1378 5541 serto
1388 5481 1569 5557 conscripsit.
