3804 5962
541 191 741 253 mediocri
760 189 980 250 cultissimis.
998 221 1033 234 -·
1047 192 1111 250 bili.
1133 192 1155 248 1.
1655 198 1724 255 itae

79 314 167 387 [θεὸς]
186 314 293 384 Gracc,
314 312 343 371 id
361 321 403 372 est
417 313 503 382 Deus,
528 320 597 372 teste
616 313 725 370 Isidoro
741 314 860 370 timorit
876 335 890 364 ιι
906 314 972 370 ideo
986 326 1045 370 vox
1068 312 1174 385 inquit,
1198 311 1339 386 propbeta
1353 319 1474 371 vocatus
1492 320 1545 383 est,
1561 315 1633 388 quia
1648 315 1724 376 Ver-

79 412 191 473 retatur,
213 411 240 461 ει
264 410 387 475 potestas
405 402 540 476 quaelibet
570 403 655 461 timor
677 410 719 460 est
744 402 818 460 sub·
878 403 946 460 bum
960 402 1123 472 praeibat;›
1150 402 1228 474 quod
1247 408 1289 460 εει
1311 401 1424 460 dicere:
1440 401 1520 462 Sicut
1534 405 1659 463 verbnm
1673 420 1723 465 au·

79 508 125 551 rm,
875 489 963 548 dibile
984 491 1014 548 in
1034 491 1164 549 auditore
1187 490 1321 563 precedit
1341 490 1528 564 intelligibile,
1549 493 1620 565 qula
1642 494 1722 554 vide·

312 562 427 620 CAPUT
443 562 492 620 IV·
876 580 942 636 licet
964 579 1046 652 prius
1068 594 1126 637 vox
1148 587 1242 648 sonat,
1266 587 1298 636 ut
1323 579 1506 649 postmodum
1525 594 1563 638 ex
1583 595 1617 639 ea
1640 582 1723 643 intel·

79 686 141 730 arm
155 670 219 728 ideo
243 669 390 741 Sapientia
404 678 534 738 vocatur,
553 668 690 727 translato
714 668 820 727 scilicet
876 669 966 726 lectus
987 668 1176 740 concipiatur,
1203 668 1243 726 ita
1264 667 1383 725 ioannis
1406 667 1574 741 pradicatio
1595 672 1724 732 anteibat

79 769 138 819 actu
158 761 195 817 ad
214 773 334 817 causam
357 759 509 826 vocabulo,
533 758 611 831 quod
635 758 761 815 maxime
783 771 821 816 ex
876 758 1033 816 adventum
1048 758 1161 815 Domini
1178 756 1390 814 annuntiando.

96 850 330 920 uniuscujusque
354 845 542 919 intelligentia
566 846 658 919 ipsius
684 854 712 904 et
736 845 821 918 cuius
912 846 1037 904 Verbum
1055 845 1153 917 itaque
1178 845 1246 902 dicit
1263 852 1434 917 conceptum
1449 846 1562 915 mentis,
1579 852 1606 904 et
1622 859 1724 919 quam·

79 953 101 996 ε
117 938 153 996 sit
172 937 382 995 manifestatur.
407 935 488 994 Unde
507 936 703 1014 scriptumest
721 934 752 993 in
770 936 822 993 Ec·
876 934 942 991 darn
959 933 1155 1006 intelligentiae
1171 933 1356 1003 locutionem,
1373 949 1438 1006 quae
1459 935 1488 993 in
1505 942 1601 994 mente
1615 936 1725 995 torma-

79 1028 148 1085 tice:
174 1028 210 1081 In
231 1027 328 1093 lingua
350 1027 422 1080 caim
445 1027 602 1093 agnoscitur
622 1027 771 1096 sapientia,
796 1029 821 1080 et
877 1031 935 1092 tur,
952 1023 988 1080 ad
1006 1026 1092 1095 culus
1107 1022 1325 1080 similitudinem
1346 1023 1517 1096 Unigenitus
1531 1025 1582 1082 Dei
1597 1023 1724 1086 Verbum

95 1122 121 1171 et
145 1115 272 1170 doctrino
292 1116 323 1168 io
345 1113 424 1169 acrba
447 1115 551 1169 sensati
572 1114 671 1185 (docti.
699 1127 739 1177 rr,
762 1112 819 1184 29).
877 1113 993 1181 dicitur,
1008 1113 1041 1182 ζει
1056 1111 1142 1184 qnasi
1157 1112 1291 1183 quadam
1316 1112 1380 1183 ejus
1395 1111 1596 1172 intellectualis
1611 1129 1645 1172 ac
1660 1130 1723 1188 per·

81 1205 150 1263 tiam
167 1218 217 1275 per
239 1203 420 1272 semetipsam
443 1202 565 1270 Veritas,
589 1202 820 1271 exabundantia,
878 1209 965 1272 petua
992 1200 1109 1269 locutio,
1142 1200 1173 1257 in
1200 1201 1285 1272 cujus
1315 1199 1497 1272 providentia
1526 1202 1658 1262 omnium
1686 1205 1723 1263 ab

79 1292 187 1357 ,medis
211 1307 240 1347 os
256 1292 377 1361 loquitar
397 1291 487 1362 (matt.
508 1304 560 1359 ιιι,
583 1290 639 1362 it).
662 1291 742 1348 Sicut
764 1290 822 1362 igi·
876 1298 982 1348 aeterno
1008 1289 1128 1362 praelixa
1151 1289 1281 1346 consistit
1304 1289 1430 1360 operatio
1456 1297 1543 1361 atque
1569 1292 1722 1352 ordinatio.

79 1381 178 1439 aionem
201 1380 347 1441 mentiset
370 1379 520 1436 oculorum
535 1378 670 1445 dicimus,
687 1378 727 1434 ita
743 1378 820 1435 locu·
877 1381 956 1437 lianc
979 1387 1077 1437 autem
1104 1378 1325 1436 intellectualem
1349 1379 1398 1436 liei
1418 1379 1604 1450 locutionem,
1631 1381 1725 1440 idest

79 1494 82 1526 i
104 1483 156 1526 seu
177 1468 300 1524 verbum
325 1467 418 1524 cordis
448 1466 663 1534 Quodammodo
685 1467 819 1536 dicimus,
878 1480 1015 1527 aeternam
1031 1467 1181 1539 Sapientiae
1195 1466 1406 1525 ordinationem
1422 1469 1613 1540 Augustinus,
1626 1473 1666 1526 Ιιε
1683 1472 1725 1528 oi·

79 1567 101 1616 at
124 1558 191 1626 oris,
215 1557 302 1628 juxta
325 1556 397 1613 illud
421 1556 578 1613 Psalmistae
602 1571 609 1612 :
637 1557 672 1611 la
694 1556 774 1612 cade
795 1559 821 1612 ει
836 1571 860 1630 g
878 1560 964 1613 aitate
985 1558 1036 1612 Dei
1055 1555 1105 1613 lib.
1129 1567 1213 1623 xxva,
1237 1568 1300 1627 cap.
1316 1557 1343 1624 6,
1363 1555 1580 1614 describensta
1605 1558 1665 1628 liei,
1681 1561 1725 1618 in·

79 1648 159 1703 boati
172 1650 235 1701 sant
255 1646 339 1717 (Psoi.
357 1659 398 1713 xa,
418 1644 457 1716 3),
481 1653 508 1702 ει
525 1644 594 1701 illud
621 1643 687 1703 libri
700 1644 821 1716 sapien·
876 1645 950 1720 quit,
966 1643 1156 1702 antefactum
1180 1658 1266 1702 suum
1286 1643 1393 1702 locutio
1417 1643 1509 1716 ipsius
1524 1646 1569 1704 aui
1589 1645 1659 1706 iacti
1680 1658 1723 1708 εει

79 1737 206 1792 bucam
233 1735 313 1805 impii
342 1734 417 1803 opud
439 1747 467 1788 εε
495 1734 643 1802 conitentes
673 1750 728 1789 aon
750 1737 822 1789 recte
876 1732 1121 1792 incommutabilis
1144 1731 1228 1801 ratio,
1253 1747 1319 1805 quae
1338 1747 1396 1790 non
1422 1732 1509 1792 babet
1523 1747 1628 1792 sonum
1652 1742 1722 1795 stre·

79 1841 103 1894 r,
130 1826 166 1896 ι),
192 1824 278 1895 quale
298 1830 325 1879 ει
347 1822 418 1879 illud
442 1824 529 1879 estin
551 1822 727 1895 Evangelio:
743 1824 822 1878 biac-
874 1831 989 1895 pentem
1020 1831 1107 1894 atque
1138 1828 1346 1890 transeuntem,
1382 1822 1430 1879 sed
1465 1823 1526 1880 vim
1551 1823 1724 1896 sempiterne

79 1919 192 1970 rtrose:
212 1915 263 1968 Hic
278 1911 447 1982 otospiamat
469 1912 577 1983 (matti.
604 1926 642 1968 rx.
658 1910 697 1982 3),
712 1910 822 1969 beccst
876 1919 1040 1969 manentem
1067 1918 1095 1968 et
1118 1911 1313 1981 temporaliter
1336 1917 1512 1982 operantem.
1547 1933 1559 1963 ι
1589 1913 1668 1972 Idem
1691 1913 1722 1973 in

79 2010 187 2060 rerunt.
205 2002 241 2057 Et
259 2001 388 2059 Veritas:
409 2002 471 2058 lloo
485 2000 657 2070 qaodmtrot
671 2000 702 2054 in
716 2015 757 2065 os,
773 1999 822 2054 in·
875 2001 925 2058 lib.
967 2006 1067 2058 contra
1105 2014 1125 2057 a
1164 1999 1285 2057 baereses
1319 1999 1358 2072 (7)
1384 2014 1391 2056 :
1427 2001 1460 2056 la
1487 2002 1626 2073 principio
1664 2008 1724 2061 erat

79 2093 227 2161 eoiaqaiaoa
248 2089 391 2155 bominem,
414 2088 463 2143 sed
484 2088 558 2158 quod
576 2088 699 2160 procedit
721 2104 755 2143 ec
778 2102 823 2143 ore
878 2089 1005 2167 Verbum.
1027 2087 1130 2146 blelius
1148 2086 1244 2146 Graece
1264 2087 1343 2161 lagos
1373 2086 1476 2164 [Λόγος]
1505 2089 1617 2160 dicunt,
1643 2090 1723 2164 logos

84 2192 134 2243 xv,
157 2181 211 2245 li).
234 2177 270 2234 Et
286 2186 347 2248 post
364 2190 467 2247 pauca,
494 2192 553 2247 poa
568 2182 658 2232 actem
669 2175 822 2248 procedant
876 2178 985 2250 quippo
1005 2176 1129 2235 verbum
1152 2175 1299 2248 significat
1327 2183 1354 2235 et
1375 2176 1527 2236 rationem.
1556 2200 1567 2230 ι
1596 2180 1635 2237 lie
1663 2194 1725 2252 que

79 2311 82 2333 ,
99 2267 133 2323 de
144 2283 200 2335 ore,
222 2266 255 2320 de
269 2266 348 2327 carde
366 2270 476 2333 accunt,
493 2270 518 2320 et
532 2265 582 2322 lloc
600 2267 759 2335 coinquinat
775 2266 822 2321 ba·
875 2267 963 2324 etiam
978 2265 1075 2325 Verbo
1095 2264 1124 2321 in
1140 2279 1200 2333 ιιιι,
1216 2264 1251 2320 de
1265 2263 1406 2321 Trinliale
1425 2264 1467 2322 ait
1483 2266 1660 2324 :avernum
1680 2266 1723 2326 id-

79 2358 138 2413 .ne
161 2355 239 2412 carde
253 2357 324 2410 caim
348 2359 445 2410 accurat
459 2353 637 2422 cogitatianes
656 2356 745 2422 malac,
766 2361 821 2412 etc.
876 2356 951 2414 circa
970 2353 1075 2412 Filium
1099 2352 1291 2425 nuncupavit,
1309 2360 1341 2410 ut
1355 2353 1514 2412 ostenderet
1531 2353 1567 2412 de
1589 2369 1619 2413 se
1640 2355 1724 2415 illum

79 2459 159 2514 xum,
185 2445 242 2515 ιιι).
264 2444 351 2501 Juxta
373 2444 448 2500 bano
471 2443 562 2514 igitur
584 2442 823 2501 consuetudinem
875 2443 1026 2502 exstitisse.
1056 2441 1166 2510 »Quod
1185 2449 1283 2499 autem
1305 2441 1435 2501 Verbum
1451 2441 1499 2500 lici
1514 2441 1578 2515 ipsa
1591 2442 1656 2516 ejus
1677 2456 1722 2502 sa·

79 2548 145 2601 urae,
160 2533 333 2591 locutionem
356 2532 460 2596 cordis,
488 2531 581 2588 idest
605 2531 697 2602 ipsam
716 2531 823 2604 cogita·
876 2533 984 2605 pientia
1008 2530 1047 2588 sit
1069 2529 1300 2602 intelligendum,
1326 2537 1423 2601 aperte
1456 2530 1487 2588 in
1524 2530 1723 2592 Ecclesiastico

79 2640 96 2693 ι,
111 2637 162 2680 eeu
178 2621 399 2693 intelligentiam
412 2620 501 2678 animi
516 2622 640 2678 verbum
655 2622 759 2678 mentis
770 2622 824 2678 boc
877 2623 1056 2679 monstratur
1075 2618 1120 2676 bis
1136 2619 1251 2676 uerbis:
1280 2619 1374 2678 Omnis
1402 2620 1542 2690 sapientia
1566 2636 1584 2675 a
1609 2623 1723 2679 Domino

79 2714 191 2772 icimus.
207 2714 240 2768 ln
261 2713 320 2769 Deo
343 2720 440 2768 autem
461 2711 523 2781 ipsa
536 2712 600 2783 ejus
618 2710 753 2783 cogitatio
772 2725 824 2768 seu
877 2713 929 2766 Deo
949 2714 1000 2777 εει,
1023 2714 1049 2764 ει
1073 2723 1134 2764 cum
1157 2707 1205 2763 illa
1223 2707 1280 2775 tait
1293 2722 1408 2779 semper,
1431 2711 1457 2762 et
1475 2713 1515 2764 est
1537 2712 1602 2764 ante
1625 2725 1721 2768 caum

79 2804 167 2875 gentle
181 2802 235 2859 boc
257 2800 352 2871 ipsum
371 2799 477 2856 dicitur
496 2799 665 2870 quadratio
687 2799 750 2870 ejus
772 2811 824 2854 seu
840 2840 861 2897 c
879 2799 1047 2869 Sapientiam
1067 2795 1263 2868 precedentem
1294 2796 1386 2851 amaia
1416 2798 1480 2866 qais
1516 2799 1722 2868 investigavit?

79 2892 134 2960 itia,
156 2898 285 2963 quaeest
308 2888 437 2946 Verbum
459 2888 561 2956 Patris,
589 2888 642 2945 boc
664 2895 706 2944 est
734 2886 823 2944 iilius
877 2889 955 2944 Prior
975 2889 1096 2943 omnium
1114 2889 1206 2942 crecta
1227 2889 1268 2941 εει
1288 2887 1435 2956 sapientia,
1458 2889 1484 2941 ει
1502 2887 1654 2944 intellectus
1677 2904 1723 2945 sa·

79 2980 144 3037 lude
165 2978 324 3050 etgiloyses,
341 2984 477 3047 utsupra
492 2978 687 3042 meminimus,
711 2989 778 3033 cum
793 2976 823 3032 in
873 2980 986 3049 pientia
1000 2977 1034 3034 ab
1059 2992 1124 3033 aeao.
1140 2977 1209 3032 Fons
1228 2976 1371 3045 sapientie
1393 2975 1510 3032 Verbum
1525 2979 1574 3032 Dei
1588 2979 1617 3033 in
1632 2978 1724 3034 cacel-

78 3069 213 3126 isrerum
228 3066 422 3124 creationibus
436 3065 572 3122 iaciendis
586 3065 732 3136 praemittit
747 3066 825 3121 liiait
877 3068 926 3135 sis,
942 3073 996 3123 etc.
1025 3064 1126 3138 (acolt.
1151 3081 1171 3133 1,
1202 3063 1238 3136 l.)
1265 3063 1307 3121 Ne
1334 3063 1448 3121 mireris
1472 3065 1506 3131 si,
1530 3067 1564 3122 ut
1586 3065 1722 3131 dixerim,

80 3157 147 3215 deo.
163 3154 318 3227 r,7),‚etad
332 3155 441 3211 dictum
457 3153 554 3209 statim
569 3151 702 3209 ellectum
716 3152 824 3224 adjun-
877 3156 936 3226 ipse
972 3168 1091 3227 quoque
1121 3159 1277 3223 conceptus
1309 3152 1413 3209 mentis
1447 3153 1572 3212 verbnm
1599 3155 1723 3226 dicatur,

80 3260 142 3313 ens,
164 3249 190 3300 ει
207 3246 368 3314 factumest
392 3244 433 3298 ito
447 3241 541 3313 (idid,
557 3242 596 3312 7),
613 3249 719 3299 cuncta
732 3243 824 3298 licum
879 3242 1017 3301 translato
1037 3243 1071 3300 de
1099 3241 1203 3300 ellectu
1232 3240 1268 3297 ad
1293 3254 1411 3298 causam
1438 3242 1589 3311 vacabulo,
1616 3258 1684 3303 cnm
1707 3259 1724 3303 e

79 3336 137 3392 isse
151 3334 182 3390 in
197 3333 302 3400 Verbo,
329 3332 383 3390 boc
398 3331 485 3388 estin
503 3331 644 3402 sapientia
662 3344 715 3387 sua
733 3339 825 3388 osten·
878 3345 1015 3390 converso
1029 3331 1065 3388 de
1080 3345 1168 3388 causa
1192 3329 1227 3386 ad
1242 3328 1375 3388 ellectum
1395 3329 1478 3388 lactis
1494 3330 1638 3404 plerisque
1659 3340 1724 3391 uta·

99 3421 226 3481 eatnibil
246 3421 342 3479 subito
365 3428 481 3487 temere,
505 3418 555 3475 sed
577 3418 675 3475 omnia
700 3418 825 3475 rationa-
879 3435 946 3479 mur
968 3419 1216 3478 translationibus.
1244 3419 1325 3477 Unde
1350 3426 1377 3476 et
1411 3419 1506 3491 ipsum
1535 3420 1725 3494 eleemosyna

88 3511 217 3583 provide.
239 3512 279 3567 lie
298 3524 356 3582 quo
378 3517 405 3565 ει
421 3507 489 3566 alibi
504 3506 725 3564 Psalmistaait:
749 3510 824 3563 llicit
879 3508 1060 3578 beneficium,
1084 3523 1141 3580 quo
1162 3509 1293 3580 impenso
1319 3507 1446 3565 maxime
1477 3509 1605 3567 ebaritas
1629 3510 1727 3570 dantis

79 3605 105 3656 to
127 3605 191 3655 aaut
206 3599 291 3672 (Psoi.
312 3613 406 3666 xxxrr,
424 3598 461 3667 9,)
481 3596 510 3653 id
528 3603 570 3653 εει
585 3595 694 3652 ratione
714 3602 742 3651 et
762 3609 825 3666 pro·
880 3596 1042 3665 innotescit,
1069 3596 1237 3654 charitatem
1257 3609 1472 3668 nonnunquam
1491 3598 1678 3670 appellamus,
1698 3606 1725 3659 et

79 3689 104 3746 ia
125 3697 271 3760 praeeunte
296 3694 403 3744 cuncta
430 3685 558 3743 condidrt
580 3687 642 3742 sive
663 3684 820 3742 ordinavit.
880 3686 972 3758 ipsam
987 3684 1151 3757 poenitentis
1174 3682 1399 3741 satisfactionem
1418 3686 1536 3742 nomine
1550 3688 1726 3759 penitentiae

80 3776 137 3833 iam
160 3777 215 3833 boc
236 3776 360 3834 verbum
385 3774 454 3832 alibi
477 3773 605 3846 apertius
625 3773 825 3831 demonstrans
878 3775 1076 3846 designamus,
1097 3788 1165 3831 cum
1189 3781 1265 3830 recte
1283 3773 1413 3829 ebaritas
1439 3789 1498 3831 non
1519 3774 1644 3846 dicatur,
1668 3777 1727 3836 nisi

79 3879 113 3922 ee
140 3865 262 3922 verbum
283 3864 409 3922 audibile
428 3871 456 3921 et
478 3863 690 3930 transitorium,
715 3861 764 3918 sed
780 3862 824 3918 in·
879 3864 1008 3934 dilectio;
1046 3876 1100 3919 uec
1135 3861 1310 3934 poenitentis,
1346 3860 1401 3917 nisi
1435 3861 1527 3919 animi
1563 3863 1654 3933 dolor,
1687 3864 1726 3922 li·

79 3953 130 4011 iiio
158 3967 192 4010 ac
207 3968 379 4024 permanens
400 3953 463 4011 ait:
495 3951 626 4019 Quisccit
640 3952 716 4007 02108
732 3953 825 4006 inin·
879 3962 923 4012 cet
946 3956 1033 4014 etiam
1058 3953 1155 4025 ipsum
1178 3958 1284 4007 nostrae
1312 3950 1416 4006 mentis
1440 3957 1611 4022 conceptum
1635 3951 1727 4025 ipsius

79 4043 186 4112 all’sal.
211 4057 317 4111 cxxxv,
345 4043 383 4115 5),
406 4042 460 4099 11⁰⁰
480 4049 522 4098 est
545 4041 718 4098 admodum
741 4039 824 4097 illum
879 4047 1022 4106 sermonis
1044 4053 1107 4104 tam
1130 4041 1265 4100 ellectum
1294 4056 1384 4113 quam
1406 4056 1526 4100 causam
1554 4057 1670 4115 pinere,
1695 4043 1727 4103 in

79 4146 106 4190 is
120 4131 249 4203 primum
264 4131 449 4189 ordinaverat
461 4131 490 4187 in
505 4129 594 4188 ierb⁰
612 4130 725 4198 mentis,
739 4128 769 4185 id
783 4135 825 4186 etl
880 4137 1043 4207 proterente
1070 4131 1188 4206 quidem
1215 4143 1343 4198 causam,
1372 4128 1402 4186 in
1424 4130 1560 4189 audiente
1581 4130 1725 4204 ellectum,

79 4228 169 4292 ‚captu
183 4235 243 4278 suae
266 4227 410 4291 perpetua
425 4219 523 4277 omnia
546 4219 723 4290 providentis
745 4218 827 4275 intel·
881 4223 951 4295 quia
962 4231 990 4281 ει
1008 4236 1102 4280 εειιιιο
1119 4220 1178 4291 ipse
1193 4217 1339 4290 loquentis
1360 4217 1397 4274 ab
1412 4218 1476 4290 ejns
1491 4218 1637 4278 intellectu
1656 4233 1727 4293 pra·

79 4323 122 4380 u3
139 4309 173 4366 de
188 4324 247 4380 quo
260 4309 377 4381 quidem
393 4309 492 4378 verbo,
511 4308 619 4364 scilieet
640 4306 825 4379 intelligibili,
881 4312 1012 4370 liciscens
1027 4316 1191 4383 generatur,
1211 4313 1244 4364 nt
1257 4305 1392 4363 eumdem
1416 4319 1520 4365 rursus
1542 4306 1573 4364 in
1596 4309 1728 4367 auditore

79 4415 82 4452 ι
101 4397 257 4470 Gregorius
284 4398 313 4453 in
340 4397 458 4454 bomilia
486 4395 713 4468 Evangeliorum
736 4400 763 4462 7,
787 4396 827 4452 ita
881 4407 997 4473 generet
1013 4397 1201 4455 intellectum.
1225 4395 1279 4452 Pro
1293 4394 1348 4452 bac
1363 4395 1461 4466 iraque
1474 4396 1603 4453 maxima
1615 4411 1727 4456 mamo-

79 4501 123 4557 ur,
137 4487 321 4560 distinguens
334 4486 442 4543 scilicet
459 4486 554 4556 ipsum
572 4484 741 4558 intelligible
761 4498 827 4542 ver·
880 4501 953 4546 num
972 4495 1001 4545 et
1019 4486 1217 4544 intellectuum
1236 4482 1406 4555 cognatione
1431 4497 1490 4540 non
1511 4483 1676 4543 indecenter
1697 4485 1728 4544 in

79 4576 191 4635 averbo
224 4575 356 4642 audibili,
377 4574 455 4647 quod
470 4582 512 4631 est
538 4588 596 4631 vox
621 4574 671 4645 (6),
707 4594 718 4624 ι
745 4573 828 4630 Scitis
881 4591 982 4635 eorum
1007 4573 1174 4632 nominibus
1197 4579 1315 4630 mutuas
1337 4570 1399 4628 lieri
1423 4571 1488 4629 licet
1508 4573 1726 4633 translationes:

79 4704 86 4728 ,
119 4663 193 4736 quia
216 4663 390 4736 [inigenitus
422 4663 545 4720 verbum
577 4661 670 4719 Patris
694 4669 825 4730 vocatur,
882 4666 960 4738 quod
986 4664 1017 4722 in
1039 4664 1127 4722 rebus
1150 4676 1267 4734 quoque
1288 4668 1317 4718 et
1344 4659 1514 4719 nominibus
1534 4670 1649 4735 propter
1675 4663 1727 4722 ad·

79 4766 90 4811 a
112 4758 275 4821 attestante,
299 4752 351 4825 qui
375 4753 433 4809 ait:
458 4754 492 4808 lo
512 4754 651 4823 principia
674 4755 734 4806 erat
760 4751 827 4808 Ver·
879 4752 1059 4825 junctionem
1071 4750 1294 4824 significationis
1308 4750 1474 4822 [requenter
1494 4751 1645 4825 contingit.
1662 4752 1729 4811 liaeo

79 4840 163 4912 [Joaa.
187 4855 207 4906 r,
235 4844 273 4911 ι).
298 4841 335 4898 iia
355 4841 416 4911 ipsa
440 4847 535 4897 vestra
556 4840 700 4898 locutione
719 4852 829 4910 cogno-
882 4844 918 4901 de
945 4842 1130 4900 translatione
1166 4840 1256 4911 hujus
1279 4838 1406 4896 nominis
1438 4839 1555 4896 Votum
1585 4839 1640 4899 boc
1666 4841 1729 4902 loco

79 4928 146 5000 guia
170 4928 252 4999 prius
266 4943 325 4985 V01
340 4937 432 4995 sonat,
455 4936 488 4986 11¹
502 4929 626 4987 lesbum
646 4926 830 4999 postmodum
883 4931 959 4989 lacta
971 4939 999 4989 et
1012 4929 1222 5003 significatione
1231 4928 1295 4999 ejus
1313 4927 1392 4985 dicta
1403 4941 1483 4986 nunc
1497 4929 1656 4988 sullicinm.

90 5017 199 5085 audiri,
223 5018 347 5075 loannes
373 5031 442 5074 vero
465 5032 565 5075 vocem
588 5031 697 5074 ecesse
717 5015 829 5083 asserit,
917 5020 1010 5078 Filius
1029 5027 1128 5076 autent
1147 5018 1198 5075 liei
1222 5017 1316 5074 Patris
1329 5017 1384 5074 boc
1409 5017 1504 5089 ipsum
1518 5019 1659 5088 Verbum,
1675 5020 1731 5080 bec

79 5104 197 5167 lerbum
218 5105 364 5178 praecedit.
390 5126 405 5156 a
426 5105 503 5162 ldem
526 5106 556 5162 in
581 5103 704 5162 llomilia
721 5105 767 5171 23,
790 5102 830 5160 lie
884 5117 927 5167 est
947 5109 1008 5181 ipsa
1026 5108 1090 5179 ejus
1112 5113 1254 5163 coaeterna
1268 5104 1414 5177 Sapientia
1428 5105 1547 5176 dicitur,
1569 5107 1731 5167 secundum

79 5193 273 5266 eBaptista:
302 5196 360 5262 Epo
389 5209 444 5250 aaa
477 5195 621 5250 clamantis
653 5195 685 5248 ia
712 5191 828 5249 deceta.
885 5196 968 5255 illum
984 5194 1178 5269 generationis
1192 5194 1321 5262 modum,
1343 5207 1402 5266 quo
1417 5193 1516 5252 divina
1530 5195 1672 5268 sapientia
1692 5211 1731 5256 ex

80 5390 110 5450 S.
125 5388 213 5518 (ὶιεῖ.
231 5386 354 5472 bonust,
369 5401 451 5472 num.
466 5390 520 5470 ι..
598 5457 604 5470 ι
651 5456 658 5470 .
691 5455 698 5470 ⁹
732 5457 738 5472 Ι
887 5386 986 5472 pteris,
1000 5400 1060 5447 non
1074 5392 1117 5445 est
1142 5392 1239 5444 tamen
1259 5384 1288 5444 S.
1310 5384 1478 5472 Augustini,
1491 5386 1615 5462 relectus
1634 5386 1665 5449 in
1680 5399 1730 5464 ap-

84 5462 156 5536 iiap.
197 5498 206 5518 .
238 5489 274 5503 -
295 5459 349 5518 iiic
366 5459 447 5527 lrber,
469 5465 522 5516 etsi
545 5466 740 5534 antiquissimi
760 5457 832 5521 acri·
886 5459 1037 5535 pendrcan
1051 5465 1120 5519 tom.
1135 5458 1195 5518 illl
1208 5471 1293 5519 noae
1303 5457 1445 5520 edrtronrs.

158 5560 299 5630 Parnon.
324 5556 512 5629 dlxxviii.
1510 5562 1556 5652 βο,
