3736 5962
81 112 133 168 titt

545 110 646 168 PETRI
664 112 850 170 acatium
869 115 945 171 OPP.
966 112 1054 173 PARS
1073 115 1095 171 1.
1115 144 1150 157 -
1168 114 1354 174 EPISTOLAE.

1786 130 1835 181 tto

77 235 206 304 haberet,
227 234 329 292 litteris
350 240 507 306 antequam
527 236 617 294 armis
630 236 735 294 instrui
757 237 928 309 disponeret.
944 241 969 297 A
984 240 1021 297 ad
1041 240 1226 300 cuillelmum
1252 242 1359 300 scilicet
1381 242 1607 315 campellensem
1631 257 1835 323 praeceptorem

78 328 182 399 Sisque
204 327 329 397 prolecto
343 335 440 384 actum
455 335 504 384 cst.
526 329 569 384 bie
586 328 684 399 itaque
705 329 928 401 primogenitum

77 418 235 488 (cursuum
259 419 368 487 quanto
391 416 549 472 chariorem
568 417 697 479 habebat,
715 425 795 473 tanto
809 418 928 491 diligen·

79 505 256 562 tiuserudiri
270 505 392 562 curavit.
405 506 465 577 Ego
478 520 546 562 vero
561 514 671 577 quanto
681 506 805 577 amplius
816 516 844 565 ιι
859 507 927 564 laci·

77 595 136 653 lius
151 594 180 650 in
201 594 295 651 studio
317 593 478 651 litterarum
496 594 610 664 proieci,
635 601 714 651 tanto
730 596 879 654 ardentius
898 598 928 654 in

78 684 119 742 eis
133 683 246 751 inhaesi,
261 690 288 740 et
303 683 333 739 in
348 691 427 740 tanto
441 696 542 740 earum
557 697 655 740 amore
675 684 788 742 illectus
803 700 879 752 sum,
896 695 928 745 ιιι

78 773 212 831 militaris
227 772 323 845 gloriae
349 786 485 843 pompam
508 786 575 829 curn
591 773 757 829 haereditate
771 783 799 831 et
818 789 928 846 puero·

78 863 176 936 gatita
200 861 456 933 primogenitorum
480 875 612 918 meorum
636 861 776 919 iratribus
801 863 926 922 derelin-

80 967 185 1027 quens,
200 949 299 1008 Martis
313 951 400 1006 carim
424 950 539 1020 penitus
557 951 719 1007 abdicarem
740 961 773 1008 ut
794 953 928 1011 alinerra

983 345 1081 386 arreum
1110 332 1139 387 in
1166 333 1219 388 hoc
1248 340 1317 389 tunc
1344 335 1509 404 magisterio
1533 350 1564 393 re
1587 344 1615 394 et
1636 339 1713 396 lama
1736 341 1834 411 praci-

983 434 1097 491 puum:
1120 435 1187 478 cum
1209 438 1268 494 quo
1291 422 1507 495 aliquantulum
1535 436 1663 485 moratus
1687 431 1780 500 primo
1807 432 1833 488 ei

983 516 1125 580 acceptus,
1143 511 1326 580 postmodum
1339 514 1528 583 gravissimus
1549 517 1657 585 exstiti,
1680 534 1747 576 cum
1763 536 1833 579 nou·

983 598 1080 654 nullas
1103 599 1210 656 scilicet
1230 600 1294 671 ejus
1317 603 1474 658 sententias
1499 605 1628 662 reieilera
1648 621 1780 677 conarer,
1805 618 1833 668 et

982 686 1148 744 ratiocinari
1170 693 1271 745 contra
1295 704 1362 747 eum
1387 690 1494 762 sapius
1516 693 1699 765 aggrederer,
1716 704 1744 753 et
1759 712 1834 755 non·

983 789 1136 847 nunquam
1162 777 1343 847 superioria
1371 779 1548 850 disputando
1584 783 1711 841 viderer.
1752 785 1834 852 Quod

983 864 1145 936 quidemst
1165 866 1227 935 ipsi,
1246 866 1297 938 qui
1317 867 1392 924 inter
1410 870 1609 928 conscholares
1629 882 1742 931 nostros
1756 890 1835 945 prte-

984 953 1060 1023 cipui
1085 954 1274 1023 habebantur,
1305 960 1385 1013 tanto
1413 959 1517 1029 majori
1544 960 1726 1019 sustinebant
1755 963 1835 1020 indi·

80 1041 190 1115 gremio
199 1040 348 1097 educarer.
365 1040 401 1094 Ει
417 1040 555 1110 quoniam
575 1039 629 1110 (ts)
650 1039 864 1100 dialecticarum
880 1059 928 1101 ra·
982 1044 1128 1116 gratiane,
1157 1054 1266 1116 quanto
1295 1047 1433 1116 posterior
1448 1048 1576 1104 habebar
1591 1051 1683 1107 aetatis
1700 1060 1728 1108 et
1744 1053 1832 1109 studii

79 1133 192 1189 tionum
214 1136 393 1185 armaturam
418 1129 553 1185 omnibus
574 1128 929 1200 pbilosophieedocumen-
981 1139 1116 1202 tempore.
1151 1133 1224 1189 ilinc
1251 1133 1448 1192 calamitatum
1477 1151 1618 1206 mearum,
1649 1154 1716 1211 quae
1752 1155 1832 1198 nunc

80 1219 119 1274 tis
139 1214 264 1288 praetuli,
287 1216 329 1271 his
355 1216 443 1272 armis
469 1215 526 1271 alia
551 1217 738 1279 commutavi,
763 1226 791 1275 et
815 1223 929 1291 tropaeis
983 1235 1076 1292 usque
1098 1231 1291 1292 perseverant,
1314 1233 1464 1294 coeperunt
1483 1227 1612 1293 exordia,
1633 1236 1661 1285 et
1685 1242 1743 1300 quo
1766 1243 1832 1286 am·

81 1306 222 1364 bellorum
245 1303 395 1361 condictus
417 1302 529 1374 praetuli
550 1303 789 1374 disputationum.
807 1307 929 1367 Proinde
983 1310 1059 1382 plius
1082 1310 1158 1367 lama
1171 1311 1383 1369 extendebatur
1403 1322 1513 1382 nostra,
1534 1314 1628 1373 aliena
1648 1317 1679 1372 in
1698 1331 1743 1375 me
1767 1333 1831 1375 suc-

82 1394 211 1452 dirersas
238 1393 411 1463 disputando
437 1393 640 1463 perambulans
669 1397 841 1466 prouincias,
866 1399 930 1455 ubi·
983 1413 1067 1456 censa
1089 1406 1130 1455 est
1146 1399 1263 1455 invidia.
1287 1401 1406 1457 Facttrm
1425 1403 1542 1459 tandem
1556 1412 1598 1460 est
1621 1412 1765 1477 utsupra
1787 1407 1832 1463 ri·

82 1497 200 1553 cunque
236 1481 327 1553 huius
363 1481 433 1537 artis
470 1481 566 1553 rigere
601 1483 731 1541 studium
769 1487 927 1550 audieram,
985 1502 1031 1545 res
1059 1488 1152 1544 aetatis
1176 1502 1247 1544 meac
1275 1488 1311 1545 de
1339 1488 1454 1561 ingenio
1485 1505 1548 1548 meo
1583 1507 1771 1565 praesumens,
1799 1497 1835 1554 ad

82 1571 336 1644 Peripateticorum
371 1568 522 1627 emulator
553 1571 603 1643 [ot.
635 1573 810 1645 ambulator]
838 1575 932 1632 lactus
987 1577 1152 1635 scholarum
1185 1578 1313 1649 regimen
1345 1578 1576 1638 adolescentulus
1605 1584 1774 1654 aspirarem,
1808 1592 1837 1641 ot

86 1675 163 1719 suro.
969 1667 1093 1735 ‘locum
1119 1666 1148 1722 in
1177 1680 1236 1737 quo
1260 1666 1288 1722 id
1311 1680 1438 1739 agerem,
1454 1669 1646 1741 providerem,
1662 1671 1776 1743 insigne
1796 1673 1838 1727 ri-

120 1751 189 1807 crr.
210 1750 245 1804 ιι.
268 1751 504 1820 bepersecotione
529 1753 716 1821 meqistrisao'
731 1752 934 1810 caiiletmi.1te
988 1754 1087 1812 delicet
1109 1762 1179 1812 tuuc
1200 1757 1336 1826 temporis
1356 1757 1413 1829 (aa)
1441 1757 1607 1817 lleldunum
1631 1768 1759 1817 castrum
1783 1761 1833 1833 [oi.

82 1842 201 1897 rectione
222 1841 313 1908 ipsius
335 1839 411 1909 epod
435 1839 613 1904 dieiiduaum,
639 1841 714 1911 opud
732 1842 884 1900 corbolium
909 1850 934 1899 et
988 1844 1126 1901 bicliduni
1147 1845 1297 1916 castrum],
1314 1853 1341 1902 et
1357 1846 1452 1903 sedern
1478 1847 1600 1919 regiam.
1616 1847 1767 1907 Prusensit
1783 1851 1838 1907 hoc

84 1928 161 2002 opud
186 1930 317 1985 Parisios.
342 1931 380 1983 lie
403 1944 508 1984 recessa
530 1930 626 1999 ejusd
648 1934 801 1987 parisiensi
822 1935 935 1988 civitate
988 1933 1143 2004 praedictus
1170 1934 1308 2004 magister
1336 1949 1427 2001 meus,
1454 1942 1482 1992 et
1511 1949 1570 2007 quo
1600 1935 1717 2009 lougius
1740 1947 1834 2008 posset

84 2019 123 2076 oti
142 2017 327 2085 Melitianum,
348 2032 473 2088 repressat
493 2018 532 2072 ad
557 2025 672 2075 meatem
686 2022 716 2076 S.
745 2021 884 2090 ceuooesae
908 2026 934 2077 ct
987 2021 1099 2079 scholas
1119 2029 1233 2079 nostras
1252 2037 1270 2079 a
1290 2037 1321 2080 sa
1341 2036 1490 2081 removere
1510 2032 1640 2087 conatus,
1660 2025 1769 2096 quibos
1789 2040 1837 2098 po·

83 2109 343 2178 senatricibus-
367 2107 488 2163 Perveni
511 2108 626 2165 tandem
649 2109 784 2176 Parisios,
803 2111 852 2167 ubi
871 2111 932 2182 jam
987 2112 1043 2168 tuit
1064 2111 1156 2167 modis
1181 2110 1302 2169 latenter
1325 2112 1509 2170 machinatus
1529 2120 1581 2182 est,
1606 2121 1640 2170 ut
1663 2114 1835 2186 priusquam

84 2197 212 2259 maxime
246 2195 398 2271 disciplina
426 2195 488 2252 hmo
514 2196 616 2255 llorere
647 2206 845 2266 consueverat,
876 2199 932 2271 tu)
988 2199 1078 2257 asnis
1096 2199 1269 2270 recederem,
1284 2200 1397 2258 scholas
1418 2208 1532 2259 nostras
1554 2209 1583 2259 ιι
1598 2203 1747 2275 provisum
1760 2204 1835 2261 mihi

684 2353 842 2410 auquAE
857 2352 1085 2421 QUcllcliPle
1097 2350 1213 2410 NOPAE.

86 2482 180 2609 25gil)
201 2481 246 2537 Ide
263 2444 366 2549 sieque,
393 2486 446 2536 ιιι.
472 2479 558 2536 Hunc
583 2478 679 2537 iocum
704 2493 740 2534 ex
760 2493 828 2536 mss.
849 2480 932 2546 uili,
983 2474 1121 2545 exprimit
1143 2474 1245 2545 quales
1268 2472 1323 2532 illae
1345 2473 1463 2531 luerint.
1487 2475 1540 2533 Sed
1565 2475 1600 2534 de
1620 2476 1726 2535 haere
1745 2477 1836 2549 piuri-

141 2555 167 2619 5,
184 2552 252 2607 299³
272 2558 300 2607 ιι
322 2549 384 2606 cod.
407 2550 538 2607 Trecensi
562 2550 687 2607 restituit
708 2550 754 2606 ιιι
777 2550 812 2607 ιι.
836 2550 936 2608 Victor
985 2547 1040 2603 bus
1061 2553 1126 2602 ante
1147 2545 1301 2602 concilium
1321 2545 1535 2604 suessionense.
1559 2547 1645 2605 Nunc
1663 2556 1760 2607 autem
1783 2550 1836 2606 ad·

87 2623 194 2682 cousin
210 2622 287 2692 (Opp.
307 2620 460 2683 abelardi,
487 2621 576 2688 Paris,
603 2623 680 2688 iiiiii,
701 2622 742 2687 ιι,
759 2636 787 2692 p.
812 2622 850 2692 i).
873 2625 936 2677 aa·
990 2617 1057 2673 dam
1080 2630 1116 2673 ex
1136 2617 1288 2698 aventino,
1311 2617 1412 2687 quod:
1440 2640 1454 2666 e
1477 2619 1518 2675 Eo
1538 2619 1600 2691 ipso
1620 2618 1766 2677 llosceliao
1788 2634 1840 2677 au·

85 2703 133 2752 tea
147 2692 308 2765 legebatur.
322 2691 367 2747 Sic
381 2695 603 2762 primopenitam,
613 2700 665 2750 ιιι.
682 2693 761 2749 Eum.
779 2693 862 2750 Para.
990 2695 1077 2756 ctore,
1106 2688 1164 2743 duo
1183 2687 1429 2744 Aristotelicorum
1449 2696 1477 2745 ιι
1509 2689 1762 2760 Peripateticorum
1791 2705 1840 2761 pe·

125 2765 181 2837 (43)
212 2764 422 2821 Dialecticorum
449 2766 598 2833 ratianum,
632 2773 685 2821 etc.
715 2764 801 2820 Primi
831 2763 876 2820 sui
906 2763 935 2818 in
991 2771 1061 2815 nera
1084 2772 1144 2815 esse
1168 2766 1340 2828 coeperunt:
1366 2772 1459 2815 unum
1488 2759 1560 2817 illud
1587 2768 1679 2823 retus.
1707 2760 1839 2832 locuples

87 2836 238 2895 dialectica
267 2834 449 2905 praceptoris
481 2849 586 2890 nomen
618 2835 810 2905 praetermisit,
847 2847 935 2904 quem
952 2815 974 2871 C
991 2828 1021 2911 in
1047 2828 1135 2909 rebus
1157 2829 1352 2899 procreandis,
1376 2830 1454 2900 quod
1485 2829 1634 2888 scientiam
1656 2846 1754 2889 rerum
1783 2833 1838 2889 sibi

87 2917 185 2964 tamen
203 2906 276 2963 Otho
298 2905 489 2973 Prisingensis
511 2904 703 2970 Roscclinum,
731 2912 758 2960 et
777 2904 936 2960 niventibus
990 2899 1138 2966 vindicam
1171 2900 1360 2970 quamobrem
1395 2900 1495 2958 lleales
1523 2909 1681 2971 vocantnr3
1714 2903 1839 2961 alterum

87 2976 261 3036 ltucclinum
290 2976 444 3046 quemdam
462 2974 549 3031 luisse
568 2982 720 3030 testantur.
743 2973 863 3031 Othonis
874 2989 937 3031 rer·
991 2984 1111 3052 norum,
1140 2971 1217 3041 quod
1233 2984 1304 3052 earn·
1321 2971 1464 3039 distrahit,
1494 2971 1659 3030 Nominalas
1680 2973 1743 3032 ideo
1765 2987 1843 3032 uun·

88 3049 127 3106 ba
142 3048 184 3104 sic
197 3046 322 3103 habent:
346 3063 361 3097 o
386 3045 492 3101 liabuit
507 3054 602 3102 tamen
619 3048 711 3115 primo
732 3054 936 3115 praeceptorem
991 3049 1100 3112 cupatt,
1123 3041 1201 3112 quod
1225 3055 1305 3097 atari
1327 3055 1435 3109 rerum,
1453 3043 1566 3114 prodigi
1585 3045 1736 3101 nominum
1749 3053 1840 3116 atque

88 3118 256 3178 hezelinum
280 3117 448 3187 quemdam,
471 3117 521 3186 qui
546 3118 658 3187 primus
680 3116 785 3173 nostris
805 3117 936 3186 tempori·
991 3115 1153 3173 notionum.
1178 3113 1331 3169 verborum
1362 3113 1497 3170 videntur
1523 3128 1585 3170 csse
1610 3124 1774 3172 assertores.
1805 3118 1839 3171 in

91 3190 187 3247 husin
203 3188 295 3259 logica
309 3186 478 3243 sententiam
495 3201 598 3243 vocum
613 3187 746 3244 instituit.
762 3209 776 3237 a
792 3188 827 3243 Et
845 3190 937 3244 Aren·
991 3184 1069 3240 hisce
1090 3183 1205 3239 duobus
1225 3182 1381 3254 generibus
1400 3183 1551 3240 dissidium
1575 3193 1603 3242 et
1626 3185 1733 3243 betium
1755 3184 1841 3242 civito

90 3262 144 3318 tini
167 3259 216 3315 lib.
234 3273 261 3312 rr
284 3258 358 3312 Ana.
376 3260 491 3328 bojas-,2
517 3279 528 3306 ‹
555 3260 602 3313 tus
621 3273 739 3329 equoque
760 3259 937 3328 temporibus
991 3262 1043 3310 est.
1067 3253 1148 3310 lilius
1161 3254 1284 3310 Thomas
1307 3254 1438 3324 aquinas
1455 3256 1545 3311 italus
1567 3264 1594 3312 ot
1615 3254 1739 3313 ioannes
1758 3257 1841 3313 Dans

89 3332 178 3388 luisse
207 3330 317 3399 reperio
347 3329 517 3385 Rucelinum
547 3330 729 3397 Britannum,
765 3328 936 3400 magistrum
991 3325 1102 3391 Scotus,
1123 3324 1212 3396 bajus
1234 3324 1734 3400 Vuillelmuscccomensisanglus,
1755 3337 1840 3384 ante-

91 3401 174 3458 Petri
195 3399 338 3465 abelardi,
355 3400 423 3456 novi
443 3399 521 3469 lycaei
538 3401 723 3468 conditorem,
748 3402 799 3471 qui
824 3402 937 3474 primus
992 3396 1148 3467 signant.»

90 3473 239 3530 scientiam
259 3484 363 3527 vocum
384 3471 444 3526 sive
465 3471 623 3526 dictionum
641 3469 774 3538 instituit,
790 3480 936 3528 etnoram
1028 3467 1086 3537 (ill
1124 3466 1171 3521 Ad
1196 3467 1372 3548 cuiiteimam
1408 3469 1510 3525 scilieet
1545 3468 1766 3541 eampetteasem.
1805 3498 1840 3509 -

90 3542 311 3615 philosophandi
327 3541 403 3597 riam
426 3542 542 3598 invenit.
560 3542 596 3598 At
616 3542 668 3613 qni
687 3541 843 3598 Britannus
859 3541 937 3609 huic,
992 3537 1152 3595 cuillemus
1174 3537 1222 3593 hic
1250 3537 1342 3608 primo
1371 3538 1426 3595 init
1454 3538 1676 3597 archidiaconus
1706 3538 1840 3597 Ecclesiae

90 3613 181 3671 veteri
204 3621 232 3669 et
261 3626 405 3682 anonymo
430 3611 604 3669 Francorum
637 3613 774 3669 historico
799 3614 938 3685 compen·
994 3608 1170 3672 Parisiensis,
1194 3615 1291 3678 postca
1310 3608 1454 3679 regularis
1473 3613 1642 3677 canonicus,
1665 3624 1698 3667 ae
1722 3611 1839 3667 demum

91 3685 199 3742 diensis
220 3683 334 3750 dicitur,
352 3691 380 3739 ιι
401 3684 520 3739 ioannis
541 3682 626 3741 etiam
649 3684 800 3755 cuiusdam
826 3684 855 3740 ιιι
881 3685 940 3741 dia·
993 3681 1145 3749 episcopus
1159 3679 1386 3745 catalaunensis,
1404 3688 1436 3736 ut
1451 3681 1527 3737 inira
1541 3682 1713 3739 ridebimus.
1734 3682 1775 3738 Eo
1790 3694 1840 3738 au-

91 3756 193 3815 leetica
222 3755 344 3826 potentis
371 3754 504 3823 sophista
528 3754 687 3824 discipulus
713 3755 863 3811 astruitur.
895 3755 940 3811 Sic
993 3758 1050 3808 tem
1066 3760 1239 3821 praeceptore
1256 3764 1339 3807 usum
1354 3749 1536 3809 llbaelardum
1556 3752 1635 3810 docet
1649 3760 1679 3810 et
1693 3752 1767 3810 Otho
1782 3753 1840 3809 Pri·

91 3825 170 3884 euim
185 3825 337 3882 historicus
357 3825 412 3889 illc,
430 3830 479 3896 qui
493 3825 686 3897 lragmentum
701 3825 826 3882 historiae
849 3827 939 3882 Fran·
994 3822 1145 3893 stngcnsis,
1174 3821 1249 3879 libr
1273 3824 1314 3877 De
1338 3822 1395 3878 reb.
1418 3824 1502 3890 pestis
1523 3824 1659 3880 Pridcrici
1681 3825 1706 3891 l,
1730 3827 1840 3894 imper,

93 3911 195 3955 corum
218 3910 235 3952 a
257 3897 379 3953 lieberto
408 3899 442 3952 ad
468 3896 659 3967 Philippuml
684 3911 778 3965 regem
795 3897 937 3968 scripsit:
993 3907 1056 3962 cap.
1071 3894 1113 3953 it,
1710 3921 1713 3927 ·

93 3990 110 4020 ι
130 3969 163 4025 ln
186 3967 335 4026 dialectica
360 3982 477 4039 quoque
502 3969 530 4024 bi
554 3976 681 4038 potentes
699 3971 870 4024 exstiterunt
891 3982 939 4024 so·
1031 3964 1244 4044 (laihandans
1266 3968 1441 4034 costram,et
1464 3966 1553 4022 adem
1574 3969 1688 4037 rapiam.
1715 3995 1751 4007 -
1773 3962 1842 4022 llel-

94 4040 223 4111 phistae:
249 4041 384 4106 loannes,
410 4039 461 4109 qni
483 4042 616 4095 eamdem
641 4046 731 4094 artetn
755 4038 939 4107 sophisticam
995 4033 1064 4089 dunt
1081 4047 1141 4089 sive
1156 4035 1292 4091 lieliduni
1309 4044 1436 4093 castrum
1452 4044 1480 4094 et
1498 4038 1666 4095 comitatum
1682 4037 1766 4109 lingo
1789 4048 1842 4117 ιιιο

95 4110 222 4167 vocalem
242 4124 303 4166 esse
320 4110 465 4175 disseruit,
480 4110 623 4165 liebertus
638 4109 850 4171 Parisiacensis,
867 4109 940 4165 llos-
995 4104 1172 4161 Francorum
1198 4106 1364 4163 Burchardo
1388 4108 1501 4176 Vetula,
1520 4109 1616 4166 comiti
1639 4108 1843 4165 vindocinum

95 4181 206 4239 colinus
230 4180 472 4251 compendiensis,
497 4179 638 4235 arnallus
662 4179 886 4235 laudunensis:
912 4179 1031 4269 binas
1068 4176 1216 4258 lavamini
1254 4178 1380 4245 domino,
1419 4180 1556 4237 concessit
1593 4180 1623 4236 in
1660 4176 1842 4237 benellcium.

95 4253 215 4309 ioannis
251 4251 370 4308 luerunt
405 4257 567 4316 sectatores,
602 4249 653 4320 qui
689 4257 717 4305 et
753 4249 943 4321 quamplures
998 4246 1097 4303 Postea
1134 4247 1292 4305 Rarualdus
1330 4250 1489 4306 burchardi
1529 4248 1616 4320 ditus,
1654 4248 1845 4309 cancellarius

96 4324 265 4381 habuerunt
288 4321 443 4378 auditores.
466 4339 480 4372 s
506 4322 671 4377 Nectamen
688 4321 943 4391 proptereasuspi-
999 4317 1137 4387 iranciae,
1173 4328 1201 4376 et
1237 4320 1388 4390 episcopus
1426 4320 1602 4388 parisiensis,
1640 4319 1845 4379 heliduneusis

96 4395 222 4452 candum
237 4395 266 4448 et
287 4394 364 4449 hunc
377 4392 520 4448 Aventino
539 4391 742 4447 contradicere.
760 4391 832 4447 Pieri
857 4406 942 4448 nam·
998 4403 1091 4445 comes
1114 4390 1224 4447 exstitit
1242 4391 1297 4447 snb
1319 4392 1441 4450 lloberto
1471 4407 1547 4464 rege,
1578 4394 1654 4450 siout
1674 4406 1711 4448 ex
1738 4388 1846 4448 tabulis

97 4469 261 4536 quepotest
283 4461 498 4518 utiloscelinus
521 4465 550 4518 in
569 4462 817 4518 Britannianatus
838 4463 888 4530 sit;
909 4477 943 4520 ac
997 4460 1121 4517 ecelesia
1147 4461 1242 4518 Sancti
1279 4462 1406 4533 Dionysii
1433 4464 1467 4520 de
1504 4466 1623 4520 carcere
1659 4462 1754 4533 palam
1791 4467 1843 4519 est.

98 4543 197 4608 postea
217 4532 382 4589 clericusin
407 4532 529 4589 Ecclesia
544 4532 763 4606 compendiensi
788 4533 884 4589 luerit.
907 4535 943 4591 Et
998 4532 1050 4586 Sed
1078 4533 1131 4588 hoc
1153 4541 1275 4599 mortuo,
1299 4534 1452 4590 comitatus
1476 4535 1616 4591 rediitad
1644 4533 1798 4590 flenrieum
1819 4531 1843 4600 1,

98 4604 336 4663 certelleccensis
356 4603 446 4660 abbas
465 4604 629 4670 anselmus,
653 4604 704 4675 qui
728 4604 941 4675 tuoctlorebat,
999 4602 1113 4659 lioberti
1153 4602 1255 4669 illium,
1293 4606 1343 4674 qui
1381 4605 1576 4662 vicecomitem
1613 4605 1652 4662 ibi
1685 4601 1843 4661 ctrnstiturt.

98 4689 165 4733 eum
192 4674 327 4731 clericum
356 4685 508 4745 nuncupat
537 4677 566 4732 in
589 4677 706 4746 epistola
734 4676 772 4730 ad
799 4677 943 4731 Falconem

99 4748 285 4803 beluacensem
307 4748 471 4818 episcopum,
495 4747 539 4802 bis
559 4747 671 4803 serbis:
699 4767 713 4796 a
740 4747 842 4814 audio,
864 4748 943 4818 quod

99 4826 196 4875 tamen
216 4818 326 4889 absque
346 4818 491 4874 dubietate
512 4819 627 4875 credere
643 4832 699 4873 uon
724 4831 847 4887 possum,
875 4820 944 4889 quia

101 4889 267 4947 llosceliuus
290 4889 413 4946 clericus
431 4889 499 4946 dicit
522 4890 551 4944 in
572 4890 628 4945 Deo
645 4900 701 4943 tres
725 4903 861 4958 personas
884 4904 944 4946 csse

101 4969 159 5018 tres
183 4974 228 5016 res
248 4959 284 5016 ab
308 4959 429 5018 invicem
450 4969 605 5031 separatas,
629 4959 704 5015 sicut
724 4969 792 5015 sunt
814 4968 870 5016 tres
889 4974 944 5015 arr·

101 5030 168 5103 geli,
185 5031 225 5087 ita
241 5038 336 5087 tamen
357 5040 390 5089 ιιι
408 5045 469 5089 una
482 5033 519 5088 sit
540 5031 673 5089 voluntas
686 5039 713 5087 ot
738 5039 873 5101 potestas3
894 5039 945 5088 aut

103 5107 215 5160 Patrem
239 5109 267 5158 et
291 5101 429 5171 Spiritum
452 5110 584 5160 sanctum
610 5116 671 5161 asse
698 5102 891 5166 incarnatum,
917 5108 945 5157 et

103 5179 161 5231 tres
175 5172 242 5228 deos
257 5186 322 5228 rere
338 5187 420 5242 posse
435 5174 536 5239 diuisi
553 5189 624 5230 usus
639 5173 811 5230 admitteret.
829 5194 843 5221 o
864 5172 944 5230 Unde

101 5252 129 5302 et
148 5243 246 5315 aliquo
273 5243 358 5300 modo
382 5245 524 5315 conjicere
548 5246 613 5302 licot
637 5258 692 5302 cur
724 5244 826 5300 Petrus
849 5254 945 5300 noster

102 5315 182 5373 iilius
206 5314 280 5371 inter
301 5323 487 5385 praeceptores
510 5330 577 5375 suos
592 5331 649 5373 uon
673 5315 813 5372 meminit.
830 5315 902 5371 Nam
917 5321 945 5371 ιι

102 5385 174 5451 Yvo,
203 5385 386 5443 Carnotensis
413 5386 573 5458 episcopus,
600 5387 717 5443 insanas
748 5386 859 5457 aliquot
882 5398 945 5441 sen·

103 5457 208 5515 tentias
229 5471 316 5527 super
338 5456 513 5528 quibusdam
535 5459 705 5514 christianae
727 5456 790 5513 lldci
815 5455 945 5513 articulis

100 5541 168 5586 eum
182 5527 340 5585 delendisse
360 5527 524 5585 subindicat
541 5529 623 5599 epist.
648 5533 675 5596 t,
691 5541 861 5599 quanquam
885 5541 943 5583 noa

998 4673 1070 4729 Nam
1086 4683 1113 4730 ct
1135 4673 1165 4730 in
1188 4674 1289 4730 litteris
1314 4675 1446 4747 Philippi,
1462 4676 1514 4748 qui
1536 4675 1732 4733 laudationem
1747 4674 1844 4731 Sancti

998 4742 1112 4800 linrtini
1142 4744 1176 4801 de
1219 4743 1333 4815 campis
1360 4760 1378 4802 a
1406 4757 1486 4818 patre
1514 4747 1618 4804 iactam
1651 4742 1844 4802 conilrmavlt.

1000 4837 1014 4864 e
1039 4811 1122 4872 Ur'sio
1146 4817 1303 4872 vicemrmes
1323 4816 1556 4876 lielidunensisa
1584 4819 1659 4877 inter
1679 4816 1750 4873 alios
1770 4814 1846 4871 aula

999 4900 1085 4958 regiae
1112 4886 1226 4942 miltites
1245 4890 1424 4959 subscripsit.
1450 4890 1579 4959 Denique
1600 4888 1749 4958 Philippus
1772 4886 1844 4956 ipse,

1000 4956 1113 5013 ilenrici
1139 4957 1225 5024 illius,
1249 4961 1342 5016 sedem
1365 4962 1473 5017 reriam
1498 4959 1634 5017 bielidnni
1661 4957 1769 5029 posuit,
1794 4956 1846 5013 ubi

999 5036 1026 5084 et
1051 5028 1111 5085 sita
1132 5028 1250 5086 iunctus
1267 5038 1309 5087 est
1328 5004 1473 5089 abelardi
1495 5032 1585 5088 nostri
1609 5038 1746 5100 tempore,
1770 5025 1847 5085 sicut

999 5105 1120 5156 testatur
1146 5100 1313 5188 suggerius,
1333 5092 1429 5159 Sancti
1452 5102 1577 5173 Dionysii
1599 5100 1701 5169 abbas,
1725 5099 1756 5155 ia
1784 5096 1849 5155 Vita

999 5171 1138 5227 ludovici
1180 5174 1286 5242 crossi,
1327 5173 1456 5244 Philippo
1498 5172 1597 5244 geniti,
1640 5171 1685 5228 his
1719 5168 1845 5227 verbis:

1001 5261 1015 5292 κ
1039 5242 1110 5299 cum
1134 5257 1170 5299 uu
1194 5243 1251 5301 lere
1274 5245 1482 5315 sexagenarius
1502 5253 1586 5310 emet,
1616 5256 1713 5314 regem
1735 5253 1847 5299 exuens

999 5312 1076 5380 apud
1107 5258 1282 5370 fleiidunum
1315 5322 1442 5373 castrum
1472 5328 1559 5385 super
1585 5314 1709 5371 curtum
1740 5310 1848 5383 Sequa·

999 5397 1055 5510 arae,
1075 5392 1215 5454 prasente
1236 5383 1353 5443 domino
1373 5385 1530 5454 Ludorico,
1553 5393 1718 5443 extremum
1745 5381 1850 5439 clausit

1019 5468 1083 5510 rem.
1104 5475 1115 5502 ι
