3804 5962
10 5448 18 5535 l

45 257 98 311 717

333 389 447 431 secono
466 384 619 430 abundant.

79 465 115 522 ll
119 465 241 522 nistrare
260 477 332 534 puer
348 463 376 518 in
392 463 653 534 aliquibusolticiis
670 463 830 521 minoribus
845 479 896 535 pn-

43 563 132 619 terat,
147 554 240 625 epbod
261 553 466 647 quopuelineo
490 555 647 611 accinctus.
677 554 757 611 Unde
781 564 808 610 et
826 554 897 610 illud

25 635 28 641 ’
45 655 87 704 est
103 644 217 702 liabeni
234 613 393 700 secundum
410 644 606 715 augustinum
619 644 678 714 (93-
682 643 745 714 94);
760 642 896 701 «Samuel

48 734 197 793 accinctus
211 732 304 803 ephod
333 732 398 799 bad,
416 733 468 788 lton
482 741 524 789 est
546 732 792 803 superhumerali
812 732 896 800 linco,

48 824 127 896 quod
148 822 235 880 distat
245 823 281 879 ab
296 822 344 879 illo
359 823 450 893 epbod
462 824 540 894 quod
555 823 733 881 induebatur
748 824 894 894 pontilex3

48 912 121 985 quia
142 913 218 969 istud
236 912 435 969 tantummodo
456 913 564 968 lineum
584 912 648 979 luit,
680 921 707 969 et
731 928 898 971 concessum

49 1003 218 1060 minoribus
233 1003 373 1074 gradibus
390 1002 425 1059 ad
451 1002 603 1058 utendum.
620 1003 694 1059 lilud
722 1003 798 1060 enim
822 1002 900 1074 quod

48 1090 192 1148 vestiebat
221 1091 396 1163 pontificem,
426 1105 463 1148 ex
478 1099 605 1163 quatuor
629 1091 783 1155 coloribus,
804 1091 830 1148 id
859 1099 901 1149 est

48 1178 218 1250 hyacintho,
230 1181 323 1250 bysso,
339 1194 432 1248 cocco,
460 1194 601 1251 purpura,
617 1188 645 1237 et
672 1195 708 1238 ex
722 1195 795 1238 auro
811 1182 901 1238 babe-

49 1267 138 1325 batur
164 1277 342 1326 contextum.
360 1289 374 1323 ιι
399 1269 526 1327 Statutos
540 1270 601 1327 dics
617 1280 693 1341 patet
711 1285 772 1328 esse
798 1284 900 1341 supra-

54 1358 146 1416 dictos
162 1359 253 1415 trium
277 1357 467 1415 festivitatum
494 1360 655 1416 secundum
684 1359 786 1431 legem,
816 1368 847 1416 ut
872 1359 901 1415 in

705 249 938 309 PllOlilElld‘la
956 251 1143 313 NELOISSAE.

906 375 1001 433 adab
1030 378 1093 446 luit,
1117 380 1146 435 in
1169 381 1255 453 cujus
1269 380 1387 437 domum
1407 392 1475 436 arca
1494 379 1608 436 bomini
1625 377 1797 437 cariathia-

1720 234 1796 313 xrt'e

951 469 1006 523 rim
1030 468 1205 528 reductaest
1233 484 1250 527 a
1282 468 1451 527 Pullistbaeis
1477 470 1504 539 (l
1527 470 1590 538 ltep.
1620 484 1671 537 vu,
1699 468 1737 541 l),
1754 468 1797 525 vel

951 556 1106 615 Eleazarus
1121 560 1270 631 filiuseius
1285 560 1483 617 sanctificatus
1509 559 1547 615 ibi
1575 558 1612 614 ad
1636 558 1799 616 custodien-

951 645 1017 703 dam
1041 661 1138 705 arcam
1175 649 1279 720 (ibid),
1309 649 1354 706 vel
1384 649 1509 720 denique
1534 648 1594 719 ipse
1626 647 1797 709 achimelec,

951 750 1038 807 quem
1053 752 1120 794 eura
1134 737 1198 794 aliis
1222 737 1419 795 sacerdotibus
1435 736 1503 794 Saul
1518 736 1659 793 interiecit
1676 737 1705 792 iu
1721 735 1800 792 Nobe

951 825 1067 882 civitate
1091 828 1272 884 sacerdotum
1290 827 1317 896 (1
1344 830 1408 897 lteg.
1431 829 1534 895 xxixa
1558 833 1586 883 et
1614 825 1699 898 sem).
1716 823 1800 892 Quod

952 928 1019 971 vero
1034 916 1142 973 dictum
1163 924 1219 973 est:
1250 916 1410 971 Amiaicbit
1428 932 1519 972 earam
1542 917 1642 971 cbristo
1657 928 1724 982 meo,
1741 927 1800 970 non

953 1003 987 1060 de
1009 1007 1165 1068 sacerdote,
1182 1007 1230 1062 sed
1246 1007 1280 1062 de
1293 1007 1377 1063 domo
1390 1005 1454 1077 eius
1468 1008 1564 1075 accipe
1578 1005 1633 1062 sub
1657 1004 1718 1075 ipso
1744 1001 1800 1059 mi-

953 1093 1106 1152 nistrante.
1144 1097 1274 1167 lienique
1310 1096 1388 1166 quod
1416 1095 1544 1161 additur,
1590 1095 1724 1149 Naturam
1763 1096 1804 1148 est

954 1186 1036 1252 enim,
1052 1190 1119 1251 ete,
1134 1184 1174 1240 ita
1188 1185 1341 1241 llcbraeum
1358 1185 1513 1256 quemdam
1542 1183 1640 1240 audivi
1655 1195 1803 1252 exponen·

954 1279 1029 1330 tem:
1047 1273 1189 1330 Nummus
1203 1282 1368 1346 argenteus,
1384 1273 1473 1331 siclus
1493 1279 1649 1345 argenteus
1665 1279 1717 1340 est,
1743 1285 1804 1343 quo

955 1363 1160 1435 unusquisque
1176 1363 1332 1420 redimebat
1348 1379 1378 1420 se
1398 1378 1414 1420 a
1433 1364 1590 1419 sacerdote.
1607 1361 1694 1418 Torta
1708 1363 1803 1432 panis,

54 1447 182 1519 singuiis
212 1447 267 1504 illis
295 1447 450 1519 praecipuis
474 1447 705 1505 solemnitatibus
729 1450 797 1504 anni
814 1456 905 1505 mater
935 1453 1067 1524 palear,
1093 1453 1120 1508 id
1137 1461 1179 1509 cst
1202 1461 1308 1524 quarta
1332 1453 1415 1524 panis
1444 1467 1519 1524 pars,
1547 1467 1614 1523 quae
1639 1464 1803 1522 pauperum

51 1537 177 1593 sollicita
201 1537 260 1594 otio
289 1551 394 1593 novam
428 1538 556 1594 tunicam
577 1536 700 1600 aberret,
716 1537 745 1593 in
771 1537 903 1608 quaipse

52 1627 176 1682 licutino
191 1626 329 1683 mundius
358 1626 399 1683 rel
429 1627 577 1683 honestius
594 1627 779 1695 ministraret,
801 1639 903 1695 supcr-

954 1541 1059 1598 oblatio
1079 1551 1149 1598 erat.
1177 1543 1246 1598 Pars
1262 1542 1413 1600 sacerdotii
1443 1556 1543 1598 armus
1557 1541 1660 1599 dexter
1683 1547 1711 1596 et
1738 1553 1804 1610 pec·

958 1631 1115 1700 tusculum,
1145 1632 1173 1688 id
1193 1640 1235 1689 cst
1250 1632 1381 1702 superior
1408 1632 1530 1703 pectoris
1553 1645 1628 1702 pars,
1667 1629 1804 1696 maxillae,

50 1715 204 1772 humerale
220 1715 327 1772 lineum
343 1717 466 1786 desuper
479 1715 598 1784 babens,
618 1715 694 1786 quod
715 1715 862 1771 accinctus
876 1720 1137 1798 etssventriculus
1165 1729 1192 1778 et
1221 1723 1314 1779 cauda
1345 1720 1422 1792 (quae
1463 1730 1559 1777 samen
1598 1734 1656 1776 non
1692 1730 1806 1789 semper

50 1819 108 1861 non
133 1813 280 1872 oneratus,
297 1805 459 1876 expeditius
486 1804 648 1861 ministrare
673 1813 776 1874 posset.
800 1803 902 1872 Quem,

51 1910 79 1953 ιιι
97 1894 193 1961 lallor,
224 1894 355 1951 habitum
373 1895 506 1950 monachi
533 1909 613 1951 nunc
643 1895 806 1962 imitantur,
837 1909 904 1951 curn

52 1998 139 2056 opera
165 1998 304 2041 manuum
333 1985 360 2039 in
381 1984 480 2040 tunica
494 1993 521 2040 et
544 1984 690 2054 scapulari
713 1985 836 2055 desuper
860 1998 906 2040 ac·

54 2075 149 2131 cincto
176 2075 286 2131 soleant
301 2087 435 2130 exercere
476 2072 550 2141 Quid
574 2075 650 2129 enirn
674 2074 752 2130 aliud
779 2074 905 2144 scapulae

56 2178 145 2237 quam
160 2161 300 2219 bunreri‘l
316 2166 374 2219 Aut
389 2162 459 2235 quid
474 2164 624 2233 scapulare
640 2164 693 2219 nisi
708 2164 904 2234 superhume-

53 2253 135 2312 rale?
151 2253 281 2325 lienique
298 2255 364 2325 quis
393 2254 533 2323 improbet
562 2253 735 2320 Sanmelem,
752 2254 815 2310 licet
832 2270 904 2324 pue-

54 2358 132 2413 runt,
149 2345 179 2399 in
192 2342 285 2399 oftirio
302 2345 453 2398 levitarum
476 2357 526 2413 pro
544 2344 711 2400 necessitate
729 2346 903 2413 ministrare,

54 2434 209 2492 bocetiam
227 2432 289 2489 lieli
316 2433 443 2505 jubente,
464 2448 529 2488 cum
555 2433 655 2490 nullus
676 2442 745 2489 tunc
762 2432 791 2490 in
820 2434 905 2490 domo

54 2525 117 2581 lleli
134 2524 311 2594 reperiretur
338 2523 391 2579 lanc
405 2522 498 2579 oldaia
523 2523 654 2594 dignust
678 2523 784 2580 Notum
797 2524 906 2595 quippe

54 2612 242 2686 proverbium
261 2621 317 2669 cst:
333 2613 484 2668 Necessitas
499 2629 553 2668 aaa
571 2614 650 2669 babet
667 2615 761 2683 legent.

270 2716 418 2759 anoetnua
433 2717 570 2760 uncorssn
586 2717 690 2759 xxxva.

89 2794 239 2865 Rogamus
253 2793 359 2863 qnippe
375 2802 402 2849 et
431 2793 591 2863 quaerimus
607 2795 674 2864 quis
690 2791 776 2849 luerit
792 2791 837 2848 ille
861 2791 907 2848 ιιι

58 2883 104 2938 bet
120 2895 137 2937 a
152 2880 274 2937 Domino
290 2882 394 2937 missus
412 2880 447 2936 ad
465 2881 536 2946 ileli,
552 2889 583 2937 ut
598 2895 664 2938 cum
690 2880 855 2951 corrigeret,
878 2888 906 2937 et

958 1812 1059 1868 eadem
1083 1811 1169 1884 erat),
1186 1812 1256 1883 qula
1273 1812 1433 1868 secundum
1453 1811 1580 1868 diversos
1598 1808 1806 1866 sacrificiorum

958 1900 1041 1968 ritus,
1063 1908 1094 1957 ut
1116 1900 1146 1956 in
1174 1900 1296 1956 levitico
1319 1901 1434 1971 legitur,
1457 1914 1523 1970 pars
1552 1899 1692 1955 sacerdoti
1712 1898 1806 1954 daba-

959 1997 1007 2046 tur
1021 1992 1118 2060 (Leoit,
1133 2003 1164 2057 x,
1182 1993 1235 2059 ιι).
1251 1990 1410 2046 Nuntiatur
1424 1991 1520 2060 itaque
1536 1988 1598 2045 lleli
1609 1988 1687 2059 quod
1703 1987 1806 2044 domus

958 2080 1021 2150 eius
1046 2081 1082 2136 ad
1109 2087 1219 2135 tantam
1235 2085 1360 2136 ventura
1390 2080 1426 2135 sit
1451 2088 1661 2149 paupertatem,
1688 2083 1721 2133 ut
1753 2075 1806 2147 qui

959 2170 1043 2227 modo
1076 2170 1307 2239 redemptionum
1345 2177 1373 2225 et
1406 2168 1584 2225 oblationum
1627 2174 1836 2239 susceptores,

958 2267 1051 2325 erant,
1068 2260 1176 2329 auibus
1198 2258 1284 2315 etiam
1305 2266 1419 2329 propter
1435 2258 1528 2327 ipsum
1545 2256 1608 2313 lleli
1624 2268 1691 2326 pars
1712 2267 1807 2311 sacer·
1879 2321 1886 2335 ἱ

959 2348 1061 2404 dotalis
1084 2349 1219 2416 dabatur,
1248 2348 1284 2404 ab
1313 2347 1421 2403 aliisse
1449 2346 1630 2402 redimendos
1653 2343 1808 2401 sacerdoti·

959 2436 1026 2506 bus,
1058 2436 1225 2493 alimoniam
1251 2445 1358 2507 petant,
1384 2445 1510 2500 orantes,
1527 2443 1559 2491 ut
1587 2433 1628 2490 eis
1653 2432 1809 2504 quantula·

959 2542 1076 2598 cunque
1090 2525 1243 2582 sacerdotii
1269 2524 1421 2595 particula,
1437 2532 1464 2581 et
1480 2523 1609 2581 buccella
1624 2522 1717 2595 panis,
1741 2535 1808 2595 qua

960 2624 1034 2674 torta
1048 2615 1183 2686 superius
1196 2614 1337 2684 appellata
1351 2620 1403 2681 est,
1419 2613 1593 2669 dimittatur.

1156 2717 1304 2761 rnouunua
1326 2715 1465 2758 unnorssn
1493 2715 1612 2757 xxxva.

995 2793 1069 2861 Quid
1080 2800 1122 2849 est
1138 2792 1209 2848 illud
1223 2793 1250 2846 in
1266 2791 1384 2848 exordio
1401 2790 1487 2846 blarci
1512 2787 1708 2860 evangelista,
1730 2786 1809 2858 qnod

961 2883 1014 2937 ait:
1032 2882 1110 2938 Sicut
1142 2883 1275 2950 scriptum
1297 2884 1337 2936 est
1360 2883 1389 2934 ia
1403 2880 1418 2935 l
1426 2879 1506 2935 saia:
1536 2881 1603 2942 Ecce
1631 2880 1709 2934 mitto
1724 2891 1807 2945 aage-

58 2972 134 3029 mala
149 2971 249 3028 domui
264 2970 328 3041 ejns
347 2978 471 3027 ventura
486 2971 652 3041 praediceret
665 2969 680 3026 ‘l
694 2969 767 3037 Quid
787 2977 815 3025 et
834 2968 905 3025 illud
923 2996 945 3052 C
963 2971 1020 3026 lum
1044 2986 1133 3025 meum
1149 2975 1212 3025 ante
1233 2972 1333 3038 (aciem
1349 2975 1433 3036 ιιιιιιιι,
1463 2971 1512 3035 pei
1531 2967 1707 3038 preparabit
1733 2968 1809 3020 ciam

57 3061 92 3115 sit
106 3059 187 3131 qnod
205 3058 279 3114 inter
302 3067 405 3116 catera
424 3059 530 3115 dicitur
558 3058 593 3115 de
622 3061 768 3114 sacerdote
794 3057 907 3113 meliore

56 3161 229 3206 successuro
249 3147 324 3204 ileli:
344 3148 497 3214 Suscitnba,
521 3148 626 3218 inquit,
649 3149 719 3202 mibi
742 3147 908 3203 sacerdotem

54 3237 334 3311 fidelemquijacta
349 3253 495 3294 cormeum
513 3243 539 3293 et
560 3241 681 3293 animam
703 3253 789 3292 meam
809 3239 905 3304 saciat,

57 3326 237 3387 etoeatiacaba
261 3330 286 3381 ei
310 3327 419 3383 domum
443 3328 560 3398 fidelem,
588 3332 616 3381 et
641 3326 793 3382 ambulabit
816 3342 908 3381 coram

54 3416 158 3473 cbristo
184 3433 242 3472 oreo
262 3421 367 3474 cunctis
391 3418 496 3474 diebus.
528 3420 663 3473 Futurum
694 3423 733 3473 est
760 3421 850 3471 nutem
877 3421 908 3470 ut

56 3511 213 3578 pomumque
243 3511 406 3562 remanserit
427 3509 456 3562 ite
481 3508 568 3574 domo,
584 3509 676 3562 veniat
697 3512 727 3561 ιιι
740 3510 831 3562 oretur
856 3520 907 3575 pro

56 3613 97 3665 ea,
126 3602 154 3652 et
176 3596 273 3667 offerat
295 3613 434 3652 nummum
458 3606 626 3668 argenteam,
650 3604 674 3652 et
693 3603 792 3652 tortam
814 3598 907 3666 panis,

57 3687 208 3756 dicatque:
234 3688 344 3742 Dimitte
367 3704 408 3743 me
428 3689 544 3755 obsecro,
577 3688 614 3744 od
627 3704 711 3742 uttam
726 3693 833 3757 portem
858 3701 907 3740 sc-

56 3776 232 3849 cerdotalem,
256 3781 287 3830 at
302 3777 438 3831 comedam
458 3778 603 3832 buccellam
627 3781 710 3847 partis
734 3775 757 3847 (l
787 3777 851 3841 Rea.
877 3789 907 3842 ιι,

56 3867 170 3934 Sido).
194 3866 307 3922 Scimus
329 3867 448 3937 quidem
475 3864 646 3932 Sarttuelcm,
663 3864 714 3935 qui
732 3863 793 3919 Heli
808 3874 908 3932 supcr-

58 3955 146 4024 rixit‚
165 3954 364 4013 fidelissimum
380 3957 522 4012 exstitisse
551 3956 680 4011 Domino.
699 3953 750 4010 Sed
775 3951 852 4022 quod
874 3951 911 4007 le·

56 4046 119 4103 vita
153 4051 247 4116 potius
274 4061 364 4118 quam
393 4046 525 4102 sacerdos
558 4044 710 4111 exstiterit,
748 4041 910 4098 communis

965 3065 1039 3115 taam
1063 3069 1126 3115 aute
1152 3066 1186 3115 te.
1213 3061 1272 3116 Van
1290 3058 1434 3114 clamantis
1458 3060 1488 3113 ia
1508 3058 1612 3112 deserto
1627 3064 1681 3113 etc.
1712 3056 1817 3128 (Marc,

964 3153 1038 3218 ιι).
1056 3150 1205 3205 Curenim
1222 3149 1291 3205 dicit
1316 3147 1344 3204 in
1374 3149 1458 3213 lsaia,
1484 3162 1550 3204 cum
1576 3146 1702 3217 prunum
1731 3146 1809 3215 lesti-

963 3238 1106 3307 monium,
1134 3240 1211 3308 quod
1234 3239 1330 3294 statim
1350 3238 1441 3305 addit,
1462 3236 1497 3293 sit
1527 3236 1687 3302 illaiamne,
1707 3247 1811 3291 secun·

964 3330 1033 3386 dum
1068 3329 1171 3385 isaiae?
1193 3329 1243 3385 Sin
1268 3336 1365 3385 autern
1394 3343 1410 3383 e
1441 3341 1565 3383 convero
1584 3326 1706 3394 lecisset,
1732 3333 1808 3382 stare

964 3417 1070 3473 veritas
1087 3419 1233 3487 posset,ita
1258 3418 1368 3473 scilicet
1383 3425 1415 3472 ut
1432 3415 1502 3473 illud
1523 3417 1601 3487 quod
1623 3413 1811 3485 premiserat,

964 3508 1040 3563 Sicut
1066 3509 1253 3576 scriptumest
1279 3496 1309 3560 i'tt
1324 3507 1408 3573 isaia,
1425 3505 1460 3561 ad
1477 3505 1605 3575 primum
1623 3514 1736 3561 tantum
1750 3515 1813 3575 pcr-

964 3596 1068 3652 tineret
1085 3595 1291 3652 testimouium.

1243 3697 1355 3740 socnrro
1369 3695 1526 3737 ιιιιιιιιιιι,

1000 3773 1051 3829 Sed
1067 3775 1137 3844 quia
1152 3772 1250 3827 eadem
1266 3771 1409 3827 sententia
1431 3771 1460 3825 ln
1476 3769 1573 3825 verbis
1589 3769 1743 3840 utriusque
1753 3765 1815 3839 pr'o-

964 3863 1057 3932 phetae
1071 3861 1247 3930 continetur,
1260 3859 1452 3930 breviloquus
1467 3857 1645 3927 evangelista
1675 3856 1813 3927 idipsum,

965 3951 1042 4022 quod
1065 3949 1221 4007 Nalacbias
1244 3948 1330 4015 dixit,
1347 3947 1428 4004 lsaiae
1446 3944 1587 4015 ascripsit,
1616 3945 1669 4016 qui
1695 3943 1816 4015 majoris

964 4047 1025 4096 erat
1039 4038 1229 4106 auctoritatis,
1244 4045 1272 4095 et
1298 4052 1315 4092 a
1331 4052 1390 4108 ntro
1418 4035 1547 4112 loriassis
1563 4033 1609 4099 illo
1624 4034 1678 4090 boc
1701 4027 1811 4089 didio'e·

60 4132 162 4204 opinio
176 4141 293 4202 est,nec
308 4134 425 4192 domum
438 4134 505 4207 ejus
521 4133 632 4190 fidelem
648 4130 802 4197 exstitisse,
827 4127 911 4198 cuius
965 4135 1018 4185 rat.
1049 4126 1270 4196 llissioquippe
1296 4126 1392 4197 angeli
1422 4125 1457 4181 ad
1474 4123 1635 4195 parandam
1661 4123 1741 4180 viam
1760 4123 1814 4178 llo·

60 4223 112 4279 lilii
133 4223 279 4294 reprobati
306 4235 385 4281 sunt.
402 4223 482 4291 Quod
507 4224 592 4280 etiarn
613 4221 727 4288 dicitur,
752 4218 911 4276 Ambolubit
966 4218 1048 4284 mini,
1066 4216 1109 4274 vel
1126 4216 1188 4287 ipsa
1202 4217 1265 4288 ejus
1290 4215 1472 4286 preparatio,
1488 4218 1516 4271 et
1540 4213 1764 4271 conclamantis
1784 4211 1814 4269 in

59 4327 154 4368 coram
181 4311 280 4368 cbristo
304 4329 372 4380 meo,
389 4322 488 4371 utrum
506 4313 540 4369 dc
556 4312 616 4384 ipso
640 4311 796 4379 sacerdote,
812 4323 848 4365 an
876 4308 911 4363 de
966 4307 1087 4375 deserto,
1111 4306 1232 4363 loannis
1256 4314 1298 4361 est
1323 4305 1500 4376 pradicatio.
1522 4302 1613 4371 Quem
1640 4304 1731 4360 etiam
1751 4301 1815 4358 dili·

65 4402 153 4458 domo
168 4402 234 4472 ejus
248 4401 446 4473 accipiendam
469 4403 515 4471 sit,
528 4411 556 4460 et
570 4402 637 4474 quis
655 4400 702 4458 ille
725 4400 852 4457 cbristus
875 4399 911 4454 sit
968 4397 1083 4469 genuus
1095 4397 1183 4452 isaias
1197 4395 1342 4461 describit,
1358 4409 1425 4452 curn
1444 4407 1511 4451 eum
1533 4407 1590 4449 uon
1604 4392 1741 4464 angelum
1766 4403 1818 4461 ap-

60 4491 233 4564 quaerimus
260 4493 391 4565 lienique
411 4493 489 4566 quod
513 4494 688 4563 supponitur
720 4488 912 4548 deoblatione
968 4481 1712 4558 pellat,sedctamantem1ndesertopraenuntiat:
1740 4477 1819 4534 unde

61 4581 177 4638 nummi
193 4581 322 4654 argentei
341 4591 368 4639 et
384 4590 465 4639 tortae
495 4582 588 4654 panis,
613 4590 753 4651 tanquam
768 4577 913 4635 oblatione
966 4585 994 4634 et
1020 4577 1093 4634 bene
1121 4571 1584 4648 evangelistaposttestimonium
1614 4569 1708 4634 lsaiae,
1736 4565 1815 4639 quod

39 4670 149 4739 'nova
167 4684 255 4742 quarn
277 4671 323 4729 lex
341 4685 398 4727 nnn
417 4671 532 4739 babuit,
547 4678 575 4727 ct
590 4669 779 4741 metensque
793 4667 914 4724 addum
966 4665 1110 4737 posterius
1139 4666 1244 4736 posuit,
1269 4664 1365 4720 statim
1405 4660 1531 4732 adiecit.
1558 4660 1623 4715 Fuit
1645 4660 1764 4714 loanaes
1787 4655 1818 4711 ia

62 4767 123 4829 tur,
142 4760 249 4832 exponi
262 4761 452 4833 postulamus.
969 4756 1074 4813 deserta
1103 4755 1245 4824 baptizant
1260 4758 1285 4809 et
1313 4751 1467 4822 predicans
1482 4749 1577 4822 (ibid,
1589 4749 1628 4820 l).
1646 4747 1729 4813 Quod
1753 4744 1818 4817 qui·

92 4859 95 4863 ’
346 4864 459 4908 coemto
474 4864 631 4907 nanctum.
968 4846 1031 4902 deut
1048 4860 1114 4903 eum
1130 4845 1181 4912 ait,
1205 4846 1234 4899 ia
1249 4843 1355 4898 deserto
1380 4847 1406 4897 et
1422 4840 1587 4910 predicans,
1603 4835 1734 4908 apertius
1755 4848 1819 4891 ver-

98 4937 153 4997 Vir
170 4936 218 4996 ille
244 4940 291 4997 Dei
309 4941 437 4997 creditur
458 4939 580 5011 angelus
606 4939 692 4995 luisse
720 4949 864 5008 apparens
885 4935 914 4991 in
970 4936 1015 4992 bis
1029 4944 1165 4993 consonat
1187 4933 1269 4989 lsatae
1293 4932 1425 4995 dicentis,
1449 4929 1566 4994 seilicet,
1599 4928 1658 4982 Vna
1676 4925 1820 4981 clomamis

61 5027 198 5087 bumana
225 5028 329 5099 specie
370 5028 509 5087 Sacerdos
537 5042 726 5085 successurus
757 5025 828 5095 lleli,
858 5038 917 5081 uon
969 5026 1130 5081 indeserto
1159 5013 1814 5094 Providequnqueltarcnscumpraerniserit,

63 5124 122 5176 um
148 5117 344 5190 sanuciani
371 5118 570 5187 tevrtaluent
599 5115 918 5183 needdelemsedre
971 5117 1168 5186 scriptumest
1194 5115 1225 5167 in
1249 5113 1334 5179 isaia,
1359 5109 1481 5176 addidit,
1504 5106 1651 5177 Propheta,
1678 5111 1822 5175 tanquam

63 5208 187 5281 probam
206 5207 326 5266 domum
344 5209 454 5273 ltabrut
480 5223 567 5281 quarn
585 5221 754 5279 quacunque
775 5206 849 5262 alius
872 5205 918 5260 ιιι·
971 5205 1062 5261 isaias
1090 5201 1250 5260 testimonio
1280 5197 1694 5271 ιιιιιιιιιιοιιιιιιιιιωιιιαιαι.
1725 5208 1767 5259 ιιι,
1796 5188 1822 5264 ι)

63 5299 270 5371 stuatosum
297 5299 443 5357 inordina
462 5297 612 5355 sacerdotii
642 5297 703 5353 lleli
736 5295 917 5363 successerit,
973 5295 1112 5366 propbea
1142 5291 1239 5363 potrus
1253 5305 1295 5346 es
1285 5297 1325 5344 et
1343 5301 1430 5357 ignaru
1461 5287 1508 5342 ille
1538 5286 1668 5357 quiltoc,
1685 5292 1717 5340 ut
1745 5281 1822 5338 arbi·

63 5387 272 5462 intelligendus
296 5403 358 5449 esse
375 5389 503 5458 videtur,
519 5387 616 5460 qualis
643 5386 771 5444 lortassis
808 5384 919 5441 Altina·
973 5390 1043 5451 tror,
1065 5381 1262 5443 testimonium
1276 5393 1313 5437 ex
1329 5375 1581 5450 prophetialem,
1595 5387 1685 5446 quam
1702 5371 1823 5445 legerat,

100 5568 207 5644 (ease)
223 5565 328 5628 aanor.
344 5575 413 5628 nn.
429 5567 502 5637 cxx,
517 5567 568 5626 cot.
589 5568 634 5623 ao.
