3804 5962
148 249 214 307 104³
413 250 529 331 ‘reiut
548 251 735 309 ABAELARDI
754 253 831 310 OPP.
851 252 941 311 PARS
961 252 995 309 11.
1013 250 1284 310 -rttbototttcn
1302 249 1345 306 ET
1364 248 1630 307 Puttosorutca.

145 379 275 438 insinuat
316 380 436 437 dicens:
466 378 530 434 ldeo
554 379 714 450 prohibetur
753 382 916 440 Christianis
956 383 991 438 le·
1007 380 1032 434 A
1047 378 1222 447 ferremdum
1235 383 1370 449 putarem.
1386 377 1465 436 itinn
1481 378 1582 448 quippe
1596 381 1625 432 in
1648 392 1678 433 eo
1703 379 1768 431 nost

144 485 208 549 qere
229 470 361 540 fqmenta
383 469 535 537 poetarum,
552 469 680 539 quiaper
711 469 908 528 oblectamenta
930 473 990 525 ina·
1048 467 1220 523 mdermtar.
1251 469 1330 522 Hunc
1350 482 1412 522 vero
1441 466 1578 520 AEieaticis
1614 469 1698 534 atque
1732 478 1768 519 aa

144 560 222 612 niam
235 555 395 632 fabularum
416 557 537 611 sscitant
551 563 665 612 mentem
680 559 718 613 ad
740 561 875 615 incentiva
899 559 1012 615 libidi-·
1046 556 1146 612 studiis
1178 559 1352 612 innutritum.
1377 555 1432 610 Sed
1443 555 1515 609 abite
1527 555 1630 625 potius,
1654 553 1768 610 oSiren

144 662 219 700 num.
244 646 314 703 Nom
337 647 409 700 enim
437 645 525 701 solum
554 645 638 700 thura
665 647 802 717 offerendo
827 649 992 705 damonibus
1048 649 1078 701 in
1112 647 1249 714 cnsilium,
1279 646 1379 713 dulces,
1411 644 1530 715 meisque
1550 658 1611 698 cum
1632 646 1720 699 musis
1743 659 1768 698 ec

145 734 313 802 immolatur,
328 734 475 789 sedetiam
497 750 590 790 eorum
617 736 691 791 dicta
706 737 833 793 libentius
849 738 993 809 capiendo.
1049 736 1257 805 sanandumque
1280 736 1435 801 relinquite.
1463 736 1515 789 liis
1539 734 1586 787 ille
1607 733 1703 788 eborrcs
1745 734 1768 787 in

146 825 240 881 Item:
261 823 381 879 ducendi
394 827 459 879 sunt
474 823 539 878 libri
557 826 711 893 gentilium,
730 831 756 881 et
777 831 892 897 propter
921 843 992 881 amc·
1049 823 1148 895 dejecit
1175 825 1251 879 iuni
1277 827 1395 879 maestior
1427 823 1543 890 cultum,
1569 822 1763 891 confessusque

146 928 203 968 rem
217 927 359 968 sanarum
389 912 597 983 Scripturarum
621 913 739 968 citandi.
776 914 994 984 simplicioribus
1048 914 1240 968 uerecundiam
1259 915 1341 968 limen
1351 915 1440 968 tristis
1453 911 1574 966 secessit.

147 1002 247 1057 litteris
277 1004 387 1055 nonest
408 1000 605 1071 praeponendus
635 1016 731 1057 succus
746 1005 931 1070 qrannatiee
952 1017 995 1056 nr·
1084 1005 1119 1058 at
1142 1003 1268 1070 tortasse,
1286 1002 1408 1073 inquies,
1424 1015 1482 1056 non
1497 1000 1589 1056 solum
1606 1005 1766 1068 poetarum,

148 1091 195 1156 tis,
215 1088 341 1144 meliores
371 1090 441 1143 enim
465 1093 529 1144 sunt
553 1104 703 1145 communes
729 1092 826 1146 titterae
851 1094 876 1145 et
890 1090 993 1159 simpli·
1049 1091 1135 1146 etiam
1151 1091 1314 1147 liberalium
1334 1091 1440 1146 artium
1456 1089 1590 1144 lectiones
1614 1086 1768 1143 Christiani

147 1180 233 1233 tiores
248 1178 285 1232 ad
307 1178 393 1232 solam
406 1179 554 1233 utilitatem
582 1179 843 1248 pertineremus
861 1193 922 1233 uero
949 1193 994 1232 ne·
1050 1178 1195 1247 dicendas,
1211 1193 1278 1234 cunt
1289 1177 1589 1246 beatusilieronymus
1605 1175 1635 1230 in
1653 1173 1768 1244 epistola

148 1269 253 1338 quiores
282 1271 422 1336 euntque
448 1270 577 1336 inqerunt
600 1270 699 1323 mentis
728 1269 912 1323 elocutionem.
941 1268 995 1320 Me·
1051 1268 1194 1324 stocbium
1223 1283 1252 1323 se
1266 1270 1395 1339 graviter
1423 1274 1586 1322 correctum
1602 1278 1635 1319 ac
1658 1263 1768 1318 verber.

149 1356 229 1411 liores
254 1359 318 1410 sunt
338 1356 512 1424 qrammctici
535 1370 618 1424 quam
646 1355 774 1410 haretici.
800 1355 994 1411 Grammatico·
1050 1358 1172 1412 Domina
1199 1371 1248 1426 pro
1265 1356 1394 1423 lectione,
1418 1355 1653 1425 pbilosophorum
1676 1351 1768 1408 libror

148 1460 213 1500 rum
237 1445 364 1500 doctrina
379 1449 470 1514 potest
496 1446 582 1499 etiam
595 1443 729 1515 proficere
760 1444 908 1509 advitam,
932 1442 997 1497 dum
1051 1453 1171 1501 maeret.
1188 1446 1225 1501 iit
1241 1447 1301 1515 jam
1324 1444 1513 1515 proiectonec
1536 1441 1756 1514 grammaticam

149 1534 258 1601 fuerint
273 1534 303 1587 in
322 1534 447 1588 meliores
460 1548 525 1588 usus
550 1535 696 1603 assumpti.
1052 1533 1146 1590 stiano
1162 1533 1217 1605 legi
1242 1534 1386 1600 convenit,
1410 1533 1472 1589 sine
1485 1531 1666 1588 documentis
1686 1530 1768 1602 cujus

185 1623 231 1678 Ex
254 1620 375 1678 consilio
391 1629 495 1693 quarto
526 1621 756 1693 Carthaginensi,
789 1635 850 1692 cap.
879 1624 905 1676 6.
931 1620 997 1690 Epi·
1053 1622 1122 1679 vina
1138 1629 1228 1692 potest
1240 1621 1362 1694 intelligi
1374 1622 1488 1692 pagina,
1502 1635 1554 1676 nec
1570 1620 1716 1690 scriptura
1732 1617 1768 1674 ali

151 1726 250 1782 scopus
275 1711 417 1780 gentilium
442 1710 524 1765 libros
538 1725 592 1765 non
615 1710 711 1780 lepat3
738 1710 923 1765 itereticorum
951 1723 999 1762 au·
1014 1727 1035 1781 g
1053 1725 1106 1767 nea
1116 1710 1298 1778 rhetoricam,
1311 1724 1377 1781 quae
1396 1709 1489 1765 omnis
1510 1706 1681 1778 eloquentie
1708 1705 1768 1763 trad

152 1805 205 1855 tem
220 1813 273 1868 pro
294 1799 454 1853 necessitate
468 1802 493 1852 et
524 1802 649 1868 tempore.
674 1796 830 1868 Gregorius
853 1795 999 1853 Desiderio
1053 1810 1161 1865 mente,
1178 1798 1286 1869 quibus
1309 1797 1434 1854 maxime
1447 1811 1530 1854 sacra
1549 1797 1696 1868 Scriptura
1719 1803 1764 1853 est

151 1887 283 1958 episcopa
320 1901 328 1942 ε
359 1887 485 1943 Peruenit
519 1886 556 1941 ad
592 1902 640 1941 nas
678 1886 882 1954 fraternitatem
925 1890 1000 1941 tuam
1054 1901 1106 1943 nec
1121 1887 1184 1957 ejus
1197 1888 1281 1943 decor
1301 1888 1354 1943 uisi
1382 1887 1428 1943 bis
1444 1885 1768 1959 diiigenterassignatis

152 1978 363 2047 grammaticam
400 1975 566 2042 quibusdam
598 1990 741 2045 exponere,
763 1991 845 2044 quam
872 1979 935 2029 tunc
961 1976 1002 2027 ita
1055 1976 1170 2046 poterit.
1183 1975 1277 2040 Quare
1303 1977 1403 2048 igitur,
1419 1975 1543 2047 iuquieS,
1573 1983 1688 2046 propter
1704 1974 1768 2030 Cice

152 2068 263 2122 moleste
287 2066 465 2135 suscepimus,
484 2080 516 2119 ac
530 2079 624 2119 sumus
647 2064 828 2120 venementius
849 2063 1000 2134 aspernati,
1055 2064 1122 2120 bros
1150 2064 1303 2135 pradictus
1325 2065 1424 2121 doctor
1453 2073 1508 2120 tam
1533 2066 1661 2135 graviter
1688 2063 1768 2136 flagei

153 2160 227 2210 utea
242 2170 303 2225 quae
312 2153 604 2224 prinsdictafuerant
624 2155 800 2222 ingenitum
817 2157 842 2208 et
858 2153 1001 2207 tristitiam
1055 2159 1202 2208 correctus
1218 2160 1270 2221 est,
1287 2161 1320 2209 ut
1353 2154 1407 2209 sub
1438 2153 1626 2210 ostentatione
1655 2165 1768 2209 sacram

127 2285 129 2289 .
153 2248 330 2306 verteremus,
344 2242 411 2309 qaia
431 2255 485 2294 uno
513 2256 541 2294 se
555 2256 600 2295 ore
613 2256 673 2295 cum
688 2241 762 2295 locis
782 2239 910 2294 laudibus
924 2240 1000 2295 Cleri-
1057 2250 1173 2313 geretur
1192 2243 1309 2297 cannino
1330 2242 1512 2298 saecularium
1534 2241 1674 2297 librorum
1687 2240 1768 2296 lectio

155 2330 194 2386 sti
208 2329 304 2385 laudes
332 2343 389 2383 non
416 2331 538 2399 capiunt,
556 2333 580 2383 et
605 2330 776 2398 quodprace
799 2327 1004 2398 nefandumque
1056 2331 1216 2387 nuntiaret
1241 2331 1364 2402 proiecto
1391 2331 1542 2402 quianon
1571 2344 1621 2400 pro
1645 2328 1768 2386 utilitate

156 2420 193 2473 sit
219 2418 375 2487 episcopum
402 2431 498 2470 canem
526 2431 585 2482 quae
610 2431 658 2469 nec
684 2417 752 2471 laico
772 2417 1002 2484 religioseconue-
1057 2416 1105 2474 sed
1135 2432 1186 2489 pto
1210 2419 1396 2476 oblectatione
1418 2418 1604 2490 eloquentiis·
1619 2418 1696 2475 illius
1726 2418 1767 2474 int

157 2510 247 2574 nient,
270 2509 328 2576 ipse
355 2504 506 2560 considera.
529 2505 609 2560 Unde
633 2511 661 2560 et
682 2505 760 2562 Plato
787 2506 855 2575 ipse,
882 2519 947 2560 eum
964 2506 1004 2561 ci·
1057 2507 1187 2579 neglecto
1204 2522 1292 2564 sacrae
1312 2507 1587 2578 Scripturaestudio,
1614 2507 1699 2578 cujus
1718 2505 1768 2578 qui

158 2595 257 2651 vitatis
272 2607 354 2649 norae
367 2593 535 2649 ordinandae
555 2593 679 2650 traderet
703 2593 923 2662 iustitutionem,
941 2608 1005 2664 poc·
1059 2595 1178 2666 ipsemet
1188 2596 1238 2664 ait,
1255 2597 1384 2652 incultus
1407 2596 1433 2652 ei
1449 2611 1541 2653 sermo
1556 2597 1701 2653 horrebat.
1718 2594 1768 2667 ligr

159 2691 203 2741 tas
227 2697 246 2738 a
269 2683 385 2738 civitate
409 2694 472 2739 csse
504 2681 677 2752 dejiciendos
712 2683 852 2750 decrevit,
871 2684 946 2738 sicut
977 2682 1005 2737 in
1059 2684 1422 2742 uuilinsartisiectionem
1450 2686 1616 2756 cuicunque
1636 2684 1768 2754 religioso

159 2770 285 2829 secundo
306 2770 345 2827 De
360 2770 439 2826 civit.
458 2770 507 2826 lib.
520 2770 624 2828 beatus
647 2774 831 2843 Augustinus
846 2771 892 2827 bis
907 2770 1005 2827 verbis
1060 2772 1181 2829 cendam
1202 2773 1337 2842 arbitror,
1355 2774 1411 2830 nisi
1424 2774 1494 2831 torte
1510 2788 1560 2845 per
1573 2774 1627 2829 boe
1641 2772 1735 2842 major
1761 2787 1768 2827 t

160 2870 366 2917 commemorat
380 2860 444 2915 :Aa
459 2860 660 2931 forte,inquit,
687 2862 899 2931 Pictonipetius
913 2860 1008 2915 made
1061 2876 1122 2932 qua
1149 2861 1259 2917 utilitas
1287 2863 1491 2933 prepediant,
1518 2861 1592 2918 sicut
1612 2863 1641 2917 iu
1669 2861 1768 2917 caeteri

161 2954 201 3005 est
231 2950 336 3019 palata,
377 2950 426 3019 qui
453 2964 512 3003 eum
540 2951 646 3004 ratione
671 2951 815 3015 formaret,
844 2949 934 3018 qualis
952 2964 1009 3004 esse
1063 2950 1228 3006 iaciendum
1243 2952 1360 3020 scimus,
1375 2959 1408 3007 ut
1431 2950 1566 3008 videlicet
1582 2949 1694 3006 minora
1712 2962 1765 3019 pro

162 3040 260 3094 ciuitas
286 3037 392 3103 debeat,
417 3041 548 3103 tenplum
573 3037 747 3092 aduersarios
768 3040 889 3092 ciuitates
915 3043 1008 3107 poetas
1024 3013 1047 3071 0
1065 3038 1120 3094 bus
1147 3047 1198 3094 aut
1226 3040 1465 3108 intermittantur,
1499 3039 1544 3096 vel
1574 3038 1688 3109 penitus
1721 3049 1768 3093 om

163 3128 269 3182 censuit
280 3125 347 3180 urbe
359 3124 499 3194 pellendos
520 3124 534 3179 i
554 3125 698 3196 itempost
719 3127 842 3198 aliqua:
872 3127 924 3193 Qui
938 3125 1010 3181 scili·
1064 3125 1176 3197 Quippe
1191 3142 1257 3184 cuin
1286 3128 1366 3183 utilia
1380 3128 1418 3183 sit
1434 3129 1462 3183 iu
1486 3128 1618 3183 doctrina
1634 3125 1754 3188 falsitas,

163 3215 298 3271 cetl’lato
327 3218 423 3284 poetas
451 3216 536 3283 ipsos,
562 3215 604 3270 ecl
631 3215 747 3270 arbitrio
768 3216 935 3284 mentientes,
968 3216 1011 3269 oet
1064 3215 1161 3272 verbis
1179 3215 1340 3286 turpitudo,
1365 3216 1505 3272 nonnulla
1520 3216 1555 3273 de
1570 3215 1688 3272 scientia
1702 3210 1768 3270 utili

164 3303 316 3358 bominibus
342 3301 459 3370 miseris,
482 3308 561 3370 quasi
584 3306 699 3358 Deorum
713 3304 790 3370 facta
800 3306 922 3374 pessima
948 3306 1012 3358 imi·
1066 3301 1120 3359 boc
1144 3304 1264 3360 dicendo
1288 3312 1339 3360 aut
1366 3305 1494 3361 docendo
1518 3303 1630 3374 culpari
1664 3309 1768 3360 mereat

166 3391 252 3446 tanda
278 3395 466 3461 proponentes,
486 3393 594 3447 omnino
606 3394 636 3446 in
658 3393 768 3446 unitate
795 3392 859 3447 bene
885 3394 1013 3447 instituta
1067 3405 1157 3448 causa
1171 3393 1283 3449 venerit
1298 3393 1476 3463 supradicta,
1496 3393 1598 3464 potiori
1631 3391 1764 3449 videlicet

164 3482 256 3536 niune
290 3479 390 3547 noluit,
405 3495 436 3535 ac
459 3481 484 3536 si
516 3483 721 3550 apertesanctis
750 3483 819 3551 ipsis
841 3481 902 3551 fam
942 3481 1013 3536 illud
1067 3480 1159 3552 glecto
1175 3482 1474 3538 sutdimissotNemo
1493 3483 1600 3539 etenim
1617 3482 1769 3537 scientiam

163 3569 327 3641 praedicaret
350 3584 357 3622 ε
384 3589 399 3618 a
426 3569 461 3625 Os
495 3569 568 3639 quod
600 3572 732 3625 mentitur
770 3570 866 3624 occidit
893 3572 1012 3625 animam
1067 3569 1176 3626 malam
1196 3584 1257 3627 esse
1272 3571 1390 3639 dixerit,
1412 3573 1500 3629 etiam
1520 3571 1598 3626 iliam
1614 3585 1680 3642 quae
1702 3569 1739 3627 de

166 3657 245 3728 (Sap.
273 3674 293 3724 1,
323 3656 406 3728 tn.»
431 3658 523 3728 Atque
546 3658 618 3713 iliad
640 3659 791 3728 Apostoli:
815 3677 829 3711 c
859 3659 1014 3714 Fornicatio
1068 3672 1134 3730 quae
1147 3657 1226 3730 justo
1242 3659 1352 3716 hontini
1368 3660 1464 3717 deesse
1477 3673 1535 3716 non
1564 3657 1768 3730 potestNout

167 3751 195 3802 et
216 3748 303 3802 omnis
337 3747 512 3802 immunditie
538 3764 586 3803 nec
613 3749 766 3803 nominetur
788 3749 819 3802 in
838 3747 924 3814 cobis,
944 3749 1014 3802 sieut
1069 3755 1146 3818 agat,
1162 3749 1211 3805 sed
1227 3749 1380 3806 utamaio
1393 3747 1577 3820 praecogitato
1590 3746 1647 3804 sibi
1662 3743 1768 3817 pravid

168 3836 242 3892 decet
270 3839 387 3904 sanctos,
403 3839 452 3891 aut
478 3836 634 3906 turpitudo,
666 3844 715 3892 aut
738 3837 953 3906 stultiloquium,
967 3839 1015 3890 aut
1069 3836 1124 3892 nisi
1140 3837 1290 3908 cognitum
1315 3844 1384 3894 teste
1412 3837 1506 3893 Btetio
1525 3836 1618 3892 vitare
1638 3849 1696 3890 nan
1723 3846 1768 3904 pot

167 3917 325 3981 scurrilitas
351 3941 412 3995 quae
427 3925 464 3980 ad
491 3940 548 3980 rem
570 3941 626 3980 nan
644 3927 774 3996 pertinet,
799 3932 879 3981 aeto.
906 3924 1012 3994 (pres.
1069 3931 1113 3981 est
1128 3925 1207 3980 enim
1226 3925 1335 3981 malum
1352 3926 1427 3982 scire
1454 3924 1584 3994 decipere
1601 3922 1644 3979 vel
1665 3919 1768 3978 adulte,

167 4017 240 4083 v,3,
260 4015 299 4080 4.)
326 4013 402 4082 Quid
426 4015 513 4070 etiam
533 4014 568 4070 de
583 4014 785 4084 philosophicis
812 4013 856 4070 vei
885 4014 919 4069 de
950 4029 1015 4084 poe·
1071 4015 1125 4070 ista
1155 4014 1345 4080 committere,
1366 4013 1438 4086 quia
1465 4013 1529 4084 ejus
1544 4011 1583 4067 rei
1609 4012 1684 4067 bona
1711 4015 1756 4066 est

169 4103 234 4159 ticis
255 4103 409 4170 existimet,
434 4104 535 4171 musis,
560 4111 588 4158 et
611 4110 756 4173 quantum
773 4102 940 4174 indignetur
966 4101 1016 4158 aii·
1069 4106 1154 4175 cujus
1176 4103 1299 4174 pessima
1321 4111 1363 4159 est
1391 4103 1493 4158 actio:
1520 4109 1547 4157 et
1575 4114 1659 4156 nemo
1681 4111 1768 4172 pecca

169 4204 257 4262 quem
271 4191 425 4247 alumnum
441 4205 526 4247 suum
538 4190 574 4246 ad
591 4190 789 4247 meretriculas
805 4188 869 4246 illas
883 4203 1015 4262 nuquam
1069 4192 1173 4248 scendo
1201 4198 1359 4262 peccatum,
1383 4190 1431 4246 sed
1459 4188 1674 4246 committendo.
1709 4185 1738 4243 Si
1765 4205 1768 4237 ι

169 4279 322 4347 divertere,
339 4280 368 4336 in
386 4280 447 4350 ipso
468 4279 547 4335 aditu
564 4279 630 4336 libri
657 4279 746 4335 Boetii
762 4279 802 4335 De
821 4279 1016 4336 consolatione
1070 4288 1126 4338 tom
1141 4279 1261 4337 scientia
1281 4280 1390 4335 maium
1414 4286 1498 4345 esset,
1522 4278 1625 4347 utique
1646 4283 1675 4332 et
1703 4273 1768 4331 malt

169 4368 356 4440 philosophiae
371 4368 524 4440 diligenter
546 4367 731 4440 exprimitur,
761 4367 812 4425 ubi
826 4368 861 4425 de
888 4367 950 4438 ipsa
979 4367 1015 4424 ad
1031 4356 1053 4411 ὓ
1070 4369 1203 4442 quasdam
1214 4382 1395 4440 cognoscere.
1408 4372 1441 4425 itt
1466 4368 1527 4440 jam
1542 4364 1686 4422 absolvis
1709 4362 1768 4420 mai

169 4457 377 4514 consolandum
418 4456 620 4527 philosophum
669 4457 831 4525 accedente,
865 4463 893 4513 et
922 4456 1015 4526 inspi-
1070 4472 1129 4515 non
1156 4464 1258 4528 posset,
1293 4457 1364 4527 qnia
1395 4454 1644 4511 emanantium
1662 4453 1722 4524 ipso
1754 4466 1768 4509 e

170 4548 271 4614 ciente,
298 4559 390 4614 musa,
416 4545 587 4616 pbilosopbo
621 4544 674 4616 ipsi
705 4545 866 4610 assistente,
894 4544 1015 4615 ipsemet
1070 4546 1254 4603 omniumcst
1268 4544 1418 4616 plenitudo
1436 4544 1633 4607 scientiarum,
1648 4539 1769 4613 cujusd

169 4635 210 4692 ait
235 4634 441 4706 philosophus:
469 4634 533 4702 Ques
548 4634 596 4689 ubi
620 4637 740 4706 poeticas
766 4648 859 4689 musas
874 4635 944 4689 vidit
972 4649 1015 4689 as·
1070 4634 1165 4692 omnis
1188 4633 1322 4691 scicntia.
1356 4631 1602 4704 Scieutiaquippe
1624 4639 1666 4686 est
1693 4643 1768 4701 cortu

170 4728 306 4794 sistentes,
326 4729 419 4781 nostro
434 4725 516 4780 iboro-
527 4724 688 4794 fletibusque
703 4727 770 4778 meis
784 4724 868 4779 omia
882 4724 1015 4792 dicantes,
1070 4723 1205 4781 omnium
1220 4737 1318 4780 rerum
1334 4736 1400 4795 quic
1416 4729 1493 4788 sunt,
1515 4728 1603 4791 atque
1618 4718 1666 4774 bis
1689 4730 1768 4774 verat

169 4818 301 4869 mmmota
318 4815 461 4885 paulisper
483 4830 515 4870 ae
536 4815 622 4869 ternis
644 4814 813 4881 inflammata
837 4814 985 4869 luminibus
1007 4829 1015 4868 z
1071 4819 1117 4868 cta
1131 4811 1280 4880 discernit,
1309 4811 1357 4867 cui
1384 4824 1420 4866 ea
1437 4823 1554 4880 quoque
1577 4821 1643 4879 quae
1656 4820 1713 4862 nan
1741 4819 1768 4862 st

170 4902 247 4970 Oeen,
279 4905 381 4971 inquit,
411 4903 461 4958 bas
501 4904 619 4959 scenicas
651 4901 837 4958 nieretriculas
877 4903 915 4958 ad
947 4902 1017 4959 bunc
1071 4901 1226 4972 presentie
1239 4900 1388 4956 assistunt.
1407 4898 1488 4956 Unde
1502 4905 1529 4953 st
1547 4893 1766 4953 enumeratisd

169 5005 272 5061 aprum
288 4996 415 5064 pennisit
438 4991 571 5059 accedere,
589 5006 648 5059 quae
663 4991 770 5047 dolores
784 4992 843 5062 efus
863 5007 917 5048 non
938 4991 1017 5046 modo
1071 4988 1236 5061 rituslejus,
1267 4988 1326 5059 ipse
1344 4987 1462 5058 spiritus
1477 4984 1602 5042 scientiae
1624 4997 1686 5039 esse
1722 4981 1768 5038 dic

170 5080 255 5137 nulus
275 5082 402 5138 rernediis
417 5082 548 5149 foverent,
571 5095 665 5136 uerum
689 5080 805 5151 insuper
823 5078 950 5136 dulcibus
959 5080 1017 5136 ale·
1071 5079 1162 5153 sub).
1187 5078 1268 5135 Sicut
1282 5084 1380 5134 autem
1405 5073 1473 5130 maii
1488 5088 1606 5144 quoque
1625 5071 1748 5128 scientia

169 5176 232 5227 rent
255 5169 393 5228 uenena?
422 5173 471 5228 lie
489 5174 557 5226 eunt
577 5174 650 5227 enim
682 5186 743 5241 qua
763 5167 932 5237 infructuosi
949 5167 1017 5237 afe-
1072 5169 1108 5225 ad
1123 5168 1291 5226 evitandum
1314 5165 1422 5222 scilicet
1454 5161 1564 5218 malum
1590 5158 1764 5229 necessaria,

170 5265 262 5315 ctuum
275 5262 363 5331 spinis
396 5264 503 5317 uberem
530 5261 666 5329 fructibus
694 5261 810 5316 rationis
831 5263 947 5328 sepetem
971 5271 1016 5312 ne·
1071 5266 1172 5316 statem
1205 5255 1290 5312 etiam
1303 5253 1371 5309 mati
1393 5253 1500 5309 bonam
1533 5264 1594 5306 esse
1621 5252 1766 5306 consiste

168 5352 242 5416 cant,
271 5349 464 5420 bominumque
501 5357 587 5407 mente
625 5351 812 5419 assuefaciunt
842 5347 945 5414 morbo,
963 5360 1018 5401 non
1072 5347 1197 5405 rendum
1214 5342 1420 5401 neeessariam.
1449 5341 1478 5397 si
1506 5338 1588 5423 euim¹
1601 5349 1719 5408 peccare
1743 5349 1768 5393 nt

171 5436 297 5494 liberant.
327 5438 370 5496 Ac
393 5439 418 5493 si
443 5454 523 5509 quem
552 5441 714 5510 profanum,
735 5443 766 5493 ut
788 5437 871 5506 oulqo
896 5434 1016 5503 solitum,
1073 5449 1149 5502 mus,
1168 5433 1243 5490 nibil
1267 5446 1325 5489 non
1344 5429 1488 5502 peccando
1507 5437 1768 5498 promererentur

173 5524 251 5580 nobis
289 5525 430 5582 blanditia
458 5531 555 5583 cuma
585 5526 768 5590 detrabunt,
795 5527 888 5580 ninus
910 5523 1019 5580 moleste
1072 5523 1200 5580 liberum
1214 5534 1272 5579 non
1295 5519 1380 5577 babet
1394 5516 1563 5584 arbitrium,
1585 5513 1703 5571 nullum
1720 5524 1759 5570 cx
