3804 5962
348 190 489 248 oranoc.
509 190 612 252 turen
630 173 850 261 curuosovu,
870 188 1019 248 sunnon
1037 189 1081 247 ιι
1100 188 1300 248 cunrsrran.
1633 191 1705 249 ιιιι

79 331 112 374 oc
130 325 174 374 est
196 317 355 387 inceptum,
380 316 522 388 quoniam
545 315 574 373 id
597 330 745 373 summum
757 323 799 372 est
813 319 838 371 A
854 314 895 372 illi
909 328 978 376 vero
989 313 1052 384 tibi,
1068 315 1140 386 quia
1153 314 1246 387 legem
1260 327 1319 371 ιοι
1333 313 1523 386 aequarique
1539 311 1602 388 lege
1625 311 1704 373 nibil

79 406 207 474 thorum,
229 405 390 463 rationibus
411 404 559 463 veritatem
582 406 804 478 investigare—et
861 404 984 476 objicere
999 411 1130 475 possunt,
1145 411 1173 460 et
1193 410 1272 460 tauto
1295 404 1381 460 etiam
1403 404 1498 460 miuus
1521 403 1596 460 inte
1621 404 1707 460 ratio·

79 495 141 552 ihus
161 509 219 551 ιοι
239 494 408 564 opinionem
431 495 592 564 bominum,
613 495 662 552 sed
685 495 805 552 rationis
858 493 946 550 nibus
968 499 1097 564 possunt,
1115 500 1227 563 quanto
1243 499 1275 549 tu
1302 491 1427 562 amplius
1449 499 1593 560 assuetus,
1616 491 1709 562 philo·

79 592 203 641 ucatum.
219 582 391 640 Nostrorum
415 583 514 655 itaque
529 583 636 641 scholis
657 584 743 641 corde
757 583 806 639 in·
859 571 1007 652 sophicain
1035 580 1196 639 uberiorem
1224 581 1313 638 habes
1344 587 1535 638 armaturam.
1568 580 1642 648 Quia
1669 588 1710 637 ta·

79 679 169 730 utam
190 672 319 743 ipsorum
335 672 498 729 rationibus
516 686 606 745 quam
625 671 804 730 auctoritati·
859 683 925 732 men
940 669 996 727 boc
1019 683 1057 726 ex
1083 669 1226 737 condicto,
1249 676 1277 726 et
1300 668 1364 741 pari
1390 669 1532 727 statuistis
1553 682 1709 738 consensu,

81 761 168 827 ditus,
190 760 226 816 ad
251 760 387 817 moralem
402 761 519 817 tandem
544 775 589 818 me
612 760 722 818 contuli
741 760 803 832 phi·
859 758 936 816 etde
954 758 1068 815 viribus
1082 758 1187 815 vestris
1204 755 1337 830 singulos
1351 765 1482 815 vestrum
1498 755 1645 814 confidere
1660 756 1711 812 vi-

79 864 130 918 tm,
146 862 212 921 quae
225 848 358 905 omnium
382 848 448 905 linis
462 856 502 905 est
521 848 755 920 disciplinamm,
777 854 806 905 et
860 848 924 917 deo,
937 861 1127 920 nequaquam
1150 847 1270 904 ausibus
1288 846 1392 904 vestris
1416 854 1515 903 nostra
1536 845 1712 904 erubescan-

97 952 186 1010 quam
214 946 317 995 catera
340 937 438 994 omnia
463 938 639 1007 pralibauda
663 937 804 1010 judicavi.
846 930 1082 1008 'tia[m]relcr[c]
1102 934 1289 1007 trepulsa[m],
1319 935 1479 1008 prasertim
1506 949 1575 993 cum
1601 947 1638 992 ex
1663 932 1711 991 his

80 1026 297 1093 summobono,
317 1033 345 1083 et
364 1028 399 1082 de
420 1041 534 1084 summo
555 1026 631 1084 malo
652 1032 680 1083 et
701 1027 736 1083 de
761 1025 807 1083 his
860 1023 991 1096 aliquam
1020 1024 1168 1096 percipere
1193 1038 1240 1081 mc
1264 1026 1381 1081 credam
1408 1021 1582 1081 doctrinam.
1624 1020 1711 1081 Nulla

79 1116 94 1172 il
120 1116 237 1173 beatum
268 1115 414 1172 hominem
440 1115 486 1171 vel
519 1117 655 1172 miserum
682 1114 806 1183 iaciunt,
862 1112 979 1185 quippe,
1005 1119 1039 1168 ut
1052 1112 1173 1185 quidam
1200 1120 1367 1171 nostrorum
1393 1111 1536 1183 meminit,
1552 1111 1623 1169 adeo
1638 1110 1712 1170 laisa

85 1204 165 1274 potui
191 1203 360 1270 instructus,
385 1203 483 1259 statim
511 1202 591 1272 apud
608 1215 653 1260 me
677 1201 808 1259 diversas
860 1207 903 1259 est
917 1201 1060 1268 doctriua,
1089 1208 1204 1258 utnon
1234 1200 1335 1275 aliqua
1363 1200 1558 1259 intermisceat
1582 1213 1664 1269 vera,
1683 1207 1713 1258 et

80 1293 124 1350 dei
140 1300 240 1361 sectas,
253 1292 455 1362 quibusnuuc
469 1290 598 1348 muudus
613 1290 727 1348 divisus
752 1297 805 1353 est,
860 1288 974 1347 nullam
1000 1289 1071 1347 adeo
1098 1289 1234 1347 uinctam
1259 1290 1484 1363 disputationem
1510 1289 1648 1359 arbitror,
1678 1295 1713 1348 ut

79 1388 248 1439 sacrutatns
269 1394 335 1437 sum
354 1387 382 1436 et
402 1379 538 1436 omuibus
560 1379 698 1450 inspectis
717 1386 744 1436 et
763 1378 807 1435 iu·
862 1392 921 1435 nou
951 1377 1070 1451 aliquod
1111 1379 1217 1438 habeat
1245 1379 1463 1437 documentum.
1498 1378 1580 1438 Unde
1605 1385 1634 1436 et
1664 1377 1713 1437 ille

79 1470 197 1538 notioris,
213 1469 285 1524 illud
308 1468 392 1539 sequi
411 1467 534 1534 decrevi,
556 1467 634 1539 quod
658 1475 807 1524 consenta-
863 1467 1011 1524 maximus
1024 1467 1201 1539 sapientum,
1226 1468 1257 1525 iu
1280 1467 1341 1539 ipso
1368 1469 1465 1526 statim
1485 1467 1712 1526 proverbiorum

79 1561 156 1631 uagis
171 1558 207 1614 sit
220 1557 336 1614 rationi.
352 1557 466 1613 Contuli
483 1571 529 1614 me
545 1557 633 1629 igitur
647 1555 807 1613 adludaeo·
823 1596 844 1652 B
863 1568 984 1613 sucrum
999 1556 1130 1622 exordio,
1147 1556 1278 1614 lectorem
1292 1556 1348 1613 sibl
1368 1564 1510 1615 attentum
1531 1568 1710 1628 preparans,

79 1661 169 1718 roque
187 1654 215 1702 et
234 1645 463 1703 Christianorum
485 1645 646 1703 doctrinam
666 1654 694 1703 et
721 1653 805 1703 utro·
862 1644 923 1701 ait:
941 1644 1067 1701 Audiens
1091 1647 1201 1716 sopiens
1222 1647 1375 1715 captantiu-
1399 1647 1465 1714 erit,
1481 1645 1637 1714 intelliqens
1656 1659 1708 1714 pu·

79 1735 186 1793 elidem
215 1743 243 1791 et
267 1735 344 1806 leges
366 1734 426 1791 sive
455 1735 581 1792 rationes
608 1734 805 1792 discutientes.
862 1732 1039 1789 bemuculum
1058 1734 1211 1804 possidebit
1231 1734 1323 1806 (Pron.
1340 1751 1361 1803 ι,
1375 1733 1413 1807 li).
1439 1735 1471 1792 iit
1500 1733 1624 1792 lacobus
1646 1746 1712 1804 apo·

79 1825 93 1882 ·i
121 1826 234 1882 ludaeos
262 1823 374 1890 stultus,
410 1823 588 1881 Christianos
614 1824 741 1892 insanos,
773 1831 807 1882 ut
861 1822 971 1879 stolus:
988 1823 1040 1892 Sit,
1066 1824 1174 1894 inquit,
1190 1828 1277 1880 omnis
1293 1823 1464 1881 homooeloa
1478 1823 1516 1880 od
1530 1821 1710 1892 audiendum,

78 1915 202 1984 lvapace
218 1921 279 1981 tna,
296 1913 347 1985 qui
362 1912 545 1970 Christianus
557 1912 620 1985 (iol.
642 1916 652 1966 t
671 1911 715 1985 v.)
731 1912 807 1970 dice-
862 1912 959 1968 tardus
975 1917 1065 1968 cutem
1080 1913 1292 1980 adloquendum
1307 1913 1376 1985 (loc.
1391 1930 1411 1982 r,
1429 1913 1485 1985 ib).

91 2002 204 2073 loquar.
220 2001 333 2059 Contuli
348 2001 397 2057 diu
416 2016 482 2058 cum
497 2000 641 2072 utrisque,
658 2008 686 2056 ct
702 2007 806 2056 nostrae
896 2002 1077 2069 Assentiunt,
1094 2004 1129 2059 de
1141 2010 1241 2060 nostro
1255 2018 1375 2061 assensu
1386 2003 1576 2076 gratulantes.
1652 2042 1653 2045 =

79 2087 124 2144 nis
146 2086 332 2144 altercatione
352 2085 589 2143 ¹1⁰ssdtlfflsstteffl
616 2090 728 2157 adepta,
744 2099 808 2156 lter·
897 2091 1104 2150 Pnrcosoruos.
1121 2091 1217 2149 ileum
1240 2101 1292 2162 est,
1310 2091 1416 2165 iuquit,
1444 2092 1572 2164 primum
1594 2098 1712 2151 cataros

79 2191 180 2233 aarum
203 2176 313 2232 ratione
339 2174 382 2248 [s],
404 2182 455 2232 tuo
473 2174 651 2231 committere
677 2174 807 2231 decrevi·
862 2181 1052 2253 interrogare,
1073 2182 1123 2253 qui
1149 2188 1177 2238 et
1200 2180 1327 2238 naturali
1357 2181 1430 2254 lege,
1461 2196 1528 2254 qua
1543 2181 1638 2252 prima
1656 2189 1710 2251 est,

79 2266 184 2322 rbitrio.
209 2265 247 2321 le
270 2264 378 2335 quippe
401 2279 454 2321 uec
480 2263 745 2335 philosophicarum
764 2276 809 2320 ra·
861 2276 1013 2329 contentus
1031 2285 1107 2329 sum.
1129 2270 1170 2329 hd
1194 2271 1248 2329 boc
1268 2285 1320 2329 vos
1334 2269 1396 2342 ipse
1414 2270 1601 2345 congregavi,
1624 2278 1658 2329 ut
1675 2270 1711 2328 de

88 2357 165 2411 vires
187 2367 240 2410 uec
256 2353 411 2424 utriusque
427 2352 497 2425 legis
513 2355 693 2410 munimenta
709 2352 806 2418 latere,
862 2358 1054 2429 superadditis
1083 2359 1262 2430 inquirerem
1289 2359 1414 2432 scriptis.
1440 2358 1550 2429 Prima,
1576 2360 1710 2432 inquam,

79 2458 107 2500 s.
135 2442 299 2500 Christiana
318 2455 445 2511 namque
465 2441 600 2512 protessio
626 2443 668 2498 sic
691 2441 808 2513 propria
861 2460 919 2503 uon
942 2446 1036 2504 solum
1065 2453 1202 2518 tempore,
1231 2461 1334 2505 verum
1361 2449 1448 2505 etiam
1475 2454 1593 2506 natura.
1620 2448 1712 2507 Omne

82 2532 149 2599 itur,
173 2545 262 2601 quam
278 2529 392 2587 Novum
407 2529 558 2586 nominant
581 2530 807 2597 Testamentum,
862 2536 971 2606 quippe
986 2535 1148 2607 simplicius
1159 2537 1332 2594 naturaliter
1346 2536 1429 2607 prius
1443 2544 1485 2594 est
1498 2535 1709 2608 multipliciori.

78 2634 157 2678 tuere
185 2626 280 2677 tamen
315 2633 374 2675 uon
401 2626 558 2689 praesumat
591 2620 758 2691 antiquum,
780 2625 808 2677 et
862 2622 1003 2680 lexvero
1025 2623 1170 2682 naturalis
1186 2625 1215 2682 in
1242 2624 1503 2695 scientiamorum,
1524 2639 1613 2697 quam
1637 2623 1710 2682 ethi·

81 2725 117 2768 ue
142 2709 258 2767 lectioni
293 2708 457 2765 marimum
492 2709 639 2779 impendat
665 2709 806 2766 studium.
863 2725 925 2768 cam
940 2711 1076 2781 dicimus,
1091 2713 1122 2771 iu
1143 2712 1212 2770 solie
1237 2712 1367 2771 consistit
1390 2713 1571 2772 documentis
1594 2711 1710 2770 morali·

79 2815 96 2856 u
119 2797 341 2870 nobisjudicem
367 2797 517 2868 oportebat
540 2798 653 2870 eligere,
679 2807 712 2855 ut
726 2799 809 2855 alter·
863 2799 927 2856 bus.
944 2800 1111 2859 vestrarum
1125 2810 1223 2860 autem
1248 2803 1345 2875 legum
1360 2800 1493 2859 doctriua
1507 2801 1552 2860 bis
1574 2801 1711 2874 quedam

79 2894 148 2946 >stra
172 2887 258 2943 finem
281 2887 433 2958 acciperet,
458 2900 511 2942 nec
539 2899 729 2957 quemquam,
749 2884 808 2942 nisi
863 2889 1038 2947 exteriorum
1063 2891 1215 2964 signorum
1236 2890 1347 2948 addidit
1363 2898 1517 2962 praecepta,
1544 2890 1708 2963 qumuobis

78 2990 106 3035 ra
133 2977 239 3034 harum
267 2976 356 3032 trium
386 2983 531 3031 sectarum
559 2976 685 3045 reperire
708 2976 805 3045 potui·
862 2978 980 3036 omniuo
996 2979 1133 3037 videntur
1155 2980 1314 3052 superflua,
1339 2979 1375 3038 de
1399 2979 1508 3054 quibus
1537 2981 1624 3039 etiam
1656 2993 1709 3038 suo

861 3065 924 3123 loco
938 3055 1020 3126 uobis
1032 3076 1074 3125 est
1086 3068 1304 3127 conterendum.

79 3155 165 3223 elude,
188 3163 328 3227 tanquam
348 3151 524 3210 adulationis
543 3151 639 3208 oleum
666 3151 805 3222 vendens,
900 3159 1042 3214 annuunt
1070 3158 1190 3230 utrique
1212 3158 1380 3230 philosopho
1413 3157 1538 3230 priorem
1564 3157 1594 3216 in
1619 3157 1710 3230 butus

81 3252 91 3302 t
111 3259 206 3302 meum
222 3245 275 3301 hoc
291 3252 441 3314 unguento
465 3241 631 3298 demulcens
646 3242 741 3298 statim
758 3243 807 3297 in·
861 3262 967 3322 pugnae
979 3260 1136 3319 congressu
1156 3246 1263 3304 tonum.

79 3335 211 3401 iouente
237 3334 328 3406 igitur
354 3331 461 3403 ingenit
479 3339 504 3387 ¹0
529 3330 662 3386 alumine
686 3339 713 3388 et
735 3345 807 3402 ‹lue-
897 3337 972 3394 'sum
997 3335 1043 3391 ille
1060 3350 1067 3389 :
1084 3335 1173 3402 Unde,
1190 3335 1298 3408 inquit,
1320 3335 1413 3407 primo
1437 3350 1487 3392 vos
1508 3334 1594 3393 simul
1620 3335 1709 3393 inter-

79 3433 99 3482 et
125 3423 243 3480 scientia
281 3422 498 3492 scripturarum
524 3420 601 3475 tama
630 3427 672 3475 est
696 3420 808 3491 praemi·
862 3441 942 3497 rogo,
959 3424 1036 3495 quod
1053 3424 1087 3480 ad
1104 3438 1155 3480 vos
1171 3424 1277 3494 pariter
1291 3425 1414 3482 attinere
1428 3425 1521 3494 video,
1537 3425 1589 3497 qui
1613 3424 1710 3481 maxi·

79 3522 135 3570 into
151 3513 276 3583 amplius
298 3512 327 3565 in
345 3512 398 3567 hoc
415 3509 525 3581 judicio
546 3509 667 3565 lavando
679 3509 740 3564 sive
758 3508 807 3565 de·
862 3529 908 3572 me
928 3521 1034 3583 scripto
1048 3512 1185 3578 nitimini,
1202 3521 1301 3569 utrum
1317 3513 1451 3571 videlicet
1466 3514 1495 3570 in
1512 3514 1564 3571 has
1586 3514 1653 3571 ildei
1669 3528 1711 3570 se-

78 3605 105 3658 to
120 3609 230 3659 constat
254 3599 361 3667 velere,
386 3609 414 3655 et
440 3600 644 3669 cujuscunque
676 3606 808 3654 nostrum
863 3612 924 3660 ctas
943 3602 1015 3658 ratio
1037 3614 1090 3658 vos
1115 3600 1262 3657 induxerit
1284 3603 1396 3674 aliqua,
1423 3616 1460 3658 an
1485 3603 1575 3659 solam
1596 3603 1642 3659 hic
1659 3604 1710 3660 ho·

81 3692 110 3746 ni
131 3691 295 3747 satisfacere
325 3703 416 3759 besse·
439 3687 521 3752 Quod
546 3700 614 3742 veru
637 3686 743 3757 ingenii
765 3686 809 3742 tui
864 3692 977 3746 minum
990 3689 1150 3758 opinionem
1176 3702 1209 3745 ac
1225 3690 1338 3759 pencris
1359 3692 1446 3747 vestri
1468 3690 1617 3748 sectemini
1632 3706 1712 3747 amo-

79 3795 147 3847 nen,
182 3787 323 3849 qnantum
349 3775 552 3846 philosophicis
573 3784 599 3831 et
621 3773 727 3830 divinis
748 3789 810 3831 sen-
863 3794 933 3846 rem,
951 3792 1077 3850 quorum
1094 3778 1214 3849 quidem
1240 3779 1364 3835 alterum
1388 3781 1413 3851 (2
1433 3780 1495 3850 Vl,
1511 3780 1536 3836 si
1556 3781 1603 3846 sit,
1619 3781 1710 3836 maxi·

89 3868 233 3926 memoriae
264 3875 320 3923 tuae
349 3868 504 3922 thesauros
536 3864 674 3932 abundet,
704 3870 810 3936 praeter
864 3875 967 3925 maest
992 3866 1183 3938 probandum,
1208 3865 1285 3923 sicut
1311 3867 1436 3924 alterum
1467 3869 1582 3938 penitus
1605 3868 1712 3939 impro-

79 3972 100 4013 a
115 3958 280 4014 scholarum
302 3963 420 4011 tuarum
443 3955 550 4021 studia,
568 3953 676 4024 quibus
692 3957 719 4008 in
732 3959 811 4008 utra·
865 3958 1007 4014 handum.
1048 3953 1131 4021 Quod
1165 3962 1260 4011 tanuen
1290 3969 1403 4022 verum,
1431 3965 1606 4027 postremum
1637 3970 1710 4026 esse,

79 4047 183 4105 >ctrina
206 4059 265 4117 prae
287 4044 422 4101 omuibus
451 4043 605 4113 magistris.
633 4043 720 4098 etiam
751 4041 810 4097 tuis
865 4046 977 4103 nullius
1013 4042 1139 4100 bominis
1176 4042 1291 4100 discreti
1319 4044 1526 4101 conscientiam
1554 4046 1639 4101 credo
1663 4061 1712 4102 ne-

79 4137 108 4194 is
130 4150 249 4207 quoque
273 4143 454 4205 repertarum
478 4131 664 4189 scientiarum
689 4131 811 4201 scripto·
865 4149 944 4208 gare.
959 4135 1003 4192 lta
1026 4145 1154 4203 namque
1172 4133 1296 4200 sinqulis
1310 4132 1477 4191 homiuibus
1497 4132 1608 4205 proprii
1622 4148 1712 4205 geue·

79 4231 170 4283 opstat
191 4228 218 4281 te
245 4222 386 4290 floruisse,
408 4211 571 4278 certumse
589 4220 672 4278 uobis
687 4219 811 4292 prebuit
825 4194 850 4256 ⁰
865 4225 945 4282 riset
973 4236 1084 4289 corum,
1114 4235 1181 4278 cum
1202 4221 1312 4293 quibus
1339 4223 1514 4294 educantur,
1540 4222 1646 4280 insitus
1669 4229 1712 4278 est

79 4323 196 4372 uentum
211 4326 285 4384 opus
305 4311 378 4368 illud
400 4310 532 4368 mirabile
560 4309 719 4382 theologia,
734 4308 811 4381 quod
865 4325 955 4378 amer,
974 4319 1007 4368 ut
1025 4318 1125 4368 contra
1137 4324 1237 4367 eorum
1254 4310 1338 4369 tidem
1353 4309 1499 4384 quidquid
1513 4312 1637 4381 dicatur,
1660 4311 1711 4369 ab·

79 4403 142 4460 'idia
163 4403 237 4460 terre
252 4401 357 4473 potuit,
380 4415 431 4458 nec
452 4399 567 4459 auferre
583 4400 747 4470 prevaluit,
762 4397 812 4456 sed
865 4402 1019 4473 borreaut3
1041 4406 1069 4457 et
1090 4400 1328 4457 consuetudinem
1353 4400 1383 4457 iu
1407 4409 1543 4458 naturam
1558 4409 1711 4470 vertentes,

79 4489 472 4564 iuspersequeudoetlecit.»
865 4488 1011 4563 quidquid
1035 4488 1199 4546 didicerunt
1226 4490 1305 4560 pium
1341 4487 1455 4563 [puerit
1482 4490 1589 4548 obnixe
1615 4498 1714 4548 teuent

90 4595 166 4654 ego:
192 4601 203 4629 ι
225 4581 287 4636 Νοι
312 4580 417 4646 ambio,
442 4578 575 4650 iuquam,
591 4577 683 4649 hujus
697 4578 813 4636 honoris
866 4577 969 4644 adulti,
990 4585 1019 4634 et
1032 4586 1190 4649 antequam
1208 4593 1253 4647 ea,
1274 4591 1341 4654 qua
1359 4578 1508 4647 dicuutur,
1536 4592 1638 4651 cupere
1664 4591 1714 4634 va-

79 4685 100 4734 r,
114 4682 203 4741 quam
218 4668 288 4724 mihi
313 4668 491 4730 reservastis,
514 4676 547 4724 ut
562 4665 740 4737 sapientibus
760 4666 813 4722 sci·
867 4665 1083 4731 leant,credere
1108 4680 1139 4723 se
1166 4665 1323 4733 alilrmant,
1354 4668 1479 4724 nteuim
1500 4675 1625 4738 etpoeta
1654 4680 1715 4724 me·
1784 4706 1786 4709 ψ

79 4761 174 4826 nissis,
196 4759 318 4814 stultum
335 4773 385 4828 pro
396 4758 495 4829 judice
513 4754 682 4812 statueritis.
698 4755 772 4812 Nam
786 4762 814 4812 et
867 4756 976 4814 minit:

79 4848 139 4905 uilis
155 4847 253 4916 vestri,
276 4846 362 4903 vania
384 4847 473 4916 hujus
496 4846 600 4902 muudi
621 4844 814 4901 contentioni·
903 4862 960 4928 Qu,
975 4864 1056 4920 ,meg
1071 4869 1110 4918 εει
1125 4863 1231 4918 imbuta
1244 4879 1348 4929 mens,
1364 4865 1485 4919 sembi,
1500 4865 1608 4920 odorem

79 4945 182 5005 suetus,
207 4951 264 4992 non
292 4950 380 5005 grave
407 4935 547 5005 perieram
574 4932 687 5000 audire,
707 4931 815 5002 quibus
905 4935 1056 4990 Tmtcdtu.

83 5027 104 5081 ri
120 5027 267 5082 consuevi.
287 5025 330 5081 Tu
347 5033 451 5086 tamen,
477 5021 654 5092 philosophe,
670 5020 731 5090 qui,
748 5019 832 5076 nul-2
1028 5005 1151 5075 (ΗΘΜτι
1168 5006 1258 5075 Elim·
1270 5006 1288 5061 Ι·
1305 5021 1325 5071 ¹2
1340 5019 1385 5075 ep.
1401 5008 1430 5075 ²2
1445 5020 1511 5062 Veis
1525 5007 1582 5078 69·)

79 5115 204 5172 roiessus
232 5115 334 5186 legem,
361 5111 427 5169 solis
453 5110 614 5168 rationibus
640 5108 729 5176 cedis,
757 5123 815 5166 non
867 5112 973 5180 Quales
987 5111 1108 5182 quidem
1131 5111 1366 5182 philosophorum
1392 5113 1513 5184 quidam
1539 5114 1647 5184 arguit,
1671 5112 1716 5169 di·

79 5220 139 5278 ,guo
167 5205 299 5268 aestimes,
314 5203 339 5260 si
363 5202 393 5258 in
410 5202 462 5257 hoc
483 5213 638 5271 congressu
660 5199 816 5268 prevalere
868 5216 936 5259 cens
953 5217 960 5256 :
978 5221 992 5251 u
1005 5200 1092 5267 Neve,
1119 5199 1230 5270 siquid
1256 5200 1284 5256 in
1310 5202 1471 5271 puerilibus
1493 5203 1651 5273 disciplinis
1669 5215 1716 5258 ac·

79 5309 106 5350 s.
126 5293 312 5365 'l'ibiquippe
339 5292 375 5348 ad
398 5303 527 5362 pugnam
546 5291 603 5344 duo
626 5296 694 5345 sunt
715 5288 815 5360 gladii.
869 5290 1008 5360 ceperint,
1044 5288 1074 5344 id
1114 5297 1331 5345 sacrosanctum
1366 5290 1532 5360 judicetur!
1575 5291 1717 5364 quoniam

79 5397 111 5440 ro
125 5397 185 5440 uuo
210 5388 325 5439 tantum
345 5380 417 5437 inte
440 5383 603 5435 armantur.
628 5376 673 5433 'lu
697 5377 726 5431 in
753 5374 817 5433 ilios
870 5375 990 5448 quidem
1009 5389 1054 5432 res
1065 5376 1169 5432 teneris
1183 5374 1306 5431 auribus
1320 5377 1551 5434 accommodatas
1566 5391 1641 5450 saepe
1655 5376 1718 5450 phi·

79 5472 151 5544 ripto
175 5485 265 5544 quam
288 5470 400 5529 ratione
422 5481 508 5541 agere
531 5474 611 5539 potes
632 5465 691 5538 (iol.
715 5464 815 5538 alt.);
872 5464 1008 5536 loaopbiae
1033 5463 1130 5522 senior
1152 5470 1293 5523 tractatus
1317 5465 1456 5524 eliminat.
1488 5464 1595 5536 »Quid
1614 5466 1718 5527 enim?
