3804 5962
112 170 166 234 tiit
402 162 507 221 rnrnl
524 160 713 218 septimi
732 158 809 216 OPP.
825 155 914 213 PARS
931 155 968 212 ll.
988 184 1024 200 -·
1042 153 1224 214 SERHONES
1237 155 1281 212 ET
1299 155 1420 214 OPUSG.
1432 155 1553 212 ASCET.
1805 156 1858 209 520
1896 170 1898 177 ¹

110 299 216 366 carnis,
250 299 302 351 aut
334 287 564 362 impugnationes
595 285 766 357 iniquorum
793 282 956 352 homiuum,
971 286 998 340 d
1049 285 1131 342 Tunc
1154 282 1406 356 circumjacentem
1420 289 1529 341 terram
1558 280 1661 354 irrigat
1683 286 1718 337 ut
1732 281 1858 339 iructiir·

108 390 210 462 jugem
232 395 340 456 pugne
355 379 500 437 sustinent
523 373 706 444 conflictum
731 373 763 430 ln
786 386 880 447 agone
905 371 954 429 illo
1011 388 1078 433 care
1104 373 1201 448 possit,
1242 374 1313 432 dum
1346 373 1496 445 desperata
1526 371 1608 444 prius
1648 371 1858 442 discipulorum

111 477 156 535 rel
172 487 272 548 pugna
295 467 453 536 constituti,
479 467 514 523 dil
537 479 596 537 (1110
612 461 765 535 Apostolus
779 464 840 519 aii:
864 462 957 520 omos
1011 466 1097 524 corda
1112 464 1167 523 ilde
1189 465 1395 532 corroboravit,
1412 470 1445 522 ut
1458 477 1508 535 spe
1527 463 1634 521 lutura
1659 462 1858 530 beatitudinis,

110 568 160 638 pce·
195 567 227 620 ia
256 577 344 632 opooe
370 556 518 624 contendit,
557 555 591 610 ab
624 553 747 610 omnibus
783 568 811 608 se
838 552 957 609 obstinet
1010 569 1099 628 quam
1137 554 1179 614 eis
1215 569 1370 626 resurgens
1395 552 1536 620 exhibuit,
1567 554 1711 611 bonorum
1738 567 1859 624 opernm

109 656 135 728 (l
145 656 203 712 dor.
218 668 258 719 rx,
286 651 344 722 ιδ).
367 649 404 705 Et
425 659 558 704 rursum:
588 644 632 701 Sic
656 657 758 714 pagno,
788 659 843 699 oon
875 643 957 713 paesi
1009 646 1123 705 iructns
1145 644 1302 718 proferant.
1331 644 1413 708 Quod
1433 651 1529 702 antero
1545 645 1642 700 rivum
1658 644 1751 700 amnis
1776 643 1857 715 prins

109 760 197 801 ocrem
224 740 369 796 celerans
394 736 481 808 (ibid,
507 733 564 806 ιθ).
593 734 627 790 lit
642 732 746 790 iterum
766 732 797 789 in
811 732 869 790 alia
893 732 957 804 ejus
1010 736 1173 808 appellarit,
1184 741 1392 806 cousequenter
1405 733 1530 791 fluvium
1540 733 1658 804 AEgypti
1668 746 1854 804 nuncupans,

109 833 256 906 Epistola:
282 832 342 889 Nou
356 833 397 884 eet
417 827 495 883 nobis
522 825 675 880 colluctatio
696 823 828 879 adverus
847 838 957 879 comem
1009 825 1162 897 diligenter
1194 823 1329 883 describit
1354 837 1485 895 congrua
1516 822 1662 893 parabola,
1697 822 1739 879 illi
1766 822 1857 879 fluvio

109 928 135 979 et
158 923 331 990 sanguineos,
359 917 407 974 scd
429 916 562 972 adversos
582 914 721 984 principes
747 916 774 968 ct
796 918 954 984 potestates,
1008 914 1135 988 AEgypti,
1156 914 1207 986 qui
1220 914 1304 972 Nilus
1315 912 1486 985 appellatur,
1500 912 1658 969 Dominum
1673 922 1855 981 comparans.

108 1013 239 1070 aduersos
264 1008 360 1065 monde·
385 1010 510 1073 rectores,
534 1007 629 1060 contro
645 1003 806 1073 sptcttootto
828 1004 957 1069 neqattia
1009 1006 1050 1062 De
1059 1004 1228 1077 hocquippc
1240 1004 1338 1073 llnvio,
1348 1011 1376 1061 et
1386 1002 1529 1075 singulari
1539 1001 1667 1074 quadam
1677 1001 1741 1072 ejus
1751 1008 1857 1057 natura

109 1105 140 1158 in
155 1100 305 1158 celestibus
321 1097 429 1171 (aptes.
444 1110 484 1164 vt,
502 1093 554 1165 tn).
674 1147 678 1154 .
1009 1095 1086 1153 Beda
1102 1095 1132 1152 in
1153 1095 1227 1152 libro
1245 1095 1286 1152 De
1304 1100 1411 1151 natura
1435 1106 1532 1150 rerum
1556 1094 1596 1149 ita
1619 1091 1751 1149 meminit
1775 1090 1830 1161 (ιι)
1848 1104 1855 1143 :

144 1191 198 1249 Sed
226 1197 258 1247 ut
276 1189 382 1246 luorum
397 1186 474 1242 Deus
487 1183 666 1242 exercituum
690 1180 806 1253 proprio
820 1181 957 1254 exemplo
1011 1184 1223 1243 «Nilollumine
1231 1199 1283 1256 pro
1290 1183 1397 1256 pluviis
1406 1183 1654 1254 utiturAEgyptns,
1665 1187 1781 1252 propter
1790 1179 1859 1236 solis

110 1295 163 1339 nos
185 1292 318 1352 pugnare
337 1277 451 1333 doceret
475 1280 503 1330 et
528 1272 645 1329 vincere
672 1271 763 1333 derel,
792 1270 867 1327 situl
895 1271 956 1343 ipse
1010 1276 1132 1334 calorem
1162 1274 1269 1331 imbros
1294 1280 1322 1331 et
1350 1271 1452 1331 nubila
1475 1284 1624 1343 respuens.
1652 1269 1748 1327 Mense
1776 1268 1854 1325 enim

110 1367 279 1441 promittens
300 1365 358 1422 ait:
387 1362 531 1434 confidite,
560 1376 607 1431 epo
630 1362 686 1415 otcc·
707 1359 846 1415 mumdum
863 1358 953 1431 (Joca-
1009 1365 1094 1432 llaio,
1109 1362 1340 1434 dumostiaejus
1355 1361 1465 1434 quibus
1479 1360 1600 1417 inmare
1614 1358 1857 1428 intluitccpnyro

108 1473 170 1526 ¹l1,
186 1455 243 1528 33).
257 1455 377 1512 Terram
389 1452 490 1524 ῑθῐῑεῑῑ,
507 1451 582 1508 3ῑοοῑ
601 1449 764 1521 00900008
779 1447 861 1507 lectio
875 1462 956 1505 0000
1009 1455 1107 1522 llante,
1122 1454 1209 1511 undis
1222 1452 1330 1525 ejectis,
1355 1464 1513 1509 arenarum
1536 1449 1661 1507 cumulis
1680 1455 1859 1520 praestruun.

110 1547 160 1616 alt,
189 1546 260 1602 dnm
282 1552 403 1602 terreoae
431 1539 599 1599 substantia
629 1546 734 1597 nostrae
760 1545 898 1597 naturam
925 1536 954 1595 in
1010 1552 1068 1611 tur,
1097 1542 1239 1616 paulatim
1272 1543 1475 1609 intumescens,
1506 1552 1540 1596 ac
1581 1545 1657 1596 retro
1693 1536 1856 1619 propulsus.

109 1632 264 1694 unamsibi
282 1632 379 1691 univit
396 1643 550 1704 personam
570 1629 710 1701 primodo
729 1627 839 1701 Spiritu
854 1633 954 1685 sancto
971 1635 993 1692 Β
1009 1636 1095 1707 pigna
1109 1634 1211 1706 irrigat
1225 1632 1352 1705 AEgypii,
1371 1632 1463 1691 penio
1479 1638 1576 1689 amem
1591 1636 1731 1698 cessante,
1748 1627 1858 1700 puppis.

109 1727 139 1783 in
160 1723 275 1798 virgine
295 1728 459 1794 conceptus,
483 1728 510 1777 et
534 1717 717 1790 postmodum
741 1731 778 1774 ex
798 1731 833 1774 ea
855 1723 953 1774 nilus·
1011 1739 1069 1798 que
1082 1736 1239 1781 arenarum
1253 1720 1389 1789 cumulis,
1413 1735 1466 1778 suo
1480 1720 1611 1778 redditur
1630 1721 1722 1778 alveo.
1736 1739 1751 1769 o
1775 1718 1858 1776 Nilus

146 1812 227 1873 Unde
246 1820 275 1872 et
290 1813 326 1870 ad
348 1810 472 1882 Spiritus
490 1809 583 1866 sancii
605 1807 728 1882 gretiam
753 1806 956 1864 commendati·
1011 1815 1109 1887 itaquo
1122 1813 1157 1872 de
1172 1811 1305 1883 paradiso
1320 1823 1443 1868 manans
1458 1809 1520 1881 ipsa
1535 1810 1586 1867 Dei
1606 1809 1749 1881 sapientia
1764 1815 1807 1865 est
1822 1808 1856 1865 do

109 1906 187 1973 dam,
203 1917 254 1977 per
274 1916 362 1975 quem
376 1900 424 1959 illc
442 1913 560 1972 quoque
579 1898 673 1955 iactus
687 1903 729 1954 est
750 1906 905 1968 conceptus
926 1896 956 1953 in
1009 1902 1144 1974 supernis
1157 1900 1343 1967 descendens,
1367 1907 1401 1957 ut
1415 1914 1467 1957 nos
1485 1900 1520 1957 de
1542 1899 1619 1957 tonte
1641 1913 1710 1957 roro
1730 1905 1854 1970 potaret,

108 2003 215 2053 nostroe
242 1989 447 2063 redemptionis
464 1986 627 2056 exordium,
656 1987 729 2044 bene
752 1985 801 2043 hic
822 1985 956 2044 ridemus
1009 2000 1037 2049 et
1051 1991 1140 2063 huius
1154 1989 1257 2048 mundi
1273 1990 1440 2063 AEgyptum
1462 1989 1490 2046 id
1505 1996 1548 2046 cst
1561 1988 1694 2046 tenebras
1714 1989 1777 2060 ipsa
1792 2000 1856 2045 car·

108 2083 276 2156 prophetam
295 2093 442 2147 exorsum,
464 2085 493 2136 et
507 2077 704 2136 narrationem
718 2090 802 2134 suam
820 2075 851 2132 in
872 2074 957 2132 bene·
1009 2081 1054 2138 nis
1077 2087 1233 2151 assumpto
1261 2078 1413 2151 prasentia
1438 2077 1604 2145 illustraret,
1634 2077 1669 2134 de
1695 2091 1755 2149 qua
1785 2078 1856 2136 scri·

108 2172 180 2230 ficiis
201 2170 308 2230 divinis
330 2170 464 2240 deinceps
488 2168 645 2240 perducere
667 2181 761 2238 usqne
784 2165 822 2224 ad
843 2163 954 2222 missio·
1010 2180 1092 2243 pium
1113 2177 1174 2228 ost:
1196 2172 1266 2227 iicet
1280 2169 1330 2225 too
1344 2183 1417 2236 occo,
1444 2183 1504 2234 poa
1525 2167 1675 2236 illuminat,
1691 2176 1746 2225 ete.
1762 2169 1853 2238 (loon.

108 2276 176 2320 uem
194 2261 324 2334 eiusdem
348 2259 473 2330 Spiritus
488 2257 593 2315 iactam
618 2257 648 2313 in
667 2255 802 2328 praesenti
816 2261 953 2326 tempore.
1009 2277 1029 2330 1,
1045 2260 1084 2332 9.)
1103 2258 1155 2316 llic
1168 2258 1276 2316 llnsius
1303 2269 1354 2328 per
1379 2261 1488 2326 septem
1507 2255 1579 2312 ostia
1605 2254 1634 2312 in
1650 2269 1730 2312 mare
1745 2255 1852 2314 dicitnr

108 2351 154 2408 Ab
167 2350 215 2407 illo
228 2350 336 2422 quippe
351 2346 507 2405 90οῑοῑοῶ
526 2345 719 2415 000οθ))ῑὶθῦῑὸ
733 2342 862 2412 exordii),
883 2358 955 2415 (1110,
1009 2348 1146 2407 delluere.
1160 2348 1228 2416 Quae
1241 2344 1348 2403 scilicet
1356 2345 1428 2402 ostia
1444 2345 1525 2414 dum,
1540 2353 1626 2403 vento
1641 2344 1741 2412 llante,
1758 2346 1854 2402 arenis

109 2446 142 2496 ιιι
154 2435 317 2509 expositum
332 2440 385 2503 00),
399 2440 506 2490 liliam
526 2432 628 2504 tetigit,
654 2432 694 2490 ἰῑὸ
717 2431 869 2504 diligenter
883 2429 955 2503 quid
1008 2439 1211 2504 obstruuntur,
1232 2433 1379 2493 relluxum
1408 2433 1517 2492 habent
1544 2435 1574 2490 in
1602 2441 1719 2503 terram,
1746 2435 1854 2493 habent

109 2525 137 2584 id
152 2527 208 2583 nac
223 2533 300 2583 cerro
322 2522 422 2597 egerit,
450 2521 689 2593 ompccncocere
703 2520 827 2590 curavit,
848 2526 882 2578 ut
901 2534 956 2577 nec
1009 2541 1068 2586 noo
1086 2525 1209 2583 timeum
1232 2522 1344 2580 exitum
1364 2523 1395 2580 io
1410 2536 1499 2581 marc.
1518 2524 1563 2580 sic
1587 2532 1649 2595 post
1664 2523 1853 2581 resurreccio-

108 2623 232 2673 mortem
256 2613 356 2685 ipsius,
383 2626 437 2670 nec
457 2609 709 2679 murmillonem,
738 2624 791 2667 000
816 2607 955 2666 080008ἰο
1008 2631 1075 2675 nem
1094 2613 1218 2682 Domini,
1236 2619 1396 2685 antequam
1416 2613 1589 2685 septiformis
1612 2613 1705 2686 gratia
1733 2614 1855 2684 Spiritus

109 2719 174 2762 nem
197 2701 426 2775 pretermittens,
451 2700 488 2757 ad
509 2699 709 2758 excellentiam
723 2697 885 2756 testivitatis
899 2697 955 2754 bo·
1008 2705 1206 2763 offunderetur
1221 2702 1401 2774 inmagnum
1414 2703 1667 2770 marenationnm‚
1679 2703 1854 2775 quibusdam

108 2792 216 2852 dierum
231 2790 489 2850 commendandam
500 2789 670 2860 perveniret·
685 2787 820 2860 congruo
834 2786 952 2858 quidem
1008 2794 1092 2868 quasi
1106 2792 1211 2861 arenis,
1226 2799 1313 2849 rento
1328 2791 1425 2860 dante,
1442 2792 1647 2850 obstruebatur
1660 2792 1769 2850 llnvius
1784 2791 1851 2849 iste:

107 2882 207 2940 ordine
221 2889 362 2952 tanquam
377 2893 394 2936 a
408 2879 500 2950 capite
516 2877 554 2935 ad
570 2877 700 2935 membra
719 2890 770 2947 per
788 2874 953 2932 mirabilem
970 2915 992 2973 C
1008 2883 1078 2941 cium
1091 2889 1171 2939 motu
1190 2881 1358 2938 Jndaeornm
1373 2881 1492 2953 apostoli
1506 2881 1671 2953 compressi,
1688 2881 1723 2938 de
1742 2881 1851 2948 todeca,

107 2970 200 3030 sancti
231 2970 354 3041 spiritns
383 2967 576 3038 operationem
609 2966 764 3035 deducens,
792 2978 860 3022 cum
893 2963 954 3036 ipse
1008 2972 1180 3043 inquaerere
1195 2970 1270 3028 iacto
1285 2969 1854 3044 oaecitas,tanquamdoAEgyptoegredi

106 3058 224 3124 scillcet,
250 3056 335 3128 cnjus
360 3056 523 3126 operatione
550 3059 706 3123 conceptus
732 3059 774 3109 est
802 3052 953 3123 nominos,
1008 3073 1066 3116 non
1092 3057 1344 3130 permittebantur,
1368 3064 1402 3115 ut
1417 3058 1452 3115 de
1467 3058 1521 3115 boc
1535 3056 1625 3115 llurio
1648 3057 1851 3128 perpraedica-

106 3146 254 3220 apostolici
265 3146 403 3202 virtutem
420 3141 632 3200 consummavit
646 3141 800 3198 exercilus·
1007 3145 1114 3204 tionem
1131 3160 1215 3204 suam
1240 3152 1340 3217 gentes
1363 3145 1523 3202 reticerent.
1544 3144 1617 3214 Quid
1638 3143 1716 3200 euim
1736 3151 1852 3212 ventus,

141 3236 207 3293 Tria
231 3235 330 3307 itaque
357 3248 374 3290 a
398 3233 518 3289 Domluo
541 3238 617 3289 tacta
643 3230 856 3303 quodammodo
878 3230 954 3288 tabe·
1007 3234 1064 3292 nisi
1077 3234 1220 3293 diabolica
1244 3233 1413 3308 suggestio?
1435 3233 1510 3303 Quid
1529 3247 1635 3301 arenae,
1650 3234 1706 3291 nisi
1735 3232 1788 3305 qul
1807 3234 1855 3290 in·

106 3332 201 3392 scunt,
217 3323 286 3380 dnm
302 3322 339 3379 ab
361 3322 423 3393 ipso
439 3319 605 3377 humanitas
619 3327 768 3392 assumpta
782 3319 951 3377 addissoiu·
1006 3325 1094 3383 fluxu
1115 3325 1213 3383 sacculi
1236 3339 1288 3397 per
1312 3324 1574 3397 concupiscentiam
1597 3333 1777 3382 terrenorum
1797 3322 1855 3380 huc

108 3413 213 3471 tionem
234 3412 373 3485 perducta
396 3416 439 3466 cst
454 3409 564 3466 mortis.
582 3408 662 3466 Unde
676 3416 704 3466 et
718 3409 834 3481 ipsemet
848 3409 884 3466 dc
898 3408 953 3466 hac
1006 3414 1135 3488 illucque
1149 3414 1304 3473 delluuut‘l

106 3501 293 3560 dissolutione
321 3499 422 3558 mortis
451 3499 488 3556 ad
519 3498 632 3556 Patrem
661 3499 721 3557 ait:
754 3501 786 3554 lo
811 3501 952 3570 pulverem
1042 3504 1134 3564 Vento
1148 3504 1246 3577 itaque
1268 3503 1365 3573 llante,
1385 3518 1475 3562 arena
1494 3503 1644 3563 cumulata
1659 3501 1787 3562 fluvium
1801 3503 1851 3562 ob-

105 3597 201 3648 mortis
223 3590 375 3662 {deducbtc‘
401 3605 443 3645 me
473 3589 557 3658 (Psot.
585 3603 645 3653 xxr,
676 3590 728 3660 ld).
756 3590 793 3645 Et
820 3589 891 3660 qnia
918 3589 953 3647 de
1007 3594 1102 3664 struit,
1125 3595 1196 3653 dum
1211 3592 1354 3665 cupiditas
1373 3594 1540 3652 ludaeorum
1563 3594 1657 3652 locum
1676 3594 1721 3651 vel
1738 3603 1853 3666 gentem

106 3688 197 3740 morte
224 3678 316 3753 ipsius
340 3679 466 3737 maximo
492 3677 653 3736 contristati
676 3676 796 3749 apostoli
822 3677 950 3750 luerunt,
1007 3685 1138 3743 amittere
1156 3691 1298 3751 metuens,
1326 3684 1512 3756 apostolicam
1537 3684 1690 3755 compescit
1717 3682 1854 3755 predica-

105 3770 183 3828 hanc
194 3770 353 3828 maximam
368 3782 470 3827 eorum
488 3767 632 3840 justitiam
652 3768 763 3826 luctum
788 3767 952 3841 appellabat
1006 3775 1123 3832 tionem.
1167 3772 1221 3831 Sed
1253 3773 1309 3832 hoc
1335 3774 1516 3845 postmodum
1545 3781 1624 3831 metu
1656 3774 1691 3831 de
1719 3773 1854 3831 cordibus

104 3861 252 3933 propbeta,
278 3874 345 3917 cum
360 3858 528 3931 subjungit:
557 3860 593 3914 nt
607 3858 737 3927 tepebunt
761 3873 851 3915 omnes
874 3860 952 3915 bobi-
1005 3878 1106 3922 corum
1123 3876 1173 3936 per
1187 3861 1326 3934 Spiritum
1347 3871 1480 3920 sanctum
1493 3862 1623 3934 expulso,
1640 3863 1733 3935 ruptis
1746 3864 1852 3932 arenis,

104 3954 193 4007 tontes
217 3952 248 4006 tn
264 3964 297 4005 eo
317 3949 412 4021 (Amos
431 3961 472 4016 ιιι,
487 3949 524 4020 5).
540 3947 581 4004 De
601 3949 758 4020 quostiam
772 3947 853 4006 luctu
867 3948 952 4021 quasi
1005 3952 1094 4010 libere
1107 3950 1216 4009 lluvius
1238 3951 1268 4008 in
1284 3964 1364 4009 mare
1378 3951 1490 4019 defluit,
1506 3952 1575 4008 dum
1590 3950 1626 4008 ad
1642 3959 1739 4024 gentes
1752 3954 1787 4009 de
1805 3952 1854 4009 lu-

105 4038 277 4110 vespertino,
303 4045 369 4095 ante
392 4036 564 4093 matutinam
584 4037 801 4095 resurrectionis
818 4038 882 4110 ejus
905 4037 951 4095 lte
1005 4041 1067 4098 dea
1082 4040 1246 4111 pradicatio
1269 4038 1436 4113 apostolica,
1466 4040 1544 4097 omni
1571 4040 1682 4098 timoris
1706 4041 1853 4099 obstaculo

104 4127 208 4197 titiam,
230 4126 380 4184 Psalmista
404 4125 597 4198 predixerat:
623 4126 669 4182 Ad
690 4142 833 4199 vesperam
856 4128 950 4184 deme
1004 4129 1129 4201 repulso,
1145 4136 1308 4188 constanter
1328 4129 1427 4198 exivit,
1451 4130 1525 4187 sicut
1547 4144 1627 4187 unus
1641 4144 1741 4188 eorum
1761 4129 1854 4188 intro-

102 4218 211 4274 robt'tar
250 4219 338 4286 petus,
379 4220 405 4270 et
446 4214 484 4271 od
526 4218 692 4272 matutinum
730 4219 827 4274 latitia
863 4217 948 4290 (Psoi.
1005 4218 1091 4291 pidus
1105 4219 1162 4276 ait:
1192 4219 1274 4276 Vobis
1298 4218 1439 4290 oportebat
1463 4221 1583 4290 primum
1607 4220 1761 4291 praedicere
1792 4236 1853 4275 cer-

104 4306 293 4378 xx11,6).ln
317 4311 393 4362 terra
414 4303 498 4376 quasi
513 4304 673 4364 tabescente
697 4306 793 4364 ildeles
806 4306 949 4377 habitant,
967 4275 989 4329 ⁰
1008 4309 1070 4364 bom
1082 4309 1131 4365 Dec·
1139 4325 1151 4374 ,·
1165 4308 1213 4364 sed
1235 4309 1301 4375 poio
1316 4324 1363 4365 oos
1385 4308 1515 4377 indignos
1541 4314 1648 4365 aterne
1666 4312 1731 4365 otte
1741 4308 1853 4380 joctico-

103 4395 176 4453 dnm
190 4394 221 4452 in
240 4400 396 4465 assumptae
411 4392 602 4452 humanitatis
617 4402 707 4453 morte
731 4410 810 4469 spem
825 4410 886 4454 sna
908 4410 951 4454 re·
1006 4401 1066 4463 stts,
1093 4413 1150 4454 ecce
1164 4399 1346 4455 convertimur
1360 4398 1398 4453 od
1412 4404 1503 4468 pentes
1521 4396 1594 4470 (Act.
1619 4413 1682 4467 ιιιιι,
1704 4398 1760 4472 ιι).
1779 4397 1853 4468 Quia

103 4483 278 4557 demptionis
295 4483 445 4542 collocant.
471 4485 563 4550 Quam
584 4484 716 4543 videlicet
741 4498 820 4557 spem
842 4498 951 4558 nequa·
1006 4495 1103 4545 tamen
1117 4487 1187 4545 dum
1206 4487 1237 4544 iu
1259 4487 1359 4545 ludaea
1384 4487 1558 4546 tenebantur
1582 4487 1722 4558 conclusi,
1744 4503 1854 4561 nequa·

104 4588 194 4648 quam
217 4572 383 4641 retinerent,
407 4573 464 4630 nisi
486 4573 522 4631 de
543 4574 643 4632 mortis
662 4588 732 4632 casn
747 4574 952 4633 conscenderet
1004 4590 1094 4648 quam
1109 4590 1126 4632 a
1140 4575 1238 4633 tructn
1253 4589 1371 4647 prorsus
1388 4584 1472 4635 erant
1484 4576 1580 4647 vacui,
1598 4592 1664 4634 curn
1680 4577 1719 4635 rbi
1736 4593 1854 4652 quoquo

103 4663 299 4722 resuscitatus.
332 4662 414 4720 Unde
441 4669 469 4721 et
497 4663 649 4722 subditur:
667 4664 703 4721 itt
730 4664 858 4720 ascendet
879 4665 951 4720 sicut
1004 4665 1175 4724 nonnullam
1191 4665 1342 4723 bominum
1355 4666 1571 4725 multitudinem
1584 4668 1640 4724 Deo
1658 4667 1852 4739 lucrarentur,

101 4754 178 4811 rinus
201 4755 301 4824 omnis,
317 4756 344 4808 ct
371 4752 471 4822 deliaci
488 4756 559 4809 sicut
590 4755 690 4824 picotus
717 4751 837 4824 AEppptl
855 4751 950 4826 (Amos
1004 4755 1159 4829 predictus
1184 4747 1303 4818 fluvius,
1331 4753 1359 4811 id
1380 4764 1420 4816 est
1436 4751 1576 4827 Christus,
1593 4755 1721 4828 quodam
1734 4755 1773 4812 ibi
1800 4771 1853 4815 suo

102 4859 140 4914 ns,
162 4842 452 4917 pincionemonte
471 4840 503 4898 in
521 4841 601 4900 alveo
623 4856 678 4901 suo
698 4842 854 4901 conclusus
872 4841 951 4899 cohi·
1003 4845 1121 4904 relluxu
1135 4843 1331 4914 irnctillcavit,
1355 4852 1514 4918 antequam
1532 4845 1562 4902 in
1582 4847 1758 4904 immensum
1773 4859 1854 4904 mare

102 4935 196 5004 betur,
216 4949 269 4991 nec
285 4947 315 4991 se
339 4931 453 5006 erigens
479 4931 595 4990 alveum
619 4932 740 5003 excedit,
761 4945 950 5006 nequaqnam
1003 4935 1133 5009 gentium
1147 4933 1286 5004 delluens,
1303 4932 1461 4994 Ecclesiam
1476 4934 1607 5008 undique
1619 4935 1774 5009 colligeret.

103 5031 195 5081 terras
216 5019 453 5093 circumiacentes
477 5021 599 5095 irrigare
621 5021 705 5079 valet.
723 5020 810 5090 Quasi
831 5036 900 5096 ergo
914 5022 950 5080 do
1038 5025 1198 5084 Ascensum
1222 5024 1320 5096 itaque
1341 5025 1425 5083 lluvii
1450 5024 1565 5097 AEgypti
1593 5024 1742 5083 relluxum
1762 5038 1852 5098 expo-

101 5110 183 5169 alvoo
198 5110 285 5168 sirus
310 5110 405 5167 amnis
420 5111 556 5181 ascendit,
579 5124 647 5168 cum
663 5110 814 5169 incarnata
837 5110 887 5169 Dei
902 5125 949 5169 sa·
1002 5113 1090 5172 situm
1113 5115 1144 5173 in
1172 5114 1303 5172 tndaean
1317 5114 1395 5183 dicit,
1422 5127 1455 5171 ac
1471 5114 1573 5173 deiude
1588 5114 1690 5173 ordine
1709 5129 1851 5186 congruo,

102 5197 210 5273 pientia
225 5198 260 5256 de
282 5199 343 5270 ipso
366 5200 466 5258 mortis
491 5199 563 5271 loco,
590 5214 648 5273 quo
674 5200 821 5274 depositus
843 5201 946 5265 luerat,
1001 5202 1156 5262 dellurum
1183 5203 1247 5276 ejus
1265 5204 1295 5262 ln
1324 5205 1494 5263 universum
1525 5203 1671 5263 mundum
1697 5205 1734 5262 ad
1764 5204 1853 5263 cerda

101 5289 158 5347 uoc
175 5295 218 5346 est
230 5286 265 5346 dc
278 5288 412 5362 sepulcro
426 5290 561 5364 resurgit.
1002 5291 1133 5363 gentium
1148 5292 1300 5356 irroranda
1312 5293 1457 5368 supponit.
1475 5293 1639 5364 Quodnam
1656 5293 1772 5353 nonnisi
1787 5303 1851 5366 post

140 5448 195 5521 (ιι)
209 5451 326 5521 patrol,
340 5459 410 5510 tom.
423 5451 482 5521 XC,
497 5451 551 5509 col.
565 5454 628 5509 ιιι.
