3804 5962
91 168 142 223 80³
356 167 458 225 PETRI
478 165 664 223 remeandi
684 165 762 221 OPP.
782 161 871 221 Plus
889 163 938 220 llt.
952 191 988 206 -
999 159 1226 220 rnnonoetca
1244 160 1287 218 ET
1304 159 1570 219 rumosovtsscn.

90 291 155 351 tatis
170 291 331 365 distinguit,
352 299 385 349 nt
398 304 457 348 non
479 288 572 348 solum
591 290 732 346 unitatem
747 288 807 358 liei,
822 301 927 347 verum
942 288 966 343 A
980 285 1172 357 omnipotens,
1204 292 1233 341 et
1254 298 1304 356 per
1330 285 1554 355 omnipotentem
1584 286 1676 342 Pater.
1697 307 1707 337 ι
1731 288 1739 344 l

88 389 116 439 ct
131 382 288 438 trinitatem
303 395 339 436 ex
367 380 435 451 ipsis
450 379 587 450 operibus
612 378 789 450 perpendere
807 385 935 449 possent,
990 382 1086 432 autem
1112 375 1141 430 in
1166 373 1259 445 primo
1277 373 1438 449 theologiae
1456 380 1560 430 nostras
1574 382 1660 444 prout
1684 383 1739 445 poti

89 470 334 542 quemadmodum
347 483 384 525 ex
397 468 536 539 qualitate
552 467 646 538 operis
660 467 824 540 cujuslibet,
839 467 936 538 qualis
989 464 1059 521 satis
1087 463 1240 535 diligenter
1267 463 1466 519 disseruimus.
1498 466 1622 533 Apparet
1654 465 1739 536 itaqu

90 559 215 630 etcujus
230 556 344 614 solertia
369 557 456 614 luerit
483 556 587 612 artifex
614 556 679 628 ejus
703 555 880 627 conjicimus.
898 555 934 611 Ει
988 553 1066 609 xime
1086 567 1123 609 ex
1150 553 1212 624 ipsa
1234 552 1391 608 mundane
1416 551 1533 607 labricm
1561 553 1739 610 universitati

90 649 204 705 attende
225 647 378 718 diligenter
398 645 508 702 dictum
528 644 605 716 quod
630 653 732 701 notum
746 653 788 702 est
812 645 861 701 Ilei
877 645 933 701 illis
989 642 1162 698 mirabiliter
1177 641 1261 709 lacta,
1286 648 1344 697 tam
1367 641 1500 697 decenter
1514 649 1625 711 ornata,
1644 651 1739 713 quant

1 799 3 805 ,
91 736 250 795 revelatum
279 735 375 803 luisse,
404 734 458 791 hoc
478 743 520 791 est
545 748 593 791 eos
622 734 776 790 credidisse
804 747 840 791 ea
867 744 933 805 qum
989 733 1093 799 tentiae,
1125 730 1739 804 quantaesapientiae,quantaebonitatisejt

86 839 166 883 nunc
185 824 331 882 credimus
354 823 389 880 de
404 823 528 894 hisquae
544 823 580 878 ad
606 821 792 879 Divinitatem
814 823 931 893 quidem
987 820 1058 878 tilex
1072 821 1118 888 sit,
1135 821 1186 892 qui
1206 827 1319 876 tantum
1340 825 1368 874 et
1391 819 1446 875 tale
1469 833 1543 889 opus
1565 819 1600 875 de
1625 819 1716 876 nihilo

86 915 228 985 pertinent
244 913 339 984 potius
353 925 442 983 quam
456 911 493 966 ad
518 910 625 967 divinae
645 910 856 967 incarnationis
872 926 931 982 my·
988 910 1082 980 potuit
1104 913 1133 966 ei
1160 909 1263 976 voluit,
1285 915 1312 964 et
1342 916 1400 963 tam
1429 907 1547 963 solerter
1574 915 1601 964 et
1624 908 1739 965 rationa]

86 1003 215 1060 sterium.
246 1000 415 1072 llysterinm
439 998 546 1071 quippe
567 999 777 1055 incarnationis
797 1013 834 1055 ex
861 999 928 1056 visi·
987 1007 1093 1056 cuncta
1116 1000 1295 1070 temperavit,
1319 998 1358 1053 ita
1373 1005 1406 1053 ut
1426 997 1456 1052 in
1472 996 1597 1067 singulis
1613 996 1684 1052 nibil
1699 998 1739 1067 plt

87 1091 192 1149 bilibus
219 1090 268 1147 liei
295 1088 431 1161 operibus
453 1101 640 1159 nequaquam
668 1087 779 1157 concipi
801 1086 930 1144 bumana
986 1088 1084 1145 minus
1107 1102 1196 1159 quam
1211 1086 1380 1158 :oportuerit
1400 1092 1497 1141 artum
1523 1086 1569 1143 sit.
1594 1086 1675 1142 Unde
1697 1093 1727 1144 et

87 1187 196 1252 poterat
224 1180 346 1246 ratione,
376 1177 451 1233 sicut
487 1175 614 1246 potentia
645 1175 705 1244 Ilei,
735 1183 763 1232 et
786 1175 929 1247 sapientia
987 1176 1056 1245 ipse,
1077 1190 1143 1232 cum
1161 1176 1196 1232 de
1211 1175 1347 1246 genitura
1362 1173 1462 1230 mundi
1476 1183 1582 1244 ageret,
1608 1175 1738 1231 intentu

84 1271 157 1342 ejus,
186 1275 213 1325 et
242 1265 406 1338 benignitas
433 1279 470 1321 ex
491 1264 536 1321 his
563 1278 629 1336 quae
659 1263 797 1321 videbant
820 1264 928 1336 liquide
985 1265 1059 1322 vinae
1084 1265 1218 1336 potentiae
1246 1271 1274 1320 et
1305 1262 1452 1333 sapientiae
1477 1262 1631 1319 bonitatem
1656 1264 1738 1319 extul

86 1356 327 1430 percipiebantur.
346 1358 379 1411 ln
394 1353 503 1425 qulbus
518 1353 637 1424 quidem
653 1352 747 1409 tribus
763 1360 852 1410 totam
866 1355 926 1410 iri·
984 1361 1126 1410 astrueret
1143 1354 1234 1410 Deum
1249 1352 1417 1408 nullatenus
1434 1352 1561 1421 potuisse
1575 1351 1739 1408 mundumr

84 1446 183 1504 nitatis
217 1443 429 1503 distinctionem
459 1443 614 1499 consistere
644 1442 738 1499 credo.
765 1442 796 1499 ld
819 1443 928 1514 quippe
983 1458 1044 1501 rem
1058 1442 1150 1500 lacere
1165 1456 1253 1513 quam
1265 1441 1371 1498 lecerit.
1382 1441 1445 1498 Non
1455 1440 1653 1497 solnmautcm
1664 1442 1739 1512 pbilc

84 1537 159 1592 Deus
174 1535 256 1590 Pater
278 1546 379 1590 sonare
402 1531 474 1587 mibi
496 1530 613 1588 videtur
627 1531 706 1602 quod
729 1537 813 1588 sonat
828 1532 928 1589 diviua
944 1539 964 1593 Β
983 1533 1111 1603 gentium
1123 1546 1159 1588 ex
1171 1531 1233 1602 ipsa
1244 1531 1345 1586 mundi
1356 1529 1562 1599 compositione
1572 1530 1615 1585 vel
1626 1538 1733 1587 ornatu

85 1624 212 1696 potentia
240 1622 371 1679 divinam
398 1633 540 1693 generans
563 1619 746 1690 sapientiam,
772 1620 800 1677 id
824 1627 866 1677 est
882 1621 925 1690 Fi·
983 1621 1033 1677 bili
1044 1619 1204 1677 mirabilem
1213 1619 1277 1690 ejus
1286 1618 1424 1675 artillcem
1439 1627 1635 1689 perceperunt,
1645 1633 1739 1675 verun

83 1714 167 1780 lium,
183 1719 211 1770 et
234 1712 311 1768 Deus
334 1710 452 1781 quidem
468 1708 560 1765 Filius
583 1709 763 1765 tantumdem
782 1717 926 1780 quantum
981 1710 1089 1781 optima
1110 1709 1173 1780 ejus
1190 1708 1376 1778 dispositione
1397 1708 1536 1777 optimam
1556 1708 1661 1763 divinae
1677 1709 1738 1779 gub

83 1801 183 1858 divina
206 1800 347 1870 sapientia
371 1812 408 1856 ex
424 1800 480 1855 ileo
495 1799 578 1854 Patre
598 1798 707 1869 genita,
722 1804 751 1855 et
773 1798 851 1855 Dens
869 1799 925 1869 spi·
981 1799 1068 1856 tionis
1078 1798 1289 1870 providentiam
1305 1796 1615 1867 rationibuscongruis
1626 1798 1739 1868 assigna

82 1891 156 1947 ritus
177 1896 295 1945 sanctus
328 1893 472 1958 quantum
500 1899 582 1942 amor
605 1887 655 1943 liei
678 1886 739 1942 sive
762 1885 927 1959 benignitas
981 1888 1109 1955 Quorum
1136 1901 1215 1944 unns
1242 1885 1354 1942 Tullius
1380 1885 1410 1940 in
1444 1885 1536 1955 primo
1566 1884 1727 1942 libetoricae

81 1993 118 2036 ex
154 1980 211 2035 lieo
243 1978 327 2034 Patre
356 1977 512 2047 procedens
539 1983 567 2032 et
594 1975 676 2031 Filio.
716 1975 924 2032 continuatio:
981 1978 1125 2033 mundum
1152 1977 1247 2046 ipsum
1282 1974 1475 2046 providentia,
1513 1987 1572 2029 nou
1605 1973 1726 2031 lortnitu

83 2069 159 2125 Deus
175 2067 230 2124 illis
252 2065 402 2132 revelavit,
418 2065 490 2136 quia
506 2078 556 2134 per
580 2064 720 2120 rationem
747 2065 927 2135 quambene
981 2065 1079 2122 valida
1104 2065 1215 2121 ratione
1244 2063 1425 2130 monstravit,
1455 2077 1522 2119 eum
1543 2063 1674 2120 videlicet
1702 2077 1737 2121 ea

81 2157 124 2213 eis
150 2155 282 2224 contulit,
306 2169 342 2211 ex
366 2153 531 2211 visibilibus
556 2153 647 2224 ipsius
668 2152 804 2223 operibns
827 2153 926 2210 divina
952 2181 954 2184 ⁴
980 2153 1100 2210 consilio
1115 2167 1149 2209 ac
1164 2152 1343 2223 providentia
1368 2160 1520 2222 reguntur,
1546 2152 1650 2208 melius
1673 2166 1739 2223 proc

81 2247 144 2318 ejus
168 2244 293 2301 Trinitas
319 2245 454 2310 innotuit,
479 2248 506 2298 ot
521 2255 573 2312 per
590 2241 691 2299 ellecta
718 2256 772 2299 sua
797 2243 856 2312 ipse
879 2256 923 2300 ar·
981 2248 1068 2312 atque
1096 2241 1292 2298 administrari
1321 2249 1459 2311 proponet
1480 2255 1569 2311 quam
1599 2241 1679 2298 alia:
1706 2255 1739 2298 ac

81 2334 161 2399 tilex,
190 2331 235 2387 sui
263 2331 395 2387 notitiam
422 2331 464 2385 eis
487 2328 625 2400 impersit.
648 2329 684 2384 Et
706 2328 761 2385 boc
783 2337 825 2384 est
847 2330 924 2400 quod
981 2330 1032 2386 tim
1047 2329 1122 2387 nibil
1146 2329 1291 2386 meliuset
1312 2328 1473 2385 ordinatius
1489 2329 1688 2386 administrari
1706 2343 1739 2386 ve

81 2423 130 2489 ait,
146 2418 301 2476 lariisibtliu
319 2419 389 2473 enim
407 2421 508 2488 ipsius,
530 2417 557 2473 id
580 2425 621 2474 est
644 2417 704 2481 liei,
724 2417 803 2488 quod
825 2424 866 2474 est
882 2418 924 2474 di·
980 2420 1057 2490 poni,
1077 2432 1166 2490 qnam
1191 2418 1334 2475 mundum
1358 2419 1453 2488 ipsum
1473 2426 1642 2486 assumeret,
1667 2426 1739 2490 atqu

80 2523 143 2568 cere
163 2507 317 2578 multiplex
345 2506 407 2577 ejus
442 2520 493 2562 seu
516 2505 689 2575 septilormis
718 2505 851 2575 Spiritus,
872 2507 923 2577 qui
979 2522 1096 2580 quoqne
1120 2507 1197 2564 illico
1221 2507 1373 2562 manifesta
1388 2507 1498 2563 ratione
1519 2508 1739 2576 convincerem<

79 2599 165 2656 etiam
189 2605 295 2667 septem
314 2595 433 2666 spiritus
458 2608 671 2664 nonnunquam
693 2593 810 2662 dicitur,
847 2595 923 2650 sicut
978 2597 1048 2654 dens
1076 2596 1183 2652 scilicet
1209 2610 1298 2666 quam
1314 2595 1423 2652 utiliter
1434 2603 1461 2652 et
1477 2596 1687 2655 rationabiliter
1711 2612 1739 2656 ea

79 2685 250 2759 septilormis
269 2686 369 2757 gratim
392 2685 484 2755 dona;
502 2683 570 2753 ipse,
593 2681 727 2753 inquam,
751 2683 923 2754 septilormis
978 2685 1009 2741 in
1025 2687 1134 2742 mundo
1147 2692 1215 2743 sunt
1228 2687 1257 2741 in
1268 2699 1321 2741 sna
1337 2686 1519 2742 ordinatione
1534 2694 1725 2757 perseverent.

69 2775 201 2847 spiritus
222 2774 271 2831 liei
295 2772 471 2844 conspicitur
494 2772 666 2839 intellectus,
684 2772 712 2827 id
735 2779 778 2828 est
792 2785 921 2843 ,perpeu
1013 2776 1169 2832 Possumus
1186 2782 1214 2831 et
1228 2775 1305 2846 quod
1323 2775 1364 2829 ait
1386 2775 1559 2845 Apostolus:
1583 2777 1739 2832 invisibilia

79 2865 158 2921 ditur
184 2877 243 2920 non
266 2863 358 2920 oculis
383 2861 523 2933 corporis,
549 2860 599 2918 sed
622 2859 812 2934 intelligentia
836 2861 922 2918 ratio·
939 2887 960 2944 ρ
977 2866 1065 2937 ipsius
1080 2870 1236 2919 arremaro
1261 2863 1369 2930 mundi,
1393 2870 1457 2933 etc,
1475 2879 1531 2921 non
1556 2865 1649 2922 solum
1671 2867 1711 2922 ita
1735 2884 1739 2919 t

78 2945 133 3011 n'is.
977 2966 1055 3016 nere,
1071 2950 1149 3022 quod
1162 2964 1199 3007 ex
1215 2950 1418 3020 compositione
1432 2959 1510 3008 etex
1530 2959 1636 3009 ornatu
1655 2953 1739 3010 muni

111 3045 138 3099 A
153 3046 278 3097 creatura
290 3039 388 3095 mnndi
402 3053 455 3108 per
469 3053 501 3092 ec
515 3051 575 3106 qua
595 3039 672 3105 tacta
690 3043 753 3092 sunt
773 3039 918 3102 intellecta,
962 3041 1065 3099 'tuerit
1081 3055 1132 3111 per
1145 3040 1305 3095 humanam
1315 3040 1457 3095 rationem
1470 3041 1531 3111 ipsa
1544 3040 1665 3097 artificis
1678 3049 1739 3114 pote

76 3131 166 3188 idest
189 3128 311 3200 intelligi
339 3140 390 3198 per
416 3125 516 3183 edecta
545 3127 763 3183 mundanorum
787 3139 920 3196 operum,
975 3129 1115 3200 sapientia
1134 3137 1221 3200 atque
1240 3128 1352 3185 bonitas
1378 3129 1497 3199 percipi,
1514 3129 1675 3187 secundum
1698 3145 1739 3202 qn

77 3233 143 3290 qne
158 3224 217 3274 tam
239 3217 335 3287 opime
357 3214 418 3271 lieri
435 3213 525 3270 voluit
549 3228 583 3270 ac
597 3215 723 3286 disponi.
747 3216 922 3286 sempeteea
975 3217 1116 3284 diximus,
1132 3225 1190 3273 tres
1203 3218 1232 3272 in
1248 3218 1306 3275 Deo
1321 3231 1450 3288 personae
1470 3218 1704 3290 distinguuntur,
1718 3234 1739 3277 v

76 3309 144 3377 ejus.
170 3308 221 3364 llic
241 3304 412 3376 sapientiam
435 3304 509 3374 ejus,
526 3303 554 3360 id
578 3311 620 3360 est
641 3304 690 3360 Dei
719 3304 918 3377 intelligimus,
975 3314 1003 3363 et
1029 3307 1124 3363 dicere
1150 3320 1278 3377 eousque
1299 3320 1350 3377 per
1375 3307 1594 3364 similitudinem
1625 3322 1739 3379 corpora

76 3403 207 3468 quaeest,
225 3400 257 3449 ut
275 3392 412 3457 diximus,
439 3393 529 3448 Filius
545 3393 603 3462 bei,
630 3393 738 3464 dequo
761 3393 830 3451 alibi
845 3393 921 3450 idem
974 3410 1073 3453 rernm
1097 3396 1256 3453 humanam
1280 3395 1418 3453 rationem
1443 3397 1651 3466 conscendisse,
1682 3398 1739 3455 uti

75 3483 226 3555 Apostolus
247 3481 335 3538 dicit:
361 3479 499 3538 Christum
518 3483 566 3536 liei
591 3482 730 3550 virtutem,
756 3483 791 3538 lit
808 3484 858 3538 Ilei
874 3498 919 3538 sa·
974 3484 1025 3541 liei
1040 3486 1178 3541 unitatem
1197 3490 1285 3555 atque
1299 3482 1329 3540 in
1344 3500 1376 3541 eo
1394 3499 1582 3555 personarum
1598 3488 1737 3546 Trinitale

71 3577 206 3646 pientiam
232 3571 302 3642 (cor.
331 3586 350 3637 r,
385 3569 442 3642 at).
470 3573 561 3637 Quam
600 3571 718 3641 quidem
749 3572 920 3642 sapientiam
975 3575 1120 3646 quomodo
1149 3574 1217 3644 ipsae
1238 3587 1368 3643 personre
1395 3574 1519 3631 invicem
1548 3590 1578 3631 se
1601 3577 1726 3635 babeant

74 3661 252 3734 evangelista
287 3657 426 3727 Verbum,
464 3659 493 3715 id
521 3666 562 3716 est
600 3661 703 3716 mentis
737 3669 918 3730 conceptum,
975 3665 1056 3736 gruis
1070 3663 1293 3720 similitudinum
1308 3664 1448 3735 exemplis
1471 3665 1621 3736 assignare
1641 3666 1739 3724 valere

74 3750 262 3824 philosophus
278 3754 402 3805 mentem
421 3749 560 3816 nominat,
578 3762 668 3820 quam
692 3763 729 3804 ex
750 3749 807 3806 Deo
821 3754 920 3805 natam
974 3753 1069 3811 nendo
1084 3752 1214 3810 videlicet
1233 3743 1412 3810 ante'oculos
1431 3754 1560 3825 aliquam
1585 3756 1688 3812 mundi
1708 3770 1740 3812 cr

75 3841 207 3900 alfirmat.
225 3838 322 3894 virtus
336 3837 455 3908 quidem
479 3837 529 3893 Dei
553 3837 693 3909 sapientia
716 3839 782 3909 eJ'us
799 3838 918 3907 dicitur,
975 3856 1037 3899 ram
1061 3843 1147 3899 sicuti
1171 3855 1273 3898 aeream
1297 3843 1490 3899 substantiam
1511 3844 1576 3915 (491,
1592 3850 1620 3900 et
1645 3844 1739 3901 attend

74 3929 233 3989 metandum
250 3927 277 3983 id
291 3927 371 3997 quod
392 3927 422 3983 in
441 3927 582 3998 sapientia
604 3927 702 3984 omnia
719 3926 826 3997 optimc
849 3927 921 3983 lacit
974 3929 1087 4002 aliquid
1108 3930 1186 4002 quod
1205 3929 1254 3985 dat
1280 3930 1309 3985 in
1337 3930 1398 4000 ipsa
1419 3945 1493 3988 aerea
1515 3933 1688 4001 substantia,
1715 3946 1739 3989 u:

73 4034 109 4078 ac
136 4016 271 4089 disponit.
298 4017 396 4075 Debile
420 4016 527 4088 quippe
552 4022 640 4086 atque
662 4015 825 4072 invalidum
847 4030 920 4086 opus
975 4020 1132 4092 imaginem
1153 4033 1350 4090 cereamque
1373 4027 1471 4076 nostra
1491 4000 1658 4090 operatione
1681 4023 1739 4094 ipso

72 4116 124 4178 est,
147 4109 226 4180 quod
248 4108 367 4165 solerter
390 4104 499 4162 lactum
523 4118 583 4161 non
607 4112 659 4161 est.
685 4104 829 4160 Divinitas
851 4118 920 4161 vero
974 4107 1050 4165 lacta
1071 4115 1122 4176 est,
1146 4107 1186 4164 ita
1213 4107 1332 4177 quidem
1355 4116 1387 4164 ut
1409 4109 1503 4179 ipsum
1520 4117 1596 4168 aeset
1617 4124 1691 4167 aerea
1710 4118 1739 4167 st

72 4199 127 4255 boc
150 4198 210 4253 loco
224 4211 275 4268 pro
304 4195 452 4266 majestate
475 4193 583 4251 divinae
607 4193 741 4264 potentie
765 4192 916 4264 accipitur,
934 4181 957 4239 ὓ
973 4212 1040 4268 qnae
1068 4197 1097 4252 in
1112 4209 1167 4252 aere
1187 4197 1246 4266 ipso
1267 4196 1313 4252 vel
1340 4211 1375 4254 ex
1390 4211 1445 4253 sere
1469 4198 1544 4255 lacta
1572 4206 1622 4268 est,
1644 4200 1739 4256 eadem

73 4301 140 4358 qua
151 4285 311 4356 specialiter
331 4298 368 4341 ex
381 4282 498 4340 nomine
512 4282 614 4350 Patris,
632 4281 708 4338 sicut
731 4295 804 4350 reor,
823 4281 919 4338 innui·
973 4287 1032 4343 sint
1056 4283 1245 4342 essentialiter
1266 4285 1328 4341 sive
1353 4300 1485 4357 numero,
1511 4288 1559 4345 sed
1581 4296 1676 4345 tamen
1691 4303 1739 4359 pro

72 4384 130 4433 tur.
160 4374 235 4430 Deus
264 4373 373 4445 quippe
397 4378 466 4428 teste
495 4370 602 4427 Isidoro
631 4372 696 4431 Θεὸς
722 4369 813 4426 idest
833 4373 917 4425 timor
972 4373 1077 4431 tatibus
1100 4374 1162 4430 suis
1190 4373 1305 4430 diversa
1331 4374 1410 4446 sint;
1436 4390 1503 4431 cnm
1531 4377 1662 4434 videlieet
1685 4378 1739 4435 aliu

72 4466 286 4535 interpretatur,
307 4469 334 4518 et
356 4467 479 4532 potestas
507 4458 643 4529 quelibet
667 4458 754 4515 timor
782 4466 824 4515 est
847 4460 914 4516 sub·
971 4464 1119 4534 proprium
1133 4462 1207 4525 eris,
1223 4463 1392 4519 aliudaereae
1407 4456 1520 4523 statue.
1537 4467 1573 4521 Et
1588 4467 1725 4537 quamvis

68 4551 219 4623 lectorum.
236 4549 317 4608 Unde
340 4549 442 4606 merito
464 4547 580 4605 nomine
596 4546 648 4604 Del
660 4547 720 4603 sive
743 4546 913 4614 divinitatis,
970 4553 1029 4610 sint
1041 4552 1229 4609 essentialiter
1243 4566 1281 4609 aes
1295 4561 1324 4610 et
1344 4568 1417 4610 aerea
1434 4562 1540 4623 statua,
1558 4569 1631 4612 cerea
1647 4566 1739 4612 tamen

72 4640 101 4696 id
126 4648 169 4697 est
189 4639 315 4706 deitatis,
340 4638 441 4694 divina
466 4635 630 4707 specialiter
657 4635 833 4706 exprimitur
861 4651 915 4708 po·
970 4648 1072 4698 tuaest
1095 4655 1150 4697 aere
1177 4650 1228 4710 cst,
1259 4657 1317 4699 non
1341 4657 1380 4699 res
1405 4657 1479 4700 aerea
1510 4653 1615 4701 statua.
1646 4645 1694 4701 ste
1725 4661 1739 4703 e

72 4730 168 4786 tentia.
202 4727 283 4797 Quod
320 4727 473 4798 diligenter
512 4726 660 4781 maximus
696 4725 849 4795 episcopus
885 4726 915 4782 in
970 4729 1068 4785 divina
1096 4729 1236 4786 trinitate
1258 4745 1325 4787 cnm
1352 4732 1390 4789 sit
1410 4733 1510 4789 eadem
1540 4734 1738 4790 substantiat

69 4817 245 4889 expositione
288 4815 414 4888 Symboli
441 4814 520 4885 quod
554 4813 661 4870 dicitur
703 4814 913 4885 apostolorum,
971 4831 1170 4889 personarum,
1187 4820 1215 4875 id
1229 4827 1271 4876 est
1290 4819 1392 4889 Patris,
1409 4829 1436 4878 et
1453 4823 1516 4878 Filii
1530 4831 1558 4880 et
1573 4823 1696 4893 Spiritus
1710 4839 1739 4881 sa

71 4921 137 4978 quae
159 4907 266 4981 legitur
286 4907 315 4963 in
329 4920 349 4962 v
363 4904 597 4977 Quadragesimae
619 4904 770 4963 Dominica
787 4903 832 4961 bis
850 4919 913 4963 ver·
969 4905 1197 4964 diversaetamen
1212 4908 1322 4964 suntin
1341 4910 1401 4966 suis
1425 4911 1652 4981 proprietatibus
1675 4927 1739 4984 pers

71 4993 275 5053 bisinsinuat:
294 5016 305 5046 ι
321 4994 433 5060 Credis,
452 5013 463 5042 ι
481 4993 587 5064 inquit,
613 4994 777 5051 «inlisum
800 4993 914 5051 Patrem
968 5010 1035 5052 curn
1051 4996 1178 5053 sitaliud
1194 4998 1345 5068 proprium
1356 4999 1455 5068 Patris,
1470 5001 1551 5057 aliud
1565 5002 1640 5062 Filii,
1657 5003 1737 5060 aliud

70 5084 303 5155 omnipotentem.
320 5086 354 5141 ln
371 5085 427 5140 lieo
450 5090 556 5139 natura
572 5082 758 5150 innascibilis,
780 5081 811 5139 in
826 5081 913 5139 Patre
968 5085 1042 5142 ritus
1062 5085 1162 5142 sancti.
1188 5087 1224 5143 lit
1238 5089 1374 5158 quamvis
1404 5089 1441 5145 sit
1473 5104 1658 5162 unaquaeque
1688 5105 1739 5161 per

70 5170 191 5244 ingeniti
213 5172 329 5242 veritas,
357 5172 388 5229 in
407 5171 601 5243 omnipotente
624 5170 774 5242 plenitudo
797 5169 914 5236 virtutis
967 5172 1042 5230 idem
1057 5173 1246 5232 essentialiter
1261 5190 1328 5234 cum
1348 5178 1467 5241 certeris,
1488 5178 1580 5236 Filius
1597 5187 1693 5237 tamen
1709 5195 1739 5238 ea

69 5259 240 5320 ostenditur.
266 5260 317 5319 list
335 5274 463 5335 namque
484 5273 536 5334 per
554 5259 714 5333 ingenitam
732 5257 913 5322 divinitatem
967 5268 1011 5319 tre
1025 5267 1168 5336 tanquam
1179 5277 1253 5324 crea
1266 5265 1362 5339 imago
1380 5280 1498 5338 exere,
1520 5282 1580 5327 non
1595 5271 1680 5329 Pater
1693 5284 1732 5329 ex

104 5420 158 5496 tlt)
168 5421 197 5484 s.
213 5423 431 5498 Bernerdntep.
448 5421 835 5499 commentariensium
851 5421 965 5487 retollit.
