3804 5962
435 191 625 255 exrostrto
641 192 680 254 IN
697 192 807 252 EPIST.
828 192 933 253 eluet
953 197 1002 254 Au
1021 193 1104 254 Boii.
1118 225 1153 237 -
1165 192 1229 253 tiit.
1249 192 1284 253 li.
1679 198 1740 254 838'

77 317 224 387 mutiam,
248 323 277 373 et
298 315 418 374 tortasse
448 317 598 376 Cornelius
623 317 754 376 noudum
780 318 832 375 ha·
848 318 873 372 Α
888 319 918 375 in
935 319 1136 390 quonondum
1149 325 1191 376 est
1216 317 1378 389 baptisatus
1391 325 1419 375 et
1433 318 1477 375 sic
1501 317 1618 375 salvari.
1648 319 1729 384 Quod

77 420 118 473 ns,
141 407 227 478 cnjus
255 405 444 477 eleemosynae
471 415 610 477 suscepte
642 414 716 466 sunt.
736 421 754 463 a
773 408 830 465 ileo
883 410 906 464 si
934 408 1012 465 dicas
1039 407 1217 480 coniunctim
1232 418 1300 463 eum
1316 420 1397 478 posse
1413 406 1501 464 simul
1522 414 1551 464 et
1577 406 1730 466 habentem

78 508 110 564 x,
126 496 166 563 l).
181 501 209 552 et
230 494 265 551 de
294 495 450 565 preteritis
465 497 588 566 peccatis
611 510 676 554 vere
697 496 830 567 penitet,
885 499 1053 555 charitatem
1075 505 1103 554 et
1131 511 1190 554 non
1217 496 1405 567 baptizatum,
1420 509 1479 552 non
1504 496 1615 567 recipio
1639 498 1734 570 magis

77 583 252 641 Publicanos
266 583 319 654 qui
334 584 369 639 de
393 583 498 653 templo
526 583 673 640 descendit
688 584 831 656 justiiica-
886 601 976 659 qnam
1001 587 1026 642 si
1041 586 1150 643 diceres
1172 586 1301 657 aliquem
1321 599 1402 656 posse
1416 584 1490 641 mori
1517 585 1682 642 adulterum
1706 593 1735 643 et

80 674 319 744 nexuisset:
347 686 415 728 eum
435 671 547 744 justum
567 673 663 730 dicere
691 688 749 730 non
773 673 831 729 du·
886 676 1132 747 praedestinatum.
1160 674 1207 732 Sic
1235 688 1304 731 vero
1340 687 1407 730 eum
1436 673 1490 746 qui
1516 674 1735 743 predestinatus

77 777 121 820 teu
143 760 290 834 justitiam
319 760 437 830 babere,
470 761 522 833 qui
550 761 710 833 unicuique
739 761 833 819 reddit
886 771 928 821 est
944 766 1015 822 bene
1030 777 1115 837 agere
1127 770 1280 835 oporteret,
1294 770 1328 819 nt
1342 762 1481 828 salvetur,
1498 762 1573 819 sicut
1586 775 1665 830 eum,
1682 763 1735 834 qui

88 865 178 908 suurn
190 858 242 906 est.
259 849 340 907 Unde
354 857 383 905 et
408 863 445 906 cx
465 857 548 905 utero
572 851 766 906 sanctificatos
786 850 833 906 le·
884 853 945 924 jam
955 853 1054 925 justus
1067 860 1118 921 est,
1147 852 1289 908 credendo
1303 860 1330 908 et
1345 850 1491 923 diligendo
1506 849 1647 921 baptizari
1671 865 1735 921 pro·

78 955 110 996 ‚ru
123 947 151 997 et
165 941 304 996 loannem
320 938 452 1007 dicimus,
481 938 533 996 ubi
548 938 710 1010 specialiter
725 937 834 995 illumi·
889 949 953 1013 pter
973 941 1064 999 fixam
1090 941 1203 998 Domini
1237 939 1407 997 sententiam
1440 937 1475 995 de
1512 938 1666 1010 baptismo,
1689 938 1737 996 vel

78 1030 236 1086 [lominum
269 1029 331 1099 jam
356 1027 567 1099 cognoscebant
603 1033 630 1083 et
664 1026 834 1097 diligebant,
889 1039 1006 1103 propter
1022 1031 1116 1101 ipsam
1136 1029 1258 1101 justitiis
1281 1028 1533 1099 perseverantiam.
1564 1027 1593 1085 Si
1620 1028 1738 1084 enimis

80 1119 123 1176 ris
144 1119 188 1175 eis
203 1117 300 1175 adbuc
319 1117 516 1173 necessarium
531 1123 604 1172 esset
619 1117 763 1187 suscipere
777 1115 835 1171 cir·
890 1121 941 1191 qul
964 1118 1134 1176 charitatem
1164 1125 1320 1188 antequam
1347 1116 1487 1187 baptizari
1517 1115 1614 1184 habet,
1639 1117 1737 1188 prius·

78 1207 206 1274 isionem,
231 1220 298 1278 quae
323 1213 393 1261 111ssss
408 1205 504 1261 ¹0⁰11¹1¹
517 1205 665 1262 obtinebat
688 1203 834 1276 babtismi·
890 1222 979 1281 qnam
993 1209 1155 1281 baptizetur
1168 1206 1259 1263 vitam
1284 1205 1390 1274 liniret,
1407 1219 1595 1277 nequaquam
1622 1207 1653 1263 in
1669 1206 1733 1277 ipsa

78 1312 85 1352 t
105 1310 187 1369 ergo,
212 1295 338 1366 inquies,
357 1295 425 1350 istos
444 1293 514 1350 tales
539 1300 638 1363 postea
665 1292 837 1350 circumcidi
891 1297 1031 1354 enaritate
1046 1301 1241 1367 perseveraret
1256 1301 1287 1350 ut
1303 1293 1337 1350 de
1351 1299 1458 1350 aeterna
1478 1292 1659 1351 beatitudine
1687 1308 1736 1365 pe·

78 1385 202 1456 aptinari
225 1383 364 1454 oportuit,
380 1381 432 1452 qui
444 1383 507 1454 jam
528 1389 613 1438 antea
627 1389 768 1449 oranter
783 1381 837 1439 lide
892 1388 973 1445 nitus
998 1385 1173 1455 desperaret,
1200 1391 1228 1439 et
1243 1396 1272 1439 se
1293 1383 1390 1439 statim
1418 1381 1448 1439 in
1476 1382 1538 1454 ipso
1552 1383 1648 1439 exitus
1676 1397 1737 1440 esse

78 1480 101 1529 ³1
133 1480 162 1528 et
189 1471 329 1528 charitate
357 1485 446 1542 ¹iuam
482 1470 681 1539 habebant,et
711 1485 784 1543 quos
813 1469 837 1526 Si
894 1477 923 1533 in
939 1482 1076 1547 perpetuo
1099 1472 1300 1528 damnandum
1315 1471 1503 1542 praesentiret.
1531 1470 1609 1528 Sicut
1639 1478 1738 1528 autem

98 1568 282 1618 morerentur
317 1559 425 1615 salvari
471 1573 587 1616 necesse
614 1560 713 1615 esset?
748 1559 838 1616 rienm
854 1599 875 1652 ss
894 1572 961 1621 ante
977 1562 1153 1633 baptismum
1178 1560 1305 1631 aliquem
1324 1572 1361 1618 ex
1379 1559 1445 1629 tide,
1471 1559 1499 1616 id
1522 1566 1564 1616 est
1587 1559 1740 1618 dilectione

78 1664 103 1708 to
122 1650 201 1721 juste
216 1648 290 1705 mori
310 1655 418 1719 potest,
447 1647 493 1704 vei
517 1647 627 1704 habeus
654 1647 836 1712 charitatem.
893 1653 1006 1726 justum
1022 1653 1084 1723 jam
1100 1650 1232 1717 dicimus,
1244 1651 1292 1707 cui
1323 1650 1464 1706 tamenin
1480 1649 1652 1719 baptismate
1668 1663 1737 1707 non·

78 1739 242 1796 damnatur.
277 1738 391 1794 Rursus
426 1750 511 1792 nemo
534 1735 599 1792 sine
624 1737 766 1808 baptismo
791 1735 838 1791 rei
892 1741 1045 1799 erumpunt
1073 1746 1189 1811 peecata
1212 1739 1341 1806 dimissa,
1358 1739 1442 1796 idest
1465 1751 1549 1809 ωε
1571 1751 1672 1795 eorum
1691 1752 1741 1809 pq.

78 1827 132 1884 ¹¹1⁰
158 1834 223 1898 9⁰⁸1
245 1826 344 1883 datam
370 1826 405 1882 (¹0
420 1824 564 1895 haimim
583 1826 757 1881 sententiam
782 1823 838 1881 sal·
892 1830 973 1888 nitus
1005 1829 1186 1887 condonata:
1210 1829 1292 1886 sicet
1315 1835 1375 1899 post
1401 1827 1580 1899 baptismum
1603 1827 1741 1897 parvulos

81 1922 183 1988 potesi-
211 1914 284 1973 Mori
313 1921 409 1971 lamen
438 1919 548 1984 poterat
574 1927 640 1969 cum
668 1913 838 1970 charitalem
892 1926 920 1976 et
938 1920 990 1990 qui
1009 1917 1119 1976 nullius
1141 1916 1325 1974 discretionis
1339 1925 1417 1985 sunt,
1443 1915 1581 1988 quamvis
1593 1914 1738 1973 remissio

78 2013 119 2063 mr
134 2013 201 2062 ante
216 2003 394 2075 baptismum
404 2001 451 2058 vel
462 2001 645 2071 martyrium,
673 2001 838 2072 ecquidem
892 2021 958 2064 nem
971 2007 1150 2078 perceperint
1165 2013 1359 2077 peccatorum,
1382 2004 1514 2061 nondum
1533 2011 1629 2061 tamon
1646 2002 1742 2074 justos

78 2107 118 2152 lm
132 2108 200 2166 (1¹10.
225 2092 353 2164 inquies,
369 2091 393 2147 Si
408 2096 577 2157 moreretur,
597 2096 625 2146 θῑ
638 2088 744 2145 salvari
772 2101 839 2144 eum
892 2096 1027 2162 dicimus,
1044 2093 1182 2166 quamvis
1195 2092 1298 2150 muudi
1312 2094 1369 2149 sint
1384 2092 1462 2163 apud
1487 2093 1589 2159 Deum,
1606 2093 1658 2163 qui
1671 2105 1742 2149 non·

78 2188 236 2240 ecessetot
258 2181 399 2236 damnari.
423 2177 482 2235 Nos
512 2184 610 2232 autem
631 2189 698 2233 cuin
713 2175 841 2232 dicimus
893 2185 964 2240 dum
982 2190 1033 2240 aut
1048 2181 1197 2240 charitatis
1211 2188 1262 2238 aut
1286 2181 1409 2253 iustitiae
1437 2193 1558 2251 capaces
1584 2194 1646 2237 esse
1671 2192 1740 2251 pos-

79 2285 119 2340 m,
149 2270 201 2342 qui
242 2267 399 2325 [lominum
424 2266 535 2322 sineere
566 2271 594 2321 el
625 2277 698 2335 puro
724 2271 841 2335 propiet
892 2278 1040 2334 sunt,nec
1059 2269 1158 2342 aliqua
1186 2269 1290 2326 merita
1313 2269 1428 2326 habere.
1457 2268 1513 2336 Qui
1540 2275 1636 2325 tamen
1666 2265 1738 2324 siin

79 2361 176 2433 iiam
204 2358 311 2430 diligit,
341 2357 579 2428 lliaedessllsssslufll
594 2354 630 2410 ad
657 2353 760 2421 vitam,
789 2366 842 2410 nec
894 2360 948 2417 irae
959 2357 1156 2415 imbecillitate
1180 2358 1355 2424 moriantur,
1370 2371 1437 2413 cum
1455 2357 1599 2427 incipiunt
1620 2355 1656 2412 de
1672 2368 1741 2412 cor·

79 2463 128 2507 am
156 2446 394 2520 praeveniendum
420 2451 522 2513 morte,
552 2444 643 2499 donec
665 2442 691 2499 ei
719 2442 842 2513 velites
896 2463 963 2519 pore
990 2447 1080 2516 exiro,
1109 2446 1252 2503 strident
1279 2446 1334 2503 sibi
1360 2459 1411 2516 per
1435 2444 1661 2502 misericordiam
1690 2443 1742 2500 bei

79 2537 230 2596 tentionem
252 2535 297 2592 rel
313 2533 518 2605 perspiritum
542 2539 675 2588 sanctum
704 2529 842 2587 Dominus
896 2536 1017 2610 gloriam
1034 2541 1235 2607 preparatam,
1252 2533 1339 2590 simul
1355 2548 1422 2590 cum
1451 2532 1623 2589 discretione
1647 2532 1742 2589 ebari-

79 2635 102 2684 et
128 2626 275 2699 quidquid
289 2623 317 2681 ei
337 2624 372 2679 do
397 2620 585 2678 sacramentis
598 2617 684 2675 suerit
708 2630 842 2674 necessa·
896 2634 940 2682 tas
955 2624 1004 2681 liei
1020 2625 1106 2681 ineis
1129 2622 1268 2679 nascitur.
1294 2624 1334 2678 Ne
1357 2623 1425 2692 quis
1453 2621 1551 2693 itaque
1577 2619 1742 2678 iudeorum

79 2724 131 2784 ,et
145 2719 265 2786 insuper
293 2712 430 2770 laenitate
455 2710 511 2767 hoc
525 2707 701 2781 percipiendi
725 2706 842 2764 tribuit.
895 2713 990 2776 nobis,
1016 2713 1073 2769 imo
1090 2709 1225 2783 apostolo
1253 2717 1347 2781 posset
1369 2722 1524 2780 opponere,
1551 2723 1604 2765 uos
1626 2722 1744 2780 quoque

108 2819 178 2862 vero
204 2802 375 2874 opponitur,
401 2809 462 2856 tum
493 2800 633 2869 quiante
664 2794 842 2866 baptismum
897 2816 948 2873 per
972 2800 1064 2873 legem
1093 2799 1247 2866 iacturum,
1278 2798 1306 2854 id
1335 2805 1377 2854 est
1403 2796 1581 2853 exteriorum
1604 2809 1739 2866 operum.

79 2895 176 2968 lusui-³
197 2901 270 2959 eret,
291 2882 433 2947 ⁰i0d011t¹0
456 2896 544 2958 atque
568 2884 725 2959 diligende
751 2883 843 2939 Deum
859 2872 881 2928 ὓ
897 2889 983 2948 sicuti
1000 2888 1136 2960 baptismi
1149 2885 1313 2959 justiiicari,
1338 2884 1463 2942 suissciat
1483 2898 1537 2940 nos
1559 2884 1612 2940 lton
1637 2883 1672 2940 de
1691 2896 1743 2939 no·

99 2993 228 3054 tempore
248 2981 336 3038 etiam
362 2992 433 3047 esse,
451 2977 481 3033 in
506 2975 610 3048 quusi
632 2980 794 3031 moreretur
815 2980 843 3028 et
898 2988 957 3036 stra
978 2977 1194 3050 justificatione,
1212 2976 1269 3032 imo
1292 2975 1422 3031 omniurn
1452 2987 1518 3044 quae
1541 2971 1571 3028 in
1600 2971 1743 3029 cbariiate

78 3072 105 3130 ii
123 3087 191 3131 cum
214 3078 242 3128 0¹
261 3068 396 3126 damnali
414 3072 565 3137 θβῡΐῑθῐθῑ·
587 3065 646 3120 HOC
668 3061 774 3133 ⁰llll⁰ni
792 3075 843 3132 1³0·
898 3067 1027 3126 consistit
1056 3065 1272 3136 interposuisse,
1299 3070 1327 3120 et
1369 3072 1526 3132 antequam
1564 3062 1745 3117 sacramenta

80 3177 99 3220 θ
116 3160 245 3233 ll¹¹⁰¹ib0¹
259 3156 453 3215 “minimis
467 3160 613 3225 lemme,
630 3151 682 3224 (lui
710 3151 843 3207 &liliam
899 3156 1098 3229 suscipiantur
1112 3153 1173 3211 site
1188 3160 1286 3209 nostra
1303 3151 1363 3208 sire
1374 3150 1500 3207 iliorum.
1516 3148 1597 3217 Quod
1622 3155 1650 3205 et
1678 3163 1743 3220 pro·

79 3251 221 3309 obtinatus
234 3257 286 3316 est,
300 3245 388 3304 siculi
400 3246 435 3301 do
459 3243 551 3300 David
567 3240 757 3299 adulterante.
783 3238 844 3296 Sic·
900 3246 986 3317 pheta
1007 3241 1192 3300 considerans
1218 3240 1283 3297 ait:
1309 3240 1340 3294 in
1356 3237 1597 3305 quoeunqaebora
1618 3241 1745 3308 peccator

79 3340 125 3397 im
150 3339 244 3405 illum,
275 3335 328 3408 qui
350 3335 449 3407 justus
477 3339 549 3401 erat,
563 3329 670 3387 saivari
690 3334 843 3400 oporteret,
899 3330 1062 3404 ingemuerit
1076 3332 1167 3388 salvus
1181 3332 1234 3385 erit
1250 3329 1353 3399 (duel.
1369 3343 1472 3394 xxxin,
1488 3327 1543 3399 la).

79 3437 170 3487 ustum
196 3427 248 3499 qui
275 3424 495 3497 predestinatus
504 3429 546 3478 est
559 3421 635 3476 sicut
659 3433 719 3475 nou
751 3417 845 3488 bapti·
957 3422 1133 3478 Arbitromus
1167 3421 1247 3474 enlm.
1276 3418 1333 3475 Nos
1361 3416 1481 3485 scilicet,
1506 3428 1580 3487 quos
1606 3413 1746 3471 Dominus

79 3516 245 3575 adamnani
256 3529 370 3572 necesse
383 3519 466 3582 esset,
487 3511 530 3568 sic
554 3510 644 3567 istum
672 3506 845 3564 adnlteran-
900 3512 1064 3583 preposuit,
1080 3509 1109 3565 id
1123 3516 1323 3564 estcensemus
1347 3504 1601 3562 reitestlllcamur.
1614 3524 1629 3553 e
1652 3501 1745 3571 Unde,
1849 3578 1852 3585 Ι

900 3600 990 3658 utait
1021 3599 1131 3668 lisymo
1147 3594 1214 3667 (ul),
1245 3595 1369 3650 arbitros
1390 3595 1516 3650 dicimus
1542 3591 1655 3664 judices
1681 3590 1746 3647 sive

80 3698 102 3755 it
120 3697 220 3768 itaque
249 3693 341 3750 David
368 3693 398 3748 in
422 3689 699 3763 quodamtempore,
728 3686 759 3742 in
787 3701 846 3759 quo
901 3697 994 3746 testes.
1012 3710 1027 3739 n
1056 3687 1197 3742 Hominem
1229 3698 1343 3750 omnem,
1368 3682 1478 3738 scilicet
1515 3689 1573 3737 tam
1612 3679 1746 3736 Judaeum

79 3794 212 3854 oreretur,
242 3793 270 3841 et
283 3781 416 3840 damnari
432 3793 498 3837 eum
514 3786 543 3835 et
558 3776 667 3834 salvari
686 3775 845 3846 oportebat.
902 3792 991 3850 qnam
1015 3775 1163 3848 gentilem,
1188 3787 1239 3842 per
1261 3771 1342 3842 fldem
1366 3778 1508 3840 tanquam
1522 3768 1630 3826 scilicet
1655 3767 1682 3824 ei
1698 3781 1746 3825 ne-

80 3891 194 3944 rursus,
225 3874 250 3930 si
274 3873 305 3930 in
328 3872 377 3928 illo
404 3877 531 3941 tempore
552 3866 618 3929 iuit,
649 3865 761 3935 inquo
788 3877 846 3920 non
901 3865 1067 3926 cessariam,
1083 3861 1156 3932 quia
1183 3860 1245 3916 sine
1273 3856 1573 3928 iideimpossibileest
1600 3856 1659 3911 ilco
1685 3854 1746 3924 pla·

80 3965 180 4025 tenori
199 3964 282 4031 bene,
297 3969 325 4018 et
334 3961 364 4016 in
378 3959 459 4016 nullo
488 3957 519 4013 in
534 3971 593 4028 quo
608 3968 667 4011 non
681 3953 755 4010 male
779 3967 847 4024 poa-
901 3969 975 4013 cere.
995 3953 1049 4009 Per
1064 3951 1160 4017 utem,
1176 3948 1249 4016 dico,
1278 3949 1337 4002 sine
1358 3946 1484 4017 operibus
1501 3944 1566 4012 lepis
1582 3942 1640 3998 iliis
1667 3941 1746 3998 vide·

80 4057 139 4123 ori,
164 4054 294 4128 quandiu
315 4049 419 4108 habuit
443 4048 569 4105 liberum
584 4044 741 4102 voluntatis
768 4044 846 4101 arbi·
902 4042 967 4101 lieet
993 4037 1187 4099 exterioribus
1201 4044 1229 4093 et
1253 4034 1452 4105 corporalibus
1472 4029 1677 4089 observantiis.
1701 4031 1747 4086 An

80 4162 177 4219 t,non
204 4139 435 4201 tamenomninu
461 4138 491 4193 in
506 4137 606 4207 aliquo
627 4134 695 4202 iuit,
725 4134 756 4191 in
789 4147 848 4204 quo
901 4131 1067 4187 Judeorum.
1090 4126 1279 4182 Arbitrantur
1298 4122 1509 4194 etbene‚quia
1535 4121 1622 4178 etiam
1651 4126 1748 4191 genus

80 4253 117 4297 ue
142 4242 216 4292 esset
227 4247 295 4291 eum
321 4231 435 4288 etbene
463 4234 492 4284 et
525 4225 599 4282 male
627 4223 711 4280 mori.
728 4223 789 4279 imo
817 4223 847 4279 in
866 4215 885 4268 tl
903 4221 1026 4294 gratiam
1054 4216 1104 4274 Dei
1133 4220 1330 4287 assequuntur
1358 4227 1410 4283 per
1442 4212 1537 4278 iidem,
1567 4225 1634 4282 quaa
1652 4217 1748 4267 tamen

80 4328 152 4401 ried)
173 4334 299 4395 tempore
315 4333 430 4377 necesse
444 4317 500 4373 luit
514 4316 643 4387 aliquem
667 4313 739 4370 bene
763 4311 848 4378 mori,
902 4309 973 4380 legis
987 4319 1073 4377 opera
1103 4318 1161 4361 nou
1181 4310 1308 4370 servant,
1340 4301 1424 4358 sicuti
1448 4300 1512 4367 lob,
1535 4298 1650 4372 gentilis
1669 4298 1748 4367 olim,

80 4414 198 4474 rnuilo
225 4411 353 4482 aliquem
378 4406 452 4462 ursle
471 4403 557 4473 mori,
580 4402 629 4460 sed
658 4401 689 4457 in
721 4398 849 4472 singuiis
902 4407 930 4456 et
950 4411 1030 4455 nuuc
1058 4395 1144 4452 etiam
1174 4392 1293 4465 gentiles
1307 4389 1449 4448 conversi.
1471 4390 1508 4444 lit
1534 4388 1589 4445 boc
1614 4384 1749 4458 estquod

80 4504 193 4572 oribus,
222 4499 379 4571 inquibus
408 4502 498 4568 potest
525 4492 636 4564 aliquis
659 4490 732 4547 bene
764 4487 847 4556 mori,
903 4486 1026 4546 ostendit
1039 4486 1138 4543 dicens
1152 4500 1159 4539 :
1174 4485 1219 4539 Au
1237 4481 1395 4537 Juuaeorum
1416 4483 1523 4534 tontum
1539 4485 1581 4535 est
1608 4476 1685 4533 Deus
1699 4487 1750 4546 per

80 4595 143 4654 uin
157 4592 266 4651 eisdem
294 4588 369 4645 male
391 4586 475 4642 mori.
492 4585 525 4640 ln
549 4581 629 4639 nullo
654 4588 749 4638 tamon
778 4590 848 4638 eon·
904 4575 1037 4650 gratiam.
1049 4574 1180 4640 Quantum
1194 4570 1314 4638 quidem.
1343 4570 1384 4624 Ac
1404 4567 1427 4623 si
1443 4567 1571 4624 diceret:
1598 4574 1750 4623 utrorum-

80 4684 127 4741 ;im
159 4695 263 4740 verum
287 4686 329 4737 est
353 4677 532 4735 dicereeum
552 4686 633 4743 posse
660 4669 733 4727 mori
761 4666 848 4724 simul
903 4681 959 4737 que
977 4671 1020 4723 est
1041 4677 1090 4734 per
1114 4661 1248 4733 gratiam,
1265 4658 1335 4730 quta
1364 4663 1504 4728 utrosque
1532 4654 1672 4726 justificat
1697 4665 1752 4723 per

85 4773 212 4832 etmale.
247 4770 296 4828 Sic
320 4775 348 4826 et
371 4764 535 4836 deilloqui
561 4761 733 4819 charitatem
761 4756 848 4814 habet
904 4755 989 4811 iidem
1012 4767 1078 4823 quae
1113 4750 1150 4806 ad
1174 4748 1356 4813 charitatem,
1388 4752 1421 4803 nt
1444 4744 1583 4811 diximus,
1607 4740 1749 4841 perducit.

85 4862 275 4934 baptismum,
291 4857 450 4930 etpcrboc
476 4855 574 4925 justus
594 4858 648 4917 est,
663 4847 851 4906 concedimus
904 4843 1125 4910 circumsionem,
1155 4838 1251 4894 idest
1290 4835 1413 4893 ludaeos.
1450 4830 1680 4931 Prreputiumud
1708 4836 1751 4887 est

80 4953 129 5010 tin
150 4951 232 5008 nullo
255 4957 383 5019 tempore
404 4943 624 5012 inertemque
653 4950 766 4996 necesse
779 4941 851 4991 esset
904 4931 1032 5005 gentiles.
1055 4927 1135 4997 Quod
1150 4926 1230 4992 dicit,
1245 4941 1280 4980 ec
1298 4923 1353 4994 pde
1367 4925 1396 4976 in
1410 4923 1503 4993 edem,
1531 4921 1685 4977 diversitas
1708 4925 1751 4976 est

83 5041 191 5100 salvari
218 5048 246 5098 et
265 5037 399 5096 damnari
411 5033 499 5091 simul
524 5032 547 5088 si
558 5037 728 5088 moreretur.
756 5024 852 5080 Posset
904 5018 1067 5084 locutionis,
1101 5029 1159 5071 uon
1184 5011 1341 5070 sententie.
1359 5010 1440 5068 Unde
1464 5010 1645 5082 Augustinus
1670 5008 1701 5064 in
1717 5007 1750 5065 li·

81 5147 115 5206 pe
138 5133 163 5188 is
191 5130 245 5203 qui
268 5127 440 5184 charitatem
468 5122 556 5179 babet
577 5126 644 5176 ante
672 5114 851 5186 baptismum
905 5111 957 5167 bro
981 5111 1021 5163 ile
1048 5107 1151 5176 spiritu
1182 5107 1208 5157 et
1229 5102 1322 5156 littere
1356 5099 1439 5171 leel:
1466 5099 1528 5156 Non
1557 5099 1592 5154 ad
1618 5095 1748 5153 diberen-

89 5221 230 5280 charitate
261 5225 331 5273 tuno
351 5228 423 5280 esse,
452 5213 538 5270 etsie
566 5208 641 5266 mori
668 5213 697 5262 et
717 5200 851 5260 damnari
905 5199 976 5257 tiam
1002 5194 1111 5252 dictum
1125 5199 1168 5249 est
1181 5198 1323 5261 tanquam
1347 5188 1430 5245 sitex
1446 5187 1500 5244 ilde
1528 5186 1608 5243 aliud
1635 5199 1685 5258 per
1711 5185 1749 5242 d-

81 5326 131 5369 un.
153 5311 252 5367 Posset
278 5314 306 5364 et
335 5303 408 5361 mori
429 5301 593 5373 baptizatus
619 5297 649 5353 in
675 5308 708 5351 eo
724 5301 852 5364 ternpore
906 5291 981 5354 dem,
998 5283 1045 5341 sed
1060 5282 1097 5339 ad
1118 5281 1287 5338 varietatem
1320 5276 1484 5334 locutionis.
1518 5297 1530 5327 ι
1556 5276 1655 5345 Legem
1676 5289 1750 5344 ergo.

81 5431 86 5473 t
110 5418 217 5479 Pctrcl.
234 5422 305 5472 tom.
318 5411 424 5475 cliiii,
438 5410 491 5467 col.
505 5407 567 5462 395.
905 5373 1047 5446 Quoniam
1061 5371 1177 5445 quidem
1202 5381 1254 5441 per
1267 5366 1352 5424 iidem
1367 5365 1430 5422 sine
1457 5365 1596 5437 operibus
1615 5364 1688 5438 legis
1708 5365 1752 5423 di·

81 5507 85 5558 l
113 5480 583 5551 rurot.aom.cxv11,001.sea.
943 5461 1119 5540 contrairet.
1139 5468 1208 5519 tom.
1231 5456 1330 5524 xciv,
1344 5453 1399 5516 cot.
1414 5456 1479 5513 aar.
