3804 5962
1760 211 1829 268 {462

83 220 146 274 titt
855 218 908 274 stc
927 219 970 272 ET
987 217 1070 275 NON.

76 353 156 407 cum,
182 354 239 410 quo
261 338 410 395 assistente
434 336 576 409 prolixius
600 351 683 394 orare
704 337 800 409 caepit,
826 338 866 394 ita
890 345 922 394 ut
936 338 961 394 tt
976 346 1050 406 crat,
1067 337 1176 395 debuit.
1202 336 1341 408 Superius
1364 335 1496 392 dixerat:
1515 334 1684 393 scandatum
1695 335 1827 407 potimini

76 431 167 501 guttis
206 429 359 499 sanguinis
389 430 516 498 corporis
546 428 636 484 sudor
663 427 803 484 efflueret.
838 429 920 482 item:
978 430 1007 482 ia
1031 430 1087 482 ista
1114 431 1200 481 noete.
1221 425 1334 482 Sciebat
1355 425 1431 481 enim
1455 423 1825 498 exterrendosiugandos,

77 517 195 574 timresis
219 517 349 573 meminit
381 517 542 573 Creatorem
574 515 744 588 angelorum
770 516 922 572 creationis
977 523 1146 588 negaturos;
1173 516 1222 572 sed
1243 515 1313 587 quia
1340 514 1460 584 spiritus
1482 512 1668 585 blasphemiae
1688 528 1743 571 nec
1767 513 1826 582 bic,

75 622 136 663 suae
152 621 209 662 non
234 604 348 675 eguisse
372 604 491 661 auxilio.
517 607 609 660 Item:
633 604 751 674 Propter
765 619 817 661 nos
832 605 922 660 tristis
977 620 1030 661 nec
1045 605 1075 661 in
1091 612 1232 660 aeteruum
1251 603 1419 670 remittitur,
1441 602 1554 668 metuit,
1569 616 1607 658 ne
1620 616 1650 659 se
1668 603 1762 660 Deum
1776 603 1824 660 ab·

74 702 134 762 est;
167 706 280 749 neccsse
302 700 353 760 est,
384 701 417 748 ut
444 700 557 763 propter
583 707 635 748 nos
668 694 704 749 sit
734 691 919 760 confortatus,
976 700 1126 764 negarent,
1150 706 1237 764 quem
1261 706 1378 759 caesum,
1405 700 1579 761 consputum
1600 696 1628 746 et
1650 689 1827 750 crucifixum

73 789 101 836 et
124 782 158 836 de
176 782 268 837 nobis.
295 781 431 837 Sudorem
449 795 516 836 vero
543 780 700 836 infirmitati
724 795 807 838 nemo
833 781 921 837 aude·
975 788 1058 836 eraut
1077 781 1308 852 contemplaturi.
1329 780 1398 847 Quae
1411 781 1484 838 ratio
1504 780 1533 836 iu
1549 781 1631 837 Petro
1645 785 1761 836 servata
1772 786 1825 848 est,

75 871 117 926 bit
130 870 283 938 deputare;
299 876 326 925 et
347 877 447 924 contra
466 877 602 924 naturam
616 877 658 924 est
678 869 782 925 sudare
801 870 920 940 sangui·
976 870 1119 940 quicum
1143 877 1304 942 negaturus
1328 877 1413 937 esset,
1437 869 1478 925 ita
1503 868 1621 941 negarit
1644 884 1652 924 ι
1676 869 1738 927 Noa
1763 869 1827 924 aovi

73 973 150 1025 trent,
176 973 228 1014 nec
251 958 404 1013 infirmitas
428 965 470 1012 est
494 957 570 1028 quod
594 965 716 1027 potestas
744 965 844 1014 contra
867 972 920 1013 na·
975 955 1119 1022 bominem,
1138 957 1207 1026 quia
1222 956 1333 1011 dictum
1347 965 1400 1027 est;
1415 956 1524 1023 aliquid
1538 960 1567 1010 ta
1587 956 1689 1011 Filium
1708 955 1826 1012 mininis

74 1055 170 1104 turam
203 1047 298 1118 gessit.
323 1048 420 1101 ltem:
455 1045 604 1114 apostolus
637 1046 673 1117 (ll
703 1047 762 1103 Cor.
797 1062 857 1114 xtrr,
891 1048 919 1118 t)
974 1046 1137 1099 remittetur.
1163 1044 1265 1100 Tristis
1286 1058 1355 1115 ergo
1385 1044 1484 1100 anima
1509 1043 1664 1116 usquead
1692 1050 1824 1101 mortem.

70 1135 187 1192 loeutus
205 1143 262 1191 est:
289 1137 358 1191 Nalm
377 1141 401 1189 et
424 1136 569 1204 martineus
589 1139 628 1190 cst
651 1151 684 1189 ea
700 1138 859 1204 infirmitate
873 1152 921 1191 eo·
974 1132 1037 1190 Non
1062 1133 1160 1203 itaque
1179 1147 1267 1199 mors,
1290 1132 1340 1189 scd
1362 1140 1477 1203 tempus
1499 1133 1600 1190 mortis
1623 1133 1653 1189 in
1676 1139 1756 1191 metu
1774 1140 1825 1199 est,

71 1222 142 1291 stra}
157 1225 206 1278 scd
220 1226 287 1278 nteit
313 1240 347 1278 ee
361 1226 463 1278 catate
486 1226 546 1289 bet,
571 1231 598 1279 et
620 1237 686 1279 cum
713 1225 742 1280 iu
764 1224 861 1279 eodem
878 1238 919 1279 es·
975 1221 1045 1292 quia
1060 1229 1122 1291 post
1137 1235 1201 1277 eam
1223 1221 1443 1277 resurrectionis
1465 1221 1573 1278 virtute
1596 1221 1666 1279 iides
1688 1227 1762 1279 esset
1775 1221 1824 1279 ilr-

72 1321 115 1370 set
131 1314 284 1369 infirmitas
305 1313 341 1367 ad
366 1313 525 1382 passionem
549 1320 576 1367 ct
591 1312 627 1367 ad
652 1312 741 1367 vitam
762 1312 812 1368 bei
836 1311 919 1383 quasi
974 1310 1081 1366 manda
1094 1308 1284 1367 credentiam.
1303 1310 1425 1366 Demum
1443 1316 1526 1366 orat:
1545 1310 1630 1365 Peter
1647 1312 1697 1376 mi,
1721 1311 1825 1381 sipos-

71 1402 177 1468 virtus,
193 1415 251 1457 non
267 1401 342 1456 alius
364 1415 396 1455 ac
418 1399 530 1455 divisus
545 1413 561 1454 a
577 1413 606 1454 se
633 1406 714 1464 esset,
731 1400 782 1469 qui
797 1406 823 1454 et
837 1407 920 1469 pate·
974 1397 1053 1453 sibile
1076 1403 1126 1468 est,
1153 1402 1275 1453 transeat
1301 1415 1318 1453 a
1342 1414 1383 1453 me
1404 1400 1478 1454 celia
1492 1401 1561 1467 iste3
1586 1398 1635 1455 sed
1654 1404 1746 1454 tamea
1770 1412 1825 1455 aon

73 1499 155 1546 retur
171 1498 198 1546 ct
214 1491 333 1545 viveret.
350 1488 428 1543 Idem
451 1490 481 1542 in
499 1490 606 1543 Psalmo
629 1486 697 1556 (nur,
714 1487 760 1558 dl:
786 1490 863 1549 lices,
889 1489 919 1541 in
973 1488 1043 1541 sicut
1059 1503 1106 1555 epo
1120 1488 1190 1553 volo,
1205 1486 1254 1541 scd
1267 1487 1338 1541 sicut
1358 1492 1396 1542 tu.
1413 1487 1476 1545 Non
1491 1486 1532 1543 ait
1547 1501 1554 1542 :
1571 1493 1699 1544 transeat
1714 1501 1760 1544 ute
1772 1498 1825 1544 aa·

72 1583 181 1634 nemim
202 1584 248 1634 tao
267 1580 373 1632 saletam
396 1593 436 1631 me
462 1580 517 1644 sae.
543 1577 638 1632 Passio
667 1577 727 1646 ipsa
755 1575 918 1632 voluntarie
935 1620 955 1675 B
973 1575 1015 1632 lix
1035 1578 1096 1633 iste.
1116 1575 1170 1639 Qui
1196 1584 1293 1633 autem
1308 1582 1341 1632 ut
1361 1589 1379 1631 a
1398 1590 1428 1632 se
1452 1582 1579 1632 transeat
1602 1582 1694 1648 rogat,
1710 1590 1770 1633 non
1790 1582 1824 1636 ιιι

70 1676 203 1737 suscepta
216 1674 268 1734 est,
284 1665 376 1721 eructo
392 1665 506 1735 quidem
534 1665 596 1735 ipsa
616 1663 799 1720 satisfactura
816 1677 918 1734 poena·
976 1665 1036 1736 ipse
1056 1671 1241 1735 praetereatur
1263 1671 1337 1731 orat,
1362 1663 1410 1720 sed
1428 1670 1461 1720 ιιι
1482 1664 1513 1720 in
1528 1663 1652 1721 alterum
1666 1662 1697 1721 id
1711 1663 1823 1736 quoda

69 1755 91 1813 li
114 1762 287 1812 nontamen
315 1768 405 1824 penna
428 1767 514 1810 sensu
537 1754 644 1809 laesura
663 1754 832 1823 patientem3
861 1767 919 1808 non
974 1768 1004 1809 se
1024 1753 1126 1810 transit
1144 1752 1274 1809 excedat.
1291 1753 1380 1809 Totus
1404 1752 1496 1824 igitur
1516 1766 1603 1823 super
1628 1752 1674 1809 his
1694 1749 1745 1824 qui
1760 1765 1825 1824 pas·

70 1845 149 1916 rpuod
172 1844 220 1899 illa
240 1857 297 1899 non
313 1841 447 1898 babuerit
467 1840 587 1898 tenenti
603 1848 748 1907 naturam,
770 1840 819 1896 sed
841 1840 919 1911 quod
974 1841 1033 1898 suri
1059 1848 1142 1898 erant
1166 1848 1259 1898 metus
1286 1849 1340 1909 est;
1376 1849 1464 1912 atque
1493 1840 1556 1899 ideo
1588 1839 1738 1913 quianon
1760 1854 1824 1912 poa·

71 1934 197 1989 dolorem
222 1931 381 1987 divinitatis
404 1937 510 1984 natura
533 1945 592 1984 non
614 1929 710 1984 sentit.
728 1931 832 1984 Passus
850 1943 919 1999 ergo
973 1930 1055 1987 sibile
1079 1943 1109 1985 se
1126 1944 1186 1985 non
1207 1929 1278 2000 pati,
1301 1944 1352 1999 pro
1367 1929 1412 1986 bis
1434 1936 1517 2000 rogat
1532 1929 1584 2001 qui
1610 1928 1724 2001 passuri
1739 1936 1823 1988 erant

70 2029 113 2077 est
129 2024 215 2087 Deus,
235 2019 306 2090 quia
322 2033 351 2074 se
375 2019 493 2089 subjecti
519 2017 703 2073 voluntarius
719 2016 851 2088 passioni,
869 2016 917 2071 sed
973 2027 1035 2088 post
1057 2032 1097 2085 se,
1121 2017 1239 2074 dicens:
1267 2020 1399 2074 Transeat
1415 2019 1490 2074 ealle
1510 2035 1528 2073 a
1547 2034 1599 2086 me,
1624 2025 1652 2075 ιι
1675 2017 1822 2090 quomodo

72 2120 167 2166 tamen
188 2116 334 2164 enatura
357 2121 416 2162 sua
442 2107 549 2162 virtute
572 2120 629 2161 non
651 2105 768 2174 excidit,
796 2104 919 2161 utdoie·
972 2120 1057 2163 ame
1082 2106 1201 2174 bibitur,
1235 2106 1271 2163 ab
1293 2107 1339 2164 lris
1360 2107 1478 2165 bibatur
1503 2107 1565 2165 sine
1594 2107 1654 2178 spei
1687 2105 1821 2164 diltlden·

71 2207 125 2255 ret.
153 2199 232 2252 laem
257 2212 338 2265 sepo·
360 2196 529 2260 llatttaem,
557 2210 617 2263 cap.
648 2195 770 2250 xxxii:
796 2194 915 2264 Aliquo·
973 2195 1020 2263 tia,
1037 2194 1099 2251 siue
1115 2209 1200 2251 sensu
1216 2195 1333 2267 doloris,
1345 2196 1408 2252 sine
1422 2204 1502 2252 metu
1517 2195 1627 2252 mortis.
1643 2195 1710 2252 ldeo
1723 2197 1821 2252 autem

69 2303 136 2344 rum
152 2286 249 2357 opinio
269 2294 320 2350 est,
349 2284 425 2354 quiid
450 2284 551 2339 cadere
574 2290 689 2353 propter
710 2298 739 2339 se
755 2281 917 2338 maestitudo
971 2286 997 2338 si
1009 2284 1138 2354 possibile
1164 2288 1213 2350 est,
1237 2284 1308 2353 quia
1330 2284 1411 2340 carui
1434 2292 1462 2341 et
1487 2283 1625 2356 sanguini
1649 2283 1821 2355 grertster-

72 2377 101 2431 in
127 2377 216 2430 beatu
238 2373 361 2443 potuerit
382 2387 508 2442 eumque
534 2372 637 2427 iuturae
663 2371 802 2441 passionis
825 2377 917 2425 metus
971 2386 1019 2429 ror
1051 2378 1142 2428 estet
1174 2371 1289 2429 diliicile
1321 2379 1363 2429 est
1388 2386 1490 2429 eorum
1518 2372 1672 2429 acerbitate
1700 2384 1822 2444 corpora

71 2462 196 2531 inegerit,
221 2459 428 2530 maledixerit:
448 2459 548 2512 Tristis
575 2464 613 2512 cst
637 2460 731 2513 animo
752 2474 811 2513 mea
831 2473 917 2527 usquc
971 2460 1275 2518 humananonvinoi.
1302 2461 1384 2526 Quod
1406 2467 1504 2518 autem
1520 2461 1579 2517 ait:
1601 2462 1662 2518 Noa
1683 2462 1754 2518 sieut
1772 2475 1821 2530 ego

70 2551 107 2604 orl
136 2555 248 2603 mmtem
275 2548 384 2617 (ttottb.
417 2561 495 2613 ιιιι,
526 2547 582 2616 38),
611 2555 638 2602 ct
668 2546 760 2603 illud:
789 2549 869 2601 Pater
893 2547 917 2600 si
971 2549 1104 2615 oolaset
1127 2551 1254 2617 sicatta,
1282 2549 1367 2606 vellet
1391 2548 1509 2619 quidem
1530 2563 1578 2607 eos
1600 2563 1660 2606 non
1687 2547 1757 2620 pati,
1782 2561 1821 2605 ue

68 2638 265 2708 possibilem,
290 2640 413 2690 teneaat
434 2651 451 2689 a
474 2650 514 2688 me
537 2636 611 2688 cotta
629 2638 680 2688 iste
703 2635 795 2704 libid,
818 2634 873 2703 39),
889 2640 917 2690 et
972 2638 1044 2694 torte
1066 2637 1095 2692 in
1129 2637 1261 2706 passione
1283 2637 1426 2705 diffidant,
1451 2636 1501 2693 sed
1524 2635 1736 2694 cohaereditatis
1758 2649 1820 2694 suet

69 2740 208 2782 rursum:
231 2725 353 2796 Spiritus
375 2724 484 2792 quidem
505 2729 645 2792 perceptos
670 2729 718 2789 est,
740 2738 802 2777 coro
825 2729 917 2779 autem
972 2725 1093 2797 gloriam
1115 2724 1177 2781 sine
1198 2723 1338 2795 passionis
1357 2724 1526 2781 diliicultate
1540 2730 1719 2782 mereantur.
1735 2725 1817 2781 item:

71 2817 180 2883 inspersa
196 2813 283 2882 (ibid,
300 2813 356 2883 tt),
381 2819 408 2866 et
433 2812 468 2867 ad
495 2819 669 2881 postremum
685 2812 728 2867 bis
750 2811 913 2880 adipsum:
972 2812 1131 2883 Discipulos
1151 2812 1324 2868 dormientes
1349 2819 1377 2867 et
1400 2813 1517 2868 Petrum
1542 2810 1685 2884 coarguit,
1707 2823 1818 2868 curse·

72 2904 163 2965 Pater,
193 2905 218 2955 si
243 2917 295 2954 non
321 2900 558 2970 potestbiocalt'a
585 2903 715 2965 transire,
739 2901 795 2953 nisi
825 2894 1036 2957 bibachum
1053 2914 1113 2956 una
1135 2900 1395 2957 saitcmhoranou
1421 2899 1531 2971 vigilet.
1557 2898 1674 2956 Petrum
1697 2898 1761 2956 ideo
1781 2912 1820 2956 ex

69 2990 159 3052 ittam,
180 2992 228 3053 ιιι
246 2989 371 3042 ootarttas
395 2993 443 3041 tea
466 2987 558 3055 (ibid,
576 2988 631 3058 aa).
658 2987 766 3043 Volunt
786 2986 863 3042 enim
878 3001 914 3042 ex

69 3077 234 3133 infirmitate
263 3076 358 3131 carnis
378 3089 539 3132 aerumnam
568 3075 682 3145 spiritui
708 3075 864 3143 adhaerere,
881 3088 915 3130 ac

68 3167 92 3222 si
108 3167 246 3222 virtutem
260 3166 337 3221 illam
363 3166 536 3234 incorrupte
550 3165 718 3220 substantiae
741 3164 916 3220 imbecillita-

69 3254 106 3310 tis
126 3267 186 3309 sua
211 3261 284 3309 sorte
307 3254 464 3322 assumptio
488 3253 583 3309 caruis
607 3252 735 3309 iniecerit
758 3260 786 3308 et
805 3252 915 3308 aeterni-

69 3344 136 3399 tatis
154 3351 288 3398 naturam
316 3342 457 3412 tragilitas
482 3341 634 3410 acceperit,
661 3354 727 3410 quse
749 3340 772 3396 si
797 3341 833 3396 ad
857 3354 913 3396 me·

67 3439 132 3488 tum
154 3431 242 3487 tristis
268 3438 318 3496 est,
345 3430 370 3485 si
396 3430 430 3484 ad
456 3430 581 3484 notorem
606 3428 732 3495 infirma,
749 3429 771 3483 si
788 3429 823 3484 ad
839 3442 911 3485 mor-

68 3528 126 3576 tem
148 3517 266 3587 trepida,
286 3518 347 3588 jam
368 3524 395 3572 et
418 3515 594 3586 corruptioni
619 3515 735 3572 subdita
749 3515 817 3581 erit;
835 3529 869 3571 ac
890 3515 915 3570 si

67 3608 214 3663 aeternitas
228 3607 376 3662 demutata
398 3606 427 3659 in
452 3612 571 3672 metum,
592 3605 614 3658 si
639 3608 729 3673 potest
752 3617 813 3659 esse
836 3604 914 3674 qttod

66 3711 126 3752 non
142 3703 212 3761 erat,
239 3694 333 3764 potuit
356 3692 473 3762 perinde
497 3692 551 3747 boc
576 3692 654 3762 quod
674 3692 704 3746 in
727 3705 760 3746 ea
782 3698 832 3754 est,
863 3690 915 3746 ali·

67 3785 259 3856 quandonam
278 3796 346 3838 csse.
367 3783 441 3836 Deus
464 3788 558 3836 autem
575 3780 637 3835 sine
657 3793 794 3835 mensura
808 3787 914 3848 tempo·

67 3887 136 3929 rum
159 3885 270 3941 semper
295 3878 347 3936 est,
370 3878 398 3926 et
427 3869 521 3939 otialis
545 3871 596 3934 cst,
623 3867 687 3923 talis
713 3874 837 3922 eternus
862 3875 913 3924 est.

65 3960 225 4017 AEternitas
244 3966 339 4013 autem
359 3958 386 4011 in
412 3956 524 4012 inlinita
546 3969 666 4011 manens
692 3956 768 4011 utin
787 3954 916 4025 nisque

66 4049 193 4112 fuerant,
224 4047 263 4101 ita
293 4047 322 4100 in
343 4045 398 4100 iliis
423 4059 488 4115 ottae
511 4049 726 4114 consequentur
747 4044 915 4099 extenditur

66 4149 181 4205 semper
203 4135 325 4204 integra,
353 4134 526 4203 incorrupta.
549 4132 602 4187 Sed
625 4145 724 4187 eorum
750 4131 845 4188 omnis
869 4131 915 4187 bic

970 2990 1074 3056 tribus,
1096 2989 1166 3059 quia
1191 3002 1249 3060 pra
1274 2989 1382 3046 eatenis
1410 3003 1470 3046 nou
1495 3002 1525 3045 se
1555 2987 1819 3044 scandalizaturum

969 3077 1064 3134 iuerat
1081 3077 1231 3148 gloriatus.
1250 3079 1340 3133 Item:
1361 3080 1464 3150 Rogat,
1485 3085 1518 3135 ut
1544 3075 1623 3149 quod
1644 3075 1728 3133 Pater
1755 3076 1820 3134 rutt

969 3165 1087 3222 bibendi
1112 3165 1210 3221 caliois
1234 3165 1264 3222 in
1290 3181 1337 3223 eos
1365 3180 1400 3223 ιιι
1428 3180 1459 3222 se
1498 3172 1625 3224 transeat
1667 3162 1816 3222 tortitudo.

970 3255 1051 3308 ltem:
1077 3253 1199 3322 Spiritus
1222 3252 1332 3322 quidem
1352 3257 1496 3323 promptas
1516 3258 1565 3320 est,
1582 3267 1645 3309 curo
1665 3254 1756 3333 uatem
1775 3253 1817 3307 ln·
1854 3261 1861 3277 ’

968 3343 1058 3408 firma.
1084 3340 1147 3396 Non
1169 3341 1272 3412 utique
1296 3341 1331 3397 de
1353 3356 1403 3410 se;
1428 3341 1465 3398 ad
1485 3355 1533 3399 ιοι
1553 3341 1632 3398 enim
1655 3338 1702 3398 bic
1725 3349 1819 3396 sermo

969 3441 1125 3485 conversus
1153 3436 1204 3484 est.
1242 3429 1301 3486 Aut
1333 3430 1478 3500 quomodo
1518 3443 1599 3486 nunc
1635 3428 1672 3486 ιιι
1700 3425 1820 3500 spiritua

970 3523 1130 3586 promptus,
1145 3516 1171 3571 si
1185 3515 1319 3585 superius
1335 3530 1342 3571 :
1361 3519 1460 3572 Tristis
1481 3521 1520 3573 ιιι
1535 3519 1628 3573 animo
1649 3531 1709 3572 mee
1731 3527 1820 3586 uagae

969 3603 1006 3658 ad
1024 3601 1156 3658 mortem?
1175 3602 1228 3658 Sed
1242 3603 1359 3674 vigilari
1376 3604 1505 3676 precipit
1517 3613 1546 3662 et
1561 3604 1649 3673 orari,
1664 3617 1701 3661 ne
1715 3602 1746 3659 in
1758 3607 1820 3660 ten·

970 3691 1107 3747 tationem
1131 3690 1271 3757 incidant,
1287 3692 1329 3760 ine
1345 3692 1510 3750 infirmitati
1534 3693 1662 3764 corporis
1684 3703 1818 3749 succum·

970 3781 1049 3837 baut.
1072 3778 1158 3833 item:
1183 3779 1314 3837 passoris
1337 3780 1488 3851 discipulis
1511 3795 1562 3852 per
1588 3781 1654 3838 ddei
1676 3777 1818 3852 iustiliae·

969 3869 1085 3929 tionem,
1109 3878 1224 3921 omnem
1247 3867 1277 3922 iu
1301 3882 1331 3924 se
1354 3869 1482 3939 corporis
1507 3868 1599 3925 nostri
1620 3865 1819 3924 infirmitatem

969 3954 1135 4024 assumpsit,
1152 3967 1310 4024 secumque
1330 3957 1410 4013 cruci
1435 3957 1574 4015 universa
1593 3969 1628 4012 ea
1647 3954 1756 4028 quibus
1770 3952 1818 4011 in-
1855 3980 1857 3985 ⁷

970 4043 1161 4099 firmabamur
1189 4042 1290 4099 allinit.
1319 4044 1386 4102 ideo
1414 4052 1531 4117 peccata
1555 4052 1653 4102 nostra
1678 4049 1773 4115 portat
1790 4049 1819 4101 et

969 4145 1021 4203 pro
1044 4131 1127 4187 nobis
1151 4129 1250 4197 dolet;
1276 4132 1347 4203 quia
1371 4133 1437 4191 ildei
1459 4134 1553 4192 calore
1575 4134 1726 4199 terrentes,
1749 4144 1817 4189 eum

65 4231 111 4281 cst
132 4237 242 4289 sensus,
265 4230 296 4277 ut
319 4221 478 4291 opinentur
502 4228 610 4275 metum
626 4220 724 4275 mortis
748 4219 843 4276 inlisi
866 4219 912 4275 Fi·
930 4228 952 4284 n
968 4220 1109 4277 adversus
1123 4219 1271 4276 diabolum
1289 4220 1430 4291 passionis
1445 4222 1518 4280 bello
1537 4222 1575 4280 sit
1597 4218 1816 4287 decertandum,

66 4312 142 4368 lium
159 4311 302 4376 incidisse,
318 4310 369 4379 otri
393 4316 524 4364 asserunt
539 4322 606 4363 cum
629 4322 686 4363 non
709 4308 743 4364 de
758 4307 915 4364 aeternitate

65 4399 212 4469 prolatum
224 4411 317 4468 neque
332 4398 365 4453 de
381 4397 523 4452 intinitate
538 4405 663 4466 patema
676 4397 845 4452 substantias
861 4410 915 4451 ex-

65 4487 185 4551 stitisse,
194 4487 269 4553 uuotl
282 4486 302 4540 si
312 4485 535 4555 Evangeliorum
547 4499 665 4553 capaces
677 4484 914 4554 cssepotuisseut,

65 4575 175 4630 scirent
190 4574 315 4630 Verbum
343 4574 390 4629 Dei
410 4575 437 4628 in
455 4573 594 4642 principio
616 4575 717 4629 Deum.
738 4573 809 4628 llari
825 4573 915 4644 igitur

66 4665 98 4718 in
121 4663 178 4718 lieo
192 4662 265 4717 nibil
290 4663 391 4732 potuit,
415 4676 509 4731 neque
532 4675 569 4715 en
590 4674 619 4715 se
634 4661 690 4716 ileo
705 4660 804 4717 nullus
823 4668 915 4718 metus

64 4759 119 4807 est.
147 4751 199 4805 Sed
224 4750 294 4820 quia
329 4754 458 4805 mestum
484 4749 572 4804 luisse
604 4749 758 4805 Dominum
782 4749 913 4820 legimus,

64 4852 173 4896 causas
197 4839 394 4894 mestitudinis
423 4837 609 4907 reperiantus.
647 4838 808 4907 assumptis
832 4838 914 4895 Petro

65 4936 95 4986 et
121 4928 225 4982 iacolto
252 4935 279 4981 ct
305 4927 413 4981 Joanne
438 4927 523 4994 capit
550 4927 638 4981 tristis
658 4939 728 4981 csse.
753 4926 828 4996 Ergo
856 4941 915 4983 non

66 5022 138 5072 aute
154 5015 240 5070 tristis
255 5023 296 5069 est
310 5030 398 5085 apuam
418 5015 585 5082 assumpsit,
605 5023 632 5070 et
653 5016 746 5069 omnis
763 5019 856 5071 metus
878 5017 915 5072 il·

67 5104 128 5161 lius
151 5117 211 5159 esse
226 5103 311 5172 cmpit
336 5104 390 5158 illis
405 5104 570 5172 assumptis,
598 5111 685 5173 atque
702 5105 742 5159 ita
762 5119 820 5161 nou
835 5105 869 5162 de
886 5119 915 5162 se

66 5200 134 5248 orta
148 5198 199 5255 est,
224 5191 271 5245 sod
297 5190 331 5246 de
353 5191 396 5245 liis
416 5205 489 5260 quos
511 5197 715 5258 assumpserat,
739 5192 913 5250 maestitudo.

67 5277 120 5335 Ilei
150 5277 227 5346 arrod
258 5277 315 5331 nit:
350 5279 445 5332 Tristis
480 5282 519 5331 est
550 5278 642 5330 cerrima
672 5293 731 5330 enea
760 5293 847 5348 usqae
877 5281 916 5335 od

66 5370 193 5428 mortem,
214 5378 270 5420 nou
294 5365 334 5421 ait
354 5375 468 5436 propter
494 5373 625 5432 mortem,
646 5367 757 5424 namsi
778 5367 812 5424 de
825 5376 915 5425 morte

66 5462 133 5514 erat
156 5456 259 5522 metue,
284 5453 321 5510 ad
343 5456 525 5526 caritatique
547 5456 658 5524 referri,
684 5463 801 5527 propter
824 5470 912 5528 quam

968 4323 1068 4367 omnes
1094 4307 1324 4365 imbecillitatum
1339 4318 1505 4369 nostrarum
1527 4310 1639 4369 dolores
1661 4322 1729 4366 eunt
1753 4320 1817 4365 eor·

968 4411 1036 4469 pore
1059 4396 1123 4467 eius
1144 4403 1172 4453 et
1195 4397 1328 4467 passione
1352 4399 1524 4456 moriantur.
1546 4399 1582 4455 Et
1606 4397 1670 4454 ideo
1693 4395 1818 4454 transire

968 4487 1005 4542 ab
1024 4499 1057 4541 eo
1080 4483 1157 4540 calix
1176 4499 1233 4540 non
1251 4489 1352 4555 potest,
1376 4487 1432 4543 uisi
1457 4486 1539 4544 illum
1554 4486 1645 4554 bibat,
1667 4485 1739 4557 quia
1756 4483 1816 4557 pati

968 4573 1025 4630 nisi
1039 4587 1074 4629 en
1089 4574 1153 4645 ejus
1168 4575 1299 4644 passione
1314 4590 1371 4632 non
1387 4590 1552 4646 possumus.
1572 4576 1651 4632 Idem
1664 4577 1696 4631 in
1707 4574 1817 4646 psalm

969 4661 1060 4718 Citii:
1086 4661 1225 4719 Omnium
1248 4664 1443 4732 apostolorum
1467 4664 1535 4722 tides
1549 4677 1643 4736 usque
1657 4663 1694 4721 ad
1716 4674 1814 4720 resur-

969 4749 1105 4806 rectionis
1127 4758 1241 4821 tempus
1272 4750 1329 4808 luit
1359 4751 1489 4823 trepida;
1516 4761 1544 4809 et
1565 4751 1634 4808 hinc
1659 4750 1732 4809 illud
1757 4754 1815 4806 est:

972 4837 1071 4893 Tristis
1092 4841 1185 4894 aalma
1212 4855 1273 4894 mea
1308 4856 1396 4911 usque
1430 4840 1466 4895 aa
1499 4846 1618 4896 mortem.
1645 4839 1708 4897 Non
1737 4837 1816 4896 enlm

969 4935 1085 4997 propter
1101 4933 1231 4993 mortem,
1256 4928 1329 5000 quia
1350 4929 1415 4986 licet
1437 4929 1485 4986 sed
1506 4929 1635 5000 passioni
1650 4927 1732 4985 daret
1756 4940 1815 4983 non

969 5014 1065 5072 tamen
1089 5015 1182 5071 virtus
1206 5023 1315 5073 aeterna
1338 5017 1463 5074 dolorem
1488 5017 1629 5088 passionis
1658 5015 1816 5087 exciperet.

969 5105 1130 5159 Antbrosius
1156 5109 1186 5159 in
1211 5105 1280 5159 libre
1304 5109 1342 5161 De
1363 5108 1551 5163 incamaliane
1575 5107 1703 5163 Domini:
1728 5103 1817 5162 lubr-

969 5207 1031 5248 mos
1063 5192 1091 5247 in
1116 5206 1146 5248 se
1169 5193 1348 5265 presignans
1373 5195 1611 5252 Dominusiait:
1645 5197 1777 5250 Ίιοιιιιιι
1798 5208 1818 5249 ο

968 5295 1011 5335 me
1026 5280 1099 5334 calte
1113 5281 1174 5335 iste.
1197 5282 1260 5338 Non
1274 5281 1352 5337 enim
1372 5295 1438 5339 rere
1453 5282 1572 5339 timebat
1596 5279 1738 5339 Dominus
1758 5279 1817 5352 pau

969 5370 1055 5426 tertia
1087 5370 1133 5426 die
1159 5377 1387 5439 resurrecturus,
1415 5379 1443 5428 et
1470 5386 1538 5429 cum
1567 5371 1679 5429 arderet
1709 5371 1817 5430 Paulus

970 5457 1088 5517 dissolri
1102 5466 1130 5517 et
1153 5474 1215 5516 esse
1237 5473 1303 5517 cum
1330 5459 1453 5529 Cbristo,
1473 5460 1526 5518 iste
1552 5460 1659 5534 gaudet
1677 5472 1816 5520 coronan-
