3804 5962
104 104 231 186 toaa'

368 126 471 186 aulul
488 126 679 187 temnunt
696 127 773 187 otte.
793 127 885 188 rhus
907 129 998 189 111.-

1008 129 1235 195 theotbalda
1252 136 1296 196 at
1313 138 1583 203 Pathosututca.
1743 168 1746 172 ’
1790 153 1855 210 lobi

100 261 167 312 tura
189 249 310 325 cogitari
333 250 431 322 possit.
459 249 520 308 Nisi
547 251 626 308 enim
656 252 871 310 transcenderet
887 265 949 309 om·
965 251 990 307 A
1004 252 1089 324 hono,
1106 256 1264 313 fruentium
1285 273 1398 317 summo
1415 262 1530 334 gaudio,
1547 265 1725 336 sapientium
1739 282 1853 328 summa

101 356 169 402 nem
193 348 251 398 tam
273 342 442 413 angelorum
464 354 553 412 quam
576 348 604 398 et
627 341 778 399 hominurn
801 341 950 415 cogitatio-

103 446 171 490 nem
186 446 245 489 non
266 437 454 502 exsuperaret
476 444 589 487 omnem
605 444 721 488 sensum
736 445 788 487 nec
805 431 949 488 inhabita·

103 529 147 580 ret
162 519 257 579 lucem
284 519 521 590 inaccessibilem,
544 534 640 592 neque
660 520 803 577 diceretur
821 534 888 577 vere
904 520 951 575 in-

104 607 373 680 comprehensibile,
399 609 478 682 quod
500 608 566 681 quis
593 616 684 680 posset
713 610 885 682 cogitatione
906 607 952 665 vel

104 697 251 756 intellectu
274 697 416 770 attingere
439 697 483 755 vel
504 697 754 771 comprehendere.
783 697 875 754 Sensit
897 697 953 754 hoo

104 786 152 845 itte
175 787 226 858 qui
255 785 358 844 dixit:
382 787 404 844 0
427 787 545 843 altitudo
571 787 731 843 divitiorum
758 788 899 858 supientiae
927 791 953 842 ει

104 878 224 935 miralia
248 877 320 932 Dei!
337 875 425 943 Quum
448 877 735 947 incomprehensibilia
758 881 823 932 suut
843 877 953 946 judicia

105 967 164 1038 eius
194 970 221 1021 et
244 965 447 1035 iuvestigabiles
469 968 520 1021 uiae
546 967 627 1036 ejus!
642 965 706 1032 Quis
730 968 802 1022 euim
829 967 954 1036 cognouit

104 1071 216 1117 consum
246 1053 381 1111 Domini?
410 1054 497 1126 (Rom.
527 1048 567 1123 ιιι,
596 1055 640 1124 33,
673 1055 730 1128 34.)
756 1056 890 1112 Attamen
916 1070 954 1112 cx

105 1153 187 1219 parte
212 1144 286 1202 illud
314 1158 463 1202 summum
492 1145 601 1202 bonum
639 1152 837 1217 cognoverunt
862 1153 890 1202 et
917 1158 954 1201 cx

105 1242 188 1308 parte
208 1234 294 1292 etiam
320 1234 566 1306 prophetaverunt
594 1234 634 1303 hi,
651 1249 703 1305 per
718 1249 791 1306 quos
815 1234 955 1291 canonica

107 1323 258 1395 Scriptura
272 1323 383 1382 Veteris
408 1336 442 1378 ac
461 1322 534 1380 Nori
557 1323 729 1380 Testamenti
754 1322 955 1379 administrata

107 1422 160 1482 est,
177 1413 282 1485 inqua
304 1412 349 1470 vel
375 1427 424 1484 per
438 1413 587 1484 speculum
609 1421 637 1470 et
654 1413 684 1469 in
703 1412 855 1485 aenigmate
870 1426 956 1484 appa·

107 1510 152 1562 ret
165 1502 351 1574 pulchritudo
367 1503 475 1560 summi
494 1504 572 1571 boni,
595 1517 715 1561 summae
728 1503 857 1574 justitiae,
874 1516 955 1559 sum-

1005 344 1157 415 sapientia‚
1182 360 1249 416 quac
1275 355 1317 404 εει
1331 349 1471 408 Christus.
1493 352 1593 423 ipsum
1616 356 1727 414 audite.
1753 359 1851 415 Consi·

1006 432 1107 490 liarius
1130 440 1181 499 est,
1216 435 1310 505 ipsum
1335 439 1432 497 audite
1457 455 1464 495 t
1495 452 1652 515 preceptor
1677 454 1732 514 est,
1761 449 1851 518 ipsum

1006 523 1114 579 audite.
1142 523 1170 581 Si
1186 539 1245 581 non
1273 527 1389 596 potestis
1414 530 1540 602 recipere
1569 533 1662 604 ipsius
1690 536 1850 606 consilium,

1007 618 1040 668 ut
1068 612 1243 683 abnegantes
1269 630 1319 673 vos
1340 618 1531 689 vobisipsum
1560 622 1730 693 sequimini,
1755 625 1849 682 saltem

1007 709 1118 759 servate
1134 712 1308 774 praeceptum
1318 713 1345 762 ει
1359 705 1389 764 in
1403 716 1529 780 utroque
1544 713 1743 780 cognoscendo
1760 714 1849 786 ipsum

1008 786 1115 844 audite.
1147 790 1253 859 Primo,
1283 791 1306 848 si
1335 791 1397 849 heri
1429 803 1530 865 potest,
1559 798 1596 853 cd
1628 799 1851 857 conservandam

1008 875 1213 948 innocentiam,
1239 880 1334 951 ipsum
1347 882 1453 940 audite.
1471 883 1611 952 Secundo,
1630 886 1684 943 nbi
1706 888 1852 945 amiseritis

1008 964 1213 1037 innocentiam,
1222 969 1323 1026 saltem
1337 971 1373 1027 ad
1384 973 1525 1044 agendam
1537 975 1747 1045 poenitentiam,
1766 976 1851 1047 ipsum

1009 1054 1116 1112 audite.
1133 1055 1161 1111 Si
1176 1056 1298 1114 laeultas
1307 1060 1436 1130 suppetit
1451 1061 1485 1118 ad
1497 1062 1643 1134 agendum
1660 1064 1749 1131 bona,
1766 1066 1853 1136 ipsum

1009 1143 1116 1213 audite,
1138 1144 1162 1201 si
1177 1145 1297 1204 lacultas
1322 1147 1394 1205 desit
1409 1149 1446 1206 ad
1471 1150 1627 1208 volendum
1654 1153 1759 1210 saltem
1774 1155 1851 1221 bona,

1011 1233 1104 1303 ipsum
1134 1234 1240 1292 audite.
1269 1235 1296 1291 Si
1322 1237 1409 1294 vultis
1440 1239 1523 1308 scire,
1548 1240 1619 1310 quid
1642 1241 1679 1298 sit
1712 1257 1851 1299 summum

1010 1321 1130 1389 honum,
1150 1323 1195 1379 vel
1218 1338 1277 1394 qua
1304 1325 1353 1382 via
1382 1327 1419 1383 sit
1441 1328 1477 1383 ad
1504 1327 1577 1385 illud
1603 1331 1850 1402 progrediendum,

1011 1411 1107 1483 ipsum
1136 1412 1234 1469 audite
1258 1413 1398 1471 dicentem
1415 1430 1423 1472 z
1438 1420 1495 1484 Epo
1525 1432 1584 1473 sum
1604 1420 1651 1473 cic
1675 1424 1700 1474 et
1716 1421 1852 1475 υεείιαεει

1011 1503 1067 1556 oitu
1082 1501 1170 1572 (Joua.
1188 1517 1254 1572 xiv,
1282 1505 1321 1573 ιι).
1339 1504 1411 1561 Nam
1427 1507 1487 1574 via,
1501 1520 1560 1577 qua
1582 1509 1641 1565 itur
1656 1517 1686 1566 et
1706 1509 1813 1565 veritas
1826 1523 1851 1565 ac

108 1587 993 1668 maavitae,'summaepotentiae,summaelaetitiae,summan
1011 1590 1156 1662 vitando
1183 1592 1250 1658 itur,
1266 1593 1326 1663 ipse
1354 1601 1405 1662 est,
1436 1595 1531 1666 ipsum
1545 1597 1655 1653 audite.
1689 1598 1719 1653 Si
1744 1597 1850 1654 iortcin

110 1681 261 1739 charitatis
279 1689 306 1738 et
334 1680 482 1738 claritatis.
515 1680 584 1748 Quae
612 1682 710 1739 omnia
729 1681 829 1753 eisque
852 1681 957 1738 similia
1012 1680 1061 1736 via
1078 1681 1134 1737 hac
1149 1681 1331 1738 ambulantes
1351 1683 1419 1739 estis
1435 1684 1528 1741 tristes
1543 1699 1610 1741 cum
1624 1686 1779 1756 discipulis
1792 1701 1852 1743 eun·

110 1771 147 1830 de
174 1785 289 1828 summo
314 1770 392 1827 bono
421 1770 575 1842 praedicata
603 1785 662 1828 nou
689 1779 758 1828 sunt
777 1770 878 1839 multa,
908 1771 958 1827 sed
1012 1768 1090 1825 tibus
1113 1769 1278 1836 Enrmaum,
1303 1772 1396 1842 ipsum
1417 1773 1514 1830 audite
1537 1773 1740 1831 ambulantem
1764 1775 1851 1831 vobis·

110 1875 205 1920 unum
225 1860 340 1918 causale
359 1873 393 1916 ac
417 1859 604 1930 primordiale
625 1859 867 1931 principiumseu
890 1859 957 1916 iun·
1012 1871 1079 1914 cum
1095 1865 1123 1914 ct
1146 1858 1342 1916 consolantem
1365 1875 1426 1929 vos,
1453 1871 1485 1919 ut
1509 1864 1625 1920 tandem
1651 1864 1736 1920 stulti
1750 1870 1779 1920 et
1789 1864 1853 1920 tardi

112 1949 280 2007 dementum
298 1949 440 2017 omnium,
468 1962 534 2019 quae
559 1963 610 2019 per
632 1949 726 2020 ipsum
741 1955 847 2019 etpost
862 1949 956 2018 ipsum
1012 1946 1107 2004 cordis
1134 1948 1330 2004 accendamini
1358 1957 1386 2006 ct
1407 1950 1510 2006 dicatis
1526 1968 1532 2006 :
1550 1954 1644 2007 Nouae
1671 1969 1717 2008 cor
1741 1958 1853 2008 nostum

111 2038 190 2098 bona
201 2045 271 2096 sunt
288 2037 433 2095 inordina
448 2052 557 2095 rerum.
574 2038 644 2103 Quae
658 2051 725 2094 oum
748 2037 776 2093 in
792 2037 837 2094 sui
851 2045 960 2095 natura
1013 2036 1113 2091 ardens
1128 2041 1186 2091 erut
1201 2039 1230 2091 iu
1244 2037 1333 2104 uobis,
1348 2038 1413 2094 dum
1432 2039 1586 2110 loqueretur
1598 2044 1628 2096 in
1642 2043 1691 2097 vio
1703 2044 1730 2097 et
1743 2047 1854 2114 operiret

112 2128 170 2186 sint
187 2141 287 2186 omnes
311 2127 402 2198 bonae,
425 2134 524 2199 utpote
539 2141 557 2183 a
576 2141 691 2184 summo
719 2126 794 2183 hono
821 2124 960 2183 babentes
1012 2126 1088 2181 nobis
1104 2126 1262 2195 Scripturas
1277 2125 1291 2182 i
1307 2125 1384 2197 (Luc.
1402 2143 1482 2198 xxiv,
1499 2129 1556 2201 32.)
1571 2132 1635 2200 lpse
1653 2131 1764 2201 estqui
1785 2129 1853 2186 Scri·

112 2231 257 2286 esse.esse
282 2217 435 2274 tameneis
455 2225 484 2274 et
509 2216 581 2273 bene
607 2215 649 2274 uti
664 2215 774 2273 bonum
789 2223 830 2272 εει
842 2222 871 2273 ει
884 2215 960 2271 male
1013 2221 1114 2286 pluras
1142 2215 1361 2272 ambulantibus
1382 2216 1411 2272 in
1427 2232 1456 2273 se
1484 2218 1534 2274 via
1560 2227 1588 2275 et
1617 2219 1742 2276 veritate
1765 2221 1854 2289 aperit,

113 2306 157 2364 uti
171 2307 283 2365 malum
299 2313 351 2363 est.
378 2306 464 2363 Docet
487 2314 584 2362 autem
606 2310 705 2361 sancta
724 2303 882 2375 Scriptura,
899 2319 958 2360 ma·
1014 2301 1110 2372 ipsum
1136 2304 1244 2360 audite.
1269 2305 1368 2375 Aperit
1390 2312 1417 2361 et
1432 2320 1516 2363 nemo
1545 2306 1668 2374 claudit,
1694 2308 1792 2379 ipsum
1813 2320 1854 2363 au·

113 2394 193 2452 xime
218 2402 316 2452 autem
339 2394 410 2452 Novi
425 2394 597 2451 Testamenti
614 2393 758 2465 quomodo
774 2393 961 2451 interioribus
1014 2391 1087 2447 ditet
1115 2392 1340 2450 ambulantibus
1362 2394 1442 2462 dicit,
1467 2395 1557 2452 bonas
1575 2394 1662 2454 facite
1677 2397 1742 2454 vias
1756 2404 1855 2453 vestras

112 2481 198 2542 honis
211 2482 323 2540 bomini
339 2484 376 2539 eit
386 2482 538 2551 utendum,
554 2488 587 2540 ut
598 2482 747 2553 perveniat
762 2482 798 2538 ad
811 2497 961 2540 summurn
1014 2486 1041 2536 ει
1055 2479 1151 2536 studia
1165 2488 1273 2552 vestra,
1290 2480 1384 2551 ipsum
1399 2483 1505 2540 audite.
1526 2486 1769 2543 Pervenientibus
1783 2486 1853 2554 dicit,

113 2574 235 2636 bonnm,
255 2573 341 2644 cujus
357 2572 470 2630 tructus
484 2580 610 2629 aeternus
625 2572 897 2643 tanquamdiurnus
917 2573 962 2629 de·
1015 2567 1151 2625 habitabo
1170 2570 1332 2639 vobiscum,
1358 2571 1453 2642 ipsum
1476 2573 1584 2630 audite.
1610 2575 1718 2646 Legem
1743 2582 1855 2630 natura-

109 2663 217 2723 narius
232 2660 359 2719 illiserit
374 2660 590 2733 persolvendus,
611 2662 664 2732 qui
678 2660 761 2718 honis
776 2661 962 2719 interioribus
1015 2656 1081 2725 lem,
1103 2672 1192 2729 quam
1221 2673 1354 2731 paganus
1377 2661 1566 2733 philosophus
1585 2661 1728 2740 defendit,
1741 2662 1855 2734 ipsedc

114 2751 308 2811 benentendo
323 2749 501 2809 laborantia
528 2751 623 2819 tinea,
640 2765 706 2822 quae
719 2757 762 2807 εει
786 2763 911 2820 praesens
933 2757 961 2806 et
1015 2753 1070 2814 cet,
1088 2747 1182 2818 ipsum
1195 2748 1301 2805 audite.
1323 2749 1425 2821 Legem
1449 2751 1539 2822 Moysi
1562 2752 1640 2808 venit
1662 2752 1793 2823 implero,
1806 2763 1854 2807 non

115 2841 305 2914 peregrinans
333 2840 468 2910 Ecclesia,
493 2847 576 2897 extra
600 2853 690 2911 qnam
714 2846 822 2897 stantes
847 2839 876 2895 in
900 2839 960 2895 loro
1016 2835 1136 2904 solvere,
1167 2837 1261 2907 ipsum
1285 2838 1392 2895 audite.
1419 2839 1476 2896 Len
1500 2841 1619 2910 quidem
1635 2842 1854 2898 annuntiansu

114 2929 205 3001 hujus
229 2930 332 2986 muudi
346 2929 430 2987 otiosi
455 2930 562 3001 pagani
586 2928 646 2985 sire
660 2928 838 3000 negotiantes
858 2927 958 2996 Judaei,
980 2893 1217 2982 loenensium
1232 2924 1401 2998 languorem
1430 2942 1480 2998 per
1506 2929 1621 3000 Moysen
1652 2930 1722 2986 data
1734 2937 1787 2998 est,
1801 2942 1853 3002 gra·

115 3019 176 3075 sire
190 3016 249 3075 illis
270 3017 382 3088 pejores
410 3016 472 3073 ialsi
501 3016 657 3074 christiani
678 3016 784 3073 habere
809 3014 963 3072 denarium
1017 3014 1058 3071 tia
1072 3021 1169 3070 autem
1181 3021 1209 3070 ει
1229 3016 1336 3072 veritas
1358 3016 1493 3073 eumdem
1507 3031 1615 3075 sanans
1630 3018 1802 3091 languorem
1816 3030 1855 3090 per

114 3121 173 3166 uon
188 3113 332 3178 poterunt,
348 3116 415 3177 quae
427 3105 496 3162 solis
510 3105 582 3161 bene
597 3104 626 3160 in
646 3104 730 3161 vinea
750 3103 962 3173 laborantibus,
1016 3103 1113 3159 iesum
1138 3102 1286 3159 Christum
1301 3104 1377 3161 iacta
1400 3114 1453 3173 cst,
1477 3107 1571 3178 ipsum
1586 3107 1698 3164 audite.
1715 3107 1855 3165 Summum

115 3201 202 3267 prout
222 3196 246 3252 si
262 3201 376 3264 tempus
398 3193 549 3250 laborandi
564 3209 623 3251 nou
637 3194 755 3263 babent,
772 3201 805 3250 ιιι
827 3192 961 3260 inientes,
1017 3190 1126 3248 honum
1141 3206 1170 3248 se
1186 3194 1375 3263 sequentibus
1397 3204 1424 3251 et
1439 3195 1495 3252 sibi
1511 3196 1715 3255 obedientibus
1741 3196 1855 3269 promitit

115 3283 222 3341 Christi
237 3288 417 3340 sacramenta
431 3283 620 3353 gestantibus,
656 3282 784 3338 dandum
804 3289 979 3350 noverunt,
1017 3279 1047 3336 in
1070 3281 1199 3351 proemio,
1220 3290 1322 3339 caetera
1349 3285 1422 3341 bona
1438 3284 1576 3342 interiora
1605 3285 1717 3343 eisdem
1732 3284 1856 3343 conmssit

115 3373 168 3444 qui
183 3385 266 3428 nona
286 3371 463 3442 pbilosophis
476 3379 529 3429 aut
543 3369 604 3441 (iol.
621 3373 665 3426 til.
685 3369 732 3442 lt.)
746 3369 854 3428 Judaeis
877 3369 963 3426 Chri·
1017 3368 1053 3424 ad
1068 3369 1219 3427 utilitatem
1234 3371 1273 3427 ita
1288 3379 1320 3428 ut
1336 3372 1433 3429 onmia
1449 3381 1640 3443 cooperentur
1656 3376 1700 3431 eis
1714 3376 1744 3432 in
1760 3375 1854 3432 bonuu

115 3467 193 3520 stum
218 3459 423 3532 ignorantibus
450 3466 501 3517 aut
529 3459 761 3530 reprobantibus,
782 3459 830 3516 sed
844 3473 882 3515 ex
903 3459 963 3530 ipso
1018 3471 1069 3528 per
1088 3458 1197 3517 bonum
1213 3475 1311 3527 usum,
1327 3476 1386 3533 quo
1412 3476 1470 3519 nou
1494 3461 1588 3519 solum
1602 3463 1704 3527 ,honis
1723 3466 1856 3521 verume

117 3549 231 3608 cbristo
258 3548 389 3608 ueritatis
416 3548 577 3606 doctrinam
607 3555 787 3620 acceperuut.
803 3550 963 3618 lpsumou-
1013 3547 1100 3605 malis
1124 3548 1167 3604 uti
1194 3549 1333 3607 docentur
1358 3552 1387 3607 ln
1413 3551 1534 3621 bonum,
1565 3553 1591 3609 si
1621 3560 1721 3610 tamen
1750 3553 1857 3610 audiant

96 3639 183 3709 dite,
200 3638 242 3696 ait
257 3639 341 3696 Pater
368 3637 490 3696 caelestis
504 3637 613 3709 (dlotth.
640 3651 712 3705 ιιιιι,
739 3638 777 3710 5).
797 3637 896 3708 ipsum
911 3651 962 3695 au·
1009 3636 1124 3707 ipsum.
1142 3638 1216 3709 Ergo
1241 3639 1338 3709 ipsum
1353 3639 1465 3696 auditei
1494 3640 1591 3712 sitque
1614 3642 1703 3699 nobis
1717 3642 1858 3700 anathema

116 3727 184 3798 dite,
200 3727 245 3784 aio
260 3735 288 3784 et
305 3741 369 3800 ego,
383 3727 468 3785 vobis
495 3728 665 3800 quicunque
683 3741 729 3785 mc
756 3727 864 3785 auditis
879 3726 964 3784 disci·
1017 3725 1187 3798 quicunque
1206 3726 1285 3784 aliud
1307 3728 1399 3795 docet,
1421 3743 1510 3800 quam
1534 3730 1614 3800 quod
1637 3731 1729 3790 habet
1749 3732 1858 3790 vernon

115 3816 179 3890 puli
195 3831 246 3874 sen
263 3814 325 3872 lilii.
352 3817 450 3887 ipsum
467 3815 565 3874 audite
582 3817 680 3888 potius
699 3831 788 3889 quam
812 3825 964 3888 paganum
1017 3812 1155 3870 doctrinae
1179 3815 1470 3888 ipsiusevangclieae,
1500 3823 1586 3889 plena
1615 3822 1753 3890 veritate,
1778 3820 1861 3894 gratia

115 3905 366 3980 philosophantem
389 3904 435 3962 rel
464 3906 618 3963 Hebraeum
629 3905 836 3976 judaizantem.
869 3906 963 3974 lpsum
1017 3903 1162 3960 excitante
1176 3918 1209 3961 ac
1223 3905 1378 3963 roborante
1403 3906 1592 3976 voluntatem,
1621 3911 1748 3967 veritate
1767 3907 1860 3967 illumi·

117 3995 226 4066 audite,
251 3995 346 4054 solum
366 4009 425 4053 non
445 3995 696 4068 Justaducentem,
725 3996 774 4053 scd
801 4002 829 4051 et
861 3993 964 4064 impios
991 3999 1107 4048 -nante
1122 3993 1272 4062 rationem,
1296 3996 1391 4067 gratia
1419 3995 1598 4053 voluntatem
1626 3999 1863 4068 praevenientem

114 4085 333 4160 iustificantem,
347 4099 407 4143 non
428 4099 480 4157 per
493 4085 664 4155 sapientiam
684 4083 891 4157 hujusmundi
913 4090 964 4139 aut
1019 4081 1222 4153 subsequente,
1238 4083 1359 4141 veritate
1374 4085 1515 4143 rationem
1543 4086 1691 4159 dirigente
1716 4097 1806 4160 atque
1818 4087 1862 4144 du·

115 4187 153 4232 ox
173 4174 310 4245 operibus
324 4172 407 4246 legis,
424 4175 473 4232 sed
492 4189 543 4244 per
557 4174 652 4241 iidem,
671 4189 732 4246 qua
752 4172 883 4231 doctrina
901 4173 964 4244 ejus
978 4167 1004 4226 tt
1019 4178 1099 4227 cente
1113 4170 1143 4227 in
1168 4171 1247 4227 viam
1269 4173 1355 4242 pacis,
1384 4173 1421 4230 ad
1448 4175 1570 4243 patriam
1600 4175 1677 4233 lucis
1699 4177 1863 4244 aternam

117 4263 246 4322 creditur
273 4271 302 4320 et
328 4264 501 4333 custoditur,
531 4264 605 4320 siout
633 4263 691 4335 ipse
715 4263 775 4319 ait:
803 4264 890 4329 Βειιι,
917 4263 965 4327 oui
1020 4259 1163 4332 guadere
1182 4260 1329 4320 ridebitur
1346 4270 1374 4320 et
1390 4263 1557 4335 gustabitur
1579 4278 1734 4324 summum
1754 4269 1863 4333 bonum

117 4352 237 4411 audiunt
251 4353 362 4411 ochum
378 4356 436 4419 bei,
451 4358 476 4410 et
495 4352 653 4410 custodiunt
666 4352 738 4408 illud
753 4351 827 4424 (Luc.
848 4364 889 4418 xi,
904 4350 962 4416 iili.
1019 4350 1096 4421 quod
1122 4357 1165 4407 εει
1195 4350 1280 4407 Ρειει
1294 4357 1321 4407 ει
1345 4351 1436 4409 Filius
1458 4360 1485 4409 et
1500 4352 1628 4423 Spiritus
1650 4358 1865 4425 sanctuarum

117 4442 151 4499 ln
179 4442 365 4500 custodiendo
388 4443 436 4500 illo
466 4443 618 4501 retributio
642 4442 743 4500 multa.
769 4444 880 4508 Revera
903 4439 966 4496 haec
1019 4453 1097 4496 unus
1121 4452 1155 4495 ac
1179 4439 1287 4496 trinus.
1312 4440 1370 4512 lpsi
1395 4441 1486 4513 gloria
1509 4441 1539 4498 in
1560 4442 1672 4500 saeoula
1686 4446 1863 4505 wculorou.

41 4530 53 4545 ⁸
117 4531 272 4590 retributio
284 4531 377 4590 multa
396 4539 449 4600 est,
464 4546 530 4605 quae
544 4546 604 4589 non
619 4530 705 4589 babet
719 4531 816 4598 tinem,
834 4529 883 4587 sed
901 4528 965 4599 ipsa
1018 4530 1110 4585 Amen
1122 4528 1190 4601 (ta).

117 4626 161 4679 est
188 4620 254 4679 bnis
285 4630 313 4680 et
348 4621 560 4680 consummatio
585 4620 822 4693 participantium
850 4632 964 4678 summo

154 4799 209 4871 (ii)
235 4799 275 4858 lle
301 4799 457 4872 appendice
484 4799 541 4856 hac
560 4805 637 4856 recte
660 4805 757 4855 monet
782 4795 916 4878 benisius
935 4795 963 4878 .¹·
1019 4789 1119 4873 subdit
1133 4789 1272 4920 magister
1291 4788 1424 4865 ἁνωιυμος
1442 4808 1448 4847 :
1464 4813 1480 4875 u
1498 4792 1580 4850 Tales
1595 4794 1733 4863 audiant,
1747 4799 1802 4870 qni
1820 4810 1862 4855 nor

115 4885 142 4928 c.
159 4887 167 4927 ε
185 4889 200 4925 ι
222 4871 341 4929 Videtur
363 4879 423 4929 tota
448 4871 509 4928 haec
527 4871 689 4928 exhortatio
703 4870 823 4942 obliqua
837 4882 919 4925 crisis
934 4882 965 4923 ιιι
1020 4876 1037 4918 a
1052 4863 1183 4943 philosop
1206 4877 1239 4929 ts,
1257 4881 1272 4911 a
1292 4870 1366 4933 etc.;
1384 4871 1411 4920 et
1437 4863 1571 4945 deinceps
1592 4865 1698 4924 multis
1720 4870 1862 4941 Scriptura

116 4941 261 5001 Ahatmdi
275 4943 478 5014 precedentem
493 4942 640 5015 dialogum
656 4949 684 4998 et
697 4941 965 5012 disetpnttpraemu-
1019 4932 1089 4991 locis
1120 4941 1186 5005 apte
1212 4948 1293 5000 usus,
1317 4934 1464 4992 ⁰0ssclud¹t
1485 4936 1584 5007 :Ergo
1611 4938 1708 5008 ipsum
1734 4942 1860 5008 audita·

116 5013 200 5072 uitio.
225 5015 380 5086 Postquam
407 5014 479 5074 erim
511 5028 548 5072 ex
576 5013 734 5086 augustini
764 5011 903 5094 opusculo
928 5013 967 5066 De
1020 5011 1073 5060 etc.

116 5098 221 5144 tumme
257 5085 325 5145 bono
362 5086 454 5146 multa
481 5093 643 5159 opportune
670 5084 795 5144 adducta
834 5083 966 5152 luissent,
