3804 5962
35 223 112 278 {233
577 225 777 282 Tubotottln
797 225 1022 285 cudlstlaNA.
1089 229 1153 284 tlb.
1173 230 1220 286 lll.
1721 239 1789 295 lati

34 347 129 404 ritate
141 361 175 405 ac
189 347 353 405 sinceritate
377 349 485 404 divinae
512 351 693 418 substantia,
705 350 746 406 ait
765 367 771 405 :
795 370 809 401 κ
824 351 886 406 Non
903 349 928 402 A
943 351 1027 408 etiam
1043 366 1110 421 pars
1129 353 1237 424 aliqua,
1252 368 1303 411 seu
1317 354 1397 410 aliud
1412 356 1522 427 aliquid
1543 358 1573 414 in
1594 360 1651 417 Deo
1665 359 1702 418 sit
1712 362 1792 432 quod

37 445 162 508 propter
183 439 237 494 boc
258 445 393 493 naturam
417 440 500 493 istam
535 439 603 494 boui
631 440 787 510 simplicem
817 441 888 495 dici·
945 441 1020 495 bens
1035 455 1091 495 non
1108 443 1153 507 sit,
1171 442 1274 511 utique
1297 443 1334 498 ab
1363 443 1424 513 ipso
1450 445 1574 516 incepit,
1604 461 1621 502 a
1645 463 1704 519 quo
1723 458 1793 507 suut

40 541 120 589 mus,
145 527 215 597 quia
229 533 269 582 cst
293 527 377 582 Pater
400 529 428 582 iu
443 541 477 583 ea
498 527 587 593 solus,
609 537 659 584 aut
685 528 775 584 Filius
798 529 887 594 solus,
944 531 1042 584 ornnia
1057 546 1064 584 :
1082 532 1159 600 quod
1181 532 1205 585 si
1226 532 1342 601 incepit
1372 540 1423 588 aut
1447 535 1575 602 potentia
1598 537 1660 606 ejus
1674 545 1724 594 aut
1746 553 1790 595 sa-

41 625 94 671 aut
111 616 190 672 solus
205 615 330 685 Spiritus
345 625 473 683 sanctos,
490 624 541 672 aut
555 617 615 672 sola
637 626 679 672 est
695 618 750 673 ista
764 619 891 673 nonnms

42 705 169 761 'trinitas
188 705 248 761 sive
264 704 452 760 subsistentia
480 720 681 775 personarum,
696 707 770 762 sieut
794 706 887 762 Sabel-

43 793 115 849 liani
134 800 319 862 potaverunt.
339 792 392 848 Sed
409 794 470 848 ideo
485 794 605 863 simplex
620 795 735 862 dicitur,
752 796 822 865 quia
837 796 891 850 boc

43 890 85 938 est
110 882 190 953 quod
206 881 301 948 babet,
317 885 436 950 excepto
458 883 535 951 quod
551 883 669 938 relative
686 899 809 954 quaeque
829 899 891 954 per·

44 984 115 1026 sona
131 971 168 1024 ad
196 970 315 1026 alteram
342 970 456 1026 dicitur.
483 971 557 1026 Natm
585 972 685 1042 utique
709 974 790 1028 Pater
807 974 891 1029 babet

45 1058 162 1124 lilium,
188 1073 239 1114 nce
253 1068 348 1113 tamen
364 1059 424 1128 ipse
443 1066 485 1114 est
501 1060 600 1123 Filius,
617 1069 642 1114 et
660 1062 750 1116 Filius
766 1062 889 1128 Patrem,

44 1163 97 1204 nec
114 1156 211 1204 tamen
226 1156 269 1203 est
293 1150 385 1202 Pater.
412 1148 444 1201 lu
467 1163 526 1218 quo
550 1162 618 1203 vero
640 1150 676 1203 ad
705 1151 890 1219 semetipsum

44 1238 162 1300 dicitur,
179 1250 238 1291 nou
264 1236 300 1291 ad
316 1235 457 1305 alterum;
474 1239 526 1292 boc
545 1244 585 1293 est
606 1238 682 1306 tqtrod
708 1238 803 1305 habet,
819 1240 892 1294 sieut

45 1328 80 1384 ad
94 1326 279 1394 semetipsum
294 1326 400 1381 dieitur
411 1327 506 1391 rivus,
524 1326 654 1382 babendo
673 1328 773 1397 utique
789 1328 889 1391 vitam,

45 1424 71 1474 et
85 1417 185 1472 eadem
204 1414 265 1470 rita
284 1415 349 1483 ipsa
374 1422 426 1470 est.
444 1415 562 1485 Propter
588 1415 641 1471 lroc
666 1417 765 1486 utique
785 1426 892 1473 natura

945 620 1062 690 plentia,
1080 620 1209 689 proiecto·
1222 620 1281 689 ipse
1296 621 1347 690 qui
1362 628 1487 677 aeternus
1499 631 1540 678 est
1559 625 1668 681 exstitit
1682 627 1791 698 absque

945 709 1016 776 istis,
1038 716 1069 764 ut
1084 708 1216 764 videlieet
1241 723 1299 763 non
1324 724 1436 779 semper
1460 718 1511 767 aut
1527 720 1627 781 potens
1640 712 1726 771 tuerit
1740 707 1792 772 aut

945 798 1068 867 sapiens,
1083 798 1174 852 donec
1194 797 1303 852 scilicet
1328 797 1387 867 ipse
1402 799 1493 868 imp...
1525 800 1554 854 in
1577 801 1672 872 seipso
1691 811 1791 872 poten·

945 885 1015 940 tiam
1027 900 1102 939 ec...
1119 890 1169 940 aut
1186 886 1283 940 adbuc
1300 886 1448 955 insipie...
1468 889 1711 958 sapientiamsibi
1732 905 1791 949 cre·

945 973 1063 1028 didisset
1079 972 1115 1044 [s.
1133 973 1273 1043 impoteus
1298 974 1327 1029 in
1350 978 1454 1045 seipso,
1475 978 1633 1046 potentiam
1658 986 1789 1044 creasset,

946 1066 998 1114 aut
1026 1062 1124 1117 adbuc
1149 1062 1285 1130 insipiens
1314 1064 1563 1133 sapientiamsibi
1596 1067 1792 1141 condidissetl.

946 1150 1015 1213 Qtlae
1045 1165 1112 1205 curn
1151 1151 1248 1207 iecerit
1277 1151 1387 1221 absque
1425 1154 1597 1211 discretione
1635 1156 1792 1226 sapientiae,

946 1239 1053 1308 quippe
1081 1253 1170 1308 qnam
1194 1239 1327 1295 nondum
1352 1242 1485 1308 babebat,
1515 1244 1617 1315 utique
1651 1245 1794 1302 nonnulla

946 1328 1008 1396 ejus
1027 1341 1113 1396 opera
1144 1328 1354 1384 irrationabilia
1379 1338 1457 1386 sunt.
1475 1331 1501 1385 Si
1521 1333 1588 1400 quis
1603 1340 1699 1389 autern
1718 1333 1794 1390 dicat

947 1416 1100 1487 qualitates
1117 1416 1146 1470 in
1169 1417 1226 1472 Deo
1246 1417 1287 1473 sic
1310 1432 1382 1487 esse,
1399 1427 1430 1473 ut
1457 1434 1509 1475 uec
1523 1422 1601 1476 Deus
1616 1421 1684 1488 sint,
1700 1435 1753 1479 nec
1776 1435 1794 1478 a

45 1508 107 1563 bac
137 1505 246 1560 dicitur
274 1503 404 1571 simplex,
434 1503 513 1573 quod
533 1519 591 1558 non
612 1505 646 1559 sit
669 1505 748 1561 aliud
770 1506 889 1573 babens,
946 1508 1002 1561 Ileo
1029 1505 1119 1573 iactae,
1158 1505 1207 1561 sed
1236 1505 1265 1561 in
1295 1506 1352 1562 Deo
1378 1508 1551 1564 eternaliter
1579 1517 1792 1579 permanentes,

44 1594 126 1652 aliud
145 1593 223 1663 qued
239 1591 322 1647 babet
336 1591 410 1646 sicut
429 1592 576 1646 incaeteris
586 1593 682 1647 rebus.
698 1594 798 1662 Neque
813 1597 889 1651 enim
907 1622 929 1676 B
947 1602 1033 1665 atque
1047 1595 1101 1663 ipsi
1123 1594 1229 1650 divina
1256 1595 1435 1663 substantia,
1453 1597 1483 1651 in
1505 1612 1565 1667 qua
1583 1605 1661 1667 sunt,
1677 1606 1791 1656 coaeter-

44 1698 97 1741 nas
113 1682 390 1757 babeusliquorem,
414 1680 509 1750 liquor
531 1689 656 1750 es13nec
675 1695 779 1751 corpus
803 1684 889 1751 color,
947 1699 1000 1739 nas
1016 1698 1097 1739 esse:
1114 1684 1304 1752 quaerendum
1333 1692 1432 1750 restat,
1449 1693 1548 1742 utrum
1563 1687 1589 1742 ei
1611 1687 1793 1743 substautia-

23 1788 98 1829 vnec
114 1784 164 1827 aer
186 1771 237 1825 lon
261 1769 322 1824 sire
352 1769 459 1834 terror,
485 1784 538 1824 trec
557 1770 655 1824 anima
680 1772 820 1840 sapientia
839 1781 889 1828 est.
946 1773 1009 1828 liter
1026 1778 1114 1841 atquc
1138 1770 1351 1828 accidentaliter
1376 1774 1473 1828 insint.
1500 1774 1641 1831 Siaulem
1658 1776 1792 1832 substan·

46 1862 121 1917 llinc
135 1867 177 1916 est
203 1858 281 1928 quod
309 1857 395 1912 etlam
425 1857 533 1926 privari
563 1867 682 1926 possunt
705 1861 791 1916 rebus
817 1875 892 1929 quas
947 1862 1063 1923 tiallter,
1094 1866 1125 1915 ut
1162 1859 1267 1915 scilicet
1312 1861 1440 1917 divinam
1476 1864 1667 1920 substantiam
1704 1864 1793 1921 cond·

45 1950 164 2013 habeut,
180 1955 208 2003 et
225 1947 253 2001 in
268 1945 339 2001 alios
355 1945 471 2001 babitus
487 1947 559 2001 verti
574 1955 661 2016 atque
677 1950 859 2004 collituutarl.
877 1969 891 1997 »
946 1949 1033 2013 ciant,
1052 1947 1177 2015 prolecto
1192 1947 1253 2015 ipso
1276 1947 1332 2001 Deo
1359 1949 1533 2005 naturaliter
1562 1950 1672 2019 priores
1691 1949 1791 2006 videu-

44 2039 125 2096 ldem
140 2037 169 2092 in
190 2051 230 2090 ιιι
255 2034 472 2090 contessionem
498 2036 533 2089 ad
559 2037 648 2091 Deum
672 2036 803 2105 loquens,
827 2038 890 2092 ait:
947 2045 1005 2102 tur,
1028 2037 1075 2091 cui
1105 2050 1165 2091 esse
1189 2036 1351 2102 conterunt,
1372 2038 1447 2094 sicut
1474 2038 1656 2095 rationalitas
1678 2039 1794 2096 bomine

48 2123 893 2196 «Necogerisinritusadaliquid,quiavoluntastuanou
946 2127 1029 2199 prior
1050 2125 1165 2190 dicitur,
1195 2125 1265 2193 quia
1302 2125 1365 2195 ejus
1393 2126 1500 2183 scilicet
1538 2127 1724 2184 constitutiva
1752 2135 1794 2184 est

46 2224 88 2273 est
103 2214 196 2284 uanior
211 2226 300 2282 quarn
326 2213 460 2280 potentia.
482 2213 560 2268 Esset
584 2221 680 2270 autern
698 2217 799 2284 lnajor,
819 2216 842 2270 si
869 2224 893 2272 te
948 2215 1051 2277 iortua,
1065 2222 1152 2282 atque
1166 2213 1196 2267 in
1213 2212 1274 2282 ipsa
1300 2214 1363 2282 ejus
1389 2216 1591 2272 constitutione
1622 2231 1689 2287 pars
1714 2230 1793 2287 quae·

47 2306 108 2375 ipso
135 2302 249 2371 tuipse
278 2300 370 2369 maior
389 2315 474 2355 esses.
503 2321 517 2348 a
546 2303 617 2357 ltem
639 2317 645 2354 :
665 2323 676 2350 ‹
700 2303 839 2359 Voluntas
866 2313 893 2360 et
948 2304 1014 2358 dam
1033 2302 1163 2357 formalis
1182 2309 1234 2368 est,
1255 2302 1339 2371 cuius
1363 2311 1508 2359 conventu
1537 2305 1573 2360 ad
1601 2303 1795 2361 substantiam

46 2393 174 2465 potentia
191 2390 239 2446 llei
254 2391 329 2444 Deus
344 2389 402 2458 ipse
415 2396 465 2444 est.
489 2390 626 2445 »Boetius
639 2406 758 2461 quoque
774 2393 801 2447 ln
820 2394 893 2451 libro
948 2392 1092 2457 animalis,
1109 2389 1192 2461 quasi
1215 2389 1251 2445 ad
1268 2391 1429 2455 materiam,
1450 2393 1534 2447 tronto
1558 2393 1617 2462 ipse
1632 2392 1792 2463 perficitur.

46 2488 84 2538 lte
100 2484 234 2536 Trinitate
249 2493 315 2533 cum
341 2478 374 2532 de
399 2492 514 2532 suutrna
529 2479 578 2533 illa
603 2480 713 2535 unitate
737 2482 894 2541 divinitatis
983 2481 1040 2537 Neo
1055 2481 1139 2535 refert
1165 2479 1252 2535 ellam
1281 2479 1317 2533 ad
1334 2480 1568 2536 00nsliluti0nem
1589 2495 1654 2551 quae
1681 2494 1793 2537 exma-

47 2571 226 2640 loqueretur,
244 2568 273 2621 in
290 2580 349 2636 qua
372 2580 430 2621 non
446 2567 572 2636 partium
596 2583 648 2624 nec
664 2569 824 2626 brutarum
841 2589 894 2642 po·
949 2571 1021 2626 teria
1036 2569 1115 2624 venit
1140 2575 1167 2622 et
1184 2568 1285 2633 torma,
1311 2569 1371 2623 sive
1387 2569 1529 2637 sapientia
1552 2584 1618 2640 quaa
1640 2570 1714 2626 inest
1737 2572 1794 2626 beo

47 2668 102 2717 test
128 2672 187 2714 esse
216 2656 377 2712 diversitas.
407 2677 420 2703 o
436 2656 584 2722 Quocirca,
618 2660 721 2728 inquit,
750 2661 804 2715 boc
827 2676 894 2717 rere
949 2660 985 2714 sit
1010 2655 1248 2714 eisubstantialis
1274 2657 1334 2711 sire
1358 2656 1552 2723 accidentalis,
1577 2656 1734 2713 dummodo
1757 2657 1794 2713 sit

48 2763 154 2814 uuum,
183 2747 212 2801 in
246 2760 305 2814 quo
343 2744 443 2800 nullus
470 2759 621 2811 numerus,
652 2748 765 2804 tntillum
799 2749 828 2804 in
861 2766 894 2805 eo
949 2749 1040 2803 ioritta
1055 2747 1155 2814 aliqua
1174 2745 1204 2799 in
1219 2745 1275 2799 ileo
1300 2752 1328 2800 et
1342 2758 1387 2800 res
1413 2745 1527 2801 diversa
1543 2745 1579 2802 ab
1604 2746 1666 2815 ipsa
1694 2745 1795 2801 divina

48 2836 247 2904 aliudpraeler
274 2833 302 2888 id
321 2833 398 2901 quod
417 2840 468 2887 est.
498 2834 598 2903 Neque
630 2837 706 2890 euim
732 2836 893 2906 subjectum
950 2836 1119 2892 substantia.
1139 2833 1274 2888 Similiter
1293 2833 1370 2889 enim
1397 2833 1481 2889 homo
1508 2833 1592 2889 albus
1621 2833 1666 2890 vel
1688 2847 1795 2904 corpus

49 2927 110 2982 lteri
134 2932 236 2995 potest,
261 2923 352 2978 torma
371 2922 448 2978 enim
464 2931 515 2990 est,
544 2925 643 2979 torma
670 2940 737 2980 vero
758 2927 894 2995 subjectae
949 2927 1100 2981 albumen
1128 2922 1253 2988 boniine,
1279 2921 1324 2976 rel
1344 2935 1461 2991 corpore
1484 2929 1511 2977 et
1525 2920 1669 2981 talbedine
1684 2926 1795 2977 constat

50 3028 186 3071 essenon
214 3020 342 3082 possunt.
363 3032 376 3059 a
398 3013 533 3067 Formam
563 3015 660 3082 itaque
690 3015 803 3070 Boetius
840 3016 895 3070 boo
949 3016 984 3070 ad
1004 3011 1221 3068 similitudinem
1244 3013 1369 3066 materiae
1391 3019 1418 3066 et
1433 3011 1540 3078 iormae,
1558 3011 1633 3067 sicut
1646 3022 1721 3067 aerea
1737 3015 1794 3066 sta·

49 3104 112 3160 loco
131 3102 206 3159 dixit
220 3101 348 3156 divinam
363 3100 555 3158 substantiam
574 3103 732 3157 secundum
750 3105 802 3159 boe
817 3105 895 3174 quod
948 3103 1000 3158 tua
1015 3116 1051 3158 en
1079 3114 1135 3154 aere
1158 3106 1185 3154 et
1199 3097 1405 3166 compositione
1422 3114 1428 3151 :
1451 3104 1538 3168 atque
1564 3098 1664 3154 eadem
1683 3096 1795 3154 ratione

50 3193 200 3250 nullarum
216 3191 371 3246 formarum
384 3198 644 3247 sustentamentum
659 3200 710 3248 est.
950 3197 1060 3260 oportet
1076 3187 1192 3243 concedi
1212 3186 1289 3256 quod
1304 3186 1380 3242 Deus
1401 3187 1516 3257 sapiens
1535 3200 1571 3244 ex
1590 3188 1651 3257 ipsa
1683 3184 1796 3244 divini·

86 3283 160 3336 Bene
175 3286 271 3334 autem
286 3278 418 3333 otnuium
434 3279 631 3350 theologorum
647 3279 804 3335 alletoritas
823 3279 897 3334 divi·
950 3280 1015 3335 tatis
1030 3276 1192 3333 substantia
1210 3282 1237 3331 et
1260 3276 1398 3344 sapientia
1413 3276 1655 3345 constitueretur3
1671 3275 1696 3332 si
1713 3274 1795 3332 vide·

50 3385 120 3428 nam
136 3368 328 3425 substantiam
355 3368 515 3436 simplicem
537 3370 653 3424 orituino
682 3377 896 3437 esseastruse-
949 3369 1015 3424 licet
1040 3365 1178 3434 sapientia
1200 3363 1230 3418 in
1260 3365 1317 3420 ileo
1343 3378 1388 3420 res
1406 3364 1462 3420 alia
1485 3372 1558 3421 esset
1584 3366 1685 3431 alteo,
1711 3363 1796 3434 cujus

51 3462 99 3526 rit,
117 3461 170 3515 boc
184 3464 227 3512 est
246 3457 282 3512 ab
296 3457 374 3512 omni
389 3457 545 3518 accidente,
561 3458 597 3512 ab
614 3458 692 3512 omni
714 3457 811 3512 iorrnae
827 3471 897 3526 par·
951 3463 1093 3512 coliventu
1114 3454 1150 3508 ad
1174 3453 1367 3509 substantiam
1384 3452 1477 3523 ipsam
1495 3456 1570 3510 Deus
1583 3453 1697 3524 sapiens
1711 3457 1796 3517 esset,
1819 3432 1830 3461 ¹

52 3547 216 3617 ticipatione
242 3547 411 3612 immunem,
441 3554 473 3601 ut
497 3546 569 3600 nibil
597 3546 703 3601 seilicet
727 3546 756 3600 in
782 3547 836 3600 llco
850 3546 895 3612 sit,
951 3546 1067 3600 duabus
1088 3543 1211 3598 invicem
1232 3541 1472 3599 convenientibus
1493 3543 1603 3598 rebus:
1625 3555 1658 3596 ao
1678 3554 1728 3610 per
1742 3540 1797 3596 bec

52 3637 222 3707 quodbens
245 3649 303 3689 uon
329 3635 375 3689 sit.
392 3634 481 3690 Omne
497 3635 604 3703 quippe
624 3634 699 3703 quod
725 3634 897 3689 naturaliter
951 3637 1042 3690 ileum
1066 3632 1223 3700 sapientem
1249 3630 1394 3699 quoddam
1422 3643 1483 3685 esse
1503 3636 1592 3702 totum
1613 3643 1650 3685 ex
1676 3627 1802 3684 materia·

52 3726 160 3792 existit,
178 3731 230 3779 aut
245 3731 384 3778 aeternum
402 3731 453 3787 est,
482 3731 512 3778 ut
528 3724 623 3787 lleus;
644 3730 695 3778 aut
714 3723 799 3790 coepit
814 3723 849 3776 ab
865 3737 897 3776 eo
951 3732 978 3779 et
994 3723 1085 3777 torma
1111 3718 1312 3787 compositum,
1329 3718 1479 3788 ipsamque
1506 3718 1656 3773 materiam
1683 3729 1718 3772 ac
1740 3714 1797 3771 ior·

51 3827 166 3870 summo
180 3811 321 3880 principio
342 3811 419 3880 quod
435 3811 511 3866 Dotis
525 3818 577 3874 est,
594 3812 702 3865 ducens
724 3811 874 3866 exordium
889 3824 897 3877 ;
952 3826 1040 3874 niani,
1058 3823 1094 3864 es
1114 3807 1221 3877 qulbus
1242 3806 1403 3872 coniicitur,
1427 3805 1602 3875 principium
1616 3805 1663 3862 sui
1678 3804 1794 3860 babere.

52 3916 116 3960 ase
131 3903 239 3972 quippe
262 3899 335 3955 nibil
357 3907 407 3963 εει,
428 3908 532 3968 praeter
547 3900 618 3955 illud
635 3913 652 3954 a
680 3915 739 3969 quo
755 3908 823 3955 suut
838 3913 897 3954 om-
953 3901 1022 3964 Qirie
1040 3898 1126 3953 etiarn
1141 3896 1234 3950 dicere
1252 3902 1408 3963 prasumat
1431 3894 1543 3963 aliquid
1564 3894 1619 3948 ileo
1649 3905 1699 3962 per
1724 3889 1797 3947 accl-

52 3993 115 4048 nla.
146 3990 226 4046 Unde
245 3989 408 4045 Gennadius
432 3989 487 4056 (79)
507 3991 541 4042 ilc
564 3988 715 4042 orlltodoao
733 3988 786 4055 tide
806 3988 924 4055 eapite·
953 3990 1023 4044 dens
1048 4000 1128 4055 posse
1155 3984 1257 4050 inesse,
1282 3990 1309 4037 et
1335 3983 1430 4051 ipsum
1459 3996 1576 4053 quoque
1602 3979 1797 4037 accidentibus

52 4080 213 4137 9:«Satis
238 4086 287 4142 est,
330 4079 434 4147 inquit,
477 4077 639 4133 Christiano
682 4090 778 4131 rerum
819 4090 897 4131 crea·
953 4071 1307 4142 essesubjectum:quod
1328 4070 1458 4127 omnium
1484 4068 1797 4141 tamphilosopborum

52 4180 151 4228 tarum
175 4182 293 4225 causam
322 4167 437 4222 nonnisi
465 4166 580 4221 eredere
601 4166 757 4220 bonitatem
784 4164 899 4220 Cremo·
915 4161 938 4214 D
954 4179 1043 4236 quam
1056 4161 1264 4217 catholicorum
1283 4160 1506 4216 anathematizat
1521 4157 1700 4215 auctoritas?
1716 4157 1797 4214 Unde

53 4259 110 4327 ris3
130 4256 299 4326 attilamque
313 4268 373 4310 esse
391 4261 527 4308 naturam
545 4268 610 4322 qum
629 4268 687 4308 non
703 4261 753 4308 aut
778 4251 836 4322 ipse
850 4253 897 4318 sil,
953 4253 1135 4323 Airgustinus
1151 4253 1191 4305 lle
1208 4250 1340 4302 Trinitote
1358 4249 1430 4305 libro
1445 4263 1474 4314 v,
1494 4247 1668 4318 capitulos:
1689 4268 1700 4295 ι
1718 4246 1797 4302 Acci-

53 4354 107 4402 aut
121 4346 156 4402 ab
173 4347 244 4415 ipso.
260 4366 273 4393 »ι
289 4344 440 4408 Naturam,
462 4352 494 4397 ut
509 4342 644 4405 arbitror,
663 4342 722 4396 sive
737 4355 798 4396 rem
815 4348 899 4396 natu·
954 4346 1024 4399 dens
1037 4342 1091 4397 dici
1107 4354 1165 4396 non
1184 4338 1262 4406 solet,
1279 4339 1334 4394 nisi
1354 4340 1431 4408 qnod
1447 4337 1722 4408 aliquafmutatioue
1735 4334 1799 4406 ejus

54 4435 145 4492 ralem
160 4435 238 4500 dicit,
260 4445 325 4502 qua>
344 4432 379 4486 ad
399 4431 534 4485 baritana
552 4429 725 4499 operationis
743 4430 900 4485 elticaeiam

55 4535 115 4577 nou
133 4520 242 4575 attinet.
259 4521 330 4574 llam
345 4528 493 4588 peccatum
517 4526 543 4574 et
562 4519 671 4574 iilolum
689 4526 786 4573 nostra
808 4518 901 4584 niagis

55 4609 178 4666 dicenda
197 4615 265 4664 sunt
280 4622 368 4676 opera
382 4622 472 4676 quam
487 4616 608 4662 natume.
628 4609 706 4664 Unde
728 4608 898 4676 Apostolus:

54 4702 174 4764 Scimus,
188 4698 294 4766 inquit,
322 4700 451 4765 quonium
476 4698 545 4750 mildi
569 4703 609 4751 est
632 4698 735 4750 illalum
757 4701 785 4751 ia
800 4697 901 4750 ditando

54 4789 152 4858 (icor.
169 4800 229 4852 ιιιι,
244 4788 283 4854 l),
300 4786 354 4841 boo
374 4793 488 4840 estnon
508 4795 550 4841 est
579 4786 686 4841 idolum
709 4787 742 4840 de
759 4785 902 4840 universis

53 4877 198 4935 creaturis
217 4877 276 4943 Dei,
303 4891 396 4945 neque
420 4877 456 4930 ad
483 4890 527 4930 res
546 4875 701 4937 naturales,
729 4882 755 4930 et
774 4875 810 4929 ad
843 4875 903 4942 ipsa

53 4976 171 5026 naturae
186 4981 272 5036 opera
288 4967 420 5035 pertinet,
445 4980 510 5035 quae
529 4966 563 5020 de
586 4965 693 5019 latitudo
708 4979 769 5019 esse
796 4964 904 5019 dicun-

54 5067 118 5121 tur,
135 5056 182 5111 sed
207 5057 242 5110 ad
268 5063 397 5110 nostram
419 5054 627 5108 iorumtionem.
661 5054 739 5108 llirde
764 5060 791 5107 et
815 5053 904 5108 vilius

55 5148 114 5203 boc
130 5144 223 5215 ipsum
239 5151 357 5213 apparet
371 5143 447 5213 quod
464 5144 569 5198 dicitur
584 5143 700 5202 illalum.
724 5156 812 5211 quam
828 5144 905 5211 quod

54 5235 168 5292 dicitur
184 5233 316 5303 lignum3
338 5247 405 5287 curn
429 5232 500 5287 illud
523 5231 664 5286 laetitiam
679 5235 724 5296 sit,
747 5231 800 5286 ltoc
819 5239 906 5287 natu-

54 5324 130 5382 rale.
163 5323 192 5378 Si
220 5323 319 5393 itaquo
348 5323 474 5391 potentia
506 5321 565 5388 Ilei,
592 5321 653 5376 sive
680 5321 830 5391 sapientia,
856 5328 906 5377 aut

955 4433 1005 4498 rei,
1024 4433 1069 4486 cui
1085 4429 1197 4493 accidit,
1214 4428 1305 4483 amitti
1327 4434 1426 4496 potest.
1443 4426 1520 4483 Nibil
1545 4424 1643 4496 itaque
1667 4423 1799 4480 accidens

955 4521 984 4576 in
999 4523 1067 4586 Deo,
1084 4518 1155 4590 (quia
1174 4517 1244 4573 nihil
1260 4516 1409 4583 mutabile,
1434 4524 1484 4572 aut
1508 4514 1672 4572 amissibile.
1693 4512 1799 4580 Quant-

955 4611 1053 4666 obrem
1070 4607 1142 4663 nibil
1158 4608 1187 4662 in
1214 4621 1246 4663 eo
1264 4607 1423 4662 secundum
1445 4605 1578 4662 accidens
1595 4603 1712 4670 dicitur,
1729 4599 1801 4671 qula

956 4698 1029 4754 nillil
1041 4699 1065 4753 ei
1082 4696 1204 4764 accidit;
1228 4710 1280 4751 nec
1302 4703 1397 4751 tanten
1416 4709 1500 4750 omne
1524 4692 1601 4763 qued
1625 4691 1741 4757 dicitur,
1757 4703 1800 4745 se·

957 4787 1086 4842 curidum
1101 4785 1292 4841 substantiam
1313 4784 1429 4839 dicitur.
1456 4783 1567 4837 [licitur
1581 4780 1660 4836 euim
1686 4778 1722 4835 ad
1745 4775 1801 4832 ali-

958 4875 1126 4946 quid,sicut
1151 4875 1233 4931 Pater
1256 4873 1291 4927 ad
1316 4872 1433 4935 Filium,
1449 4878 1476 4925 et
1504 4870 1597 4925 Filius
1621 4869 1659 4925 ad
1677 4867 1800 4933 Patrem,

959 4964 1035 5033 quod
1051 4977 1108 5017 non
1134 4971 1176 5016 est
1196 4961 1349 5016 accidens:
1367 4959 1437 5029 quia
1461 4966 1487 5014 et
1508 4956 1556 5013 ille
1580 4971 1693 5027 semper
1708 4956 1802 5022 Pater,

959 5060 986 5108 et
1003 5053 1048 5107 ille
1068 5064 1179 5119 semper
1193 5048 1293 5104 Filius.
1307 5048 1387 5113 Quod
1409 5047 1432 5101 si
1449 5046 1606 5117 aliquando
1628 5060 1688 5102 esse
1702 5043 1803 5114 cepis-

960 5149 1011 5208 εει,
1029 5146 1079 5195 aut
1098 5137 1256 5209 aliquando
1282 5150 1344 5191 esse
1364 5136 1505 5192 desineret
1525 5136 1623 5201 Filius,
1645 5133 1804 5191 secundum

961 5232 1094 5286 accidens
1113 5231 1265 5284 diceretur.
1283 5227 1312 5283 Si
1338 5241 1406 5283 vcro
1429 5225 1506 5296 quod
1530 5226 1635 5282 dicitur
1658 5227 1751 5293 Pater,
1768 5220 1805 5279 ad

961 5302 1084 5391 scipsum
1101 5320 1252 5386 diceretur,
1276 5331 1334 5373 uon
1354 5316 1389 5372 ad
1409 5316 1526 5384 Filium,
1549 5314 1710 5372 secundum
1736 5312 1805 5370 sub-

95 5482 153 5554 (iil)
168 5481 219 5538 llic
242 5482 323 5541 locus
349 5496 408 5540 non
439 5480 580 5553 reperitur
609 5454 686 5552 apud
715 5480 907 5552 Gennadium,
927 5481 976 5539 sed
991 5479 1068 5551 apud
1084 5477 1292 5551 Augustiuum,
1309 5473 1480 5542 Encbiridii,
1494 5489 1556 5544 cap.
1573 5477 1601 5530 9.
