3804 5962
52 152 98 207 sei
830 151 938 213 tuisf.
956 154 1012 214 xv.
1243 146 1245 151 ’
1436 107 1440 113 ¹
1748 161 1801 220 atis

46 273 185 347 opuscolo
206 272 332 346 quedam
354 280 450 332 nostro
472 275 512 331 fle
533 273 590 333 fide
610 283 718 335 sancte
734 274 893 350 Trinitatis,
911 280 935 334 tt
950 277 1187 338 cantuariensem
1208 277 1455 351 archiepiscopum
1479 278 1550 338 adeo
1574 294 1626 351 per
1643 289 1798 342 contume-

48 364 175 422 maxime
195 364 336 421 adversus
356 364 487 422 haeresim
511 365 669 436 prefatam,
690 381 750 439 qua
773 369 834 441 ipse
855 370 898 426 in·
953 370 1006 427 fias
1023 371 1140 438 exarsit,
1158 377 1191 428 ut
1208 369 1245 427 ad
1268 369 1345 442 regis
1365 368 1479 441 Anglici
1501 368 1655 441 imperium
1680 371 1716 430 ab
1738 373 1799 431 An·

47 454 127 510 famis
148 461 204 520 est,
227 454 397 525 conscripto.
419 454 589 512 Nuntiatum
613 455 731 527 insuper
756 459 840 515 nobis
857 465 899 517 est
954 459 1011 532 glia
1030 461 1153 531 turpiter
1176 459 1330 530 impudens
1349 458 1413 530 ejus
1436 460 1619 517 contumacia
1641 459 1678 517 sit
1697 461 1797 533 ejecta,

48 542 216 613 aquodam
240 542 381 613 discipulo
404 551 519 612 nostro,
543 544 591 601 cui
612 545 679 603 inde
702 547 816 604 locutus
838 557 897 618 est,
952 557 979 606 et
1004 550 1055 606 vix
1077 557 1138 606 tum
1165 563 1231 605 cnm
1256 547 1316 604 vita
1337 548 1469 604 evaserit.
1492 548 1562 606 Vult
1581 563 1649 607 eum
1672 549 1798 608 infamiae

49 632 120 703 quod
146 645 201 687 vos
226 639 295 689 tnnc
322 632 469 689 absentem
491 642 685 705 exspectaret,
709 644 741 693 ut
764 638 845 695 vobis
868 638 898 694 in
953 637 1059 694 habere
1081 638 1256 709 participem,
1272 643 1305 693 ut
1319 651 1370 707 per
1388 636 1535 693 iufamium
1557 637 1700 696 hunorum
1714 652 1798 696 suam

48 721 88 776 illo
108 720 256 791 opusculo
279 722 421 792 quasdam
437 721 559 780 hareses
578 738 623 781 me
644 724 798 784 inseruisse
819 742 900 784 mon·
953 727 1116 784 consoletur
1128 725 1294 783 infamiam:
1315 739 1369 782 nec
1382 725 1438 782 nisi
1458 725 1566 783 bonum
1587 726 1656 794 odit,
1673 728 1724 799 qui
1745 728 1799 786 ho·

48 817 166 866 straret:
189 818 219 867 et
243 824 295 867 vos
315 825 433 882 quoque
455 820 557 869 contra
575 828 630 882 me,
652 815 727 872 sicut
748 823 776 873 et
799 830 899 874 omnes
952 829 1009 872 nus
1023 829 1083 872 esse
1099 830 1157 872 non
1172 815 1311 871 sustinet:
1335 813 1388 886 qui
1402 813 1439 870 oh
1458 816 1677 886 temperantiam
1697 818 1732 889 [s.
1753 817 1798 874 in·

48 914 114 970 quos
141 899 268 965 nititur,
290 904 489 958 commoveret
516 901 597 969 Quod
619 903 643 960 si
668 904 707 960 ita
730 912 781 975 est,
807 913 841 962 ut
868 905 897 963 in
951 902 1185 977 temperantiam]
1206 902 1379 975 arrogantiae
1403 916 1472 971 snae,
1497 903 1534 960 ab
1554 912 1678 976 utroque
1696 919 1797 978 regno,

48 988 94 1044 hoc
127 1002 253 1059 quoque
288 1003 369 1046 nuuc
398 989 446 1046 ille
479 991 627 1061 persistat,
663 1007 817 1064 precamur
847 1009 899 1053 vos
953 992 983 1049 in
998 1007 1057 1063 qno
1070 1000 1256 1050 conversatus
1270 1000 1322 1059 est,
1339 999 1398 1048 tam
1412 990 1573 1064 anglorum
1589 993 1695 1051 scillcet
1709 1007 1798 1067 quam

49 1076 170 1134 athletas
184 1077 311 1146 Domini,
333 1084 362 1135 et
385 1078 450 1135 fidei
470 1093 559 1137 sacrae
577 1080 754 1151 defensores;
783 1091 816 1140 nt
838 1093 899 1141 sta·
953 1082 1142 1151 Francorum,
1158 1095 1225 1138 cum
1248 1094 1362 1138 summo
1378 1080 1514 1138 dedecore
1534 1083 1675 1153 expulsus
1693 1090 1746 1151 est,
1770 1089 1799 1140 et
1890 1113 1891 1117 =

50 1173 102 1224 tuto
119 1166 186 1224 loco
201 1175 230 1223 et
254 1174 381 1238 tempore
403 1169 588 1227 convenienti
612 1185 658 1226 ine
676 1179 704 1228 et
726 1172 809 1231 illum
833 1187 900 1230 oon·
954 1169 982 1225 in
1016 1169 1093 1241 ipsa,
1124 1173 1210 1241 cnjus
1236 1168 1346 1240 pudore
1375 1169 1533 1226 canonicus
1562 1170 1685 1241 dicitur,
1718 1169 1798 1228 Beati

48 1256 164 1319 rosetis,
189 1262 331 1312 etcoram
354 1256 501 1314 catholicis
524 1264 552 1314 et
572 1257 702 1315 discretis
725 1260 805 1329 viris,
825 1274 899 1332 quos
953 1258 1069 1314 hfartini
1100 1258 1218 1315 ecclesia
1247 1252 1411 1329 nunqnam,
1436 1265 1468 1315 ut
1492 1259 1585 1330 aiunt,
1610 1273 1627 1316 a
1654 1259 1800 1318 canonicis

48 1344 195 1400 vobiscum
222 1345 408 1415 provideatis,
430 1344 504 1418 quid
523 1346 570 1404 ille
593 1347 748 1406 adversum
770 1363 817 1406 me
831 1351 899 1407 abs·
953 1348 1122 1405 verberatus
1144 1361 1252 1405 morem
1270 1346 1385 1404 solitum
1410 1348 1576 1405 servaverit.
1598 1348 1721 1406 Nomine
1746 1349 1799 1406 de-

48 1443 138 1490 eutem
165 1435 299 1491 mussitet
326 1435 503 1504 audiantur,
538 1443 564 1493 et
598 1436 700 1494 debitae
718 1439 899 1499 surrectioni
953 1437 1068 1509 signare
1093 1436 1159 1508 quis
1189 1437 1241 1494 iste
1265 1436 1302 1493 sit
1323 1449 1574 1507 supervacaneum
1599 1438 1688 1507 duxi,
1712 1452 1799 1510 quem

49 1525 236 1596 subjaceant,
258 1522 304 1580 vel
328 1523 375 1580 ifle
398 1525 433 1581 de
457 1525 529 1581 tanti
552 1524 682 1583 criminis
707 1527 897 1598 impositione.
952 1526 1110 1598 singularis
1124 1524 1242 1582 infamia
1258 1524 1433 1582 infidelitatis
1450 1529 1478 1582 et
1500 1527 1565 1582 vita
1580 1527 1643 1598 ejus
1666 1526 1800 1601 singula-

49 1612 87 1669 vel
110 1628 168 1685 ego
183 1613 219 1669 de
242 1619 323 1669 tanta
350 1612 495 1670 scribendi
521 1615 760 1685 presumptione.
787 1585 936 1674 lutereaB
953 1618 1022 1673 riter
1049 1613 1204 1673 notabilem
1229 1614 1309 1671 facit.
1336 1615 1389 1670 iiic
1409 1615 1483 1673 sicut
1509 1615 1797 1687 pseudodialecticus,
1891 1609 1895 1615 ’

50 1710 139 1758 autern
156 1702 216 1758 Deo
232 1702 340 1774 gratias
361 1702 463 1772 refero,
484 1704 724 1774 quodsummum
739 1704 899 1763 Deilnimi-
954 1705 993 1761 ita
1023 1711 1052 1760 et
1084 1703 1379 1774 pseudochristianus,
1406 1718 1474 1761 cum
1506 1704 1534 1760 in
1568 1704 1716 1761 dialectica
1745 1717 1801 1762 sua

51 1804 110 1847 cum
134 1798 164 1847 et
194 1791 262 1848 fidei
285 1790 507 1861 labefactorem,
531 1792 561 1848 ln
590 1793 646 1849 fide
672 1793 851 1852 contrarium
875 1794 899 1852 si
953 1792 1063 1850 nullam
1079 1807 1139 1849 rem
1161 1800 1256 1863 partes
1278 1791 1384 1848 hahere
1397 1791 1530 1862 aestimat,
1548 1792 1588 1851 ita
1609 1792 1737 1851 divinam
1751 1806 1800 1864 pa-

51 1879 168 1949 perlero,
186 1888 216 1936 et
230 1893 282 1949 pro
297 1879 354 1936 fide
368 1894 427 1951 qua
446 1887 558 1938 stamus
573 1881 711 1939 dimicare
727 1882 897 1956 compellor3
953 1883 1051 1953 ginam
1081 1880 1265 1951 impudenter
1288 1881 1435 1950 pervertit,
1463 1888 1495 1937 ut
1517 1895 1550 1938 eo
1575 1882 1646 1950 loco,
1672 1896 1731 1954 quo
1752 1881 1801 1939 dl-

50 1977 74 2024 et
93 1969 173 2039 qnod
196 1982 319 2026 numero
344 1969 486 2026 bonorum
510 1969 662 2029 hominum
684 1973 745 2044 J'am
768 1986 827 2029 esse
851 1973 899 2031 vi·
953 1973 1029 2027 citur
1053 1970 1192 2026 Dominus
1216 1975 1325 2041 partem
1350 1968 1436 2040 piscis
1463 1969 1519 2026 assi
1547 1970 1713 2041 comedisse,
1737 1984 1800 2042 par-

51 2056 112 2113 deor
130 2071 169 2114 ex
193 2057 258 2130 ejus
278 2056 467 2126 infestatione,
488 2073 576 2129 quem
598 2059 665 2116 solis
686 2060 771 2118 honis
784 2074 900 2132 semper
952 2065 1009 2116 tem
1034 2057 1123 2130 huius
1144 2057 1231 2125 vocis,
1252 2071 1318 2129 ques
1341 2066 1383 2114 est
1403 2057 1487 2128 piscis
1508 2059 1574 2129 assi,
1600 2073 1659 2116 nou
1689 2068 1799 2131 partem

52 2150 156 2202 constat
177 2161 240 2203 esse
262 2146 410 2215 infestum,
430 2147 516 2220 cujiis
538 2157 598 2206 tam
619 2151 679 2206 vita
699 2164 788 2221 quam
812 2150 898 2208 disci·
952 2147 992 2206 rei
1007 2146 1166 2220 intelligere
1184 2154 1315 2219 cogatur.
1330 2146 1372 2205 Ne
1394 2148 1465 2219 quid
1480 2149 1570 2220 igitur
1585 2147 1707 2220 mireris,
1729 2150 1754 2206 si
1777 2151 1801 2208 is

52 2233 124 2305 plina
145 2235 286 2291 omnibus
304 2244 347 2293 est
368 2236 530 2294 manifesta.
554 2237 605 2295 llic
626 2247 726 2296 contra
748 2240 898 2312 egregium
953 2238 1005 2309 qui
1028 2237 1058 2294 in
1079 2237 1183 2294 coelnm
1208 2252 1239 2294 os
1258 2250 1362 2308 ponere
1384 2237 1543 2308 consuevit,
1567 2239 1595 2294 in
1612 2239 1695 2295 terris
1718 2238 1801 2296 insa-

53 2323 127 2380 illum
152 2338 316 2395 praeconem
338 2324 443 2382 Christi
467 2326 625 2385 liopertum
649 2327 813 2385 arbrosello
827 2342 900 2384 oon-
953 2329 1032 2398 niat;
1054 2327 1153 2398 etqui
1177 2326 1333 2383 hominum
1353 2326 1546 2398 persequitur,
1576 2327 1714 2385 membris
1736 2328 1800 2401 ejus

53 2419 191 2472 tumaoem
211 2427 302 2472 ausus
326 2417 369 2471 est
391 2414 541 2484 epistolam
555 2416 730 2488 confingere,
752 2424 780 2474 et
798 2425 899 2475 contra
953 2417 1084 2490 deroget3
1106 2425 1134 2473 et
1149 2416 1258 2473 nemini
1276 2415 1377 2486 parcit,
1402 2415 1454 2487 qui
1470 2415 1592 2474 nonsibi
1612 2430 1730 2488 parcere
1747 2429 1801 2489 po-

53 2499 130 2560 illum
162 2503 354 2577 magnificum
387 2502 520 2561 Ecclesia
553 2503 697 2564 doctorem
729 2505 898 2565 anselmum
953 2514 1017 2565 test.
1032 2506 1141 2567 valete.

850 2636 982 2656 μ

773 2744 976 2816 EPISTOLA
992 2746 1062 2815 XV.

568 2920 648 3002 Quas
665 2929 717 2990 est
731 2924 901 2992 Roscefini
921 2925 965 2992 ad
986 2923 1023 2989 P.
1044 2918 1270 2989 hbaefardum.

60 3093 151 3164 [Elidit
171 3093 328 3153 novissime
351 3095 376 3152 l.
400 3095 434 3151 h.
451 3094 631 3167 Scuusmnu,
653 3098 762 3157 Monac.
784 3099 870 3231 bib&
881 3098 1043 3228 subprffl
1053 3097 1275 3243 )Abbcadlitaqen
1298 3095 1347 3152 der
1368 3095 1391 3152 f.
1405 3093 1454 3167 ici.
1480 3109 1507 3150 c.
1536 3094 1563 3149 fi.
1582 3091 1636 3153 Ali.
1658 3090 1688 3148 d.
1713 3093 1799 3151 Wisr.

83 3407 225 3464 flerimus.
248 3436 284 3447 —
303 3407 419 3465 Codices
438 3409 653 3480 manuscriptos
675 3410 856 3470 bibliothecae
877 3427 908 3470 re
930 3415 964 3472 ias
979 3411 1158 3471 Monacensis
1175 3426 1191 3469 e
1213 3409 1335 3481 pristina
1356 3408 1622 3466 Benedictoburana
1636 3405 1793 3479 acquisitos

57 3480 251 3560 evolventibus
265 3479 370 3561 obtulit
384 3494 414 3536 se
428 3480 510 3538 nobis
521 3484 551 3562 in
566 3482 677 3539 modico
691 3484 822 3554 quodam
837 3429 936 3542 saeculi
948 3499 1001 3542 xiii
1014 3483 1172 3542 volumine.
1187 3484 1258 3555 jam.
1276 3496 1305 3537 n.
1322 3482 1391 3563 1643
1408 3481 1531 3554 signato,
1549 3480 1624 3561 inter
1639 3478 1697 3536 alia
1710 3478 1798 3554 longe

57 3549 151 3607 diversi
167 3551 332 3622 argumenti
347 3553 488 3622 opuscula
501 3553 619 3623 epistola
635 3555 768 3624 quiedam
785 3565 830 3613 sat
846 3557 971 3628 prolixa,
985 3571 1052 3629 quae
1067 3555 1185 3627 quidem
1207 3553 1392 3623 inscriptione
1413 3561 1441 3608 et
1457 3552 1671 3623 subscriptione
1685 3563 1797 3620 carons,

57 3634 100 3677 uec
113 3622 150 3677 ad
172 3636 262 3693 quem
286 3635 370 3677 neca
393 3637 451 3693 quo
467 3623 553 3680 luerit
569 3622 636 3681 data
651 3625 768 3681 indicat.
783 3627 856 3683 Earn
880 3636 975 3684 tamen
994 3628 1031 3684 ad
1049 3628 1165 3683 Petrum
1180 3624 1368 3681 Abaelardum
1384 3623 1472 3680 fuisse
1486 3623 1626 3702 directam
1640 3621 1700 3693 ipsc
1717 3629 1800 3679 teum

56 3693 172 3763 evincit;
189 3701 219 3748 at
242 3705 403 3764 equanam
418 3693 472 3750 viri
491 3695 581 3764 hujus
596 3695 774 3753 celeberrimi
789 3707 1029 3768 contemporaneo
1042 3705 1070 3753 et
1086 3695 1203 3767 quidem
1219 3694 1384 3751 adversario
1409 3696 1582 3762 provenerit,
1600 3693 1652 3748 diu
1672 3705 1725 3749 nos
1740 3692 1795 3748 ha·

54 3763 109 3820 init
129 3778 297 3834 suspensos,
313 3763 404 3820 donec
414 3765 478 3835 ejus
491 3778 580 3835 opera
598 3766 807 3836 perlustrantes
830 3769 984 3826 incidimus
999 3770 1030 3826 in
1054 3766 1213 3838 quamdam
1234 3765 1362 3835 ejusdem
1382 3764 1530 3833 epistolam
1546 3762 1691 3835 (editionis
1714 3762 1797 3819 Pari-

54 3835 148 3917 siensis
175 3834 248 3916 anni
269 3837 336 3890 1616
358 3834 527 3907 vigesimam
552 3836 700 3910 primam),
722 3851 822 3910 quam,
846 3853 914 3896 cum
939 3846 1108 3911 sequentem
1135 3836 1242 3893 mirum
1266 3837 1296 3892 in
1318 3834 1437 3891 modum
1465 3833 1602 3903 illustret,
1630 3833 1732 3891 merito
1754 3832 1801 3890 hic

68 3914 265 3963 remittimus.

54 3919 66 3975 p
81 3998 93 4028 ι
110 3978 146 4034 G.
162 3977 214 4033 Dei
227 3975 320 4048 gratia
335 3976 486 4034 parisiace
500 3977 574 4035 sedis
589 3977 731 4107 episcopo,
746 4000 760 4029 n
774 3986 827 4037 etc.
842 3978 935 4036 Adeot
945 3981 1039 4036 Lector
1054 3978 1198 4049 epistolam
1211 3979 1393 4046 superiorem.

80 4047 274 4120 Antiquitatis
292 4047 423 4105 litteratas
444 4050 582 4119 imprimis
621 4050 713 4106 allicae
729 4048 811 4121 periti
836 4052 987 4121 epistolam
1008 4050 1092 4107 istam
1118 4063 1184 4105 cum
1206 4055 1344 4118 sequente
1368 4044 1547 4102 conferentes
1570 4049 1708 4116 statuent,
1728 4057 1800 4103 num
1864 4058 1880 4083 0

52 4116 105 4176 hec
118 4120 186 4190 ipsa
208 4117 321 4199 allieni
345 4133 412 4176 uam
427 4122 513 4247 possit
534 4122 653 4178 attribui
669 4122 790 4188 auctori,
811 4130 916 4194 praeter
929 4121 1100 4194 famigerato
1114 4119 1157 4177 illi
1172 4118 1377 4191 philosophicae
1392 4115 1590 4175 Nominalium
1603 4123 1688 4174 sectae
1705 4129 1801 4190 quon·

52 4191 111 4247 dam
127 4198 321 4261 antesignano
361 4204 426 4247 osce
439 4192 485 4246 ino
501 4191 733 4263 compendiensi.

62 4261 163 4341 ¹Quiid
182 4263 320 4318 sinestra
335 4260 445 4332 placeat
469 4264 620 4330 sententia,
636 4263 708 4320 forte
732 4270 760 4321 et
775 4263 829 4335 ipsi
851 4264 972 4322 unicum
993 4263 1049 4321 hoc
1063 4263 1141 4391 Ἦιοᾱ
1160 4261 1301 4342 baconus
1321 4259 1447 4316 innotuit
1467 4257 1523 4317 viri
1544 4272 1600 4317 sua
1613 4266 1697 4344 etate
1712 4259 1802 4318 lamo·

51 4333 150 4389 tissimi
166 4339 386 4390 monumentum
410 4333 490 4390 haud
505 4333 749 4390 contemnendum
767 4349 828 4392 esse
843 4335 1014 4393 censebunt.
1031 4335 1072 4391 fio
1094 4334 1118 4391 is
1141 4346 1208 4390 vero
1223 4331 1332 4403 quibus
1347 4344 1400 4388 nec
1422 4329 1545 4387 facultas
1570 4346 1623 4389 nec
1638 4340 1730 4389 otium
1744 4338 1798 4400 est,

52 4411 77 4460 ut
90 4405 122 4460 in
143 4403 246 4473 prisca
260 4402 446 4475 philosophie
465 4404 641 4462 scholasticae
662 4406 866 4463 controversiis
892 4406 1088 4477 heroibusque
1100 4404 1306 4475 immoremur,
1332 4403 1438 4473 idjam
1463 4402 1612 4474 agendum
1632 4402 1799 4470 videbatur,

53 4483 79 4531 ut
93 4477 187 4545 ipsam
192 4488 307 4601 ,furam
330 4482 429 4545 putam
444 4475 603 4546 epistolam,
631 4477 748 4547 qualem
769 4490 786 4534 e
800 4476 978 4535 membranis
993 4476 1069 4533 lectu
1085 4476 1190 4545 partim
1214 4488 1272 4531 non
1288 4473 1357 4530 adeo
1381 4473 1515 4556 facilibus
1525 4474 1799 4555 ¹eruimuequam·

54 4545 176 4614 primum
213 4545 369 4603 octiorihus
388 4547 591 4604 excutiendam
606 4547 800 4615 traderemus,
825 4562 926 4606 necea
948 4547 1067 4620 quidem
1083 4560 1149 4618 quae
1172 4545 1250 4604 circa
1271 4545 1402 4603 eamdem
1418 4559 1448 4601 in
1469 4547 1548 4602 Actis
1561 4545 1717 4602 academiae
1745 4557 1798 4601 no·

44 4625 114 4691 ,sna
130 4616 433 4690 (mansuesceret,
452 4618 529 4690 lili,
540 4633 570 4677 n.
585 4617 649 4692 253)
666 4619 893 4678 memoravimus
907 4618 955 4677 hic
968 4624 1135 4690 repetentes.

119 4858 254 4916 niseum
273 4857 516 4919 aninesiorum
539 4863 570 4917 ei
581 4858 758 4934 princepae
776 4858 1059 4988 ᾳιιοιιῗηηὲὼςιιὲοωρι,
1072 4857 1110 4916 aa
1129 4858 1240 4916 reims
1253 4824 1433 4915 eisarnam
1447 4855 1563 4928 asion
1581 4854 1711 4912 toene
1786 4912 1800 4927 ,

85 5087 112 5146 Si
126 5088 299 5148 christianae
321 5089 466 5164 religionis
488 5091 670 5150 dulcedinem
690 5105 779 5165 quam
796 5091 899 5151 habitu
915 5093 936 5151 G
954 5090 1071 5161 oblitos,
1097 5091 1127 5148 iu
1149 5090 1239 5149 verba
1264 5090 1381 5148 malitia
1396 5103 1489 5148 meam
1509 5088 1648 5149 adversus
1661 5088 1801 5151 innocen·

58 5174 110 5244 ipso
137 5179 314 5250 proferebas
337 5179 383 5239 vel
412 5179 537 5238 tenuiter
559 5181 750 5254 degustasses,
781 5193 895 5252 nequa·
950 5181 1020 5239 tiam
1039 5182 1110 5238 adeo
1128 5179 1320 5252 prorupisses,
1340 5187 1373 5237 ut
1390 5179 1550 5245 fraternam
1573 5194 1673 5252 pacem
1692 5178 1802 5254 lingue

58 5278 138 5336 quam
164 5268 209 5327 tui
223 5268 332 5327 ordinis
352 5277 468 5343 tuaeque
486 5271 669 5342 professionis
687 5271 848 5340 immemor,
869 5276 898 5328 et
952 5269 1049 5344 gladio
1067 5267 1239 5328 vulnerares
1255 5267 1342 5341 juxta
1363 5267 1436 5327 illud
1456 5285 1464 5326 ι
1486 5271 1597 5340 Lingua
1622 5285 1716 5328 seium
1740 5271 1801 5342 qic-

59 5352 256 5418 ltnsllciornm
271 5374 339 5434 que
367 5359 418 5419 tibi
446 5366 487 5420 tot
507 5367 535 5418 et
548 5367 665 5420 tamn
689 5373 779 5433 puero
802 5373 897 5433 iisqne
952 5359 1015 5416 dius
1030 5358 1302 5432 mobilissima
1324 5357 1362 5430 5),
1380 5365 1408 5417 et
1432 5357 1588 5419 Salvatoris
1610 5358 1703 5420 nostri
1724 5358 1802 5418 saln-

61 5445 247 5524 idinvsnem
266 5448 321 5511 sub
341 5448 474 5524 uagom
495 5448 612 5512 nonime
634 5455 664 5510 st
686 5456 755 5511 totu
775 5447 898 5512 exhibui
952 5446 1080 5511 berrima
1104 5453 1231 5525 actuque
1257 5446 1396 5510 facillima
1419 5456 1565 5526 praeopta
1591 5456 1799 5533 antemnates,
