<?xml version="1.0" encoding="UTF-8"?>
<!DOCTYPE html PUBLIC "-//W3C//DTD XHTML 1.0 Transitional//EN"
    "http://www.w3.org/TR/xhtml1/DTD/xhtml1-transitional.dtd">
<html xmlns="http://www.w3.org/1999/xhtml" xml:lang="en" lang="en">
 <head>
  <title>
</title>
<meta http-equiv="Content-Type" content="text/html;charset=utf-8" />
  <meta name='ocr-system' content='tesseract 3.04.00' />
  <meta name='ocr-capabilities' content='ocr_page ocr_carea ocr_par ocr_line ocrx_word'/>
</head>
<body>
  <div class='ocr_page' id='page_1' title='image "./patrologiaecurs53unkngoog_0225.png"; bbox 0 0 3736 5962; ppageno 0'>
   <div class='ocr_carea' id='block_1_1' title="bbox 85 129 1838 192">
    <p class='ocr_par' dir='ltr' id='par_1_1' title="bbox 85 129 1838 192">
     <span class='ocr_line' id='line_1_1' title="bbox 85 129 1838 192; baseline 0.002 -7"><span class='ocrx_word' id='word_1_1' title='bbox 85 129 139 186; x_wconf 66' lang='lat'>439</span> <span class='ocrx_word' id='word_1_2' title='bbox 376 131 482 189; x_wconf 79' lang='lat' dir='ltr'>esriel</span> <span class='ocrx_word' id='word_1_3' title='bbox 499 131 689 192; x_wconf 73' lang='lat' dir='ltr'>remissor</span> <span class='ocrx_word' id='word_1_4' title='bbox 708 133 785 190; x_wconf 85' lang='grc' dir='ltr'><strong>ΟΡΡ.</strong></span> <span class='ocrx_word' id='word_1_5' title='bbox 801 133 890 191; x_wconf 79' lang='lat' dir='ltr'><strong>PARS</strong></span> <span class='ocrx_word' id='word_1_6' title='bbox 908 134 944 192; x_wconf 89' lang='lat'>11.</span> <span class='ocrx_word' id='word_1_7' title='bbox 965 161 1000 179; x_wconf 88' lang='lat'>-·</span> <span class='ocrx_word' id='word_1_8' title='bbox 1018 130 1200 192; x_wconf 69' lang='lat' dir='ltr'>SERHONES</span> <span class='ocrx_word' id='word_1_9' title='bbox 1214 132 1257 189; x_wconf 78' lang='lat' dir='ltr'>ET</span> <span class='ocrx_word' id='word_1_10' title='bbox 1276 129 1530 190; x_wconf 71' lang='lat' dir='ltr'>cessassetis.</span> <span class='ocrx_word' id='word_1_11' title='bbox 1785 133 1838 189; x_wconf 71' lang='lat' dir='ltr'>bib</span> 
     </span>
    </p>
   </div>
   <div class='ocr_carea' id='block_1_2' title="bbox 85 252 1839 689">
    <p class='ocr_par' dir='ltr' id='par_1_2' title="bbox 85 252 1839 689">
     <span class='ocr_line' id='line_1_2' title="bbox 85 252 1838 330; baseline 0.002 -18"><span class='ocrx_word' id='word_1_12' title='bbox 85 254 121 312; x_wconf 93' lang='lat' dir='ltr'>de</span> <span class='ocrx_word' id='word_1_13' title='bbox 149 252 259 326; x_wconf 90' lang='lat' dir='ltr'>quibus</span> <span class='ocrx_word' id='word_1_14' title='bbox 281 253 337 312; x_wconf 92' lang='lat' dir='ltr'>illis</span> <span class='ocrx_word' id='word_1_15' title='bbox 360 255 500 313; x_wconf 81' lang='lat' dir='ltr'><strong>Dominus</strong></span> <span class='ocrx_word' id='word_1_16' title='bbox 519 257 651 314; x_wconf 91' lang='lat' dir='ltr'>dicturus</span> <span class='ocrx_word' id='word_1_17' title='bbox 668 265 732 315; x_wconf 89' lang='lat' dir='ltr'>est:</span> <span class='ocrx_word' id='word_1_18' title='bbox 761 261 884 329; x_wconf 72' lang='lat' dir='ltr'>Esuriit,</span> <span class='ocrx_word' id='word_1_19' title='bbox 906 264 932 316; x_wconf 86' lang='lat' dir='ltr'>ct</span> <span class='ocrx_word' id='word_1_20' title='bbox 946 261 973 319; x_wconf 80' lang='lat' dir='ltr'>t.</span> <span class='ocrx_word' id='word_1_21' title='bbox 988 264 1133 318; x_wconf 89' lang='lat' dir='ltr'>mortuum</span> <span class='ocrx_word' id='word_1_22' title='bbox 1147 259 1260 330; x_wconf 90' lang='lat' dir='ltr'>premit,</span> <span class='ocrx_word' id='word_1_23' title='bbox 1276 267 1309 316; x_wconf 93' lang='lat' dir='ltr'>ut</span> <span class='ocrx_word' id='word_1_24' title='bbox 1323 258 1397 315; x_wconf 89' lang='lat' dir='ltr'>sicut</span> <span class='ocrx_word' id='word_1_25' title='bbox 1408 264 1539 315; x_wconf 89' lang='lat' dir='ltr'>mortuus</span> <span class='ocrx_word' id='word_1_26' title='bbox 1553 269 1706 330; x_wconf 76' lang='lat' dir='ltr'>resurgere</span> <span class='ocrx_word' id='word_1_27' title='bbox 1724 259 1838 330; x_wconf 89' lang='lat' dir='ltr'>possit;</span> 
     </span>
     <span class='ocr_line' id='line_1_3' title="bbox 86 342 1836 421; baseline 0.003 -22"><span class='ocrx_word' id='word_1_28' title='bbox 86 342 202 399; x_wconf 76' lang='lat' dir='ltr'><strong><em>dedistis</em></strong></span> <span class='ocrx_word' id='word_1_29' title='bbox 229 345 297 400; x_wconf 84' lang='lat' dir='ltr'>milti</span> <span class='ocrx_word' id='word_1_30' title='bbox 336 345 502 400; x_wconf 82' lang='lat' dir='ltr'>ntonducore</span> <span class='ocrx_word' id='word_1_31' title='bbox 531 353 586 403; x_wconf 88' lang='grc' dir='ltr'>ειε.</span> <span class='ocrx_word' id='word_1_32' title='bbox 622 347 732 419; x_wconf 80' lang='grc' dir='ltr'>(ιιαιιιι.</span> <span class='ocrx_word' id='word_1_33' title='bbox 772 363 841 417; x_wconf 85' lang='lat' dir='ltr'>xxv,</span> <span class='ocrx_word' id='word_1_34' title='bbox 876 351 933 420; x_wconf 82' lang='lat'>35.)</span> <span class='ocrx_word' id='word_1_35' title='bbox 987 349 1056 421; x_wconf 91' lang='lat' dir='ltr'>quia</span> <span class='ocrx_word' id='word_1_36' title='bbox 1072 348 1187 416; x_wconf 90' lang='lat' dir='ltr'>talibus,</span> <span class='ocrx_word' id='word_1_37' title='bbox 1202 362 1238 405; x_wconf 91' lang='lat' dir='ltr'>ne</span> <span class='ocrx_word' id='word_1_38' title='bbox 1261 348 1296 404; x_wconf 91' lang='lat' dir='ltr'>de</span> <span class='ocrx_word' id='word_1_39' title='bbox 1317 347 1517 421; x_wconf 90' lang='lat' dir='ltr'>magnitudine</span> <span class='ocrx_word' id='word_1_40' title='bbox 1533 354 1716 419; x_wconf 89' lang='lat' dir='ltr'>peecatorum</span> <span class='ocrx_word' id='word_1_41' title='bbox 1733 347 1836 419; x_wconf 82' lang='lat' dir='ltr'>‹lespe-</span> 
     </span>
     <span class='ocr_line' id='line_1_4' title="bbox 86 427 1839 511; baseline 0.001 -20"><span class='ocrx_word' id='word_1_42' title='bbox 86 431 313 504; x_wconf 87' lang='lat' dir='ltr'>Coutemplativa</span> <span class='ocrx_word' id='word_1_43' title='bbox 328 439 402 505; x_wconf 58' lang='lat' dir='ltr'>gvero</span> <span class='ocrx_word' id='word_1_44' title='bbox 423 442 465 491; x_wconf 91' lang='lat' dir='ltr'>est</span> <span class='ocrx_word' id='word_1_45' title='bbox 484 435 554 504; x_wconf 84' lang='lat' dir='ltr'>vita,</span> <span class='ocrx_word' id='word_1_46' title='bbox 576 450 641 506; x_wconf 82' lang='lat' dir='ltr'>quae</span> <span class='ocrx_word' id='word_1_47' title='bbox 662 427 759 494; x_wconf 85' lang='lat' dir='ltr'>amore</span> <span class='ocrx_word' id='word_1_48' title='bbox 783 437 832 494; x_wconf 76' lang='lat' dir='ltr'>lici</span> <span class='ocrx_word' id='word_1_49' title='bbox 851 439 934 496; x_wconf 89' lang='lat' dir='ltr'>vehe·</span> <span class='ocrx_word' id='word_1_50' title='bbox 987 445 1061 508; x_wconf 91' lang='lat' dir='ltr'>rent,</span> <span class='ocrx_word' id='word_1_51' title='bbox 1085 438 1265 509; x_wconf 78' lang='lat' dir='ltr'>indulgentia</span> <span class='ocrx_word' id='word_1_52' title='bbox 1288 437 1437 511; x_wconf 81' lang='lat' dir='ltr'>Evangelii</span> <span class='ocrx_word' id='word_1_53' title='bbox 1459 435 1553 510; x_wconf 83' lang='lat' dir='ltr'>magis</span> <span class='ocrx_word' id='word_1_54' title='bbox 1579 444 1622 495; x_wconf 88' lang='lat' dir='ltr'>est</span> <span class='ocrx_word' id='word_1_55' title='bbox 1640 436 1839 508; x_wconf 83' lang='lat' dir='ltr'>praedicanda,</span> 
     </span>
     <span class='ocr_line' id='line_1_5' title="bbox 86 523 1839 601; baseline 0.001 -23"><span class='ocrx_word' id='word_1_56' title='bbox 86 528 197 580; x_wconf 81' lang='lat' dir='ltr'>menter</span> <span class='ocrx_word' id='word_1_57' title='bbox 215 536 363 590; x_wconf 89' lang='lat' dir='ltr'>succensa,</span> <span class='ocrx_word' id='word_1_58' title='bbox 384 531 462 580; x_wconf 92' lang='lat' dir='ltr'>tanto</span> <span class='ocrx_word' id='word_1_59' title='bbox 479 523 621 581; x_wconf 80' lang='lat' dir='ltr'>sincerius</span> <span class='ocrx_word' id='word_1_60' title='bbox 633 527 658 582; x_wconf 92' lang='lat' dir='ltr'>ei</span> <span class='ocrx_word' id='word_1_61' title='bbox 673 534 768 594; x_wconf 83' lang='lat' dir='ltr'>vacat,</span> <span class='ocrx_word' id='word_1_62' title='bbox 784 536 811 584; x_wconf 90' lang='grc' dir='ltr'>ει</span> <span class='ocrx_word' id='word_1_63' title='bbox 827 528 856 583; x_wconf 94' lang='lat' dir='ltr'>in</span> <span class='ocrx_word' id='word_1_64' title='bbox 870 529 933 599; x_wconf 84' lang='lat' dir='ltr'>ejus</span> <span class='ocrx_word' id='word_1_65' title='bbox 987 528 1058 601; x_wconf 88' lang='lat' dir='ltr'>quia</span> <span class='ocrx_word' id='word_1_66' title='bbox 1080 528 1188 584; x_wconf 91' lang='lat' dir='ltr'>dietum</span> <span class='ocrx_word' id='word_1_67' title='bbox 1218 534 1260 584; x_wconf 92' lang='lat' dir='ltr'>est</span> <span class='ocrx_word' id='word_1_68' title='bbox 1278 526 1440 584; x_wconf 70' lang='lat' dir='ltr'>adulterae:</span> <span class='ocrx_word' id='word_1_69' title='bbox 1472 526 1560 593; x_wconf 87' lang='lat' dir='ltr'>Vodc,</span> <span class='ocrx_word' id='word_1_70' title='bbox 1589 530 1615 581; x_wconf 84' lang='lat' dir='ltr'>et</span> <span class='ocrx_word' id='word_1_71' title='bbox 1640 527 1760 596; x_wconf 84' lang='lat' dir='ltr'>emptius</span> <span class='ocrx_word' id='word_1_72' title='bbox 1780 527 1839 582; x_wconf 81' lang='lat' dir='ltr'>noli</span> 
     </span>
     <span class='ocr_line' id='line_1_6' title="bbox 86 610 1838 689; baseline 0.001 -20"><span class='ocrx_word' id='word_1_73' title='bbox 86 610 367 682; x_wconf 86' lang='lat' dir='ltr'>contemplationem,</span> <span class='ocrx_word' id='word_1_74' title='bbox 400 619 428 667; x_wconf 90' lang='lat' dir='ltr'>et</span> <span class='ocrx_word' id='word_1_75' title='bbox 462 618 555 669; x_wconf 88' lang='lat' dir='ltr'>status</span> <span class='ocrx_word' id='word_1_76' title='bbox 576 627 712 687; x_wconf 77' lang='lat' dir='ltr'>supernae</span> <span class='ocrx_word' id='word_1_77' title='bbox 737 616 803 672; x_wconf 76' lang='lat' dir='ltr'>vitae</span> <span class='ocrx_word' id='word_1_78' title='bbox 836 616 934 672; x_wconf 90' lang='lat' dir='ltr'>oculos</span> <span class='ocrx_word' id='word_1_79' title='bbox 984 633 1096 688; x_wconf 84' lang='lat' dir='ltr'>peecare</span> <span class='ocrx_word' id='word_1_80' title='bbox 1110 617 1199 689; x_wconf 80' lang='lat' dir='ltr'>(toea.</span> <span class='ocrx_word' id='word_1_81' title='bbox 1211 632 1270 682; x_wconf 85' lang='grc' dir='ltr'>ιιιι,</span> <span class='ocrx_word' id='word_1_82' title='bbox 1293 618 1346 687; x_wconf 89' lang='grc' dir='ltr'>ιι),</span> <span class='ocrx_word' id='word_1_83' title='bbox 1362 630 1450 686; x_wconf 90' lang='lat' dir='ltr'>quam</span> <span class='ocrx_word' id='word_1_84' title='bbox 1468 614 1538 686; x_wconf 91' lang='lat' dir='ltr'>legis</span> <span class='ocrx_word' id='word_1_85' title='bbox 1555 614 1585 671; x_wconf 92' lang='lat' dir='ltr'>in</span> <span class='ocrx_word' id='word_1_86' title='bbox 1606 614 1701 685; x_wconf 88' lang='lat' dir='ltr'>lapide</span> <span class='ocrx_word' id='word_1_87' title='bbox 1721 614 1838 686; x_wconf 87' lang='lat' dir='ltr'>seriptae</span> 
     </span>
    </p>
   </div>
   <div class='ocr_carea' id='block_1_3' title="bbox 86 701 936 1577">
    <p class='ocr_par' dir='ltr' id='par_1_3' title="bbox 86 701 936 1577">
     <span class='ocr_line' id='line_1_7' title="bbox 87 701 934 776; baseline 0.002 -17"><span class='ocrx_word' id='word_1_88' title='bbox 87 703 196 759; x_wconf 91' lang='lat' dir='ltr'>meritis</span> <span class='ocrx_word' id='word_1_89' title='bbox 211 701 363 773; x_wconf 91' lang='lat' dir='ltr'>perfectius</span> <span class='ocrx_word' id='word_1_90' title='bbox 386 701 481 773; x_wconf 87' lang='lat' dir='ltr'>erigit,</span> <span class='ocrx_word' id='word_1_91' title='bbox 498 710 526 759; x_wconf 92' lang='lat' dir='ltr'>et</span> <span class='ocrx_word' id='word_1_92' title='bbox 547 717 580 759; x_wconf 93' lang='lat' dir='ltr'>eo</span> <span class='ocrx_word' id='word_1_93' title='bbox 598 705 691 776; x_wconf 88' lang='lat' dir='ltr'>magis</span> <span class='ocrx_word' id='word_1_94' title='bbox 717 705 747 762; x_wconf 94' lang='lat' dir='ltr'>in</span> <span class='ocrx_word' id='word_1_95' title='bbox 766 704 822 761; x_wconf 91' lang='lat' dir='ltr'>hac</span> <span class='ocrx_word' id='word_1_96' title='bbox 836 719 934 775; x_wconf 91' lang='lat' dir='ltr'>specu-</span> 
     </span>
     <span class='ocr_line' id='line_1_8' title="bbox 86 790 934 864; baseline 0.006 -17"><span class='ocrx_word' id='word_1_97' title='bbox 86 790 193 848; x_wconf 91' lang='lat' dir='ltr'>latione</span> <span class='ocrx_word' id='word_1_98' title='bbox 214 804 354 861; x_wconf 88' lang='lat' dir='ltr'>suspensa</span> <span class='ocrx_word' id='word_1_99' title='bbox 376 791 544 860; x_wconf 78' lang='lat' dir='ltr'>delectatur,</span> <span class='ocrx_word' id='word_1_100' title='bbox 569 801 713 864; x_wconf 83' lang='lat' dir='ltr'>quantoe</span> <span class='ocrx_word' id='word_1_101' title='bbox 734 795 813 851; x_wconf 90' lang='lat' dir='ltr'>curis</span> <span class='ocrx_word' id='word_1_102' title='bbox 836 794 934 852; x_wconf 86' lang='lat' dir='ltr'>saeculi</span> 
     </span>
     <span class='ocr_line' id='line_1_9' title="bbox 88 880 934 954; baseline 0.002 -17"><span class='ocrx_word' id='word_1_103' title='bbox 88 880 212 952; x_wconf 89' lang='lat' dir='ltr'>amplius</span> <span class='ocrx_word' id='word_1_104' title='bbox 236 888 345 937; x_wconf 92' lang='lat' dir='ltr'>remota</span> <span class='ocrx_word' id='word_1_105' title='bbox 370 880 500 951; x_wconf 90' lang='lat' dir='ltr'>quiescit.</span> <span class='ocrx_word' id='word_1_106' title='bbox 523 880 637 938; x_wconf 87' lang='lat' dir='ltr'>hiartha</span> <span class='ocrx_word' id='word_1_107' title='bbox 660 883 768 954; x_wconf 90' lang='lat' dir='ltr'>itaque,</span> <span class='ocrx_word' id='word_1_108' title='bbox 792 891 934 954; x_wconf 87' lang='lat' dir='ltr'>tanquam</span> 
     </span>
     <span class='ocr_line' id='line_1_10' title="bbox 87 969 933 1042; baseline 0.005 -16"><span class='ocrx_word' id='word_1_109' title='bbox 87 969 119 1026; x_wconf 91' lang='lat' dir='ltr'>in</span> <span class='ocrx_word' id='word_1_110' title='bbox 141 970 277 1027; x_wconf 82' lang='lat' dir='ltr'>exterieri</span> <span class='ocrx_word' id='word_1_111' title='bbox 300 969 549 1028; x_wconf 85' lang='lat' dir='ltr'>administratione</span> <span class='ocrx_word' id='word_1_112' title='bbox 570 981 720 1042; x_wconf 89' lang='lat' dir='ltr'>occupata,</span> <span class='ocrx_word' id='word_1_113' title='bbox 741 973 864 1030; x_wconf 86' lang='lat' dir='ltr'>Domine</span> <span class='ocrx_word' id='word_1_114' title='bbox 885 988 933 1030; x_wconf 86' lang='lat' dir='ltr'>ve-</span> 
     </span>
     <span class='ocr_line' id='line_1_11' title="bbox 88 1058 935 1128; baseline 0.005 -13"><span class='ocrx_word' id='word_1_115' title='bbox 88 1059 179 1116; x_wconf 90' lang='lat' dir='ltr'>nienti</span> <span class='ocrx_word' id='word_1_116' title='bbox 208 1058 304 1116; x_wconf 88' lang='lat' dir='ltr'>statim</span> <span class='ocrx_word' id='word_1_117' title='bbox 338 1059 476 1128; x_wconf 87' lang='lat' dir='ltr'>occurrit;</span> <span class='ocrx_word' id='word_1_118' title='bbox 514 1061 604 1119; x_wconf 89' lang='lat' dir='ltr'>blaria</span> <span class='ocrx_word' id='word_1_119' title='bbox 632 1075 699 1118; x_wconf 93' lang='lat' dir='ltr'>vero</span> <span class='ocrx_word' id='word_1_120' title='bbox 728 1062 805 1118; x_wconf 91' lang='lat' dir='ltr'>domi</span> <span class='ocrx_word' id='word_1_121' title='bbox 833 1063 935 1119; x_wconf 86' lang='lat' dir='ltr'>sedens</span> 
     </span>
     <span class='ocr_line' id='line_1_12' title="bbox 89 1148 933 1220; baseline 0.002 -16"><span class='ocrx_word' id='word_1_122' title='bbox 89 1148 222 1219; x_wconf 84' lang='lat' dir='ltr'>quiescit,</span> <span class='ocrx_word' id='word_1_123' title='bbox 235 1162 423 1219; x_wconf 91' lang='lat' dir='ltr'>nequaquam</span> <span class='ocrx_word' id='word_1_124' title='bbox 444 1150 504 1207; x_wconf 90' lang='lat' dir='ltr'>istis</span> <span class='ocrx_word' id='word_1_125' title='bbox 522 1149 685 1207; x_wconf 87' lang='lat' dir='ltr'>visibilibus</span> <span class='ocrx_word' id='word_1_126' title='bbox 705 1149 817 1208; x_wconf 89' lang='lat' dir='ltr'>intenta</span> <span class='ocrx_word' id='word_1_127' title='bbox 840 1151 933 1220; x_wconf 88' lang='lat' dir='ltr'>honis,</span> 
     </span>
     <span class='ocr_line' id='line_1_13' title="bbox 89 1236 933 1310; baseline 0.007 -18"><span class='ocrx_word' id='word_1_128' title='bbox 89 1236 137 1292; x_wconf 89' lang='lat' dir='ltr'>sed</span> <span class='ocrx_word' id='word_1_129' title='bbox 156 1237 289 1308; x_wconf 91' lang='lat' dir='ltr'>supernis</span> <span class='ocrx_word' id='word_1_130' title='bbox 304 1237 421 1295; x_wconf 91' lang='lat' dir='ltr'>inhians</span> <span class='ocrx_word' id='word_1_131' title='bbox 440 1239 564 1310; x_wconf 88' lang='lat' dir='ltr'>gaudiis,</span> <span class='ocrx_word' id='word_1_132' title='bbox 586 1254 652 1310; x_wconf 87' lang='lat' dir='ltr'>quae</span> <span class='ocrx_word' id='word_1_133' title='bbox 667 1253 720 1296; x_wconf 90' lang='lat' dir='ltr'>nec</span> <span class='ocrx_word' id='word_1_134' title='bbox 736 1239 837 1298; x_wconf 92' lang='lat' dir='ltr'>oculus</span> <span class='ocrx_word' id='word_1_135' title='bbox 851 1241 933 1310; x_wconf 88' lang='lat' dir='ltr'>vidit,</span> 
     </span>
     <span class='ocr_line' id='line_1_14' title="bbox 89 1325 936 1400; baseline 0.006 -18"><span class='ocrx_word' id='word_1_136' title='bbox 89 1340 141 1383; x_wconf 88' lang='lat' dir='ltr'>uec</span> <span class='ocrx_word' id='word_1_137' title='bbox 165 1325 246 1382; x_wconf 87' lang='lat' dir='ltr'>auris</span> <span class='ocrx_word' id='word_1_138' title='bbox 261 1325 383 1383; x_wconf 89' lang='lat' dir='ltr'>audivit.</span> <span class='ocrx_word' id='word_1_139' title='bbox 400 1326 494 1392; x_wconf 89' lang='lat' dir='ltr'>Quam</span> <span class='ocrx_word' id='word_1_140' title='bbox 516 1328 601 1384; x_wconf 88' lang='lat' dir='ltr'>etiam</span> <span class='ocrx_word' id='word_1_141' title='bbox 623 1328 808 1400; x_wconf 89' lang='lat' dir='ltr'>Evangelista</span> <span class='ocrx_word' id='word_1_142' title='bbox 823 1329 853 1386; x_wconf 94' lang='lat' dir='ltr'>in</span> <span class='ocrx_word' id='word_1_143' title='bbox 874 1337 936 1387; x_wconf 91' lang='lat' dir='ltr'>tan·</span> 
     </span>
     <span class='ocr_line' id='line_1_15' title="bbox 89 1413 934 1491; baseline 0.004 -19"><span class='ocrx_word' id='word_1_144' title='bbox 89 1422 152 1472; x_wconf 89' lang='lat' dir='ltr'>tum</span> <span class='ocrx_word' id='word_1_145' title='bbox 171 1413 298 1486; x_wconf 88' lang='lat' dir='ltr'>quietern</span> <span class='ocrx_word' id='word_1_146' title='bbox 317 1429 401 1472; x_wconf 91' lang='lat' dir='ltr'>suam</span> <span class='ocrx_word' id='word_1_147' title='bbox 421 1429 519 1472; x_wconf 90' lang='lat' dir='ltr'>amare</span> <span class='ocrx_word' id='word_1_148' title='bbox 533 1416 677 1481; x_wconf 89' lang='lat' dir='ltr'>describit,</span> <span class='ocrx_word' id='word_1_149' title='bbox 697 1426 730 1475; x_wconf 97' lang='lat' dir='ltr'>ut</span> <span class='ocrx_word' id='word_1_150' title='bbox 748 1432 934 1491; x_wconf 88' lang='lat' dir='ltr'>nequaquam</span> 
     </span>
     <span class='ocr_line' id='line_1_16' title="bbox 89 1502 935 1577; baseline 0.008 -19"><span class='ocrx_word' id='word_1_151' title='bbox 89 1502 222 1560; x_wconf 89' lang='lat' dir='ltr'>dedomo</span> <span class='ocrx_word' id='word_1_152' title='bbox 247 1518 371 1575; x_wconf 89' lang='lat' dir='ltr'>egressa,</span> <span class='ocrx_word' id='word_1_153' title='bbox 393 1504 448 1561; x_wconf 90' lang='lat' dir='ltr'>nisi</span> <span class='ocrx_word' id='word_1_154' title='bbox 464 1518 481 1560; x_wconf 93' lang='lat' dir='ltr'>a</span> <span class='ocrx_word' id='word_1_155' title='bbox 506 1504 626 1562; x_wconf 84' lang='lat' dir='ltr'>homino</span> <span class='ocrx_word' id='word_1_156' title='bbox 641 1506 722 1577; x_wconf 91' lang='lat' dir='ltr'>prius</span> <span class='ocrx_word' id='word_1_157' title='bbox 741 1516 852 1574; x_wconf 88' lang='lat' dir='ltr'>vocata,</span> <span class='ocrx_word' id='word_1_158' title='bbox 869 1523 935 1565; x_wconf 92' lang='lat' dir='ltr'>cum</span> 
     </span>
    </p>
   </div>
   <div class='ocr_carea' id='block_1_4' title="bbox 988 704 1839 1576">
    <p class='ocr_par' dir='ltr' id='par_1_4' title="bbox 988 704 1839 1576">
     <span class='ocr_line' id='line_1_17' title="bbox 988 704 1838 774; baseline -0.004 -12"><span class='ocrx_word' id='word_1_159' title='bbox 988 707 1095 764; x_wconf 86' lang='lat' dir='ltr'>duritia</span> <span class='ocrx_word' id='word_1_160' title='bbox 1114 708 1143 761; x_wconf 92' lang='lat' dir='ltr'>in</span> <span class='ocrx_word' id='word_1_161' title='bbox 1165 705 1435 762; x_wconf 82' lang='lat' dir='ltr'>contaminationem</span> <span class='ocrx_word' id='word_1_162' title='bbox 1455 704 1627 761; x_wconf 88' lang='lat' dir='ltr'>inducenda.</span> <span class='ocrx_word' id='word_1_163' title='bbox 1659 704 1711 759; x_wconf 87' lang='lat' dir='ltr'>llic</span> <span class='ocrx_word' id='word_1_164' title='bbox 1736 704 1838 774; x_wconf 88' lang='lat' dir='ltr'>itaque</span> 
     </span>
     <span class='ocr_line' id='line_1_18' title="bbox 988 792 1837 866; baseline -0.001 -16"><span class='ocrx_word' id='word_1_165' title='bbox 988 794 1074 866; x_wconf 88' lang='lat' dir='ltr'>longa</span> <span class='ocrx_word' id='word_1_166' title='bbox 1099 795 1308 852; x_wconf 89' lang='lat' dir='ltr'>consuetudine</span> <span class='ocrx_word' id='word_1_167' title='bbox 1346 792 1482 864; x_wconf 91' lang='lat' dir='ltr'>peccandi</span> <span class='ocrx_word' id='word_1_168' title='bbox 1512 793 1657 861; x_wconf 87' lang='lat' dir='ltr'>detentus,</span> <span class='ocrx_word' id='word_1_169' title='bbox 1682 802 1711 849; x_wconf 94' lang='lat' dir='ltr'>et</span> <span class='ocrx_word' id='word_1_170' title='bbox 1739 807 1837 864; x_wconf 77' lang='lat' dir='ltr'>pravae</span> 
     </span>
     <span class='ocr_line' id='line_1_19' title="bbox 988 881 1837 955; baseline -0.002 -15"><span class='ocrx_word' id='word_1_171' title='bbox 988 883 1206 941; x_wconf 85' lang='lat' dir='ltr'>consuetudinis</span> <span class='ocrx_word' id='word_1_172' title='bbox 1238 884 1309 955; x_wconf 88' lang='lat' dir='ltr'>jugo</span> <span class='ocrx_word' id='word_1_173' title='bbox 1343 883 1471 955; x_wconf 89' lang='lat' dir='ltr'>graviter</span> <span class='ocrx_word' id='word_1_174' title='bbox 1495 881 1655 952; x_wconf 90' lang='lat' dir='ltr'>depressus,</span> <span class='ocrx_word' id='word_1_175' title='bbox 1690 889 1779 953; x_wconf 87' lang='lat' dir='ltr'>alque</span> <span class='ocrx_word' id='word_1_176' title='bbox 1809 883 1837 938; x_wconf 92' lang='lat' dir='ltr'>ln</span> 
     </span>
     <span class='ocr_line' id='line_1_20' title="bbox 990 969 1837 1041; baseline -0.004 -12"><span class='ocrx_word' id='word_1_177' title='bbox 990 979 1105 1029; x_wconf 90' lang='lat' dir='ltr'>tantum</span> <span class='ocrx_word' id='word_1_178' title='bbox 1135 973 1224 1029; x_wconf 94' lang='lat' dir='ltr'>libero</span> <span class='ocrx_word' id='word_1_179' title='bbox 1250 971 1369 1029; x_wconf 91' lang='lat' dir='ltr'>arbitrio</span> <span class='ocrx_word' id='word_1_180' title='bbox 1397 971 1427 1026; x_wconf 92' lang='lat' dir='ltr'>iu</span> <span class='ocrx_word' id='word_1_181' title='bbox 1450 971 1512 1041; x_wconf 91' lang='lat' dir='ltr'>ipso</span> <span class='ocrx_word' id='word_1_182' title='bbox 1531 969 1593 1041; x_wconf 81' lang='lat' dir='ltr'>J&#39;am</span> <span class='ocrx_word' id='word_1_183' title='bbox 1622 970 1780 1038; x_wconf 89' lang='lat' dir='ltr'>debilitato,</span> <span class='ocrx_word' id='word_1_184' title='bbox 1806 980 1837 1026; x_wconf 91' lang='lat' dir='ltr'>ut</span> 
     </span>
     <span class='ocr_line' id='line_1_21' title="bbox 988 1061 1835 1131; baseline -0.004 -13"><span class='ocrx_word' id='word_1_185' title='bbox 988 1076 1047 1119; x_wconf 90' lang='lat' dir='ltr'>non</span> <span class='ocrx_word' id='word_1_186' title='bbox 1062 1062 1154 1118; x_wconf 91' lang='lat' dir='ltr'>solum</span> <span class='ocrx_word' id='word_1_187' title='bbox 1170 1061 1205 1116; x_wconf 91' lang='lat' dir='ltr'>ad</span> <span class='ocrx_word' id='word_1_188' title='bbox 1226 1074 1294 1116; x_wconf 93' lang='lat' dir='ltr'>eum</span> <span class='ocrx_word' id='word_1_189' title='bbox 1318 1074 1436 1131; x_wconf 81' lang='lat' dir='ltr'>surgere</span> <span class='ocrx_word' id='word_1_190' title='bbox 1456 1074 1514 1116; x_wconf 93' lang='lat' dir='ltr'>uon</span> <span class='ocrx_word' id='word_1_191' title='bbox 1538 1067 1632 1129; x_wconf 87' lang='lat' dir='ltr'>posset</span> <span class='ocrx_word' id='word_1_192' title='bbox 1646 1067 1678 1116; x_wconf 94' lang='lat' dir='ltr'>ut</span> <span class='ocrx_word' id='word_1_193' title='bbox 1704 1074 1772 1116; x_wconf 91' lang='lat' dir='ltr'>eum</span> <span class='ocrx_word' id='word_1_194' title='bbox 1793 1074 1835 1115; x_wconf 91' lang='lat' dir='ltr'>re-</span> 
     </span>
     <span class='ocr_line' id='line_1_22' title="bbox 989 1150 1836 1223; baseline -0.004 -16"><span class='ocrx_word' id='word_1_195' title='bbox 989 1152 1127 1223; x_wconf 93' lang='lat' dir='ltr'>quireret,</span> <span class='ocrx_word' id='word_1_196' title='bbox 1148 1151 1196 1207; x_wconf 91' lang='lat' dir='ltr'>sed</span> <span class='ocrx_word' id='word_1_197' title='bbox 1219 1164 1272 1206; x_wconf 88' lang='lat' dir='ltr'>neo</span> <span class='ocrx_word' id='word_1_198' title='bbox 1291 1163 1341 1220; x_wconf 94' lang='lat' dir='ltr'>pro</span> <span class='ocrx_word' id='word_1_199' title='bbox 1362 1163 1392 1206; x_wconf 92' lang='lat' dir='ltr'>se</span> <span class='ocrx_word' id='word_1_200' title='bbox 1415 1163 1497 1205; x_wconf 89' lang='lat' dir='ltr'>orare</span> <span class='ocrx_word' id='word_1_201' title='bbox 1519 1157 1679 1220; x_wconf 85' lang='lat' dir='ltr'>satageret3</span> <span class='ocrx_word' id='word_1_202' title='bbox 1703 1151 1784 1205; x_wconf 88' lang='lat' dir='ltr'>venit</span> <span class='ocrx_word' id='word_1_203' title='bbox 1802 1150 1836 1204; x_wconf 79' lang='lat' dir='ltr'>acl</span> 
     </span>
     <span class='ocr_line' id='line_1_23' title="bbox 989 1237 1838 1309; baseline -0.007 -12"><span class='ocrx_word' id='word_1_204' title='bbox 989 1255 1055 1297; x_wconf 91' lang='lat' dir='ltr'>eum</span> <span class='ocrx_word' id='word_1_205' title='bbox 1078 1239 1239 1296; x_wconf 86' lang='lat' dir='ltr'>misericors</span> <span class='ocrx_word' id='word_1_206' title='bbox 1263 1238 1412 1306; x_wconf 86' lang='lat' dir='ltr'>Dominus,</span> <span class='ocrx_word' id='word_1_207' title='bbox 1446 1251 1512 1294; x_wconf 90' lang='lat' dir='ltr'>cum</span> <span class='ocrx_word' id='word_1_208' title='bbox 1532 1237 1559 1293; x_wconf 89' lang='lat' dir='ltr'>ei</span> <span class='ocrx_word' id='word_1_209' title='bbox 1587 1238 1726 1309; x_wconf 88' lang='lat' dir='ltr'>gemitum</span> <span class='ocrx_word' id='word_1_210' title='bbox 1750 1239 1838 1308; x_wconf 85' lang='lat' dir='ltr'>poeni-</span> 
     </span>
     <span class='ocr_line' id='line_1_24' title="bbox 989 1325 1839 1398; baseline -0.005 -13"><span class='ocrx_word' id='word_1_211' title='bbox 989 1331 1085 1387; x_wconf 80' lang='lat' dir='ltr'>tentiae</span> <span class='ocrx_word' id='word_1_212' title='bbox 1113 1327 1245 1398; x_wconf 90' lang='lat' dir='ltr'>inspirat,</span> <span class='ocrx_word' id='word_1_213' title='bbox 1267 1334 1295 1384; x_wconf 92' lang='lat' dir='ltr'>et</span> <span class='ocrx_word' id='word_1_214' title='bbox 1314 1326 1428 1383; x_wconf 89' lang='lat' dir='ltr'>viribus</span> <span class='ocrx_word' id='word_1_215' title='bbox 1445 1326 1563 1382; x_wconf 92' lang='lat' dir='ltr'>omnino</span> <span class='ocrx_word' id='word_1_216' title='bbox 1593 1325 1764 1383; x_wconf 89' lang='lat' dir='ltr'>destitutum</span> <span class='ocrx_word' id='word_1_217' title='bbox 1787 1328 1839 1382; x_wconf 91' lang='lat' dir='ltr'>eri·</span> 
     </span>
     <span class='ocr_line' id='line_1_25' title="bbox 990 1414 1838 1490; baseline -0.005 -17"><span class='ocrx_word' id='word_1_218' title='bbox 990 1425 1038 1490; x_wconf 92' lang='lat' dir='ltr'>gal</span> <span class='ocrx_word' id='word_1_219' title='bbox 1058 1425 1208 1490; x_wconf 79' lang='lat' dir='ltr'>agrotum.</span> <span class='ocrx_word' id='word_1_220' title='bbox 1234 1417 1276 1472; x_wconf 80' lang='lat' dir='ltr'>sd</span> <span class='ocrx_word' id='word_1_221' title='bbox 1294 1430 1381 1487; x_wconf 88' lang='lat' dir='ltr'>quent</span> <span class='ocrx_word' id='word_1_222' title='bbox 1406 1429 1475 1471; x_wconf 85' lang='lat' dir='ltr'>voce</span> <span class='ocrx_word' id='word_1_223' title='bbox 1496 1428 1602 1487; x_wconf 90' lang='lat' dir='ltr'>magna</span> <span class='ocrx_word' id='word_1_224' title='bbox 1619 1414 1769 1471; x_wconf 86' lang='lat' dir='ltr'>clatnans:</span> <span class='ocrx_word' id='word_1_225' title='bbox 1786 1417 1838 1471; x_wconf 81' lang='lat' dir='ltr'>Le·</span> 
     </span>
     <span class='ocr_line' id='line_1_26' title="bbox 990 1502 1839 1576; baseline -0.004 -14"><span class='ocrx_word' id='word_1_226' title='bbox 990 1523 1063 1575; x_wconf 78' lang='lat' dir='ltr'>aure,</span> <span class='ocrx_word' id='word_1_227' title='bbox 1080 1509 1142 1562; x_wconf 75' lang='lat' dir='ltr'>venti</span> <span class='ocrx_word' id='word_1_228' title='bbox 1156 1507 1243 1574; x_wconf 74' lang='lat' dir='ltr'>(oros,</span> <span class='ocrx_word' id='word_1_229' title='bbox 1260 1505 1321 1576; x_wconf 87' lang='lat' dir='ltr'>ipso</span> <span class='ocrx_word' id='word_1_230' title='bbox 1342 1504 1467 1560; x_wconf 89' lang='lat' dir='ltr'>clamore</span> <span class='ocrx_word' id='word_1_231' title='bbox 1491 1502 1628 1572; x_wconf 90' lang='lat' dir='ltr'>insinuat,</span> <span class='ocrx_word' id='word_1_232' title='bbox 1645 1517 1734 1575; x_wconf 91' lang='lat' dir='ltr'>quam</span> <span class='ocrx_word' id='word_1_233' title='bbox 1756 1503 1839 1575; x_wconf 82' lang='lat' dir='ltr'>longe</span> 
     </span>
    </p>
   </div>
   <div class='ocr_carea' id='block_1_5' title="bbox 43 1589 1846 4243">
    <p class='ocr_par' dir='ltr' id='par_1_5' title="bbox 43 1589 1846 4243">
     <span class='ocr_line' id='line_1_27' title="bbox 89 1589 1839 1668; baseline 0.001 -21"><span class='ocrx_word' id='word_1_234' title='bbox 89 1589 115 1647; x_wconf 90' lang='lat' dir='ltr'>ei</span> <span class='ocrx_word' id='word_1_235' title='bbox 137 1589 266 1648; x_wconf 89' lang='lat' dir='ltr'>videlieet</span> <span class='ocrx_word' id='word_1_236' title='bbox 280 1592 394 1649; x_wconf 88' lang='lat' dir='ltr'>hiarlha</span> <span class='ocrx_word' id='word_1_237' title='bbox 408 1592 536 1650; x_wconf 91' lang='lat' dir='ltr'>diceret:</span> <span class='ocrx_word' id='word_1_238' title='bbox 558 1595 693 1663; x_wconf 75' lang='lat' dir='ltr'>Magister</span> <span class='ocrx_word' id='word_1_239' title='bbox 707 1595 794 1666; x_wconf 86' lang='lat' dir='ltr'>adest,</span> <span class='ocrx_word' id='word_1_240' title='bbox 811 1601 836 1651; x_wconf 85' lang='lat' dir='ltr'>et</span> <span class='ocrx_word' id='word_1_241' title='bbox 858 1600 937 1653; x_wconf 84' lang='lat' dir='ltr'>vocet</span> <span class='ocrx_word' id='word_1_242' title='bbox 953 1614 974 1668; x_wconf 79' lang='lat' dir='ltr'>g</span> <span class='ocrx_word' id='word_1_243' title='bbox 992 1603 1120 1653; x_wconf 90' lang='lat' dir='ltr'>remotus</span> <span class='ocrx_word' id='word_1_244' title='bbox 1134 1596 1181 1652; x_wconf 90' lang='lat' dir='ltr'>hic</span> <span class='ocrx_word' id='word_1_245' title='bbox 1200 1595 1236 1651; x_wconf 95' lang='lat' dir='ltr'>ab</span> <span class='ocrx_word' id='word_1_246' title='bbox 1252 1609 1285 1651; x_wconf 94' lang='lat' dir='ltr'>eo</span> <span class='ocrx_word' id='word_1_247' title='bbox 1301 1594 1430 1651; x_wconf 85' lang='lat' dir='ltr'>absistat.</span> <span class='ocrx_word' id='word_1_248' title='bbox 1458 1595 1525 1650; x_wconf 77' lang='lat' dir='ltr'>l&#39;coi</span> <span class='ocrx_word' id='word_1_249' title='bbox 1536 1594 1624 1660; x_wconf 84' lang='lat' dir='ltr'>soros,</span> <span class='ocrx_word' id='word_1_250' title='bbox 1648 1592 1768 1664; x_wconf 87' lang='lat' dir='ltr'>inquit;</span> <span class='ocrx_word' id='word_1_251' title='bbox 1787 1593 1839 1649; x_wconf 94' lang='lat' dir='ltr'>hoc</span> 
     </span>
     <span class='ocr_line' id='line_1_28' title="bbox 90 1677 1839 1756; baseline 0.003 -22"><span class='ocrx_word' id='word_1_252' title='bbox 90 1684 115 1735; x_wconf 88' lang='lat' dir='ltr'>te</span> <span class='ocrx_word' id='word_1_253' title='bbox 138 1677 233 1751; x_wconf 75' lang='lat' dir='ltr'>(doen.</span> <span class='ocrx_word' id='word_1_254' title='bbox 257 1695 297 1749; x_wconf 89' lang='grc' dir='ltr'>ιιι,</span> <span class='ocrx_word' id='word_1_255' title='bbox 324 1681 382 1751; x_wconf 78' lang='lat'><strong>28).</strong></span> <span class='ocrx_word' id='word_1_256' title='bbox 405 1680 624 1754; x_wconf 84' lang='lat' dir='ltr'>Nonnunquam</span> <span class='ocrx_word' id='word_1_257' title='bbox 644 1683 698 1739; x_wconf 91' lang='lat' dir='ltr'>viri</span> <span class='ocrx_word' id='word_1_258' title='bbox 722 1686 937 1756; x_wconf 86' lang='lat' dir='ltr'>contemplativi</span> <span class='ocrx_word' id='word_1_259' title='bbox 991 1693 1045 1754; x_wconf 88' lang='grc' dir='ltr'>εει,</span> <span class='ocrx_word' id='word_1_260' title='bbox 1060 1699 1110 1755; x_wconf 90' lang='lat' dir='ltr'>per</span> <span class='ocrx_word' id='word_1_261' title='bbox 1126 1685 1304 1754; x_wconf 88' lang='lat' dir='ltr'>temetipsum</span> <span class='ocrx_word' id='word_1_262' title='bbox 1319 1683 1444 1754; x_wconf 89' lang='lat' dir='ltr'>culpam,</span> <span class='ocrx_word' id='word_1_263' title='bbox 1462 1697 1528 1753; x_wconf 84' lang='lat' dir='ltr'>quae</span> <span class='ocrx_word' id='word_1_264' title='bbox 1542 1689 1585 1738; x_wconf 92' lang='grc' dir='ltr'>εει</span> <span class='ocrx_word' id='word_1_265' title='bbox 1604 1683 1633 1737; x_wconf 92' lang='lat' dir='ltr'>in</span> <span class='ocrx_word' id='word_1_266' title='bbox 1653 1691 1757 1750; x_wconf 90' lang='lat' dir='ltr'>mente,</span> <span class='ocrx_word' id='word_1_267' title='bbox 1774 1696 1839 1752; x_wconf 92' lang='lat' dir='ltr'>pro·</span> 
     </span>
     <span class='ocr_line' id='line_1_29' title="bbox 43 1768 1840 1846; baseline 0.002 -21"><span class='ocrx_word' id='word_1_268' title='bbox 43 1839 48 1846; x_wconf 26' lang='grc' dir='ltr'>Ι</span> <span class='ocrx_word' id='word_1_269' title='bbox 90 1768 124 1825; x_wconf 89' lang='lat' dir='ltr'>de</span> <span class='ocrx_word' id='word_1_270' title='bbox 138 1775 246 1825; x_wconf 88' lang='lat' dir='ltr'>secreto</span> <span class='ocrx_word' id='word_1_271' title='bbox 262 1769 371 1826; x_wconf 75' lang='lat' dir='ltr'>intimae</span> <span class='ocrx_word' id='word_1_272' title='bbox 396 1769 511 1841; x_wconf 90' lang='lat' dir='ltr'>quletis,</span> <span class='ocrx_word' id='word_1_273' title='bbox 527 1772 584 1828; x_wconf 87' lang='lat' dir='ltr'>Dee</span> <span class='ocrx_word' id='word_1_274' title='bbox 607 1769 774 1843; x_wconf 86' lang='lat' dir='ltr'>inspirante,</span> <span class='ocrx_word' id='word_1_275' title='bbox 791 1783 938 1846; x_wconf 89' lang='lat' dir='ltr'>coguntur</span> <span class='ocrx_word' id='word_1_276' title='bbox 993 1775 1060 1845; x_wconf 88' lang='lat' dir='ltr'>pala</span> <span class='ocrx_word' id='word_1_277' title='bbox 1074 1773 1258 1841; x_wconf 89' lang='lat' dir='ltr'>confessione,</span> <span class='ocrx_word' id='word_1_278' title='bbox 1279 1780 1306 1828; x_wconf 91' lang='grc' dir='ltr'>ει</span> <span class='ocrx_word' id='word_1_279' title='bbox 1327 1771 1449 1842; x_wconf 88' lang='lat' dir='ltr'>spiritali</span> <span class='ocrx_word' id='word_1_280' title='bbox 1464 1771 1573 1827; x_wconf 86' lang='lat' dir='ltr'>medico</span> <span class='ocrx_word' id='word_1_281' title='bbox 1588 1771 1697 1828; x_wconf 88' lang='lat' dir='ltr'>vulnus</span> <span class='ocrx_word' id='word_1_282' title='bbox 1712 1771 1840 1836; x_wconf 83' lang='lat' dir='ltr'>ostende,</span> 
     </span>
     <span class='ocr_line' id='line_1_30' title="bbox 89 1857 1841 1935; baseline -0.001 -19"><span class='ocrx_word' id='word_1_283' title='bbox 89 1857 223 1925; x_wconf 70' lang='lat' dir='ltr'>exireat</span> <span class='ocrx_word' id='word_1_284' title='bbox 246 1859 351 1930; x_wconf 93' lang='lat' dir='ltr'>populo</span> <span class='ocrx_word' id='word_1_285' title='bbox 375 1858 424 1918; x_wconf 91' lang='lat' dir='ltr'>illo</span> <span class='ocrx_word' id='word_1_286' title='bbox 452 1861 624 1930; x_wconf 82' lang='lat' dir='ltr'>postulante,</span> <span class='ocrx_word' id='word_1_287' title='bbox 650 1862 728 1919; x_wconf 90' lang='lat' dir='ltr'>curis</span> <span class='ocrx_word' id='word_1_288' title='bbox 748 1863 938 1933; x_wconf 91' lang='lat' dir='ltr'>implicantur</span> <span class='ocrx_word' id='word_1_289' title='bbox 993 1877 1092 1935; x_wconf 93' lang='lat' dir='ltr'>aque</span> <span class='ocrx_word' id='word_1_290' title='bbox 1115 1861 1255 1932; x_wconf 88' lang='lat' dir='ltr'>suscipias</span> <span class='ocrx_word' id='word_1_291' title='bbox 1278 1861 1455 1932; x_wconf 86' lang='lat' dir='ltr'>cataplasma</span> <span class='ocrx_word' id='word_1_292' title='bbox 1478 1858 1637 1915; x_wconf 78' lang='lat' dir='ltr'>medicinae.</span> <span class='ocrx_word' id='word_1_293' title='bbox 1668 1860 1756 1917; x_wconf 88' lang='lat' dir='ltr'>Vocat</span> <span class='ocrx_word' id='word_1_294' title='bbox 1789 1861 1841 1915; x_wconf 82' lang='lat' dir='ltr'>llo</span> 
     </span>
     <span class='ocr_line' id='line_1_31' title="bbox 89 1946 1841 2020; baseline 0.001 -17"><span class='ocrx_word' id='word_1_295' title='bbox 89 1946 296 2010; x_wconf 88' lang='lat' dir='ltr'>ecclesiasticis,</span> <span class='ocrx_word' id='word_1_296' title='bbox 326 1947 401 2003; x_wconf 92' lang='lat' dir='ltr'>sicut</span> <span class='ocrx_word' id='word_1_297' title='bbox 428 1947 458 2003; x_wconf 92' lang='lat' dir='ltr'>in</span> <span class='ocrx_word' id='word_1_298' title='bbox 488 1949 570 2005; x_wconf 91' lang='lat' dir='ltr'>beato</span> <span class='ocrx_word' id='word_1_299' title='bbox 594 1948 701 2007; x_wconf 89' lang='lat' dir='ltr'>factum</span> <span class='ocrx_word' id='word_1_300' title='bbox 728 1959 770 2007; x_wconf 91' lang='lat' dir='ltr'>est</span> <span class='ocrx_word' id='word_1_301' title='bbox 802 1953 935 2009; x_wconf 84' lang='lat' dir='ltr'>llartino.</span> <span class='ocrx_word' id='word_1_302' title='bbox 993 1953 1090 2008; x_wconf 91' lang='lat' dir='ltr'>minus</span> <span class='ocrx_word' id='word_1_303' title='bbox 1114 1952 1264 2018; x_wconf 82' lang='lat' dir='ltr'>hararum,</span> <span class='ocrx_word' id='word_1_304' title='bbox 1294 1964 1361 2006; x_wconf 92' lang='lat' dir='ltr'>oum</span> <span class='ocrx_word' id='word_1_305' title='bbox 1388 1949 1528 2020; x_wconf 88' lang='lat' dir='ltr'>peccatori</span> <span class='ocrx_word' id='word_1_306' title='bbox 1548 1948 1675 2005; x_wconf 86' lang='lat' dir='ltr'>salubris</span> <span class='ocrx_word' id='word_1_307' title='bbox 1704 1948 1841 2018; x_wconf 77' lang='lat' dir='ltr'>poeniten·</span> 
     </span>
     <span class='ocr_line' id='line_1_32' title="bbox 88 2034 1842 2112; baseline -0.001 -19"><span class='ocrx_word' id='word_1_308' title='bbox 88 2034 201 2103; x_wconf 86' lang='lat' dir='ltr'>Qnanto</span> <span class='ocrx_word' id='word_1_309' title='bbox 222 2043 320 2093; x_wconf 88' lang='lat' dir='ltr'>autem</span> <span class='ocrx_word' id='word_1_310' title='bbox 338 2035 632 2107; x_wconf 85' lang='lat' dir='ltr'>contemplativorum</span> <span class='ocrx_word' id='word_1_311' title='bbox 656 2040 748 2110; x_wconf 86' lang='lat' dir='ltr'>major</span> <span class='ocrx_word' id='word_1_312' title='bbox 766 2041 867 2112; x_wconf 85' lang='lat' dir='ltr'>religio</span> <span class='ocrx_word' id='word_1_313' title='bbox 882 2041 937 2098; x_wconf 90' lang='lat' dir='ltr'>fer·</span> <span class='ocrx_word' id='word_1_314' title='bbox 993 2040 1039 2096; x_wconf 84' lang='lat' dir='ltr'>tiae</span> <span class='ocrx_word' id='word_1_315' title='bbox 1064 2039 1184 2110; x_wconf 90' lang='lat' dir='ltr'>inspirat</span> <span class='ocrx_word' id='word_1_316' title='bbox 1206 2039 1353 2110; x_wconf 88' lang='lat' dir='ltr'>gemitum.</span> <span class='ocrx_word' id='word_1_317' title='bbox 1369 2039 1402 2093; x_wconf 94' lang='lat' dir='ltr'>ln</span> <span class='ocrx_word' id='word_1_318' title='bbox 1425 2051 1484 2107; x_wconf 93' lang='lat' dir='ltr'>que</span> <span class='ocrx_word' id='word_1_319' title='bbox 1510 2037 1626 2106; x_wconf 87' lang='lat' dir='ltr'>quidem</span> <span class='ocrx_word' id='word_1_320' title='bbox 1642 2037 1751 2108; x_wconf 89' lang='lat' dir='ltr'>gemitu</span> <span class='ocrx_word' id='word_1_321' title='bbox 1769 2051 1842 2093; x_wconf 88' lang='lat' dir='ltr'>mov·</span> 
     </span>
     <span class='ocr_line' id='line_1_33' title="bbox 91 2124 1842 2198; baseline 0.002 -18"><span class='ocrx_word' id='word_1_322' title='bbox 91 2124 213 2181; x_wconf 88' lang='lat' dir='ltr'>ventiori</span> <span class='ocrx_word' id='word_1_323' title='bbox 233 2125 329 2182; x_wconf 89' lang='lat' dir='ltr'>studio</span> <span class='ocrx_word' id='word_1_324' title='bbox 350 2125 479 2182; x_wconf 80' lang='lat' dir='ltr'>adhaeret</span> <span class='ocrx_word' id='word_1_325' title='bbox 502 2127 568 2195; x_wconf 88' lang='lat' dir='ltr'>beo,</span> <span class='ocrx_word' id='word_1_326' title='bbox 594 2133 674 2183; x_wconf 92' lang='lat' dir='ltr'>tanto</span> <span class='ocrx_word' id='word_1_327' title='bbox 697 2129 794 2185; x_wconf 83' lang='lat' dir='ltr'>hieriae</span> <span class='ocrx_word' id='word_1_328' title='bbox 817 2130 940 2187; x_wconf 90' lang='lat' dir='ltr'>devotio·</span> <span class='ocrx_word' id='word_1_329' title='bbox 994 2137 1062 2187; x_wconf 92' lang='lat' dir='ltr'>tuus</span> <span class='ocrx_word' id='word_1_330' title='bbox 1078 2128 1232 2196; x_wconf 88' lang='lat' dir='ltr'>reviviscit,</span> <span class='ocrx_word' id='word_1_331' title='bbox 1254 2127 1324 2198; x_wconf 88' lang='lat' dir='ltr'>quia</span> <span class='ocrx_word' id='word_1_332' title='bbox 1347 2141 1427 2182; x_wconf 91' lang='lat' dir='ltr'>mors</span> <span class='ocrx_word' id='word_1_333' title='bbox 1444 2126 1560 2194; x_wconf 84' lang='lat' dir='ltr'>animae,</span> <span class='ocrx_word' id='word_1_334' title='bbox 1579 2126 1658 2198; x_wconf 91' lang='lat' dir='ltr'>quod</span> <span class='ocrx_word' id='word_1_335' title='bbox 1682 2133 1724 2182; x_wconf 93' lang='lat' dir='ltr'>est</span> <span class='ocrx_word' id='word_1_336' title='bbox 1739 2140 1842 2197; x_wconf 88' lang='lat' dir='ltr'>pecca·</span> 
     </span>
     <span class='ocr_line' id='line_1_34' title="bbox 91 2212 1842 2291; baseline 0.002 -24"><span class='ocrx_word' id='word_1_337' title='bbox 91 2225 156 2269; x_wconf 91' lang='lat' dir='ltr'>nem</span> <span class='ocrx_word' id='word_1_338' title='bbox 178 2212 364 2284; x_wconf 83' lang='lat' dir='ltr'>Evangelista</span> <span class='ocrx_word' id='word_1_339' title='bbox 388 2214 481 2285; x_wconf 85' lang='lat' dir='ltr'>magis</span> <span class='ocrx_word' id='word_1_340' title='bbox 503 2217 708 2273; x_wconf 88' lang='lat' dir='ltr'>commendans</span> <span class='ocrx_word' id='word_1_341' title='bbox 740 2217 781 2273; x_wconf 90' lang='lat' dir='ltr'>ait</span> <span class='ocrx_word' id='word_1_342' title='bbox 807 2231 814 2271; x_wconf 90' lang='lat'>:</span> <span class='ocrx_word' id='word_1_343' title='bbox 846 2220 939 2274; x_wconf 82' lang='lat' dir='ltr'>biurio</span> <span class='ocrx_word' id='word_1_344' title='bbox 995 2229 1067 2291; x_wconf 84' lang='lat' dir='ltr'>tum,</span> <span class='ocrx_word' id='word_1_345' title='bbox 1089 2233 1139 2291; x_wconf 92' lang='lat' dir='ltr'>per</span> <span class='ocrx_word' id='word_1_346' title='bbox 1162 2233 1228 2274; x_wconf 88' lang='lat' dir='ltr'>eum</span> <span class='ocrx_word' id='word_1_347' title='bbox 1252 2216 1388 2273; x_wconf 83' lang='lat' dir='ltr'>abscedit.</span> <span class='ocrx_word' id='word_1_348' title='bbox 1412 2215 1522 2286; x_wconf 84' lang='lat' dir='ltr'>Quippe</span> <span class='ocrx_word' id='word_1_349' title='bbox 1538 2229 1597 2286; x_wconf 93' lang='lat' dir='ltr'>qua</span> <span class='ocrx_word' id='word_1_350' title='bbox 1617 2216 1688 2271; x_wconf 90' lang='lat' dir='ltr'>hora</span> <span class='ocrx_word' id='word_1_351' title='bbox 1707 2224 1842 2287; x_wconf 88' lang='lat' dir='ltr'>peccator</span> 
     </span>
     <span class='ocr_line' id='line_1_35' title="bbox 91 2303 1841 2380; baseline 0.003 -26"><span class='ocrx_word' id='word_1_352' title='bbox 91 2304 269 2369; x_wconf 67' lang='lat' dir='ltr'>autemeam</span> <span class='ocrx_word' id='word_1_353' title='bbox 287 2303 401 2357; x_wconf 77' lang='lat' dir='ltr'>vertisset</span> <span class='ocrx_word' id='word_1_354' title='bbox 421 2303 467 2356; x_wconf 84' lang='lat' dir='ltr'>nbi</span> <span class='ocrx_word' id='word_1_355' title='bbox 488 2308 547 2356; x_wconf 88' lang='lat' dir='ltr'>eret</span> <span class='ocrx_word' id='word_1_356' title='bbox 570 2304 665 2370; x_wconf 71' lang='lat' dir='ltr'>lestis,</span> <span class='ocrx_word' id='word_1_357' title='bbox 685 2305 779 2359; x_wconf 83' lang='lat' dir='ltr'>videns</span> <span class='ocrx_word' id='word_1_358' title='bbox 805 2321 875 2373; x_wconf 86' lang='lat' dir='ltr'>eum,</span> <span class='ocrx_word' id='word_1_359' title='bbox 895 2322 937 2361; x_wconf 88' lang='lat' dir='ltr'>cc·</span> <span class='ocrx_word' id='word_1_360' title='bbox 994 2308 1168 2380; x_wconf 85' lang='lat' dir='ltr'>ingemuerit</span> <span class='ocrx_word' id='word_1_361' title='bbox 1194 2315 1342 2377; x_wconf 88' lang='lat' dir='ltr'>peccalum</span> <span class='ocrx_word' id='word_1_362' title='bbox 1375 2320 1473 2371; x_wconf 85' lang='lat' dir='ltr'>suum,</span> <span class='ocrx_word' id='word_1_363' title='bbox 1497 2305 1596 2361; x_wconf 87' lang='lat' dir='ltr'>salvus</span> <span class='ocrx_word' id='word_1_364' title='bbox 1625 2306 1688 2361; x_wconf 90' lang='lat' dir='ltr'>erit.</span> <span class='ocrx_word' id='word_1_365' title='bbox 1713 2305 1841 2374; x_wconf 76' lang='lat' dir='ltr'>Ecquis</span> 
     </span>
     <span class='ocr_line' id='line_1_36' title="bbox 92 2388 1842 2468; baseline 0.003 -25"><span class='ocrx_word' id='word_1_366' title='bbox 92 2388 159 2443; x_wconf 84' lang='lat' dir='ltr'>cidit</span> <span class='ocrx_word' id='word_1_367' title='bbox 173 2389 211 2443; x_wconf 88' lang='lat' dir='ltr'>cd</span> <span class='ocrx_word' id='word_1_368' title='bbox 226 2389 309 2458; x_wconf 86' lang='lat' dir='ltr'>pedes</span> <span class='ocrx_word' id='word_1_369' title='bbox 334 2390 402 2459; x_wconf 82' lang='lat' dir='ltr'>ejas.</span> <span class='ocrx_word' id='word_1_370' title='bbox 428 2393 464 2447; x_wconf 82' lang='lat' dir='ltr'>st</span> <span class='ocrx_word' id='word_1_371' title='bbox 479 2391 554 2445; x_wconf 84' lang='lat' dir='ltr'>dicit</span> <span class='ocrx_word' id='word_1_372' title='bbox 572 2394 596 2445; x_wconf 86' lang='lat' dir='ltr'>ei</span> <span class='ocrx_word' id='word_1_373' title='bbox 623 2395 767 2459; x_wconf 70' lang='lat' dir='ltr'>:bomine</span> <span class='ocrx_word' id='word_1_374' title='bbox 792 2396 817 2448; x_wconf 85' lang='lat' dir='ltr'>si</span> <span class='ocrx_word' id='word_1_375' title='bbox 837 2397 939 2460; x_wconf 78' lang='lat' dir='ltr'>fuisses</span> <span class='ocrx_word' id='word_1_376' title='bbox 997 2406 1058 2468; x_wconf 91' lang='lat' dir='ltr'>post</span> <span class='ocrx_word' id='word_1_377' title='bbox 1082 2396 1280 2466; x_wconf 77' lang='lat' dir='ltr'>portionalem</span> <span class='ocrx_word' id='word_1_378' title='bbox 1301 2393 1439 2451; x_wconf 92' lang='lat' dir='ltr'>confessio</span> <span class='ocrx_word' id='word_1_379' title='bbox 1468 2400 1556 2449; x_wconf 87' lang='lat' dir='ltr'>restat</span> <span class='ocrx_word' id='word_1_380' title='bbox 1580 2393 1699 2462; x_wconf 89' lang='lat' dir='ltr'>peccati,</span> <span class='ocrx_word' id='word_1_381' title='bbox 1721 2399 1842 2448; x_wconf 89' lang='lat' dir='ltr'>vocatus</span> 
     </span>
     <span class='ocr_line' id='line_1_37' title="bbox 92 2476 1841 2552; baseline 0.003 -21"><span class='ocrx_word' id='word_1_382' title='bbox 92 2476 145 2546; x_wconf 85' lang='lat' dir='ltr'>liic,</span> <span class='ocrx_word' id='word_1_383' title='bbox 161 2492 216 2532; x_wconf 84' lang='lat' dir='ltr'>aea</span> <span class='ocrx_word' id='word_1_384' title='bbox 241 2484 309 2534; x_wconf 83' lang='lat' dir='ltr'>esset</span> <span class='ocrx_word' id='word_1_385' title='bbox 330 2483 454 2534; x_wconf 83' lang='lat' dir='ltr'>mertens</span> <span class='ocrx_word' id='word_1_386' title='bbox 475 2482 566 2548; x_wconf 81' lang='lat' dir='ltr'>scater</span> <span class='ocrx_word' id='word_1_387' title='bbox 591 2496 673 2536; x_wconf 85' lang='lat' dir='ltr'>meus.</span> <span class='ocrx_word' id='word_1_388' title='bbox 704 2483 939 2552; x_wconf 66' lang='lat' dir='ltr'>immergenti</span> <span class='ocrx_word' id='word_1_389' title='bbox 995 2487 1120 2543; x_wconf 86' lang='lat' dir='ltr'>Lazarus</span> <span class='ocrx_word' id='word_1_390' title='bbox 1139 2482 1217 2541; x_wconf 89' lang='lat' dir='ltr'>ieras</span> <span class='ocrx_word' id='word_1_391' title='bbox 1234 2484 1303 2550; x_wconf 79' lang='lat' dir='ltr'>cuit,</span> <span class='ocrx_word' id='word_1_392' title='bbox 1324 2483 1393 2539; x_wconf 90' lang='lat' dir='ltr'>dum</span> <span class='ocrx_word' id='word_1_393' title='bbox 1418 2496 1447 2539; x_wconf 88' lang='lat' dir='ltr'>se</span> <span class='ocrx_word' id='word_1_394' title='bbox 1467 2481 1607 2552; x_wconf 82' lang='lat' dir='ltr'>penitens</span> <span class='ocrx_word' id='word_1_395' title='bbox 1622 2495 1670 2550; x_wconf 88' lang='lat' dir='ltr'>per</span> <span class='ocrx_word' id='word_1_396' title='bbox 1684 2480 1841 2537; x_wconf 91' lang='lat' dir='ltr'>confessio-</span> 
     </span>
     <span class='ocr_line' id='line_1_38' title="bbox 92 2567 1839 2644; baseline 0.002 -24"><span class='ocrx_word' id='word_1_397' title='bbox 92 2567 162 2623; x_wconf 87' lang='lat' dir='ltr'>vidit</span> <span class='ocrx_word' id='word_1_398' title='bbox 176 2582 234 2622; x_wconf 86' lang='lat' dir='ltr'>enm</span> <span class='ocrx_word' id='word_1_399' title='bbox 248 2569 414 2638; x_wconf 80' lang='lat' dir='ltr'>plorantem,</span> <span class='ocrx_word' id='word_1_400' title='bbox 433 2574 458 2623; x_wconf 90' lang='lat' dir='ltr'>et</span> <span class='ocrx_word' id='word_1_401' title='bbox 478 2569 601 2637; x_wconf 75' lang='lat' dir='ltr'>deidaos,</span> <span class='ocrx_word' id='word_1_402' title='bbox 618 2573 667 2637; x_wconf 85' lang='lat' dir='ltr'>qui</span> <span class='ocrx_word' id='word_1_403' title='bbox 681 2576 809 2626; x_wconf 82' lang='lat' dir='ltr'>uenerunt</span> <span class='ocrx_word' id='word_1_404' title='bbox 829 2588 889 2627; x_wconf 88' lang='lat' dir='ltr'>com</span> <span class='ocrx_word' id='word_1_405' title='bbox 908 2589 940 2628; x_wconf 88' lang='lat' dir='ltr'>ee</span> <span class='ocrx_word' id='word_1_406' title='bbox 995 2590 1060 2631; x_wconf 91' lang='lat' dir='ltr'>nem</span> <span class='ocrx_word' id='word_1_407' title='bbox 1082 2582 1262 2644; x_wconf 91' lang='lat' dir='ltr'>peccalorum</span> <span class='ocrx_word' id='word_1_408' title='bbox 1295 2572 1396 2642; x_wconf 91' lang='lat' dir='ltr'>prodit,</span> <span class='ocrx_word' id='word_1_409' title='bbox 1423 2579 1450 2626; x_wconf 92' lang='lat' dir='ltr'>et</span> <span class='ocrx_word' id='word_1_410' title='bbox 1476 2570 1510 2626; x_wconf 90' lang='lat' dir='ltr'>de</span> <span class='ocrx_word' id='word_1_411' title='bbox 1535 2568 1677 2640; x_wconf 91' lang='lat' dir='ltr'>profunde</span> <span class='ocrx_word' id='word_1_412' title='bbox 1701 2569 1839 2627; x_wconf 90' lang='lat' dir='ltr'>vitiorum</span> 
     </span>
     <span class='ocr_line' id='line_1_39' title="bbox 91 2655 1450 2734; baseline 0.002 -25"><span class='ocrx_word' id='word_1_413' title='bbox 91 2655 241 2726; x_wconf 84' lang='lat' dir='ltr'>plorantes,</span> <span class='ocrx_word' id='word_1_414' title='bbox 273 2665 326 2712; x_wconf 90' lang='lat' dir='ltr'>etc.</span> <span class='ocrx_word' id='word_1_415' title='bbox 357 2656 451 2728; x_wconf 74' lang='lat' dir='ltr'>(leiti,</span> <span class='ocrx_word' id='word_1_416' title='bbox 482 2660 526 2727; x_wconf 82' lang='lat'>32,</span> <span class='ocrx_word' id='word_1_417' title='bbox 555 2658 612 2729; x_wconf 80' lang='lat'><strong>33.)</strong></span> <span class='ocrx_word' id='word_1_418' title='bbox 638 2659 830 2731; x_wconf 83' lang='lat' dir='ltr'>Nequaquam</span> <span class='ocrx_word' id='word_1_419' title='bbox 862 2662 939 2718; x_wconf 91' lang='lat' dir='ltr'>euim</span> <span class='ocrx_word' id='word_1_420' title='bbox 994 2673 1135 2734; x_wconf 87' lang='lat' dir='ltr'>tauquam</span> <span class='ocrx_word' id='word_1_421' title='bbox 1150 2662 1185 2718; x_wconf 89' lang='lat' dir='ltr'>de</span> <span class='ocrx_word' id='word_1_422' title='bbox 1199 2661 1332 2732; x_wconf 88' lang='lat' dir='ltr'>sepulcro</span> <span class='ocrx_word' id='word_1_423' title='bbox 1346 2659 1450 2731; x_wconf 82' lang='lat' dir='ltr'>surgit.</span> 
     </span>
     <span class='ocr_line' id='line_1_40' title="bbox 92 2744 1843 2822; baseline 0.002 -21"><span class='ocrx_word' id='word_1_424' title='bbox 92 2744 215 2812; x_wconf 79' lang='lat' dir='ltr'>Martha,</span> <span class='ocrx_word' id='word_1_425' title='bbox 237 2759 303 2815; x_wconf 80' lang='lat' dir='ltr'>qum</span> <span class='ocrx_word' id='word_1_426' title='bbox 331 2746 450 2802; x_wconf 86' lang='lat' dir='ltr'>Domino</span> <span class='ocrx_word' id='word_1_427' title='bbox 473 2747 552 2817; x_wconf 93' lang='lat' dir='ltr'>prior</span> <span class='ocrx_word' id='word_1_428' title='bbox 570 2755 747 2817; x_wconf 85' lang='lat' dir='ltr'>occurrerat,</span> <span class='ocrx_word' id='word_1_429' title='bbox 767 2749 812 2806; x_wconf 91' lang='lat' dir='ltr'>vel</span> <span class='ocrx_word' id='word_1_430' title='bbox 832 2750 866 2806; x_wconf 91' lang='lat' dir='ltr'>ad</span> <span class='ocrx_word' id='word_1_431' title='bbox 892 2765 939 2821; x_wconf 91' lang='lat' dir='ltr'>pe·</span> <span class='ocrx_word' id='word_1_432' title='bbox 1031 2754 1083 2809; x_wconf 88' lang='lat' dir='ltr'>Sed</span> <span class='ocrx_word' id='word_1_433' title='bbox 1100 2752 1169 2822; x_wconf 84' lang='lat' dir='ltr'>quia</span> <span class='ocrx_word' id='word_1_434' title='bbox 1185 2750 1231 2807; x_wconf 92' lang='lat' dir='ltr'>hic</span> <span class='ocrx_word' id='word_1_435' title='bbox 1246 2751 1312 2806; x_wconf 89' lang='lat' dir='ltr'>talis</span> <span class='ocrx_word' id='word_1_436' title='bbox 1325 2747 1572 2806; x_wconf 82' lang='lat' dir='ltr'>excommunicari</span> <span class='ocrx_word' id='word_1_437' title='bbox 1587 2754 1741 2816; x_wconf 92' lang='lat' dir='ltr'>meruerat,</span> <span class='ocrx_word' id='word_1_438' title='bbox 1757 2754 1787 2804; x_wconf 92' lang='lat' dir='ltr'>et</span> <span class='ocrx_word' id='word_1_439' title='bbox 1805 2747 1843 2804; x_wconf 89' lang='lat' dir='ltr'>ab</span> 
     </span>
     <span class='ocr_line' id='line_1_41' title="bbox 91 2833 1843 2911; baseline 0.002 -22"><span class='ocrx_word' id='word_1_440' title='bbox 91 2833 140 2890; x_wconf 94' lang='lat' dir='ltr'>des</span> <span class='ocrx_word' id='word_1_441' title='bbox 154 2833 217 2904; x_wconf 88' lang='lat' dir='ltr'>ejns</span> <span class='ocrx_word' id='word_1_442' title='bbox 236 2834 383 2890; x_wconf 91' lang='lat' dir='ltr'>adorando</span> <span class='ocrx_word' id='word_1_443' title='bbox 408 2844 562 2905; x_wconf 90' lang='lat' dir='ltr'>prostrata,</span> <span class='ocrx_word' id='word_1_444' title='bbox 586 2836 632 2907; x_wconf 90' lang='lat' dir='ltr'>vel</span> <span class='ocrx_word' id='word_1_445' title='bbox 655 2850 741 2907; x_wconf 90' lang='lat' dir='ltr'>super</span> <span class='ocrx_word' id='word_1_446' title='bbox 766 2837 855 2895; x_wconf 90' lang='lat' dir='ltr'>fratre</span> <span class='ocrx_word' id='word_1_447' title='bbox 873 2839 941 2895; x_wconf 92' lang='lat' dir='ltr'>dici·</span> <span class='ocrx_word' id='word_1_448' title='bbox 996 2842 1133 2906; x_wconf 79' lang='lat' dir='ltr'>Ecclesia,</span> <span class='ocrx_word' id='word_1_449' title='bbox 1149 2839 1275 2911; x_wconf 82' lang='lat' dir='ltr'>expulsis</span> <span class='ocrx_word' id='word_1_450' title='bbox 1289 2838 1414 2895; x_wconf 89' lang='lat' dir='ltr'>vinculis</span> <span class='ocrx_word' id='word_1_451' title='bbox 1437 2837 1639 2904; x_wconf 86' lang='lat' dir='ltr'>anathematis,</span> <span class='ocrx_word' id='word_1_452' title='bbox 1659 2837 1757 2892; x_wconf 90' lang='lat' dir='ltr'>adhuc</span> <span class='ocrx_word' id='word_1_453' title='bbox 1776 2837 1843 2893; x_wconf 91' lang='lat' dir='ltr'>rell-</span> 
     </span>
     <span class='ocr_line' id='line_1_42' title="bbox 92 2897 1844 3002; baseline 0.002 -25"><span class='ocrx_word' id='word_1_454' title='bbox 92 2927 140 2978; x_wconf 95' lang='lat' dir='ltr'>tur</span> <span class='ocrx_word' id='word_1_455' title='bbox 165 2921 336 2993; x_wconf 89' lang='lat' dir='ltr'>lacrymata.</span> <span class='ocrx_word' id='word_1_456' title='bbox 360 2923 441 2979; x_wconf 90' lang='lat' dir='ltr'>Prior</span> <span class='ocrx_word' id='word_1_457' title='bbox 462 2923 498 2979; x_wconf 91' lang='lat' dir='ltr'>ad</span> <span class='ocrx_word' id='word_1_458' title='bbox 528 2924 681 2982; x_wconf 87' lang='lat' dir='ltr'>bominum</span> <span class='ocrx_word' id='word_1_459' title='bbox 706 2924 818 2982; x_wconf 86' lang='lat' dir='ltr'>llartba</span> <span class='ocrx_word' id='word_1_460' title='bbox 848 2897 1081 3002; x_wconf 66' lang='lat' dir='ltr'>venichatus</span> <span class='ocrx_word' id='word_1_461' title='bbox 1111 2936 1173 2985; x_wconf 86' lang='lat' dir='ltr'>erat</span> <span class='ocrx_word' id='word_1_462' title='bbox 1210 2942 1259 2998; x_wconf 93' lang='lat' dir='ltr'>pre</span> <span class='ocrx_word' id='word_1_463' title='bbox 1288 2935 1346 2983; x_wconf 88' lang='lat' dir='ltr'>lam</span> <span class='ocrx_word' id='word_1_464' title='bbox 1375 2925 1534 2983; x_wconf 90' lang='lat' dir='ltr'>manifestis</span> <span class='ocrx_word' id='word_1_465' title='bbox 1561 2925 1733 2982; x_wconf 86' lang='lat' dir='ltr'>criminibus</span> <span class='ocrx_word' id='word_1_466' title='bbox 1771 2925 1844 2993; x_wconf 85' lang='lat' dir='ltr'>suis,</span> 
     </span>
     <span class='ocr_line' id='line_1_43' title="bbox 92 3012 1843 3090; baseline 0.002 -22"><span class='ocrx_word' id='word_1_467' title='bbox 92 3012 231 3084; x_wconf 90' lang='lat' dir='ltr'>quoniam</span> <span class='ocrx_word' id='word_1_468' title='bbox 253 3013 348 3069; x_wconf 87' lang='lat' dir='ltr'>activa</span> <span class='ocrx_word' id='word_1_469' title='bbox 369 3013 439 3082; x_wconf 90' lang='lat' dir='ltr'>vita,</span> <span class='ocrx_word' id='word_1_470' title='bbox 468 3014 532 3070; x_wconf 88' lang='lat' dir='ltr'>licet</span> <span class='ocrx_word' id='word_1_471' title='bbox 553 3015 581 3070; x_wconf 91' lang='lat' dir='ltr'>in</span> <span class='ocrx_word' id='word_1_472' title='bbox 601 3014 710 3070; x_wconf 89' lang='lat' dir='ltr'>meritis</span> <span class='ocrx_word' id='word_1_473' title='bbox 730 3015 767 3071; x_wconf 90' lang='lat' dir='ltr'>sit</span> <span class='ocrx_word' id='word_1_474' title='bbox 790 3018 937 3086; x_wconf 89' lang='lat' dir='ltr'>posterior,</span> <span class='ocrx_word' id='word_1_475' title='bbox 996 3018 1145 3090; x_wconf 87' lang='lat' dir='ltr'>procedere</span> <span class='ocrx_word' id='word_1_476' title='bbox 1164 3017 1270 3073; x_wconf 90' lang='lat' dir='ltr'>dieitur</span> <span class='ocrx_word' id='word_1_477' title='bbox 1285 3016 1390 3086; x_wconf 85' lang='lat' dir='ltr'>ligatus</span> <span class='ocrx_word' id='word_1_478' title='bbox 1410 3015 1495 3085; x_wconf 88' lang='lat' dir='ltr'>pedes</span> <span class='ocrx_word' id='word_1_479' title='bbox 1507 3023 1534 3070; x_wconf 92' lang='lat' dir='ltr'>et</span> <span class='ocrx_word' id='word_1_480' title='bbox 1549 3028 1663 3082; x_wconf 88' lang='lat' dir='ltr'>manus,</span> <span class='ocrx_word' id='word_1_481' title='bbox 1679 3021 1707 3070; x_wconf 88' lang='lat' dir='ltr'>et</span> <span class='ocrx_word' id='word_1_482' title='bbox 1723 3015 1843 3071; x_wconf 88' lang='lat' dir='ltr'>sudario</span> 
     </span>
     <span class='ocr_line' id='line_1_44' title="bbox 92 3102 1842 3175; baseline 0.001 -18"><span class='ocrx_word' id='word_1_483' title='bbox 92 3102 263 3159; x_wconf 90' lang='lat' dir='ltr'>naturaliter</span> <span class='ocrx_word' id='word_1_484' title='bbox 287 3107 382 3158; x_wconf 75' lang='lat' dir='ltr'>tantm</span> <span class='ocrx_word' id='word_1_485' title='bbox 406 3102 552 3158; x_wconf 85' lang='lat' dir='ltr'>inordina</span> <span class='ocrx_word' id='word_1_486' title='bbox 577 3103 713 3172; x_wconf 90' lang='lat' dir='ltr'>temporis</span> <span class='ocrx_word' id='word_1_487' title='bbox 730 3111 773 3160; x_wconf 92' lang='grc' dir='ltr'>εει</span> <span class='ocrx_word' id='word_1_488' title='bbox 793 3105 880 3175; x_wconf 92' lang='lat' dir='ltr'>prior.</span> <span class='ocrx_word' id='word_1_489' title='bbox 905 3106 941 3164; x_wconf 87' lang='grc' dir='ltr'>ιιι</span> <span class='ocrx_word' id='word_1_490' title='bbox 995 3107 1094 3163; x_wconf 90' lang='lat' dir='ltr'>faciem</span> <span class='ocrx_word' id='word_1_491' title='bbox 1118 3104 1276 3161; x_wconf 87' lang='lat' dir='ltr'>involutus.</span> <span class='ocrx_word' id='word_1_492' title='bbox 1291 3103 1429 3171; x_wconf 83' lang='lat' dir='ltr'>Quislibet</span> <span class='ocrx_word' id='word_1_493' title='bbox 1445 3102 1714 3159; x_wconf 83' lang='lat' dir='ltr'>excommunicatus</span> <span class='ocrx_word' id='word_1_494' title='bbox 1732 3115 1749 3156; x_wconf 89' lang='lat' dir='ltr'>a</span> <span class='ocrx_word' id='word_1_495' title='bbox 1765 3116 1842 3172; x_wconf 85' lang='lat' dir='ltr'>prae-</span> 
     </span>
     <span class='ocr_line' id='line_1_45' title="bbox 89 3189 1843 3266; baseline -0.001 -18"><span class='ocrx_word' id='word_1_496' title='bbox 89 3189 167 3248; x_wconf 88' lang='lat' dir='ltr'>enim</span> <span class='ocrx_word' id='word_1_497' title='bbox 180 3191 282 3248; x_wconf 91' lang='lat' dir='ltr'>beatus</span> <span class='ocrx_word' id='word_1_498' title='bbox 304 3191 434 3247; x_wconf 89' lang='lat' dir='ltr'>meminit</span> <span class='ocrx_word' id='word_1_499' title='bbox 456 3191 612 3264; x_wconf 83' lang='lat' dir='ltr'>Gregorius</span> <span class='ocrx_word' id='word_1_500' title='bbox 634 3205 652 3247; x_wconf 91' lang='lat' dir='ltr'>a</span> <span class='ocrx_word' id='word_1_501' title='bbox 671 3192 800 3249; x_wconf 90' lang='lat' dir='ltr'>minimis</span> <span class='ocrx_word' id='word_1_502' title='bbox 815 3195 940 3266; x_wconf 89' lang='lat' dir='ltr'>quisque</span> <span class='ocrx_word' id='word_1_503' title='bbox 994 3195 1068 3264; x_wconf 89' lang='lat' dir='ltr'>latis,</span> <span class='ocrx_word' id='word_1_504' title='bbox 1085 3195 1135 3266; x_wconf 93' lang='lat' dir='ltr'>qui</span> <span class='ocrx_word' id='word_1_505' title='bbox 1149 3195 1209 3265; x_wconf 85' lang='lat' dir='ltr'>jam</span> <span class='ocrx_word' id='word_1_506' title='bbox 1229 3206 1278 3263; x_wconf 91' lang='lat' dir='ltr'>per</span> <span class='ocrx_word' id='word_1_507' title='bbox 1299 3192 1496 3262; x_wconf 73' lang='lat' dir='ltr'>poenitentiam</span> <span class='ocrx_word' id='word_1_508' title='bbox 1516 3200 1543 3247; x_wconf 93' lang='lat' dir='ltr'>et</span> <span class='ocrx_word' id='word_1_509' title='bbox 1562 3190 1770 3247; x_wconf 88' lang='lat' dir='ltr'>contessionem</span> <span class='ocrx_word' id='word_1_510' title='bbox 1786 3191 1843 3246; x_wconf 89' lang='lat' dir='ltr'>beo</span> 
     </span>
     <span class='ocr_line' id='line_1_46' title="bbox 91 3277 1845 3353; baseline 0 -19"><span class='ocrx_word' id='word_1_511' title='bbox 91 3277 217 3347; x_wconf 90' lang='lat' dir='ltr'>inchoat,</span> <span class='ocrx_word' id='word_1_512' title='bbox 248 3287 280 3336; x_wconf 92' lang='lat' dir='ltr'>ul</span> <span class='ocrx_word' id='word_1_513' title='bbox 310 3281 348 3337; x_wconf 90' lang='lat' dir='ltr'>ad</span> <span class='ocrx_word' id='word_1_514' title='bbox 377 3280 488 3351; x_wconf 84' lang='lat' dir='ltr'>majora</span> <span class='ocrx_word' id='word_1_515' title='bbox 509 3282 665 3350; x_wconf 87' lang='lat' dir='ltr'>perveniat.</span> <span class='ocrx_word' id='word_1_516' title='bbox 692 3281 727 3337; x_wconf 89' lang='lat' dir='ltr'>Et</span> <span class='ocrx_word' id='word_1_517' title='bbox 750 3283 941 3353; x_wconf 85' lang='lat' dir='ltr'>imperfectior</span> <span class='ocrx_word' id='word_1_518' title='bbox 994 3283 1261 3348; x_wconf 87' lang='lat' dir='ltr'>sitreeenciliatus,</span> <span class='ocrx_word' id='word_1_519' title='bbox 1283 3280 1435 3338; x_wconf 90' lang='lat' dir='ltr'>tamenab</span> <span class='ocrx_word' id='word_1_520' title='bbox 1460 3280 1528 3351; x_wconf 89' lang='lat' dir='ltr'>ipsis</span> <span class='ocrx_word' id='word_1_521' title='bbox 1549 3280 1682 3338; x_wconf 79' lang='lat' dir='ltr'>Ecclesia</span> <span class='ocrx_word' id='word_1_522' title='bbox 1703 3279 1845 3335; x_wconf 83' lang='lat' dir='ltr'>ministris</span> 
     </span>
     <span class='ocr_line' id='line_1_47' title="bbox 88 3366 1845 3441; baseline 0 -18"><span class='ocrx_word' id='word_1_523' title='bbox 88 3367 250 3425; x_wconf 89' lang='lat' dir='ltr'>activorum</span> <span class='ocrx_word' id='word_1_524' title='bbox 273 3368 332 3427; x_wconf 89' lang='lat' dir='ltr'>vlla</span> <span class='ocrx_word' id='word_1_525' title='bbox 353 3369 487 3441; x_wconf 78' lang='lat' dir='ltr'>quaedam</span> <span class='ocrx_word' id='word_1_526' title='bbox 510 3376 553 3425; x_wconf 92' lang='grc' dir='ltr'>εει</span> <span class='ocrx_word' id='word_1_527' title='bbox 572 3369 701 3427; x_wconf 89' lang='lat' dir='ltr'>fidelium</span> <span class='ocrx_word' id='word_1_528' title='bbox 730 3371 885 3440; x_wconf 90' lang='lat' dir='ltr'>inchoatio,</span> <span class='ocrx_word' id='word_1_529' title='bbox 910 3371 940 3428; x_wconf 92' lang='lat' dir='ltr'>in</span> <span class='ocrx_word' id='word_1_530' title='bbox 995 3371 1186 3430; x_wconf 87' lang='lat' dir='ltr'>anathematis</span> <span class='ocrx_word' id='word_1_531' title='bbox 1211 3370 1336 3427; x_wconf 89' lang='lat' dir='ltr'>vinculis</span> <span class='ocrx_word' id='word_1_532' title='bbox 1364 3377 1406 3425; x_wconf 85' lang='lat' dir='ltr'>est</span> <span class='ocrx_word' id='word_1_533' title='bbox 1430 3367 1623 3425; x_wconf 89' lang='lat' dir='ltr'>absolvendus</span> <span class='ocrx_word' id='word_1_534' title='bbox 1647 3383 1654 3423; x_wconf 89' lang='lat'>:</span> <span class='ocrx_word' id='word_1_535' title='bbox 1676 3375 1708 3425; x_wconf 90' lang='lat' dir='ltr'>ut</span> <span class='ocrx_word' id='word_1_536' title='bbox 1733 3366 1845 3424; x_wconf 86' lang='lat' dir='ltr'>satisfa-</span> 
     </span>
     <span class='ocr_line' id='line_1_48' title="bbox 91 3456 1844 3533; baseline 0 -21"><span class='ocrx_word' id='word_1_537' title='bbox 91 3470 193 3526; x_wconf 91' lang='lat' dir='ltr'>quase</span> <span class='ocrx_word' id='word_1_538' title='bbox 209 3458 288 3528; x_wconf 88' lang='lat' dir='ltr'>prius</span> <span class='ocrx_word' id='word_1_539' title='bbox 302 3470 466 3527; x_wconf 80' lang='lat' dir='ltr'>exerceant,</span> <span class='ocrx_word' id='word_1_540' title='bbox 493 3472 582 3529; x_wconf 87' lang='lat' dir='ltr'>quatu</span> <span class='ocrx_word' id='word_1_541' title='bbox 603 3459 638 3514; x_wconf 88' lang='lat' dir='ltr'>ad</span> <span class='ocrx_word' id='word_1_542' title='bbox 655 3459 854 3528; x_wconf 90' lang='lat' dir='ltr'>perlectionem</span> <span class='ocrx_word' id='word_1_543' title='bbox 870 3475 942 3518; x_wconf 86' lang='lat' dir='ltr'>con·</span> <span class='ocrx_word' id='word_1_544' title='bbox 995 3465 1088 3520; x_wconf 92' lang='lat' dir='ltr'>ctione</span> <span class='ocrx_word' id='word_1_545' title='bbox 1112 3468 1237 3533; x_wconf 87' lang='lat' dir='ltr'>peracta,</span> <span class='ocrx_word' id='word_1_546' title='bbox 1264 3459 1443 3516; x_wconf 88' lang='lat' dir='ltr'>consortium</span> <span class='ocrx_word' id='word_1_547' title='bbox 1456 3457 1481 3514; x_wconf 90' lang='lat' dir='ltr'>ei</span> <span class='ocrx_word' id='word_1_548' title='bbox 1502 3458 1638 3514; x_wconf 91' lang='lat' dir='ltr'>reddatur</span> <span class='ocrx_word' id='word_1_549' title='bbox 1662 3457 1790 3514; x_wconf 90' lang='lat' dir='ltr'>fidelium</span> <span class='ocrx_word' id='word_1_550' title='bbox 1806 3456 1844 3513; x_wconf 91' lang='lat' dir='ltr'>ab</span> 
     </span>
     <span class='ocr_line' id='line_1_49' title="bbox 92 3543 1845 3623; baseline 0.001 -23"><span class='ocrx_word' id='word_1_551' title='bbox 92 3543 285 3615; x_wconf 86' lang='lat' dir='ltr'>templationis</span> <span class='ocrx_word' id='word_1_552' title='bbox 297 3547 500 3603; x_wconf 90' lang='lat' dir='ltr'>conscendant.</span> <span class='ocrx_word' id='word_1_553' title='bbox 995 3553 1064 3623; x_wconf 88' lang='lat' dir='ltr'>ipsis</span> <span class='ocrx_word' id='word_1_554' title='bbox 1083 3564 1133 3621; x_wconf 91' lang='lat' dir='ltr'>per</span> <span class='ocrx_word' id='word_1_555' title='bbox 1160 3563 1234 3621; x_wconf 90' lang='lat' dir='ltr'>quos</span> <span class='ocrx_word' id='word_1_556' title='bbox 1257 3548 1350 3605; x_wconf 88' lang='lat' dir='ltr'>inerat</span> <span class='ocrx_word' id='word_1_557' title='bbox 1373 3547 1518 3604; x_wconf 83' lang='lat' dir='ltr'>exclusus.</span> <span class='ocrx_word' id='word_1_558' title='bbox 1545 3546 1633 3603; x_wconf 88' lang='lat' dir='ltr'>Pedes</span> <span class='ocrx_word' id='word_1_559' title='bbox 1652 3554 1679 3602; x_wconf 90' lang='lat' dir='ltr'>et</span> <span class='ocrx_word' id='word_1_560' title='bbox 1696 3558 1802 3602; x_wconf 87' lang='lat' dir='ltr'>manus</span> <span class='ocrx_word' id='word_1_561' title='bbox 1815 3545 1845 3601; x_wconf 92' lang='lat' dir='ltr'>li·</span> 
     </span>
     <span class='ocr_line' id='line_1_50' title="bbox 128 3632 1844 3714; baseline 0.001 -25"><span class='ocrx_word' id='word_1_562' title='bbox 128 3632 208 3700; x_wconf 81' lang='lat' dir='ltr'>Quod</span> <span class='ocrx_word' id='word_1_563' title='bbox 230 3649 296 3692; x_wconf 90' lang='lat' dir='ltr'>vero</span> <span class='ocrx_word' id='word_1_564' title='bbox 317 3635 456 3693; x_wconf 80' lang='lat' dir='ltr'>[lominus</span> <span class='ocrx_word' id='word_1_565' title='bbox 479 3636 619 3692; x_wconf 87' lang='lat' dir='ltr'>Lazarum</span> <span class='ocrx_word' id='word_1_566' title='bbox 642 3636 835 3694; x_wconf 89' lang='lat' dir='ltr'>suscitaturus</span> <span class='ocrx_word' id='word_1_567' title='bbox 855 3638 941 3696; x_wconf 94' lang='lat' dir='ltr'>infre·</span> <span class='ocrx_word' id='word_1_568' title='bbox 996 3649 1077 3714; x_wconf 85' lang='lat' dir='ltr'>gatos</span> <span class='ocrx_word' id='word_1_569' title='bbox 1103 3639 1199 3704; x_wconf 89' lang='lat' dir='ltr'>hahet,</span> <span class='ocrx_word' id='word_1_570' title='bbox 1218 3637 1264 3695; x_wconf 94' lang='lat' dir='ltr'>cui</span> <span class='ocrx_word' id='word_1_571' title='bbox 1284 3637 1380 3693; x_wconf 89' lang='lat' dir='ltr'>adhoc</span> <span class='ocrx_word' id='word_1_572' title='bbox 1404 3636 1539 3692; x_wconf 89' lang='lat' dir='ltr'>introitus</span> <span class='ocrx_word' id='word_1_573' title='bbox 1563 3633 1697 3691; x_wconf 76' lang='lat' dir='ltr'>Ecclesia</span> <span class='ocrx_word' id='word_1_574' title='bbox 1722 3649 1781 3690; x_wconf 94' lang='lat' dir='ltr'>uon</span> <span class='ocrx_word' id='word_1_575' title='bbox 1802 3643 1844 3691; x_wconf 82' lang='lat' dir='ltr'>est</span> 
     </span>
     <span class='ocr_line' id='line_1_51' title="bbox 91 3723 1844 3796; baseline 0 -16"><span class='ocrx_word' id='word_1_576' title='bbox 91 3723 198 3780; x_wconf 89' lang='lat' dir='ltr'>muisse</span> <span class='ocrx_word' id='word_1_577' title='bbox 221 3725 336 3795; x_wconf 90' lang='lat' dir='ltr'>spiritu,</span> <span class='ocrx_word' id='word_1_578' title='bbox 361 3734 390 3782; x_wconf 92' lang='lat' dir='ltr'>et</span> <span class='ocrx_word' id='word_1_579' title='bbox 411 3725 538 3796; x_wconf 90' lang='lat' dir='ltr'>seipsum</span> <span class='ocrx_word' id='word_1_580' title='bbox 558 3726 689 3782; x_wconf 84' lang='lat' dir='ltr'>turbasse</span> <span class='ocrx_word' id='word_1_581' title='bbox 710 3726 826 3790; x_wconf 91' lang='lat' dir='ltr'>dicitur,</span> <span class='ocrx_word' id='word_1_582' title='bbox 844 3729 897 3786; x_wconf 93' lang='lat' dir='ltr'>hoo</span> <span class='ocrx_word' id='word_1_583' title='bbox 913 3728 943 3785; x_wconf 92' lang='lat' dir='ltr'>in</span> <span class='ocrx_word' id='word_1_584' title='bbox 996 3742 1157 3794; x_wconf 88' lang='lat' dir='ltr'>concessus,</span> <span class='ocrx_word' id='word_1_585' title='bbox 1175 3735 1206 3785; x_wconf 94' lang='lat' dir='ltr'>ut</span> <span class='ocrx_word' id='word_1_586' title='bbox 1223 3725 1425 3782; x_wconf 78' lang='lat' dir='ltr'>satisfactionis</span> <span class='ocrx_word' id='word_1_587' title='bbox 1440 3738 1527 3794; x_wconf 90' lang='lat' dir='ltr'>opera</span> <span class='ocrx_word' id='word_1_588' title='bbox 1545 3724 1603 3780; x_wconf 85' lang='lat' dir='ltr'>sint</span> <span class='ocrx_word' id='word_1_589' title='bbox 1619 3723 1760 3795; x_wconf 86' lang='lat' dir='ltr'>injuncta,</span> <span class='ocrx_word' id='word_1_590' title='bbox 1778 3738 1844 3795; x_wconf 83' lang='lat' dir='ltr'>quae</span> 
     </span>
     <span class='ocr_line' id='line_1_52' title="bbox 92 3812 1845 3889; baseline -0.001 -21"><span class='ocrx_word' id='word_1_591' title='bbox 92 3813 183 3884; x_wconf 90' lang='lat' dir='ltr'>seipse</span> <span class='ocrx_word' id='word_1_592' title='bbox 211 3813 345 3871; x_wconf 78' lang='lat' dir='ltr'>exhibuit</span> <span class='ocrx_word' id='word_1_593' title='bbox 369 3814 447 3885; x_wconf 92' lang='lat' dir='ltr'>quod</span> <span class='ocrx_word' id='word_1_594' title='bbox 471 3813 695 3871; x_wconf 86' lang='lat' dir='ltr'>misericorditer</span> <span class='ocrx_word' id='word_1_595' title='bbox 715 3815 744 3870; x_wconf 94' lang='lat' dir='ltr'>in</span> <span class='ocrx_word' id='word_1_596' title='bbox 768 3816 852 3873; x_wconf 89' lang='lat' dir='ltr'>nohis</span> <span class='ocrx_word' id='word_1_597' title='bbox 871 3817 940 3887; x_wconf 88' lang='lat' dir='ltr'>agit.</span> <span class='ocrx_word' id='word_1_598' title='bbox 997 3832 1049 3889; x_wconf 92' lang='lat' dir='ltr'>pro</span> <span class='ocrx_word' id='word_1_599' title='bbox 1069 3816 1208 3889; x_wconf 88' lang='lat' dir='ltr'>qualitate</span> <span class='ocrx_word' id='word_1_600' title='bbox 1226 3816 1272 3873; x_wconf 85' lang='lat' dir='ltr'>vel</span> <span class='ocrx_word' id='word_1_601' title='bbox 1295 3815 1457 3887; x_wconf 89' lang='lat' dir='ltr'>quantitate</span> <span class='ocrx_word' id='word_1_602' title='bbox 1480 3822 1694 3884; x_wconf 88' lang='lat' dir='ltr'>peccatoruma</span> <span class='ocrx_word' id='word_1_603' title='bbox 1717 3812 1845 3883; x_wconf 81' lang='lat' dir='ltr'>praelatis</span> 
     </span>
     <span class='ocr_line' id='line_1_53' title="bbox 93 3899 1844 3975; baseline -0.002 -17"><span class='ocrx_word' id='word_1_604' title='bbox 93 3900 155 3967; x_wconf 86' lang='lat' dir='ltr'>Quo</span> <span class='ocrx_word' id='word_1_605' title='bbox 179 3901 256 3959; x_wconf 91' lang='lat' dir='ltr'>enim</span> <span class='ocrx_word' id='word_1_606' title='bbox 288 3902 414 3974; x_wconf 90' lang='lat' dir='ltr'>quisquc</span> <span class='ocrx_word' id='word_1_607' title='bbox 449 3904 591 3973; x_wconf 87' lang='lat' dir='ltr'>poenitens</span> <span class='ocrx_word' id='word_1_608' title='bbox 618 3904 729 3975; x_wconf 87' lang='lat' dir='ltr'>majora</span> <span class='ocrx_word' id='word_1_609' title='bbox 757 3905 942 3975; x_wconf 89' lang='lat' dir='ltr'>commiserit,</span> <span class='ocrx_word' id='word_1_610' title='bbox 997 3912 1065 3962; x_wconf 91' lang='lat' dir='ltr'>sunt</span> <span class='ocrx_word' id='word_1_611' title='bbox 1092 3903 1292 3973; x_wconf 88' lang='lat' dir='ltr'>imponenda:</span> <span class='ocrx_word' id='word_1_612' title='bbox 1320 3909 1352 3958; x_wconf 92' lang='lat' dir='ltr'>nt</span> <span class='ocrx_word' id='word_1_613' title='bbox 1377 3900 1451 3959; x_wconf 88' lang='lat' dir='ltr'>sient</span> <span class='ocrx_word' id='word_1_614' title='bbox 1473 3916 1531 3957; x_wconf 92' lang='lat' dir='ltr'>non</span> <span class='ocrx_word' id='word_1_615' title='bbox 1553 3904 1595 3957; x_wconf 87' lang='lat' dir='ltr'>est</span> <span class='ocrx_word' id='word_1_616' title='bbox 1615 3899 1688 3957; x_wconf 89' lang='lat' dir='ltr'>liber</span> <span class='ocrx_word' id='word_1_617' title='bbox 1710 3900 1747 3955; x_wconf 88' lang='lat' dir='ltr'>ad</span> <span class='ocrx_word' id='word_1_618' title='bbox 1771 3901 1844 3955; x_wconf 90' lang='lat' dir='ltr'>incc-</span> 
     </span>
     <span class='ocr_line' id='line_1_54' title="bbox 92 3988 1844 4065; baseline -0.003 -17"><span class='ocrx_word' id='word_1_619' title='bbox 92 3991 185 4065; x_wconf 90' lang='lat' dir='ltr'>magis</span> <span class='ocrx_word' id='word_1_620' title='bbox 207 3991 324 4048; x_wconf 91' lang='lat' dir='ltr'>horrore</span> <span class='ocrx_word' id='word_1_621' title='bbox 347 3993 488 4064; x_wconf 69' lang='lat' dir='ltr'>gehenuae</span> <span class='ocrx_word' id='word_1_622' title='bbox 510 3991 661 4048; x_wconf 90' lang='lat' dir='ltr'>infremere</span> <span class='ocrx_word' id='word_1_623' title='bbox 681 4006 713 4047; x_wconf 91' lang='lat' dir='ltr'>ac</span> <span class='ocrx_word' id='word_1_624' title='bbox 727 3991 847 4063; x_wconf 66' lang='lat' dir='ltr'>{turbari</span> <span class='ocrx_word' id='word_1_625' title='bbox 863 3995 943 4065; x_wconf 86' lang='lat' dir='ltr'>cogi·</span> <span class='ocrx_word' id='word_1_626' title='bbox 997 3992 1124 4049; x_wconf 86' lang='lat' dir='ltr'>dandum</span> <span class='ocrx_word' id='word_1_627' title='bbox 1145 4006 1205 4061; x_wconf 92' lang='lat' dir='ltr'>quo</span> <span class='ocrx_word' id='word_1_628' title='bbox 1226 3990 1359 4057; x_wconf 90' lang='lat' dir='ltr'>voluerit,</span> <span class='ocrx_word' id='word_1_629' title='bbox 1388 3990 1426 4046; x_wconf 89' lang='lat' dir='ltr'>ita</span> <span class='ocrx_word' id='word_1_630' title='bbox 1451 4004 1502 4045; x_wconf 92' lang='lat' dir='ltr'>neo</span> <span class='ocrx_word' id='word_1_631' title='bbox 1516 3990 1553 4045; x_wconf 87' lang='lat' dir='ltr'>ad</span> <span class='ocrx_word' id='word_1_632' title='bbox 1571 3988 1750 4061; x_wconf 89' lang='lat' dir='ltr'>operandum</span> <span class='ocrx_word' id='word_1_633' title='bbox 1767 3988 1844 4060; x_wconf 83' lang='lat' dir='ltr'>quotl</span> 
     </span>
     <span class='ocr_line' id='line_1_55' title="bbox 93 4076 1846 4152; baseline -0.003 -16"><span class='ocrx_word' id='word_1_634' title='bbox 93 4087 142 4138; x_wconf 91' lang='lat' dir='ltr'>tur</span> <span class='ocrx_word' id='word_1_635' title='bbox 157 4080 191 4136; x_wconf 89' lang='lat' dir='ltr'>de</span> <span class='ocrx_word' id='word_1_636' title='bbox 215 4087 398 4150; x_wconf 88' lang='lat' dir='ltr'>peecatorum</span> <span class='ocrx_word' id='word_1_637' title='bbox 420 4094 540 4137; x_wconf 90' lang='lat' dir='ltr'>suorum</span> <span class='ocrx_word' id='word_1_638' title='bbox 563 4079 773 4152; x_wconf 89' lang='lat' dir='ltr'>magnitudine.</span> <span class='ocrx_word' id='word_1_639' title='bbox 795 4082 844 4138; x_wconf 91' lang='lat' dir='ltr'>llic</span> <span class='ocrx_word' id='word_1_640' title='bbox 864 4097 942 4150; x_wconf 89' lang='lat' dir='ltr'>vero,</span> <span class='ocrx_word' id='word_1_641' title='bbox 998 4081 1058 4152; x_wconf 89' lang='lat' dir='ltr'>ipse</span> <span class='ocrx_word' id='word_1_642' title='bbox 1077 4080 1246 4137; x_wconf 89' lang='lat' dir='ltr'>decreverit.</span> <span class='ocrx_word' id='word_1_643' title='bbox 1267 4079 1322 4144; x_wconf 89' lang='lat' dir='ltr'>Qui</span> <span class='ocrx_word' id='word_1_644' title='bbox 1337 4079 1414 4136; x_wconf 92' lang='lat' dir='ltr'>enim</span> <span class='ocrx_word' id='word_1_645' title='bbox 1437 4079 1488 4135; x_wconf 92' lang='lat' dir='ltr'>din</span> <span class='ocrx_word' id='word_1_646' title='bbox 1511 4076 1584 4134; x_wconf 87' lang='lat' dir='ltr'>male</span> <span class='ocrx_word' id='word_1_647' title='bbox 1597 4078 1720 4134; x_wconf 88' lang='lat' dir='ltr'>vivendo</span> <span class='ocrx_word' id='word_1_648' title='bbox 1736 4077 1846 4134; x_wconf 89' lang='lat' dir='ltr'>abusus</span> 
     </span>
     <span class='ocr_line' id='line_1_56' title="bbox 92 4163 1844 4243; baseline -0.003 -19"><span class='ocrx_word' id='word_1_649' title='bbox 92 4168 144 4239; x_wconf 91' lang='lat' dir='ltr'>qui</span> <span class='ocrx_word' id='word_1_650' title='bbox 160 4169 375 4240; x_wconf 89' lang='lat' dir='ltr'>quatriduanus</span> <span class='ocrx_word' id='word_1_651' title='bbox 397 4178 530 4224; x_wconf 93' lang='lat' dir='ltr'>mortuus</span> <span class='ocrx_word' id='word_1_652' title='bbox 555 4168 650 4225; x_wconf 91' lang='lat' dir='ltr'>dictus</span> <span class='ocrx_word' id='word_1_653' title='bbox 664 4176 716 4236; x_wconf 92' lang='lat' dir='ltr'>est,</span> <span class='ocrx_word' id='word_1_654' title='bbox 733 4183 783 4240; x_wconf 90' lang='lat' dir='ltr'>per</span> <span class='ocrx_word' id='word_1_655' title='bbox 798 4170 849 4227; x_wconf 90' lang='lat' dir='ltr'>hos</span> <span class='ocrx_word' id='word_1_656' title='bbox 874 4186 982 4243; x_wconf 79' lang='lat' dir='ltr'>qua-1)</span> <span class='ocrx_word' id='word_1_657' title='bbox 998 4177 1040 4226; x_wconf 90' lang='lat' dir='ltr'>cst</span> <span class='ocrx_word' id='word_1_658' title='bbox 1056 4175 1193 4240; x_wconf 90' lang='lat' dir='ltr'>potestate</span> <span class='ocrx_word' id='word_1_659' title='bbox 1207 4182 1270 4234; x_wconf 89' lang='lat' dir='ltr'>sua,</span> <span class='ocrx_word' id='word_1_660' title='bbox 1285 4169 1347 4238; x_wconf 87' lang='lat' dir='ltr'>jam</span> <span class='ocrx_word' id='word_1_661' title='bbox 1368 4180 1426 4222; x_wconf 93' lang='lat' dir='ltr'>nen</span> <span class='ocrx_word' id='word_1_662' title='bbox 1449 4166 1578 4236; x_wconf 92' lang='lat' dir='ltr'>proprio,</span> <span class='ocrx_word' id='word_1_663' title='bbox 1591 4163 1640 4220; x_wconf 91' lang='lat' dir='ltr'>sed</span> <span class='ocrx_word' id='word_1_664' title='bbox 1658 4164 1752 4220; x_wconf 84' lang='lat' dir='ltr'>alieno</span> <span class='ocrx_word' id='word_1_665' title='bbox 1767 4163 1844 4233; x_wconf 91' lang='lat' dir='ltr'>quod</span> 
     </span>
    </p>
   </div>
   <div class='ocr_carea' id='block_1_6' title="bbox 93 4256 946 5497">
    <p class='ocr_par' dir='ltr' id='par_1_6' title="bbox 93 4256 946 5497">
     <span class='ocr_line' id='line_1_57' title="bbox 93 4256 944 4334; baseline 0.008 -21"><span class='ocrx_word' id='word_1_666' title='bbox 93 4263 159 4313; x_wconf 91' lang='lat' dir='ltr'>tuor</span> <span class='ocrx_word' id='word_1_667' title='bbox 181 4256 252 4325; x_wconf 90' lang='lat' dir='ltr'>dies,</span> <span class='ocrx_word' id='word_1_668' title='bbox 274 4270 348 4327; x_wconf 87' lang='lat' dir='ltr'>quos</span> <span class='ocrx_word' id='word_1_669' title='bbox 367 4256 427 4325; x_wconf 86' lang='lat' dir='ltr'>jam</span> <span class='ocrx_word' id='word_1_670' title='bbox 453 4256 481 4312; x_wconf 93' lang='lat' dir='ltr'>in</span> <span class='ocrx_word' id='word_1_671' title='bbox 503 4264 594 4313; x_wconf 90' lang='lat' dir='ltr'>morte</span> <span class='ocrx_word' id='word_1_672' title='bbox 610 4257 762 4327; x_wconf 89' lang='lat' dir='ltr'>habuerat,</span> <span class='ocrx_word' id='word_1_673' title='bbox 786 4262 865 4319; x_wconf 92' lang='lat' dir='ltr'>omni</span> <span class='ocrx_word' id='word_1_674' title='bbox 880 4277 944 4334; x_wconf 92' lang='lat' dir='ltr'>pec·</span> 
     </span>
     <span class='ocr_line' id='line_1_58' title="bbox 93 4346 944 4417; baseline 0.008 -16"><span class='ocrx_word' id='word_1_675' title='bbox 93 4353 225 4401; x_wconf 90' lang='lat' dir='ltr'>catorum</span> <span class='ocrx_word' id='word_1_676' title='bbox 246 4358 350 4417; x_wconf 91' lang='lat' dir='ltr'>genere</span> <span class='ocrx_word' id='word_1_677' title='bbox 365 4346 578 4402; x_wconf 89' lang='lat' dir='ltr'>contaminatus</span> <span class='ocrx_word' id='word_1_678' title='bbox 599 4346 686 4403; x_wconf 90' lang='lat' dir='ltr'>fuisse</span> <span class='ocrx_word' id='word_1_679' title='bbox 700 4346 891 4409; x_wconf 89' lang='lat' dir='ltr'>innuitur.fn</span> <span class='ocrx_word' id='word_1_680' title='bbox 911 4366 944 4408; x_wconf 88' lang='lat' dir='ltr'>eo</span> 
     </span>
     <span class='ocr_line' id='line_1_59' title="bbox 94 4433 943 4509; baseline 0.007 -19"><span class='ocrx_word' id='word_1_681' title='bbox 94 4433 203 4506; x_wconf 88' lang='lat' dir='ltr'>quippe</span> <span class='ocrx_word' id='word_1_682' title='bbox 218 4443 276 4492; x_wconf 91' lang='lat' dir='ltr'>tam</span> <span class='ocrx_word' id='word_1_683' title='bbox 292 4434 473 4505; x_wconf 88' lang='lat' dir='ltr'>cogitationis</span> <span class='ocrx_word' id='word_1_684' title='bbox 495 4449 583 4506; x_wconf 89' lang='lat' dir='ltr'>quarn</span> <span class='ocrx_word' id='word_1_685' title='bbox 608 4437 782 4507; x_wconf 87' lang='lat' dir='ltr'>operationis</span> <span class='ocrx_word' id='word_1_686' title='bbox 796 4448 943 4509; x_wconf 89' lang='lat' dir='ltr'>peccatum</span> 
     </span>
     <span class='ocr_line' id='line_1_60' title="bbox 93 4524 945 4595; baseline 0.007 -15"><span class='ocrx_word' id='word_1_687' title='bbox 93 4524 257 4595; x_wconf 77' lang='lat' dir='ltr'>precedens</span> <span class='ocrx_word' id='word_1_688' title='bbox 288 4524 317 4580; x_wconf 93' lang='lat' dir='ltr'>in</span> <span class='ocrx_word' id='word_1_689' title='bbox 349 4525 587 4582; x_wconf 89' lang='lat' dir='ltr'>consuetudinem</span> <span class='ocrx_word' id='word_1_690' title='bbox 615 4535 744 4595; x_wconf 88' lang='lat' dir='ltr'>venerat,</span> <span class='ocrx_word' id='word_1_691' title='bbox 773 4538 799 4585; x_wconf 91' lang='grc' dir='ltr'>ει</span> <span class='ocrx_word' id='word_1_692' title='bbox 829 4531 945 4587; x_wconf 89' lang='lat' dir='ltr'>tandem</span> 
     </span>
     <span class='ocr_line' id='line_1_61' title="bbox 93 4612 946 4689; baseline 0.008 -20"><span class='ocrx_word' id='word_1_693' title='bbox 93 4612 165 4670; x_wconf 83' lang='lat' dir='ltr'>elios</span> <span class='ocrx_word' id='word_1_694' title='bbox 180 4627 230 4684; x_wconf 87' lang='lat' dir='ltr'>per</span> <span class='ocrx_word' id='word_1_695' title='bbox 243 4612 407 4684; x_wconf 78' lang='lat' dir='ltr'>exemplum</span> <span class='ocrx_word' id='word_1_696' title='bbox 434 4616 656 4685; x_wconf 90' lang='lat' dir='ltr'>corrumpendo,</span> <span class='ocrx_word' id='word_1_697' title='bbox 678 4618 707 4673; x_wconf 92' lang='lat' dir='ltr'>iu</span> <span class='ocrx_word' id='word_1_698' title='bbox 731 4625 822 4674; x_wconf 91' lang='lat' dir='ltr'>morte</span> <span class='ocrx_word' id='word_1_699' title='bbox 839 4619 946 4689; x_wconf 88' lang='lat' dir='ltr'>pariter</span> 
     </span>
     <span class='ocr_line' id='line_1_62' title="bbox 93 4703 946 4779; baseline 0.004 -20"><span class='ocrx_word' id='word_1_700' title='bbox 93 4708 152 4759; x_wconf 89' lang='lat' dir='ltr'>tam</span> <span class='ocrx_word' id='word_1_701' title='bbox 173 4703 296 4761; x_wconf 91' lang='lat' dir='ltr'>aliorum</span> <span class='ocrx_word' id='word_1_702' title='bbox 313 4703 531 4775; x_wconf 85' lang='lat' dir='ltr'>quamproprie</span> <span class='ocrx_word' id='word_1_703' title='bbox 546 4713 779 4763; x_wconf 87' lang='lat' dir='ltr'>consummatum</span> <span class='ocrx_word' id='word_1_704' title='bbox 795 4714 867 4776; x_wconf 89' lang='lat' dir='ltr'>orat,</span> <span class='ocrx_word' id='word_1_705' title='bbox 884 4707 946 4779; x_wconf 91' lang='lat' dir='ltr'>pri-</span> 
     </span>
     <span class='ocr_line' id='line_1_63' title="bbox 93 4793 946 4864; baseline 0.006 -15"><span class='ocrx_word' id='word_1_706' title='bbox 93 4806 151 4861; x_wconf 88' lang='lat' dir='ltr'>mo,</span> <span class='ocrx_word' id='word_1_707' title='bbox 167 4800 201 4850; x_wconf 87' lang='lat' dir='ltr'>nt</span> <span class='ocrx_word' id='word_1_708' title='bbox 215 4793 325 4851; x_wconf 92' lang='lat' dir='ltr'>dictum</span> <span class='ocrx_word' id='word_1_709' title='bbox 349 4800 400 4862; x_wconf 89' lang='lat' dir='ltr'>est,</span> <span class='ocrx_word' id='word_1_710' title='bbox 423 4793 452 4849; x_wconf 91' lang='lat' dir='ltr'>in</span> <span class='ocrx_word' id='word_1_711' title='bbox 467 4793 649 4864; x_wconf 91' lang='lat' dir='ltr'>cogitatione,</span> <span class='ocrx_word' id='word_1_712' title='bbox 665 4796 791 4852; x_wconf 84' lang='grc' dir='ltr'>εεειιιιιιο</span> <span class='ocrx_word' id='word_1_713' title='bbox 812 4795 946 4854; x_wconf 86' lang='lat' dir='ltr'>habitum</span> 
     </span>
     <span class='ocr_line' id='line_1_64' title="bbox 95 4879 945 4954; baseline 0.005 -20"><span class='ocrx_word' id='word_1_714' title='bbox 95 4879 234 4952; x_wconf 89' lang='lat' dir='ltr'>inopere,</span> <span class='ocrx_word' id='word_1_715' title='bbox 257 4881 339 4938; x_wconf 89' lang='lat' dir='ltr'>tertio</span> <span class='ocrx_word' id='word_1_716' title='bbox 366 4880 475 4938; x_wconf 92' lang='lat' dir='ltr'>dictum</span> <span class='ocrx_word' id='word_1_717' title='bbox 492 4882 522 4938; x_wconf 93' lang='lat' dir='ltr'>in</span> <span class='ocrx_word' id='word_1_718' title='bbox 546 4882 763 4951; x_wconf 89' lang='lat' dir='ltr'>cousuetudine,</span> <span class='ocrx_word' id='word_1_719' title='bbox 787 4890 891 4954; x_wconf 90' lang='lat' dir='ltr'>quarte</span> <span class='ocrx_word' id='word_1_720' title='bbox 915 4881 945 4938; x_wconf 90' lang='lat' dir='ltr'>in</span> 
     </span>
     <span class='ocr_line' id='line_1_65' title="bbox 96 4967 944 5042; baseline 0.006 -19"><span class='ocrx_word' id='word_1_721' title='bbox 96 4967 220 5026; x_wconf 89' lang='lat' dir='ltr'>aliorum</span> <span class='ocrx_word' id='word_1_722' title='bbox 243 4971 437 5042; x_wconf 87' lang='lat' dir='ltr'>corruptione.</span> <span class='ocrx_word' id='word_1_723' title='bbox 468 4970 550 5036; x_wconf 81' lang='lat' dir='ltr'>(leod</span> <span class='ocrx_word' id='word_1_724' title='bbox 567 4986 637 5030; x_wconf 86' lang='lat' dir='ltr'>vero</span> <span class='ocrx_word' id='word_1_725' title='bbox 660 4971 799 5029; x_wconf 85' lang='lat' dir='ltr'>Dominus</span> <span class='ocrx_word' id='word_1_726' title='bbox 822 4971 944 5028; x_wconf 90' lang='lat' dir='ltr'>interro·</span> 
     </span>
     <span class='ocr_line' id='line_1_66' title="bbox 96 5057 946 5134; baseline 0.005 -22"><span class='ocrx_word' id='word_1_727' title='bbox 96 5063 164 5128; x_wconf 88' lang='lat' dir='ltr'>gat:</span> <span class='ocrx_word' id='word_1_728' title='bbox 188 5057 239 5113; x_wconf 78' lang='lat' dir='ltr'>liii</span> <span class='ocrx_word' id='word_1_729' title='bbox 252 5062 383 5128; x_wconf 80' lang='lat' dir='ltr'>posuistis</span> <span class='ocrx_word' id='word_1_730' title='bbox 404 5057 489 5116; x_wconf 75' lang='lat' dir='ltr'>mm?</span> <span class='ocrx_word' id='word_1_731' title='bbox 505 5068 646 5134; x_wconf 87' lang='lat' dir='ltr'>tanquam</span> <span class='ocrx_word' id='word_1_732' title='bbox 663 5061 802 5134; x_wconf 90' lang='lat' dir='ltr'>ignorans</span> <span class='ocrx_word' id='word_1_733' title='bbox 820 5060 946 5133; x_wconf 86' lang='lat' dir='ltr'>sepulcri</span> 
     </span>
     <span class='ocr_line' id='line_1_67' title="bbox 95 5144 945 5222; baseline 0.007 -21"><span class='ocrx_word' id='word_1_734' title='bbox 95 5144 206 5216; x_wconf 88' lang='lat' dir='ltr'>lecum;</span> <span class='ocrx_word' id='word_1_735' title='bbox 236 5146 290 5204; x_wconf 92' lang='lat' dir='ltr'>hec</span> <span class='ocrx_word' id='word_1_736' title='bbox 309 5149 391 5205; x_wconf 87' lang='lat' dir='ltr'>nobis</span> <span class='ocrx_word' id='word_1_737' title='bbox 414 5148 555 5218; x_wconf 89' lang='lat' dir='ltr'>insinuat,</span> <span class='ocrx_word' id='word_1_738' title='bbox 584 5150 655 5208; x_wconf 89' lang='lat' dir='ltr'>tales</span> <span class='ocrx_word' id='word_1_739' title='bbox 681 5151 807 5207; x_wconf 85' lang='lat' dir='ltr'>manime</span> <span class='ocrx_word' id='word_1_740' title='bbox 840 5163 859 5222; x_wconf 79' lang='lat' dir='ltr'>a</span> <span class='ocrx_word' id='word_1_741' title='bbox 886 5150 945 5207; x_wconf 86' lang='lat' dir='ltr'>hoo</span> 
     </span>
     <span class='ocr_line' id='line_1_68' title="bbox 98 5234 946 5313; baseline 0.005 -19"><span class='ocrx_word' id='word_1_742' title='bbox 98 5234 238 5309; x_wconf 86' lang='lat' dir='ltr'>ignorari,</span> <span class='ocrx_word' id='word_1_743' title='bbox 251 5250 376 5307; x_wconf 91' lang='lat' dir='ltr'>querum</span> <span class='ocrx_word' id='word_1_744' title='bbox 390 5252 477 5309; x_wconf 89' lang='lat' dir='ltr'>opera</span> <span class='ocrx_word' id='word_1_745' title='bbox 491 5239 585 5313; x_wconf 85' lang='lat' dir='ltr'>magis</span> <span class='ocrx_word' id='word_1_746' title='bbox 602 5239 756 5312; x_wconf 90' lang='lat' dir='ltr'>improbat,</span> <span class='ocrx_word' id='word_1_747' title='bbox 774 5240 861 5312; x_wconf 85' lang='lat' dir='ltr'>juxta</span> <span class='ocrx_word' id='word_1_748' title='bbox 874 5239 946 5298; x_wconf 91' lang='lat' dir='ltr'>illud</span> 
     </span>
     <span class='ocr_line' id='line_1_69' title="bbox 101 5325 946 5400; baseline 0.005 -17"><span class='ocrx_word' id='word_1_749' title='bbox 101 5326 177 5400; x_wconf 78' lang='lat' dir='ltr'>qnod</span> <span class='ocrx_word' id='word_1_750' title='bbox 201 5325 331 5398; x_wconf 90' lang='lat' dir='ltr'>reprobis</span> <span class='ocrx_word' id='word_1_751' title='bbox 359 5328 400 5384; x_wconf 91' lang='lat' dir='ltr'>ait</span> <span class='ocrx_word' id='word_1_752' title='bbox 427 5343 433 5380; x_wconf 95' lang='lat'><strong>:</strong></span> <span class='ocrx_word' id='word_1_753' title='bbox 461 5331 549 5385; x_wconf 76' lang='lat' dir='ltr'>Amen</span> <span class='ocrx_word' id='word_1_754' title='bbox 576 5331 637 5387; x_wconf 87' lang='lat' dir='ltr'>dice</span> <span class='ocrx_word' id='word_1_755' title='bbox 664 5328 750 5398; x_wconf 76' lang='lat' dir='ltr'>oobb,</span> <span class='ocrx_word' id='word_1_756' title='bbox 778 5331 867 5386; x_wconf 84' lang='lat' dir='ltr'>nescio</span> <span class='ocrx_word' id='word_1_757' title='bbox 899 5345 946 5387; x_wconf 85' lang='lat' dir='ltr'>eos</span> 
     </span>
     <span class='ocr_line' id='line_1_70' title="bbox 98 5415 945 5497; baseline 0.002 -23"><span class='ocrx_word' id='word_1_758' title='bbox 98 5415 299 5497; x_wconf 26' lang='lat' dir='ltr'>&#39;Mello-nv,</span> <span class='ocrx_word' id='word_1_759' title='bbox 325 5415 378 5487; x_wconf 79' lang='lat' dir='ltr'>tn).</span> <span class='ocrx_word' id='word_1_760' title='bbox 401 5416 498 5475; x_wconf 84' lang='lat' dir='ltr'>Primo</span> <span class='ocrx_word' id='word_1_761' title='bbox 517 5416 640 5488; x_wconf 89' lang='lat' dir='ltr'>lapidem</span> <span class='ocrx_word' id='word_1_762' title='bbox 668 5417 796 5495; x_wconf 77' lang='lat' dir='ltr'>precipit</span> <span class='ocrx_word' id='word_1_763' title='bbox 818 5417 879 5477; x_wconf 90' lang='lat' dir='ltr'>tolli</span> <span class='ocrx_word' id='word_1_764' title='bbox 893 5419 945 5493; x_wconf 91' lang='lat' dir='ltr'>qui</span> 
     </span>
    </p>
   </div>
   <div class='ocr_carea' id='block_1_7' title="bbox 998 4252 1851 5495">
    <p class='ocr_par' dir='ltr' id='par_1_7' title="bbox 998 4252 1851 5495">
     <span class='ocr_line' id='line_1_71' title="bbox 999 4252 1846 4330; baseline -0.012 -14"><span class='ocrx_word' id='word_1_765' title='bbox 999 4259 1121 4330; x_wconf 90' lang='lat' dir='ltr'>deliquit</span> <span class='ocrx_word' id='word_1_766' title='bbox 1136 4258 1280 4329; x_wconf 88' lang='lat' dir='ltr'>corrigere</span> <span class='ocrx_word' id='word_1_767' title='bbox 1295 4256 1378 4312; x_wconf 88' lang='lat' dir='ltr'>debet</span> <span class='ocrx_word' id='word_1_768' title='bbox 1398 4255 1529 4322; x_wconf 88' lang='lat' dir='ltr'>arbitrio,</span> <span class='ocrx_word' id='word_1_769' title='bbox 1555 4269 1608 4311; x_wconf 92' lang='lat' dir='ltr'>nec</span> <span class='ocrx_word' id='word_1_770' title='bbox 1628 4255 1689 4326; x_wconf 86' lang='lat' dir='ltr'>jam</span> <span class='ocrx_word' id='word_1_771' title='bbox 1711 4252 1846 4323; x_wconf 90' lang='lat' dir='ltr'>suijuris</span> 
     </span>
     <span class='ocr_line' id='line_1_72' title="bbox 998 4342 1846 4417; baseline -0.011 -13"><span class='ocrx_word' id='word_1_772' title='bbox 998 4348 1089 4405; x_wconf 91' lang='lat' dir='ltr'>estin</span> <span class='ocrx_word' id='word_1_773' title='bbox 1110 4347 1217 4403; x_wconf 90' lang='lat' dir='ltr'>talibus</span> <span class='ocrx_word' id='word_1_774' title='bbox 1245 4345 1373 4417; x_wconf 90' lang='lat' dir='ltr'>agendis,</span> <span class='ocrx_word' id='word_1_775' title='bbox 1398 4344 1447 4400; x_wconf 91' lang='lat' dir='ltr'>sed</span> <span class='ocrx_word' id='word_1_776' title='bbox 1470 4343 1567 4400; x_wconf 91' lang='lat' dir='ltr'>alieni.</span> <span class='ocrx_word' id='word_1_777' title='bbox 1592 4342 1703 4399; x_wconf 87' lang='lat' dir='ltr'>Faciem</span> <span class='ocrx_word' id='word_1_778' title='bbox 1728 4355 1846 4412; x_wconf 92' lang='lat' dir='ltr'>quoque</span> 
     </span>
     <span class='ocr_line' id='line_1_73' title="bbox 1000 4427 1847 4503; baseline -0.009 -11"><span class='ocrx_word' id='word_1_779' title='bbox 1000 4434 1159 4492; x_wconf 89' lang='lat' dir='ltr'>involutam</span> <span class='ocrx_word' id='word_1_780' title='bbox 1184 4434 1279 4502; x_wconf 90' lang='lat' dir='ltr'>babet,</span> <span class='ocrx_word' id='word_1_781' title='bbox 1303 4433 1373 4503; x_wconf 88' lang='lat' dir='ltr'>qnia</span> <span class='ocrx_word' id='word_1_782' title='bbox 1392 4438 1458 4488; x_wconf 90' lang='lat' dir='ltr'>ante</span> <span class='ocrx_word' id='word_1_783' title='bbox 1483 4429 1683 4487; x_wconf 80' lang='lat' dir='ltr'>satisfactionis</span> <span class='ocrx_word' id='word_1_784' title='bbox 1703 4427 1847 4501; x_wconf 89' lang='lat' dir='ltr'>impletio-</span> 
     </span>
     <span class='ocr_line' id='line_1_74' title="bbox 999 4514 1848 4593; baseline -0.011 -13"><span class='ocrx_word' id='word_1_785' title='bbox 999 4538 1065 4581; x_wconf 92' lang='lat' dir='ltr'>nem</span> <span class='ocrx_word' id='word_1_786' title='bbox 1084 4523 1197 4580; x_wconf 89' lang='lat' dir='ltr'>devotio</span> <span class='ocrx_word' id='word_1_787' title='bbox 1210 4521 1383 4593; x_wconf 85' lang='lat' dir='ltr'>poenitentis,</span> <span class='ocrx_word' id='word_1_788' title='bbox 1404 4529 1431 4577; x_wconf 90' lang='lat' dir='ltr'>ct</span> <span class='ocrx_word' id='word_1_789' title='bbox 1453 4534 1537 4576; x_wconf 88' lang='lat' dir='ltr'>verus</span> <span class='ocrx_word' id='word_1_790' title='bbox 1560 4517 1732 4589; x_wconf 81' lang='lat' dir='ltr'>poenitentia</span> <span class='ocrx_word' id='word_1_791' title='bbox 1761 4514 1848 4589; x_wconf 89' lang='lat' dir='ltr'>gemi-</span> 
     </span>
     <span class='ocr_line' id='line_1_75' title="bbox 1000 4607 1848 4682; baseline -0.009 -12"><span class='ocrx_word' id='word_1_792' title='bbox 1000 4620 1046 4670; x_wconf 89' lang='lat' dir='ltr'>tus</span> <span class='ocrx_word' id='word_1_793' title='bbox 1074 4627 1131 4669; x_wconf 93' lang='lat' dir='ltr'>nen</span> <span class='ocrx_word' id='word_1_794' title='bbox 1154 4620 1245 4682; x_wconf 91' lang='lat' dir='ltr'>potest</span> <span class='ocrx_word' id='word_1_795' title='bbox 1271 4609 1413 4681; x_wconf 85' lang='lat' dir='ltr'>cognosci.</span> <span class='ocrx_word' id='word_1_796' title='bbox 1439 4611 1492 4665; x_wconf 90' lang='lat' dir='ltr'>Per</span> <span class='ocrx_word' id='word_1_797' title='bbox 1521 4607 1621 4664; x_wconf 90' lang='lat' dir='ltr'>faciem</span> <span class='ocrx_word' id='word_1_798' title='bbox 1647 4607 1764 4678; x_wconf 89' lang='lat' dir='ltr'>quippe,</span> <span class='ocrx_word' id='word_1_799' title='bbox 1788 4619 1848 4677; x_wconf 86' lang='lat' dir='ltr'>qua</span> 
     </span>
     <span class='ocr_line' id='line_1_76' title="bbox 999 4695 1843 4773; baseline -0.007 -15"><span class='ocrx_word' id='word_1_800' title='bbox 999 4701 1123 4773; x_wconf 90' lang='lat' dir='ltr'>quisque</span> <span class='ocrx_word' id='word_1_801' title='bbox 1152 4700 1347 4773; x_wconf 92' lang='lat' dir='ltr'>cognoscitur,</span> <span class='ocrx_word' id='word_1_802' title='bbox 1386 4699 1489 4755; x_wconf 88' lang='lat' dir='ltr'>notitia</span> <span class='ocrx_word' id='word_1_803' title='bbox 1523 4697 1701 4768; x_wconf 85' lang='lat' dir='ltr'>designatur.</span> <span class='ocrx_word' id='word_1_804' title='bbox 1730 4695 1843 4752; x_wconf 83' lang='lat' dir='ltr'>Faciem</span> 
     </span>
     <span class='ocr_line' id='line_1_77' title="bbox 999 4783 1850 4862; baseline -0.009 -14"><span class='ocrx_word' id='word_1_805' title='bbox 999 4790 1097 4862; x_wconf 91' lang='lat' dir='ltr'>itaque</span> <span class='ocrx_word' id='word_1_806' title='bbox 1117 4790 1282 4862; x_wconf 87' lang='lat' dir='ltr'>poenitentis</span> <span class='ocrx_word' id='word_1_807' title='bbox 1305 4788 1465 4846; x_wconf 87' lang='lat' dir='ltr'>involutam</span> <span class='ocrx_word' id='word_1_808' title='bbox 1489 4786 1635 4858; x_wconf 90' lang='lat' dir='ltr'>aperiunt,</span> <span class='ocrx_word' id='word_1_809' title='bbox 1659 4786 1710 4856; x_wconf 92' lang='lat' dir='ltr'>qui</span> <span class='ocrx_word' id='word_1_810' title='bbox 1724 4785 1789 4856; x_wconf 86' lang='lat' dir='ltr'>ejus</span> <span class='ocrx_word' id='word_1_811' title='bbox 1803 4783 1850 4840; x_wconf 92' lang='lat' dir='ltr'>in·</span> 
     </span>
     <span class='ocr_line' id='line_1_78' title="bbox 998 4871 1850 4948; baseline -0.009 -12"><span class='ocrx_word' id='word_1_812' title='bbox 998 4880 1099 4938; x_wconf 90' lang='lat' dir='ltr'>stituta</span> <span class='ocrx_word' id='word_1_813' title='bbox 1113 4879 1316 4945; x_wconf 76' lang='lat' dir='ltr'>satisfactione,</span> <span class='ocrx_word' id='word_1_814' title='bbox 1345 4876 1447 4948; x_wconf 89' lang='lat' dir='ltr'>ipsine,</span> <span class='ocrx_word' id='word_1_815' title='bbox 1469 4883 1502 4932; x_wconf 90' lang='lat' dir='ltr'>ut</span> <span class='ocrx_word' id='word_1_816' title='bbox 1523 4875 1631 4930; x_wconf 90' lang='lat' dir='ltr'>dictum</span> <span class='ocrx_word' id='word_1_817' title='bbox 1655 4880 1707 4940; x_wconf 87' lang='lat' dir='ltr'>eet,</span> <span class='ocrx_word' id='word_1_818' title='bbox 1724 4871 1850 4929; x_wconf 89' lang='lat' dir='ltr'>devotio·</span> 
     </span>
     <span class='ocr_line' id='line_1_79' title="bbox 999 4959 1849 5043; baseline -0.012 -16"><span class='ocrx_word' id='word_1_819' title='bbox 999 4984 1066 5027; x_wconf 89' lang='lat' dir='ltr'>nem</span> <span class='ocrx_word' id='word_1_820' title='bbox 1099 4967 1231 5043; x_wconf 90' lang='lat' dir='ltr'>cognosci</span> <span class='ocrx_word' id='word_1_821' title='bbox 1266 4967 1386 5033; x_wconf 90' lang='lat' dir='ltr'>faciunt,</span> <span class='ocrx_word' id='word_1_822' title='bbox 1416 4973 1444 5021; x_wconf 91' lang='lat' dir='ltr'>et</span> <span class='ocrx_word' id='word_1_823' title='bbox 1472 4963 1616 5021; x_wconf 90' lang='lat' dir='ltr'>reddendo</span> <span class='ocrx_word' id='word_1_824' title='bbox 1639 4961 1666 5017; x_wconf 92' lang='lat' dir='ltr'>ei</span> <span class='ocrx_word' id='word_1_825' title='bbox 1693 4959 1849 5017; x_wconf 88' lang='lat' dir='ltr'>Ecclesiam</span> 
     </span>
     <span class='ocr_line' id='line_1_80' title="bbox 999 5049 1850 5130; baseline -0.014 -13"><span class='ocrx_word' id='word_1_826' title='bbox 999 5066 1139 5130; x_wconf 87' lang='lat' dir='ltr'>tanquam</span> <span class='ocrx_word' id='word_1_827' title='bbox 1165 5057 1276 5114; x_wconf 88' lang='lat' dir='ltr'>fidelem</span> <span class='ocrx_word' id='word_1_828' title='bbox 1295 5069 1363 5114; x_wconf 89' lang='lat' dir='ltr'>enm</span> <span class='ocrx_word' id='word_1_829' title='bbox 1389 5059 1611 5125; x_wconf 90' lang='lat' dir='ltr'>recognoscunt,</span> <span class='ocrx_word' id='word_1_830' title='bbox 1633 5050 1684 5123; x_wconf 91' lang='lat' dir='ltr'>qui</span> <span class='ocrx_word' id='word_1_831' title='bbox 1710 5063 1779 5107; x_wconf 91' lang='lat' dir='ltr'>eum</span> <span class='ocrx_word' id='word_1_832' title='bbox 1799 5049 1850 5106; x_wconf 83' lang='lat' dir='ltr'>ha·</span> 
     </span>
     <span class='ocr_line' id='line_1_81' title="bbox 1001 5137 1851 5218; baseline -0.013 -13"><span class='ocrx_word' id='word_1_833' title='bbox 1001 5149 1106 5205; x_wconf 87' lang='lat' dir='ltr'>hebent</span> <span class='ocrx_word' id='word_1_834' title='bbox 1129 5147 1209 5218; x_wconf 91' lang='lat' dir='ltr'>prius</span> <span class='ocrx_word' id='word_1_835' title='bbox 1227 5154 1367 5217; x_wconf 89' lang='lat' dir='ltr'>tanquam</span> <span class='ocrx_word' id='word_1_836' title='bbox 1394 5143 1587 5214; x_wconf 85' lang='lat' dir='ltr'>incognitum,</span> <span class='ocrx_word' id='word_1_837' title='bbox 1609 5148 1637 5198; x_wconf 93' lang='grc' dir='ltr'>ει</span> <span class='ocrx_word' id='word_1_838' title='bbox 1664 5139 1739 5196; x_wconf 85' lang='grc' dir='ltr'>ειειιι</span> <span class='ocrx_word' id='word_1_839' title='bbox 1760 5137 1851 5195; x_wconf 86' lang='lat' dir='ltr'>ethni·</span> 
     </span>
     <span class='ocr_line' id='line_1_82' title="bbox 1000 5226 1851 5308; baseline -0.013 -14"><span class='ocrx_word' id='word_1_840' title='bbox 1000 5251 1067 5294; x_wconf 92' lang='lat' dir='ltr'>cum</span> <span class='ocrx_word' id='word_1_841' title='bbox 1083 5236 1127 5294; x_wconf 89' lang='lat' dir='ltr'>vel</span> <span class='ocrx_word' id='word_1_842' title='bbox 1143 5235 1342 5308; x_wconf 87' lang='lat' dir='ltr'>publicanum.</span> <span class='ocrx_word' id='word_1_843' title='bbox 1364 5233 1487 5290; x_wconf 83' lang='lat' dir='ltr'>solvunt</span> <span class='ocrx_word' id='word_1_844' title='bbox 1503 5231 1602 5302; x_wconf 89' lang='lat' dir='ltr'>itaque</span> <span class='ocrx_word' id='word_1_845' title='bbox 1618 5226 1751 5299; x_wconf 89' lang='lat' dir='ltr'>discipuli</span> <span class='ocrx_word' id='word_1_846' title='bbox 1770 5241 1851 5284; x_wconf 87' lang='lat' dir='ltr'>resu-</span> 
     </span>
     <span class='ocr_line' id='line_1_83' title="bbox 1000 5315 1850 5392; baseline -0.009 -9"><span class='ocrx_word' id='word_1_847' title='bbox 1000 5326 1133 5384; x_wconf 84' lang='lat' dir='ltr'>scitatum</span> <span class='ocrx_word' id='word_1_848' title='bbox 1151 5339 1169 5382; x_wconf 83' lang='lat' dir='ltr'>a</span> <span class='ocrx_word' id='word_1_849' title='bbox 1184 5324 1314 5392; x_wconf 87' lang='lat' dir='ltr'>bomine,</span> <span class='ocrx_word' id='word_1_850' title='bbox 1329 5330 1358 5381; x_wconf 93' lang='lat' dir='ltr'>et</span> <span class='ocrx_word' id='word_1_851' title='bbox 1371 5322 1496 5379; x_wconf 91' lang='lat' dir='ltr'>liberum</span> <span class='ocrx_word' id='word_1_852' title='bbox 1511 5320 1552 5375; x_wconf 92' lang='lat' dir='ltr'>ire</span> <span class='ocrx_word' id='word_1_853' title='bbox 1567 5318 1677 5387; x_wconf 89' lang='lat' dir='ltr'>sinunt,</span> <span class='ocrx_word' id='word_1_854' title='bbox 1694 5317 1747 5390; x_wconf 89' lang='lat' dir='ltr'>qui</span> <span class='ocrx_word' id='word_1_855' title='bbox 1765 5315 1850 5388; x_wconf 86' lang='lat' dir='ltr'>prius</span> 
     </span>
     <span class='ocr_line' id='line_1_84' title="bbox 999 5406 1850 5495; baseline -0.011 -21"><span class='ocrx_word' id='word_1_856' title='bbox 999 5424 1084 5474; x_wconf 87' lang='lat' dir='ltr'>extra</span> <span class='ocrx_word' id='word_1_857' title='bbox 1111 5414 1266 5474; x_wconf 87' lang='lat' dir='ltr'>Ecclesiam</span> <span class='ocrx_word' id='word_1_858' title='bbox 1294 5411 1389 5472; x_wconf 80' lang='lat' dir='ltr'>fuerat</span> <span class='ocrx_word' id='word_1_859' title='bbox 1408 5410 1566 5495; x_wconf 71' lang='lat' dir='ltr'>relegatus,</span> <span class='ocrx_word' id='word_1_860' title='bbox 1598 5406 1670 5466; x_wconf 90' lang='lat' dir='ltr'>dum</span> <span class='ocrx_word' id='word_1_861' title='bbox 1698 5406 1850 5465; x_wconf 90' lang='lat' dir='ltr'>introitum</span> 
     </span>
    </p>
   </div>
   <div class='ocr_carea' id='block_1_8' title="bbox 0 0 1883 5962">
    <p class='ocr_par' dir='ltr' id='par_1_8' title="bbox 0 0 1883 5962">
     <span class='ocr_line' id='line_1_85' title="bbox 0 0 1883 5962; baseline 0 0"><span class='ocrx_word' id='word_1_862' title='bbox 0 0 1883 5962; x_wconf 95' lang='lat' dir='ltr'> </span> 
     </span>
    </p>
   </div>
  </div>
 </body>
</html>
