3804 5962
72 192 137 250 {367
335 183 440 242 rtrum
459 183 650 242 ABAELARDI
668 184 744 243 OPP.
764 185 856 244 Palis
874 188 921 248 tlt.
940 217 975 230 -
993 188 1210 248 rnnotoutcn
1231 189 1273 245 ET
1291 188 1543 248 Ptt1t0sot>tttca
1749 194 1812 251 titt
1833 252 1836 257 ,

70 312 132 374 rem
157 327 225 372 cnm
245 310 307 370 suis
333 312 469 384 operibus
498 312 690 380 conteramus,
716 311 739 368 si
767 319 913 369 auctorem
929 315 1054 374 A'Pater
1079 316 1249 373 dissimilem
1266 318 1400 389 genuerit
1422 317 1575 389 sui‚quasi
1599 318 1744 390 impotens
1766 320 1815 393 qui

70 411 233 476 temporum
263 404 302 474 (t)
331 402 461 458 dicamus
483 400 600 471 coepisse
626 409 687 471 post
708 408 853 471 tempura;
869 416 917 458 ne·
971 418 1109 476 generare
1137 405 1191 462 sibi
1218 405 1339 463 similem
1365 421 1425 463 nou
1449 407 1583 476 potuerit.
1610 409 1698 463 ilem:
1722 410 1816 481 imago

71 507 129 566 qne
149 493 227 549 enim
254 497 344 562 potest
363 490 435 559 fieri,
451 496 493 558 ut,
507 503 559 560 per
574 503 660 561 quem
676 496 745 546 sunt
758 489 864 552 omnia,
881 491 917 545 sit
971 494 1052 550 docet
1081 508 1138 550 non
1163 509 1224 550 esse
1252 495 1429 552 dissimilem.
1462 498 1644 565 Augustinus,
1671 497 1814 563 Quastion

71 583 197 639 irnusex
213 579 251 653 (2)
266 577 411 635 omuibus.
436 578 508 634 Nolo
530 579 611 635 nobis
626 578 761 635 credatur
776 578 823 652 (3).
843 576 916 634 Scri·
970 583 1067 636 ceteris
1088 585 1113 637 et
1141 598 1216 637 nava
1235 583 1303 650 legis
1323 599 1382 653 cap.
1405 582 1556 638 Clllvlll:
1586 587 1641 652 Qui
1669 602 1713 641 me
1733 587 1816 653 uidet,

72 676 159 741 ptura
179 667 334 732 recitetur:
359 681 417 722 non
438 681 490 739 ego
516 666 578 722 dico
599 681 683 730 ama,
699 667 820 738 quadiu
836 669 916 737 prin·
971 668 1045 723 viriet
1065 673 1091 723 et
1109 668 1232 736 Patrem,
1249 670 1319 740 quia
1334 685 1393 726 una
1408 679 1479 728 suut
1493 680 1600 729 natura
1618 674 1704 730 Pater
1721 682 1749 731 ct
1772 675 1818 731 Fi·

71 759 146 833 eipio
161 762 220 812 erat
238 757 356 814 Verbum
370 756 458 828 (Joon.
478 755 511 828 r),
530 757 577 812 sed
595 757 681 812 audio
692 772 700 827 ;
727 771 786 812 nou
802 770 853 827 ego
875 755 916 811 ai·
972 757 1039 825 lius,
1056 757 1110 813 hoa
1124 765 1165 813 est
1186 758 1214 812 in
1238 758 1318 813 nullo
1342 758 1504 829 discrepare
1525 759 1646 817 alterum
1668 762 1707 818 ab
1722 762 1818 819 altero.

73 844 160 917 lingo.
173 844 220 901 sed
236 843 309 915 lego,
326 843 402 916 quod
417 856 515 899 omnes
530 843 661 914 legimus,
677 842 725 900 sed
750 857 807 898 non
820 856 919 898 omnes
973 845 1039 900 llam
1057 861 1117 916 cap.
1139 846 1241 900 LVlll:
1271 846 1369 902 Unum
1384 848 1437 918 qui
1451 847 1539 916 ridet,
1557 848 1632 905 videt
1657 856 1728 919 tres,
1751 852 1818 908 dum

73 934 283 1006 intelligimns;
309 939 337 988 et
360 946 425 987 cum
451 931 568 1003 legitur,
585 933 723 988 audimus
750 945 849 987 omnes
864 947 870 984 :
886 932 919 985 ln
973 934 1045 990 nihil
1061 933 1156 990 diflert
1182 934 1254 991 alter
1277 935 1313 990 ab
1338 935 1437 992 altero.
1465 936 1589 990 Hilarius
1609 937 1646 991 De
1664 936 1819 999 'Trinitate

69 1025 211 1095 principia
223 1027 281 1077 erat
295 1021 421 1090 Vadam,
433 1021 486 1077 hoc
496 1028 537 1077 est
548 1028 694 1076 remancat
704 1020 819 1076 omium.
832 1019 919 1076 Deui—
974 1022 1022 1078 lid.
1038 1024 1067 1076 l:
1083 1023 1158 1078 Deus
1173 1036 1190 1077 a
1216 1023 1283 1089 Deo,
1305 1022 1341 1078 ab
1361 1022 1488 1094 ingenito
1504 1023 1688 1094 unigenitus,
1700 1022 1774 1080 alter
1787 1022 1819 1079 alt

75 1127 133 1186 que
147 1112 177 1169 in
190 1110 331 1184 principio
345 1110 412 1167 iecit
434 1110 510 1167 Deus
524 1109 628 1166 coelum
651 1116 678 1166 et
697 1115 803 1164 terram
817 1124 824 1174 ;
839 1107 920 1163 aliud
974 1111 1146 1168 alteronihil
1166 1109 1397 1183 diilerens,t1uia
1420 1112 1482 1168 rita
1500 1112 1625 1168 viventis
1644 1112 1675 1168 iu
1690 1114 1760 1169 nivo
1771 1118 1818 1168 est

74 1208 118 1259 est
131 1201 207 1269 iecit,
221 1199 301 1256 eliud
312 1206 355 1256 est
373 1206 434 1255 erat
448 1214 456 1270 3
472 1198 549 1269 quod
564 1199 604 1264 iit,
620 1197 741 1268 incipit3
758 1191 918 1268 quoderat,
973 1200 1034 1255 did.
1052 1201 1105 1257 lv:
1132 1200 1202 1258 Cum
1232 1201 1330 1271 itaque
1349 1200 1472 1272 legimus
1491 1217 1497 1254 :
1522 1202 1664 1256 Faciamus
1691 1202 1821 1256 lammeri

75 1289 253 1363 principium
277 1301 336 1344 uon
361 1288 481 1359 accepit,
497 1286 545 1344 sed
568 1286 717 1358 praevenit.
743 1286 921 1342 Remaneant
975 1289 1012 1344 ad
1029 1291 1175 1358 imaginem
1188 1295 1213 1343 et
1233 1291 1439 1345 similitudinem
1462 1295 1583 1344 nostram
1607 1291 1692 1361 (Gen.
1709 1288 1740 1360 r),
1756 1288 1820 1360 quii

76 1385 257 1449 attempero,
271 1376 341 1448 quis
368 1384 429 1448 post
455 1377 559 1434 coelum
584 1384 721 1446 tempora.
745 1375 922 1431 Remaueant
976 1391 1069 1434 sermo
1085 1385 1207 1449 uterque
1221 1386 1253 1434 nt
1274 1393 1331 1434 nen
1355 1378 1517 1434 solitarium
1533 1385 1657 1446 tautum,
1676 1377 1718 1435 ita
1734 1390 1820 1448 neque

76 1467 163 1526 etiam
191 1465 297 1537 angeli,
327 1465 379 1522 etsi
411 1465 585 1536 principium
613 1478 714 1521 eorum
747 1477 806 1518 non
842 1463 920 1518 inre·
976 1464 1154 1522 differentem
1178 1466 1431 1538 significat‚nobis
1460 1481 1577 1538 quoqne
1601 1481 1655 1524 nec
1681 1465 1820 1522 solitarius

77 1556 139 1626 nic,
168 1563 231 1612 erat
259 1562 364 1624 tamen,
389 1555 508 1626 quando
533 1554 568 1628 (i)
598 1559 767 1611 nouerant.
802 1550 830 1607 Si
855 1566 923 1622 ergo
979 1560 1092 1612 tantum
1117 1568 1169 1609 nec
1192 1555 1324 1611 diversus
1349 1564 1390 1612 est
1412 1555 1621 1625 conlitendns3
1651 1554 1770 1627 cognite
1787 1552 1820 1625 (7)

78 1644 254 1718 principium
291 1657 392 1700 eorum
422 1642 552 1700 invenire
584 1658 642 1699 non
677 1655 811 1713 possum,
847 1640 924 1712 quod
940 1616 960 1669 Β
979 1657 1030 1714 per
1049 1642 1089 1711 id,
1110 1642 1187 1715 quod
1210 1651 1336 1699 nostram
1361 1644 1516 1715 imaginem
1541 1643 1619 1712 dicit,
1635 1657 1695 1699 uon
1724 1641 1820 1714 imagi·

79 1741 191 1792 cenum
231 1740 274 1790 est
310 1733 417 1791 habere
456 1732 644 1804 principium,
684 1730 828 1802 quomodo
864 1743 925 1800 pos·
978 1746 1029 1788 nes
1055 1731 1284 1799 nostras,unius
1307 1732 1482 1803 inutraque
1510 1733 1549 1805 (8)
1577 1731 1754 1803 proprietate
1776 1743 1820 1788 ua·

79 1837 181 1882 sumus
209 1822 340 1880 invenire
373 1821 460 1880 Verbi
492 1821 677 1893 principium,
708 1833 724 1873 a
753 1833 814 1889 quc
842 1832 926 1874 amne
979 1827 1062 1878 turae.

79 1911 257 1985 principium
289 1924 347 1967 uon
384 1910 478 1967 solum
516 1916 728 1971 creaturarum,
758 1907 806 1963 sed
841 1907 927 1963 etiam
1368 1908 1431 1964 Xll.

80 2000 288 2074 cogitationum
311 1998 502 2057 nostrarum?
527 2001 602 2054 idem
625 2000 667 2054 De
688 1998 742 2068 fide
761 1997 798 2050 ad
817 1995 927 2050 Gratia·
981 1998 1060 2066 Quid
1086 1998 1117 2052 in
1144 1998 1280 2052 Trinitale
1303 1997 1373 2052 aller
1396 2001 1432 2051 sit
1453 2012 1523 2053 anus
1541 1996 1579 2069 (il)
1594 2013 1657 2053 cum
1680 1997 1774 2061 altero,
1801 1999 1823 2050 et

14 2086 18 2091 ’
80 2105 167 2145 num:
183 2089 246 2146 Nun
261 2088 339 2145 enim
356 2090 432 2145 inter
456 2089 564 2157 omnia,
581 2087 628 2143 sed
648 2083 846 2157 superomnia
862 2082 928 2152 Spi-
1348 2073 1453 2123 ⁶⁰²2&ss-

81 2178 155 2235 ritus
174 2185 358 2235 sanctusesl.
384 2179 467 2232 rtem:
493 2177 574 2244 Quod
602 2176 626 2231 si
649 2190 707 2231 non
730 2173 818 2230 servit
840 2170 927 2241 Spiri·
1017 2177 1140 2244 Hymnus
1173 2173 1372 2230 Ambrosianus
1403 2176 1440 2229 ud
1468 2179 1597 2230 tertium:
1623 2175 1710 2232 Nunc
1735 2181 1825 2231 sancte

82 2267 248 2332 tus,omnia
267 2272 363 2322 autem
388 2267 529 2334 serviunt,
544 2278 631 2334 super
655 2264 752 2319 omnia
775 2268 817 2317 est
840 2259 927 2331 Spiri·
983 2265 1067 2321 nuliis
1083 2263 1217 2333 Spiritus,
1233 2278 1311 2319 unus
1338 2264 1417 2320 Patri
1445 2278 1512 2320 cnm
1540 2263 1620 2320 Filio.
1651 2267 1825 2334 Hieronymus

83 2361 141 2422 tus,
170 2353 242 2424 quia
267 2368 324 2410 nou
350 2353 438 2410 servit
460 2353 535 2409 sicut
562 2352 670 2408 omnia.
697 2350 810 2407 Serrire
832 2357 930 2404 antem
983 2357 1013 2408 in
1028 2354 1155 2424 Epistola
1170 2352 1342 2419 oddatatas,
1362 2353 1409 2408 lib.
1434 2352 1477 2407 ll:
1505 2352 1647 2420 Quicum
1670 2352 1825 2410 seeundum

7 2490 11 2497 .
83 2441 183 2500 amnia
202 2441 549 2512 liquet‚sicutscriptum
569 2449 631 2496 est:
661 2442 793 2495 Universa
808 2439 931 2493 seruiunt
985 2432 1182 2498 naimonem
1207 2441 1243 2497 sit
1258 2441 1317 2511 ipse
1344 2456 1410 2498 cum
1437 2442 1529 2509 Patre,
1545 2441 1708 2503 secundum
1727 2440 1823 2496 media·

84 2528 136 2585 tibi
150 2528 234 2600 (Psal.
252 2528 457 2599 cuniuldus
475 2541 506 2584 os
522 2526 644 2598 Spiritus
670 2541 720 2598 per
749 2525 929 2596 propnetam.
985 2530 1056 2587 toris
1070 2529 1198 2586 olfielum
1215 2531 1288 2586 alius
1303 2531 1340 2588 ab
1359 2544 1392 2586 ea
1415 2529 1588 2601 intelligitur
1610 2528 1679 2601 (iti).
1706 2530 1823 2585 Hilarius

83 2618 161 2689 Ergo
174 2631 241 2676 cum
257 2617 393 2674 universa
409 2617 551 2682 serviunt,
568 2617 592 2672 si
607 2631 665 2672 nou
684 2616 772 2672 servit
796 2613 930 2685 Spiritus,
985 2622 1024 2674 He
1044 2620 1190 2685 Tunitate,
1206 2619 1253 2674 lib.
1284 2621 1305 2685 l,
1321 2619 1356 2674 de
1381 2621 1464 2675 Patre
1492 2619 1611 2690 loquens
1636 2626 1663 2674 et
1686 2617 1768 2675 Filio.
1795 2615 1825 2673 lit

83 2705 187 2778 utique
216 2707 291 2763 iuter
319 2706 457 2763 universa
492 2705 617 2776 Spiritus
647 2713 765 2761 sanctus
797 2708 930 2759 nonest.
968 2716 1078 2764 ‘unum
1096 2707 1150 2763 tide
1165 2706 1221 2778 (lt)
1237 2715 1335 2763 nostra
1350 2708 1385 2763 sit
1401 2715 1524 2778 uterque
1539 2722 1596 2763 nou
1608 2721 1696 2763 unus.

84 2796 173 2852 Item:
189 2795 292 2852 Omnia
308 2809 358 2866 per
375 2795 480 2851 Filium
509 2793 658 2865 Scriptura
683 2793 752 2850 dicit
779 2806 840 2849 esse
868 2804 933 2862 quae
1371 2829 1428 2885 ,UH

86 2885 255 2942 factasunt.
270 2884 342 2941 Cum
359 2882 616 2954 autemiactnslil
636 2897 693 2938 non
714 2882 850 2938 doceatur
869 2880 930 2948 Spi-
1371 2873 1382 2949 ζ
1435 2870 1443 2886 '
1531 2938 1536 2948 ,
1554 2939 1571 2950 ..

86 2974 162 3030 ritus
190 2981 319 3033 sanctus,
335 2975 438 3044 utique
457 2985 510 3027 uec
535 2972 610 3027 inter
632 2971 670 3040 (il)
694 2970 791 3025 omnia
815 2967 932 3038 probari
949 2951 970 3008 C
1086 2938 1163 3004 ΟΜ
1176 2941 1246 2993 Deus
1261 2940 1344 2994 Pam
1358 2943 1394 2992 ⁸²²
1406 2952 1490 2993 mm
1504 2937 1581 3004 Μ’
1593 2941 1619 2991 ‘t
1635 2941 1738 2992 mmm·

88 3069 187 3133 potest.
215 3063 286 3119 item
311 3061 451 3131 scriptum
481 3067 523 3116 est
545 3059 566 3130 (l
596 3061 656 3115 Cor.
684 3073 745 3124 vrri,
772 3057 821 3128 dl:
851 3056 933 3111 Nobis
1023 3062 1195 3130 Augustinus
1228 3063 1275 3117 tio.
1300 3063 1309 3115 l
1336 3078 1419 3131 saper
1449 3063 1581 3126 Genesim,
1606 3065 1703 3115 contra
1735 3061 1826 3116 caium·

88 3155 178 3208 autem
203 3167 273 3207 unas
301 3154 371 3205 neas
399 3152 491 3216 aanor,
506 3164 540 3202 aa
568 3164 620 3214 ouo
644 3149 736 3202 omnia
763 3152 788 3201 a
815 3161 862 3200 nos
883 3161 935 3215 aer
987 3152 1048 3206 ritas
1079 3150 1314 3207 Haaicnoorum:
1344 3148 1398 3216 Qui
1425 3148 1520 3204 dicit:
1553 3161 1645 3218 quare
1666 3149 1745 3205 nens
1771 3147 1826 3205 tecit

88 3240 486 3312 animumanimumum,
504 3253 554 3307 rer
574 3252 651 3306 quem
671 3238 762 3290 onnia
785 3240 810 3289 et
824 3250 872 3289 nos
885 3250 934 3304 ner
988 3239 1094 3295 coetum
1109 3246 1136 3294 et
1152 3239 1283 3294 terram?
1298 3237 1530 3308 respondendum
1552 3245 1594 3292 est
1618 3235 1671 3298 itti,
1692 3237 1762 3308 quia
1787 3250 1827 3293 ro

88 3329 189 3398 ipsum.
205 3329 277 3384 Cum
292 3327 381 3382 dicit:
401 3329 479 3381 iesus
491 3340 543 3394 per
565 3340 645 3396 quem
667 3327 768 3392 cannia,
785 3324 822 3380 ab
843 3323 933 3379 omni-

91 3416 146 3473 bus
170 3416 273 3487 utique
296 3416 408 3486 excepit
423 3414 471 3470 Dei
488 3413 605 3481 Filium,
620 3414 671 3484 qui
696 3413 809 3484 excepit
830 3420 857 3468 et
879 3411 933 3467 Pa-

90 3513 176 3562 trem.
193 3505 294 3575 ltaque
309 3505 361 3576 qui
380 3511 483 3574 putant
499 3502 641 3574 Spiritum
670 3503 744 3559 iuter
769 3501 866 3558 omnia
890 3501 936 3557 de·

88 3593 157 3651 bere
171 3593 331 3660 numerari,
348 3593 419 3663 quia
434 3592 530 3648 omnia
544 3591 644 3663 legunt
665 3589 740 3647 iacta
757 3604 807 3661 per
828 3589 934 3660 ipsum,

89 3683 177 3742 etiam
191 3681 298 3738 Filium
324 3682 399 3737 inter
420 3681 518 3737 omnia
544 3679 796 3737 adnumerandum
824 3685 935 3749 putent,

90 3771 162 3845 quia
173 3771 276 3845 legunt
293 3785 328 3828 ex
341 3771 398 3828 Deo
413 3771 521 3828 aurula.

493 3894 538 3950 xt.

94 4003 172 4071 Quod
187 4005 288 4061 diuinae
307 4018 429 4073 parona
443 4002 477 4058 ad
501 4003 615 4056 inculcem
629 4001 772 4070 differunt,
788 4006 813 4055 et
832 4007 936 4056 contra.

127 4131 298 4187 Athanasius
322 4131 353 4182 ia
375 4127 495 4197 sumbola
518 4126 585 4195 fidei
601 4145 611 4181 .·
643 4124 708 4181 Alis
739 4131 782 4180 est
815 4138 937 4195 persona

989 3328 1061 3399 luit;
1077 3326 1212 3383 voluntas
1231 3326 1307 3382 enim
1328 3327 1377 3381 Dei
1401 3332 1551 3383 causaest
1574 3324 1638 3381 coeli
1659 3332 1686 3380 et
1702 3330 1826 3392 terrram

988 3416 1051 3473 ideo
1074 3416 1167 3486 maior
1182 3429 1271 3486 quam
1286 3415 1390 3471 carlum
1411 3420 1438 3469 et
1454 3420 1540 3470 terra.
1558 3411 1613 3479 Qui
1630 3413 1825 3470 autemdicit:

990 3519 1082 3576 qnare
1096 3504 1213 3561 voluit?
1227 3503 1323 3574 majus
1337 3502 1449 3573 aliquid
1463 3501 1567 3572 quaerit
1582 3510 1725 3572 quamest
1740 3501 1830 3558 valun-

989 3602 1033 3651 tas
1056 3594 1106 3649 Dei
1124 3610 1132 3660 3
1148 3592 1219 3648 nihil
1246 3601 1342 3648 autem
1361 3591 1456 3662 majus
1479 3591 1605 3646 inveniri
1629 3598 1736 3661 potest.
1767 3590 1828 3645 lde·

990 3685 1020 3738 in
1056 3683 1124 3737 libra
1158 3680 1342 3746 Quaestionum
1378 3680 1517 3747 anxilii,
1556 3694 1615 3748 cap.
1652 3679 1717 3734 XXX
1743 3694 1750 3734 :
1783 3677 1828 3745 Qui

991 3771 1107 3843 quaerit,
1123 3784 1214 3842 quara
1232 3771 1308 3826 Deus
1322 3769 1417 3825 volarit
1431 3766 1575 3824 mundum
1598 3766 1702 3831 iacere,
1720 3779 1829 3824 causam

992 3860 1097 3931 quaerit
1124 3857 1285 3916 uoluntatis
1311 3857 1372 3914 Dei.
1399 3856 1452 3913 Sed
1481 3856 1576 3912 omnis
1602 3869 1692 3912 causa
1714 3856 1832 3913 efficiens

992 3955 1052 4016 est3
1070 3963 1154 4005 omne
1178 3955 1275 4004 autem
1300 3947 1428 4003 efficiens
1455 3946 1551 4017 majus
1573 3953 1624 4012 est,
1642 3960 1735 4017 quem
1765 3943 1834 4018 qnod

991 4037 1135 4104 sllicitum
1152 4037 1227 4092 nihil
1239 4044 1335 4092 autem
1347 4036 1442 4107 majus
1456 4034 1603 4090 voluntate
1618 4034 1685 4099 Dei;
1702 4049 1761 4091 non
1774 4047 1837 4109 argc

991 4124 1054 4196 eius
1072 4139 1161 4183 causa
1187 4124 1344 4195 querenda
1367 4122 1511 4179 esiliam
1536 4122 1701 4180 satiavit
1728 4125 1835 4192 contes-

93 4221 195 4288 Patris,
212 4219 269 4275 alia
291 4217 366 4285 Filii,
381 4217 438 4273 alia
466 4216 589 4287 Spiritus
616 4213 716 4270 sancti.
740 4216 829 4268 liam:
857 4216 978 4276 Pastori)
994 4215 1244 4284 sianum,ioqueus
1259 4214 1295 4267 ad
1318 4213 1428 4267 ileum:
1454 4211 1510 4268 Nec
1536 4213 1646 4283 cogeris
1668 4212 1783 4270 invitus
1806 4210 1840 4268 ad

93 4308 206 4367 anullo
219 4314 261 4364 est
272 4306 365 4363 iactus
379 4319 433 4361 nee
446 4312 561 4361 creatus
582 4317 635 4360 nec
658 4303 791 4374 genitus3
818 4303 907 4360 Filius
922 4319 939 4361 s
993 4302 1118 4374 aliquid,
1135 4303 1206 4373 quia
1221 4300 1356 4358 voluutas
1372 4309 1422 4356 tua
1445 4307 1560 4356 nonest
1576 4299 1668 4370 major
1685 4315 1777 4372 quern
1793 4313 1840 4372 po

92 4397 251 4457 Patrasalc
267 4404 319 4464 est,
336 4409 394 4452 non
409 4395 570 4451 iactusnec
589 4400 713 4460 creatus,
731 4393 780 4449 sed
806 4394 938 4463 genitus3
994 4392 1101 4461 tentia3
1117 4399 1190 4447 esset
1206 4397 1303 4447 autem
1321 4391 1424 4461 major,
1440 4388 1463 4445 si
1492 4396 1518 4445 te
1539 4389 1599 4459 ipso
1615 4396 1646 4445 tu
1666 4389 1728 4460 ipse
1752 4390 1842 4462 major

93 4487 220 4561 Spiritus
247 4491 365 4543 sanctus
392 4497 410 4540 a
434 4483 517 4540 Patre
545 4491 573 4540 et
588 4483 669 4551 Filio,
688 4496 745 4538 non
769 4480 862 4538 iacttrs
887 4496 940 4539 nec

95 4578 210 4649 genitus
224 4590 277 4632 nec
292 4582 417 4639 creatus,
429 4573 478 4630 sed
494 4573 657 4644 procedens.
672 4573 723 4627 Lea
735 4587 813 4641 papa
828 4571 860 4628 in
882 4587 940 4626 scr-

94 4682 172 4723 mone
195 4666 383 4722 Pentecasier:
404 4663 436 4719 ln
460 4661 600 4718 'trinitate
623 4661 724 4718 diviua
752 4660 824 4718 nihil
855 4660 940 4716 dissi·

95 4755 173 4824 mile,
188 4743 262 4813 ninii
278 4752 370 4823 impar
384 4760 435 4809 est.
466 4751 628 4806 Ambrosius
645 4749 678 4805 de
691 4749 744 4820 lide
768 4749 805 4803 ad
829 4749 939 4805 Gratia·

94 4861 171 4914 num,
187 4843 235 4898 lio.
253 4842 299 4899 ll:
318 4839 473 4912 Apostolus
486 4839 554 4896 dicit
571 4837 726 4910 imaginem
742 4835 834 4893 Patris
861 4837 941 4893 Chri-

93 4943 171 4995 stum
186 4945 258 5011 esso.
287 4929 377 4991 Arius
400 4927 469 4985 dicit
496 4942 557 4985 esse
582 4925 759 4996 dissimilem,
776 4933 804 4984 et
819 4925 892 4994 vult,
909 4933 940 4983 ut

129 5092 155 5164 (i
177 5088 275 5147 ‘Mona
291 5088 393 5157 ipsum.

139 5165 156 5218 a
183 5160 281 5218 Cous-r
296 5160 336 5215 in.

141 5236 156 5287 3
183 5231 282 5289 Cous:
297 5228 425 5285 credatis.

141 5304 158 5355 i
184 5304 283 5358 cona:
300 5316 370 5356 eam.

142 5373 157 5422 ii
184 5369 280 5428 Causa
297 5375 409 5427 erectus.

144 5440 160 5490 i
183 5437 281 5498 Conse
296 5457 343 5499 neo
357 5446 387 5497 ut
401 5443 481 5498 inter.

993 4493 1077 4536 esses.
1095 4480 1181 4534 liam:
1200 4480 1337 4535 Voluntas
1349 4486 1377 4534 ct
1392 4477 1517 4548 potentia
1545 4477 1594 4533 Dei
1623 4478 1699 4534 Deus
1716 4478 1777 4549 ipse
1790 4485 1840 4535 est.

994 4570 1030 4623 In
1057 4569 1126 4623 libro
1163 4567 1347 4633 Quaestionum
1374 4565 1513 4634 LlTXXlll,
1543 4582 1603 4636 cap.
1631 4567 1689 4633 vti,
1715 4568 1753 4624 de
1777 4566 1843 4623 titia

994 4658 1044 4714 Dei
1060 4657 1202 4714 disserens
1215 4656 1276 4713 ait:
1311 4657 1387 4712 [leus
1413 4655 1543 4711 omnium
1572 4669 1638 4726 quae
1667 4663 1737 4712 sunt
1758 4669 1843 4713 causa

993 4755 1045 4803 est.
1074 4746 1155 4813 Quod
1179 4752 1276 4801 autem
1306 4744 1437 4801 omniurn
1467 4756 1555 4799 causa
1577 4751 1630 4810 est,
1645 4752 1673 4800 et
1697 4743 1845 4816 sapientiae

994 4850 1055 4893 sure
1070 4842 1226 4901 causaest,
1241 4847 1440 4904 necunquam
1455 4834 1531 4889 Deus
1552 4833 1614 4889 sine
1633 4834 1779 4905 sapientia
1792 4848 1841 4891 sun

993 4925 1057 4982 init.
1088 4923 1142 4993 Qui
1173 4924 1264 4995 igitur
1291 4921 1470 4993 sempiternas
1504 4921 1653 4992 sapientia
1683 4936 1775 4980 causa
1804 4931 1843 4979 est

1042 5088 1057 5136 l
1085 5103 1099 5133 u
1115 5082 1230 5150 Cognita
1244 5111 1278 5120 -
1291 5084 1398 5136 natura
1414 5101 1428 5132 n
1445 5080 1549 5137 destrui
1565 5080 1644 5151 apud
1658 5080 1746 5138 Cous.

1041 5156 1057 5207 8
1085 5153 1343 5219 truncatamque.

1041 5228 1056 5279 9
1083 5225 1180 5282 Cous:
1197 5224 1274 5279 deest
1287 5238 1368 5278 anus.

1045 5296 1086 5366 to)
1103 5295 1189 5350 Mum:
1207 5295 1337 5363 intellige.

1042 5368 1086 5435 li)
1102 5366 1189 5423 Mons
1205 5364 1284 5435 fides.
