3804 5962
138 127 190 186 tit

456 123 560 182 PETRI
576 120 767 181 Aliensem
785 119 864 182 dir.
880 123 972 183 PARS
990 122 1027 180 ll.
1046 124 1229 184 SERMONES
1247 125 1290 183 ΕΤ
1309 124 1429 183 OPUSC.
1448 124 1567 183 ASCET.

1832 123 1883 176 tlt

136 252 321 326 cupiscentie
348 263 520 307 consensum
546 249 664 317 incidat,
686 249 747 319 ium
768 251 915 307 meditatus
943 257 982 307 est
997 250 1023 305 A
1036 252 1127 307 Deum
1142 251 1264 308 Patrem.
1281 253 1310 308 et
1338 249 1493 308 Dominum
1520 250 1618 306 lesum
1634 247 1792 315 Christum,
1807 247 1883 304 vide·

136 347 166 399 in
180 341 260 399 corate
274 355 323 396 suo
339 338 448 411 (llcttt.
468 354 495 404 v,
512 338 568 410 28),
584 338 637 394 etsi
660 352 718 394 non
727 337 889 397 mechatus
901 340 937 398 sit
953 341 984 398 in

135 446 240 503 opere;
256 430 310 486 hoc
341 435 393 495 est,
408 427 468 500 jam
485 426 596 498 peccati
615 434 728 484 reatum
744 427 840 496 habet,
865 430 917 485 etsi
935 430 985 486 ad-

137 518 409 578 huceiieetncaret.

173 607 232 665 Etsi
258 606 411 676 diligenter
437 592 664 672 consideremus,
690 605 861 676 ubicunque
896 619 983 676 opera

137 698 191 756 sub
207 701 348 768 precepto
376 691 421 748 vel
450 691 644 763 prohibitione
671 694 805 750 concludi
832 694 982 762 videntur,

138 785 232 858 magis
250 783 310 839 baec
338 781 373 837 ad
389 781 567 838 voluntatem
595 780 639 837 vel
664 795 836 838 consensum
863 796 983 854 operum

139 888 229 948 qnam
243 871 279 928 ad
296 871 344 943 ipa
359 884 444 941 opera
458 870 607 927 relerenda
622 876 704 926 sunt:
728 869 870 941 alioquin,
895 870 982 927 nihil·

138 963 215 1035 qnod
232 961 267 1018 ad
294 958 430 1016 meritum
453 959 603 1029 pertineat,
627 958 682 1016 sub
715 966 854 1029 precepto
869 973 984 1030 ponere

139 1061 198 1123 tnr3
213 1058 241 1108 ot
254 1057 333 1107 tanto
348 1049 447 1106 urinus
462 1048 652 1119 preceptione
667 1054 735 1103 sunt
758 1047 858 1118 digna,
874 1055 983 1119 quanto

138 1139 237 1196 minus
255 1137 286 1194 iu
307 1144 405 1195 nostra
428 1144 566 1207 potestate
598 1142 666 1193 sunt
694 1136 859 1194 constituta.
892 1137 984 1194 llulta

1039 353 1103 396 mus
1124 346 1151 395 et
1172 340 1277 396 tudam
1305 340 1490 411 proditorem.
1512 339 1599 395 Facta
1614 338 1721 409 quippe
1736 344 1778 393 est
1794 350 1810 392 a
1829 337 1883 393 heo

1039 428 1121 486 Patre
1137 429 1251 486 traditio
1266 428 1338 498 Filii,
1363 428 1437 485 lacta
1451 435 1492 484 est
1502 435 1530 484 et
1544 441 1561 482 a
1575 427 1660 495 Fili0;
1688 425 1763 482 lacta
1788 432 1830 482 est
1857 433 1883 482 ει

1039 517 1220 587 aproditure
1248 516 1315 575 illo:
1340 532 1405 574 cnm
1430 523 1457 573 et
1488 520 1571 572 Pater
1597 517 1696 570 Filium
1716 514 1836 569 tradidit
1861 519 1883 569 et

1037 607 1124 661 Filius
1139 621 1167 661 sc
1180 609 1270 677 ipsum
1287 606 1374 678 (Rern.
1395 621 1456 676 vin,
1473 607 1521 672 323
1550 605 1613 659 Gut.
1631 620 1660 672 rt,
1676 602 1734 673 it),
1755 610 1788 659 ut
1809 606 1882 672 Apo-

1038 694 1128 750 stolus
1157 694 1307 766 meminit3
1332 702 1359 751 ει
1384 694 1475 751 indas
1502 694 1680 764 Magistrum.
1715 689 1790 746 l'ecit
1816 703 1882 761 ergo

1039 783 1167 852 proditor
1180 783 1257 853 quod
1270 790 1297 838 et
1311 785 1404 850 Deus;
1436 781 1484 838 sed
1500 780 1636 851 nunquid
1651 779 1697 836 ille
1711 778 1783 835 bane
1798 777 1883 834 lecit?

1037 870 1101 928 Nan
1116 871 1169 927 etsi
1184 870 1292 928 bonum
1321 886 1379 928 non
1394 870 1496 940 utique
1516 867 1658 938 benerei
1677 867 1755 938 quod
1770 866 1796 923 ei
1818 880 1882 937 pru-

1039 958 1119 1015 desse
1138 959 1279 1017 debuerit.
1300 960 1361 1016 Non
1373 960 1531 1030 enim0quae
1546 957 1629 1019 irunt,
1646 957 1694 1013 sed
1717 970 1776 1027 quo
1790 955 1884 1013 animo

1039 1045 1111 1104 fiant
1126 1056 1227 1118 pensat
1243 1049 1336 1119 Deus;
1363 1062 1416 1104 noc
1435 1047 1465 1103 in
1493 1061 1589 1117 opere,
1605 1045 1654 1102 scd
1676 1045 1706 1099 in
1729 1045 1884 1101 intentione

1040 1137 1174 1200 meritum
1194 1137 1349 1208 operantis,
1375 1136 1419 1192 vel
1440 1135 1503 1192 laus
1517 1134 1655 1192 consistit.
1685 1133 1762 1203 Sepe
1775 1132 1883 1204 quippe

138 1228 247 1300 quippe
261 1225 491 1297 sunt,aquihns
514 1225 628 1296 operari
653 1226 852 1296 prohibemur,
880 1227 981 1283 volun·
1039 1224 1143 1282 idema
1161 1225 1282 1283 diversis
1307 1224 1424 1297 agitur:
1445 1239 1495 1296 per
1512 1223 1654 1294 justitiam
1669 1223 1758 1278 unius
1783 1229 1811 1277 ct
1837 1234 1885 1291 per

139 1325 227 1374 tatem
241 1331 310 1373 vero
330 1320 479 1385 sculperet
494 1328 667 1370 consensum
679 1313 708 1369 in
728 1324 825 1372 nostro
844 1316 984 1373 habemus
1040 1314 1201 1384 nequitiam
1232 1314 1369 1384 alterius3
1386 1319 1418 1370 ut
1432 1313 1456 1368 si
1477 1326 1570 1368 unum
1586 1325 1668 1367 reum
1688 1310 1745 1366 dun
1765 1323 1881 1379 snspen-

139 1406 269 1463 arbitrio.
296 1406 366 1461 Ecce
385 1403 522 1459 Dominus
546 1403 605 1458 ait:
631 1404 904 1462 duodeuicesima
929 1405 982 1472 sat·
1040 1402 1120 1469 dant,
1139 1402 1186 1458 ille
1213 1402 1328 1473 quidem
1353 1401 1413 1457 zelo
1434 1401 1564 1472 justitie,
1594 1398 1642 1455 hic
1666 1399 1794 1469 antique
1820 1397 1882 1453 odio

138 1494 398 1552 scetestimonium
426 1492 498 1547 dices
525 1491 661 1562 (Dente,
682 1495 725 1559 li,
750 1492 892 1565 ibbone
911 1495 984 1550 side
1041 1490 1260 1561 inimicitie3et
1286 1505 1354 1547 cum
1385 1490 1421 1546 sit
1453 1489 1651 1560 suspensionis
1674 1489 1773 1543 eadem
1800 1487 1883 1553 actio,

138 1582 303 1654 operatione
329 1589 452 1648 tantum,
479 1587 512 1636 ιιι
526 1580 616 1636 rerba
648 1589 760 1650 sonant,
798 1584 983 1653 accipiamus,
1002 1587 1023 1641 lt
1040 1588 1067 1636 et
1086 1581 1188 1652 ntique
1210 1578 1358 1650 [uterque]
1381 1579 1457 1649 quod
1473 1578 1581 1634 bonum
1597 1585 1639 1633 εει
1662 1576 1724 1632 iteri
1753 1584 1780 1631 et
1809 1575 1883 1646 quod

138 1685 327 1744 nequaquam
343 1677 439 1727 reatus
455 1667 638 1725 interdicitur
653 1684 706 1726 nec
720 1670 806 1741 culpa
821 1671 862 1726 sic
885 1672 982 1742 probi·
1035 1669 1150 1741 justitia
1165 1668 1257 1739 erigit
1272 1675 1371 1738 agant,
1395 1680 1445 1738 per
1460 1666 1654 1723 diversitatem
1681 1674 1777 1722 tamen
1792 1665 1881 1721 inten-

137 1761 232 1830 betur,
257 1760 306 1816 sed
321 1759 395 1815 actio
422 1757 523 1827 cnlpae.
541 1755 605 1813 Non
628 1758 706 1813 enim
734 1758 882 1815 hominem
909 1760 981 1815 occi·
1038 1755 1123 1814 tionis
1150 1756 1257 1813 idema
1284 1756 1462 1823 diversissrt,
1492 1757 1528 1812 ab
1549 1770 1607 1812 uno
1633 1755 1717 1822 male,
1744 1754 1781 1810 ab
1798 1753 1883 1810 altem

138 1850 205 1907 dere
223 1854 372 1920 peccatum
387 1852 438 1912 cst,
453 1860 506 1902 nec
516 1845 707 1903 concumbere
721 1861 786 1902 cum
803 1847 898 1903 aliena
913 1862 983 1903 uxo·
1039 1844 1121 1903 bene.
1233 1834 1235 1839 ⁴

138 1953 178 2007 re,
199 1950 264 2009 qne
277 1948 491 2006 nonnunquam
515 1935 625 2006 absque
641 1943 754 2004 peccato
769 1935 909 1992 committi
921 1950 982 2006 pos·
1072 1934 1144 2000 Quis
1167 1933 1292 2005 denique
1310 1935 1404 2005 ipsum
1420 1933 1569 1990 diabolum
1593 1932 1666 1989 nibil
1681 1932 1773 1988 lacere
1795 1932 1879 2002 igno·

138 2034 207 2084 sunt
221 2040 315 2097 neque
329 2024 408 2081 euim
434 2022 489 2091 ille,
506 2024 559 2095 qui
573 2022 681 2080 laisum
702 2023 902 2081 testimonium
922 2024 985 2080 vult
1037 2032 1089 2090 ret,
1111 2023 1168 2079 nisi
1194 2023 1299 2094 quoda
1328 2024 1386 2080 Deo
1401 2022 1494 2079 lacere
1524 2022 1713 2092 permittitur,
1743 2036 1811 2078 eum
1841 2017 1882 2076 rel

138 2117 233 2173 dicere
258 2114 305 2171 vel
328 2114 416 2170 etiam
436 2113 467 2169 iu
494 2111 616 2187 dicendo
649 2113 799 2179 consentit,
829 2112 983 2170 dnmmodo
1036 2112 1170 2183 iniquum
1187 2112 1271 2182 punit
1292 2126 1344 2182 pro
1359 2111 1468 2168 meritis
1476 2126 1485 2182 ;
1503 2111 1558 2179 rel,
1578 2110 1614 2166 ad
1630 2111 1833 2181 purgationem
1845 2108 1883 2165 rel

138 2204 208 2260 illud
224 2217 283 2259 non
299 2202 375 2258 dicat
403 2215 581 2273 quacunque
596 2200 630 2257 de
652 2214 741 2257 causa
757 2202 887 2269 reticens,
917 2214 983 2257 reus
1037 2202 1202 2272 exemplum
1224 2201 1380 2271 patientie,
1405 2201 1517 2271 justum
1549 2199 1677 2269 aliquem
1706 2198 1883 2267 permittitur

136 2292 208 2363 legis
234 2291 369 2358 eflicitur,
398 2290 421 2345 si
451 2289 606 2359 prohibitio
631 2288 799 2360 huiusmodi
824 2289 859 2345 de
887 2303 980 2360 opere,
1036 2289 1187 2361 ailligerei
1203 2289 1256 2345 Sed
1275 2288 1344 2360 qnia
1368 2288 1485 2360 idquod
1501 2301 1660 2359 agereeum
1677 2288 1753 2342 Deus
1767 2287 1881 2355 permit·

110 2378 114 2383 '
138 2379 213 2435 sicut
235 2378 325 2435 verbs
354 2385 466 2445 sonant,
489 2377 659 2447 accipiatur.
682 2378 747 2435 Non
775 2377 982 2434 enimdictnnr
1035 2378 1079 2445 tit,
1105 2378 1236 2449 nequitia
1250 2392 1304 2434 sua
1319 2377 1486 2434 stimulante
1507 2377 1576 2444 agit,
1606 2377 1645 2431 sic
1675 2382 1798 2445 potestas
1823 2377 1883 2445 ejus

136 2474 226 2525 estut
249 2481 309 2523 non
322 2466 447 2523 velimus
477 2465 584 2521 laisum
600 2465 802 2524 testimouium
825 2467 920 2523 dicere
936 2466 983 2523 vel
1035 2466 1232 2523 benedicitur
1247 2466 1291 2522 vel
1307 2467 1392 2522 etiam
1414 2465 1554 2536 instent
1577 2464 1712 2521 voluntas
1731 2465 1794 2534 ejus
1813 2477 1881 2519 seur·

136 2570 172 2613 ne
196 2557 228 2612 in
255 2556 375 2612 dicendo
404 2555 630 2621 consentiamus,
661 2555 709 2611 sed
737 2556 919 2612 solummodo
946 2571 982 2612 ne
1036 2569 1085 2625 per
1098 2556 1134 2610 sit
1150 2554 1267 2626 injusta.
1299 2556 1378 2611 lianc
1392 2543 1574 2610 enimallco‘
1586 2553 1699 2623 accipit,
1726 2552 1882 2608 illamase

136 2644 276 2701 dicamus.
293 2647 351 2700 llut
365 2658 432 2700 cunt
449 2641 495 2699 lex
522 2643 655 2712 prohibet
677 2657 713 2699 ne
735 2657 849 2700 sorores
869 2652 982 2701 nostras
1036 2643 1131 2700 habel.
1145 2642 1216 2710 Quis
1242 2644 1329 2700 eliam
1343 2643 1509 2710 electorum,
1528 2643 1557 2697 iu
1584 2642 1629 2698 bis
1648 2655 1715 2712 qne
1740 2641 1776 2696 ad
1797 2654 1880 2711 opert

136 2735 279 2792 ducamus
300 2732 402 2790 veleis
421 2732 979 2804 permisceamur,nemoqnihocprae·
1035 2733 1189 2802 pertinent,
1205 2731 1364 2803 hypocritis
1387 2738 1479 2801 potest
1499 2730 1673 2800 adequari?
1703 2731 1772 2794 Quis
1802 2736 1881 2784 tants

135 2831 251 2894 ceptum
287 2835 402 2879 servare
440 2822 539 2892 possit,
569 2835 636 2877 cnm
664 2836 747 2878 nemo
778 2836 888 2879 sorores
911 2837 980 2879 suas
1034 2819 1158 2876 sustinet
1179 2819 1223 2876 vel
1238 2819 1298 2892 agit
1323 2834 1420 2875 amore
1448 2819 1636 2889 [ieiunante
1659 2816 1700 2873 illi
1724 2817 1881 2888 cupiditate

134 2923 336 2982 recognoscere
351 2915 459 2979 queat:
483 2920 578 2973 nemo,
600 2907 722 2978 inquam
738 2909 762 2964 si
789 2908 823 2964 de
839 2917 905 2965 actu
930 2924 978 2980 po·
996 2906 1017 2962 C
1035 2908 1170 2965 humane
1182 2908 1297 2964 laudisi
1311 2907 1381 2975 Quis
1396 2908 1522 2979 deniqne
1538 2907 1648 2963 nesciat
1668 2919 1880 2976 nonnunquam

133 2995 676 3069 tiusqnamdeconsensuprohibitio
698 2996 756 3052 hat.
779 2996 851 3054 Cum
881 2998 980 3068 itaque
1034 3011 1150 3067 eaquae
1178 2997 1399 3067 Deusprohibet
1420 2996 1583 3055 heri.recte
1603 2996 1665 3067 geri
1701 2994 1745 3050 vel
1761 3008 1821 3051 esse
1842 2994 1881 3050 la·

134 3086 277 3142 acciditut
287 3083 355 3155 quis
370 3098 421 3154 per
435 3084 631 3155 ignorantiam
646 3082 733 3140 ducat
744 3098 870 3141 sororem
883 3098 978 3153 suam,

132 3174 269 3245 nunquid
293 3180 486 3243 transgressor
501 3172 633 3242 precepti
649 3180 691 3228 est
712 3171 783 3243 quia
814 3172 882 3229 tacit
901 3173 979 3243 quod

134 3260 285 3317 lacerclex
313 3258 559 3330 prohibuitiNnn
588 3266 639 3328 est,
665 3261 791 3332 inquies,
819 3268 978 3332 transgres-

133 3363 191 3416 sor,
207 3349 279 3420 quia
313 3348 536 3421 transgressioni
551 3363 608 3404 non
632 3349 777 3406 consensit
799 3350 829 3405 in
853 3364 885 3406 eo
901 3350 978 3420 quod

132 3437 299 3508 ignoranter
325 3438 394 3508 egit.
427 3436 506 3493 Sicut
525 3451 594 3509 ergo
624 3444 817 3509 transgressor
849 3453 908 3495 nun
937 3445 978 3495 est

131 3524 282 3594 dicendus,
305 3527 355 3596 qui
380 3526 448 3582 lacit
463 3525 540 3597 quod
566 3525 745 3597 prohibetur,
766 3527 814 3583 sed
839 3527 890 3597 qni
910 3542 978 3584 con·

131 3614 217 3670 sentit
242 3613 272 3669 in
302 3613 355 3669 hoc
380 3613 458 3685 quod
479 3620 590 3670 constat
616 3628 677 3670 esse
707 3613 906 3683 prohibitum:
938 3617 979 3671 ita

130 3717 184 3760 nec
211 3702 366 3774 prohibitio
394 3703 429 3758 de
447 3717 542 3772 opere,
560 3703 608 3759 sed
631 3703 665 3759 de
684 3711 824 3759 consensu
843 3711 885 3759 est
906 3705 978 3760 acci·

1035 3085 1153 3142 cienda:
1170 3086 1245 3142 sicut
1264 3100 1279 3141 e
1302 3085 1446 3141 contrario
1459 3085 1600 3140 nonnulla
1615 3083 1792 3156 quandoque
1808 3098 1882 3154 pre-

1035 3174 1113 3245 cipit,
1129 3189 1195 3246 que
1212 3181 1309 3230 tamen
1325 3174 1386 3230 steri
1403 3173 1518 3230 minime
1532 3171 1692 3230 convenit?
1714 3173 1786 3229 Ecce
1806 3173 1884 3228 euim

1034 3263 1176 3319 nonnulla
1192 3262 1329 3319 novimus
1340 3263 1403 3332 ejus
1417 3262 1567 3330 miracula,
1591 3262 1780 3332 quibuscum
1800 3259 1879 3315 inirr-

1033 3353 1147 3408 niitates
1160 3351 1316 3421 curaverit,
1333 3352 1456 3409 revelari
1483 3351 1643 3424 prohibuit,
1659 3349 1695 3406 ed
1715 3348 1882 3418 exemplum

1032 3440 1141 3498 scilicet
1169 3440 1354 3507 humilitatis,
1393 3456 1428 3497 ne
1458 3442 1525 3512 quis
1553 3440 1625 3497 lortc
1650 3438 1683 3495 de
1706 3438 1800 3509 gratia
1826 3435 1882 3492 sibi

1033 3531 1138 3587 collata
1152 3529 1238 3586 simili
1258 3529 1379 3601 gloriam
1406 3537 1560 3600 appeteret.
1578 3528 1636 3585 Nec
1669 3533 1765 3582 tamen
1785 3525 1883 3580 minus

1034 3619 1075 3675 illi
1091 3619 1142 3691 qui
1162 3618 1300 3675 beneticia
1316 3619 1364 3675 illa
1384 3625 1579 3688 susceperant,
1594 3616 1744 3688 publicare
1761 3614 1810 3670 illa
1822 3628 1881 3669 ces·

1032 3708 1146 3777 sabant,
1162 3708 1198 3764 ad
1220 3708 1356 3764 honorem
1383 3707 1490 3764 scilicet
1513 3709 1585 3779 ejus,
1598 3706 1648 3777 qui
1670 3713 1697 3761 ει
1713 3704 1762 3760 illa
1777 3703 1882 3760 lecerat

130 3791 246 3862 pienda,
274 3800 306 3847 ut
334 3791 466 3847 videlicet
481 3806 547 3847 curn
568 3791 691 3848 dicitnr:
712 3793 752 3848 Ne
765 3794 852 3859 socios
867 3791 915 3847 boc
935 3795 978 3848 vet
1031 3806 1059 3855 et
1083 3796 1206 3855 revelari
1226 3796 1425 3871 prohibuerat,
1445 3796 1479 3852 de
1503 3795 1642 3867 qualibus
1663 3794 1881 3864 scriptumest:

129 3881 211 3948 iliud,
228 3881 284 3937 tale
315 3882 370 3937 sil:
386 3883 424 3938 Nc
439 3883 635 3935 consentiasirt
664 3881 721 3946 boc,
737 3883 778 3936 bet
800 3881 847 3935 ttto
874 3882 975 3949 [ocien-
1032 3887 1139 3954 Quanto
1154 3890 1191 3941 ees
1217 3886 1395 3956 precipiebat
1411 3901 1445 3940 ne
1461 3885 1591 3951 dicerent,
1624 3888 1699 3937 tanto
1716 3883 1782 3953 plus
1806 3896 1878 3951 pre·

129 3968 174 4037 do;
199 3983 233 4025 ac
258 3968 283 4026 si
302 3969 435 4026 dicatur:
463 3971 502 4026 Ne
512 3971 626 4023 scienter
648 3969 695 4024 boc
720 3985 880 4038 presumas.
896 3968 977 4036 Quod
1031 3976 1171 4044 dicabunt,
1192 3982 1246 4031 etc.
1260 3974 1400 4044 Nunquid
1417 3973 1487 4030 tales
1501 3987 1565 4030 reos
1584 3970 1823 4044 transgressionis
1836 3970 1882 4040 jn·

106 4065 156 4115 ‘et
175 4057 277 4115 beatus
302 4058 454 4130 diligenter
478 4057 663 4114 considerans
691 4058 873 4128 Augustinus
892 4073 977 4115 omne
1031 4063 1150 4132 dicebis,
1185 4063 1237 4134 qui
1261 4069 1361 4119 contra
1401 4070 1575 4133 preceptum
1597 4060 1675 4132 quod
1711 4065 1883 4130 acceperant

129 4154 279 4219 peccatum
297 4146 343 4203 vel
357 4145 581 4217 prohibitionem
596 4147 632 4202 ad
653 4146 833 4213 charitatem,
853 4161 905 4204 seu
925 4162 974 4204 cn·
1029 4160 1152 4223 egerunt
1167 4159 1255 4223 atque
1280 4151 1335 4208 hoc
1348 4151 1436 4208 etiarn
1454 4150 1594 4208 scienter?
1620 4148 1690 4216 Quis
1717 4162 1764 4204 eos
1791 4160 1880 4203 excu-

129 4235 278 4305 piditatem
298 4235 406 4304 potius,
441 4248 531 4305 quam
554 4234 591 4290 ad
620 4248 707 4304 opera
743 4236 886 4292 reducens
914 4236 972 4293 ait:
990 4253 1013 4309 ι)
1030 4248 1072 4297 set
1092 4254 1110 4296 a
1139 4240 1375 4312 transgressione,
1401 4240 1460 4296 nisi
1490 4239 1559 4311 quia
1583 4237 1656 4294 nihil
1686 4242 1809 4308 egerunt
1828 4249 1882 4306 per

128 4323 206 4381 ltilit
220 4324 346 4393 precipit
372 4324 426 4391 tes,
448 4325 503 4378 nisi
529 4325 690 4379 charitatem
704 4327 730 4377 et
743 4323 812 4378 nibil
838 4325 973 4394 probibet,

126 4412 183 4466 atsi
206 4411 394 4480 cupiditatem.
429 4411 509 4468 Unde
535 4419 563 4467 ct
591 4410 764 4482 Apostolus:
799 4412 893 4469 Omrtis
916 4414 970 4482 tex,

128 4500 234 4572 inquit,
272 4501 301 4555 in
332 4515 385 4555 utto
414 4516 535 4556 sermone
549 4502 717 4571 completur:
751 4502 853 4569 Diliges
877 4503 971 4572 proei-

1029 4336 1225 4399 contemptum
1251 4328 1455 4399 precipientis,
1470 4327 1548 4399 quod
1563 4326 1598 4382 ad
1623 4326 1760 4382 honorem
1784 4324 1879 4394 ipsius

1030 4418 1121 4474 lacere
1136 4416 1349 4474 decreverunt?
1370 4418 1431 4484 llic,
1449 4417 1577 4483 obsecro,
1593 4416 1617 4471 si
1637 4413 1773 4486 precepit
1795 4412 1876 4469 Chri·

1029 4513 1090 4563 stus
1106 4506 1184 4577 quud
1214 4505 1441 4576 preripiendum
1455 4519 1512 4562 non
1527 4505 1590 4573 init,
1615 4511 1665 4560 aut
1681 4504 1704 4559 sl
1729 4502 1768 4558 illi
1793 4501 1876 4558 dirui·

127 4605 201 4646 mam
217 4593 293 4644 tuum
307 4593 378 4644 sicut
398 4595 422 4644 le
435 4592 525 4660 ipsum
557 4590 644 4661 (Rom.
661 4604 722 4657 xm,
739 4593 766 4658 8,
785 4590 838 4662 ln).
859 4591 894 4647 Et
908 4605 971 4648 rur·

126 4693 213 4736 sum:
230 4679 371 4734 Plenitudo
388 4680 455 4749 tegis
470 4685 510 4735 cst
528 4678 637 4734 ditectio
652 4679 751 4750 (ibid).
768 4680 845 4737 Nihil
866 4680 974 4751 quippe

127 4766 164 4823 ad
186 4768 323 4824 meritum
351 4767 436 4825 relert
469 4775 570 4825 utrum
594 4768 802 4840 eleemosynam
831 4769 974 4841 indigenti
1028 4771 1180 4828 accusabis
1200 4771 1364 4840 Dominum,
1393 4772 1440 4827 cui
1464 4772 1591 4842 primum
1606 4767 1739 4840 precepit
1767 4768 1803 4825 de
1824 4770 1875 4823 im-

126 4857 240 4914 tribuas
263 4864 292 4913 et
328 4864 355 4914 ιε
379 4865 513 4928 paratum
534 4856 661 4914 tribuere
677 4858 804 4914 charitas
822 4857 925 4928 taciat3
946 4864 974 4915 et
1028 4861 1163 4917 motando
1180 4859 1248 4925 filio,
1265 4859 1343 4931 quod
1360 4859 1539 4928 postmodum
1565 4860 1624 4927 ipsc
1640 4856 1778 4913 inhibuit.
1796 4855 1876 4911 Nun·

127 4954 230 5015 presto
246 4946 283 5002 sit
311 4946 456 5015 voluntas,
477 4960 544 5003 cnm
565 4947 638 5003 desit
660 4946 801 5014 tacultas;
817 4960 870 5003 nec
894 4946 923 5002 in
947 4953 974 5003 te
1028 4949 1100 5020 quid
1116 4963 1173 5005 non
1189 4948 1260 5004 bene
1272 4948 1404 5019 precepit
1417 4948 1495 5004 Dens
1514 4947 1541 5003 id
1557 4945 1618 5002 beri
1646 4945 1723 5016 qnod
1741 4959 1799 5000 non
1814 4951 1876 5000 erat

125 5042 275 5091 remaneat
294 5034 386 5091 iacere
407 5036 484 5106 quod
502 5043 590 5105 potes,
605 5049 785 5107 quocunque
813 5034 970 5106 prepedia·
1027 5037 1137 5095 bonnm
1154 5035 1239 5092 ileri‘t
1262 5034 1381 5092 sienim
1397 5036 1517 5102 bonum,
1535 5032 1677 5104 quomodo
1693 5040 1792 5103 postea
1808 5046 1870 5103 pro-

127 5118 169 5176 ris
192 5134 271 5177 casu.
309 5123 425 5181 Constat
444 5124 552 5195 quippe
570 5138 658 5195 opera
677 5138 743 5195 que
758 5122 820 5180 fleri
839 5123 973 5180 convenit
1027 5125 1176 5183 hibitum‘t
1192 5124 1221 5181 Si
1240 5131 1338 5181 autem
1362 5123 1436 5181 idem
1454 5132 1481 5180 et
1496 5122 1605 5179 bonurn
1629 5120 1685 5178 luit
1707 5121 1868 5192 precipiet

1028 4601 1128 4651 serunt
1164 4594 1241 4665 quud
1264 4594 1421 4650 tenendum
1443 4593 1507 4650 init.
1528 4594 1594 4650 Fuit
1608 4592 1717 4649 bonum
1744 4590 1877 4664 precipi,

1029 4682 1106 4754 qnod
1120 4696 1179 4738 non
1203 4681 1258 4738 luit
1285 4682 1392 4738 bonum
1411 4681 1481 4739 lteri.
1508 4681 1613 4753 Utique
1625 4688 1652 4738 et
1681 4681 1710 4738 in
1727 4680 1876 4736 Abraham

127 5208 312 5306 autlminime
333 5225 416 5282 eque
430 5225 447 5267 a
466 5212 550 5269 bonis
566 5213 673 5270 sicnta
696 5212 781 5270 malis
803 5212 973 5270 hominibus
1027 5215 1138 5273 bonum
1152 5213 1372 5285 prohiberilnec
1386 5212 1466 5269 enirn
1481 5212 1644 5284 quidquam
1666 5210 1777 5281 absque
1788 5211 1874 5267 ratio·

127 5308 288 5367 ger1,quos
305 5297 425 5357 intentio
445 5300 507 5358 sola
534 5308 655 5374 separat.
680 5301 838 5361 incudem
861 5302 971 5375 qnippe
1026 5302 1118 5361 habili
1132 5317 1223 5361 causa
1249 5305 1325 5363 Deus
1353 5301 1505 5375 permittit,
1528 5301 1636 5358 nedum
1654 5300 1731 5372 [dod.
1747 5299 1873 5357 necdum

126 5382 210 5459 tatto,
223 5392 257 5444 ut
275 5386 430 5457 predictus
441 5387 541 5448 doctor
559 5390 703 5450 meminit.
714 5389 746 5451 in
762 5405 821 5464 qno
834 5390 969 5452 videmus
1026 5391 1118 5452 lacera
1132 5392 1282 5462 consentit)
1297 5391 1378 5452 rides
1398 5389 1470 5465 qnia
1492 5389 1553 5449 sola
1577 5389 1698 5449 intentio
1725 5388 1872 5461 precepti,
