3804 5962
139 195 205 253 tttt
403 193 506 251 PETRI
524 191 805 266 subsannante.
825 191 916 250 rhus
934 192 983 249 lll.
997 219 1034 235 -·
1053 195 1097 251 ΤΗ
1105 195 1279 254 hotoutcn
1297 198 1342 256 tir
1360 198 1626 260 Pultosoetttch.
1835 213 1896 265 l'ilt

130 315 217 387 plane
230 316 421 389 praellicatur,
432 314 707 387 cumputechaetera
730 316 765 372 dc
778 331 811 374 eo
837 318 977 387 scriptum
993 316 1017 371 Α
1033 319 1119 373 Filius
1143 323 1203 386 liei,
1228 324 1359 393 suscipiet
1374 338 1433 378 eum
1458 331 1483 381 et
1494 328 1635 388 ,liberabit
1665 330 1701 386 ric
1716 348 1811 388 manu
1834 351 1890 390 con-

131 407 169 463 sit
185 405 216 463 in
229 405 376 477 Sapientia
390 404 453 460 sic:
480 404 589 460 Omnem
611 405 713 460 babens
735 408 864 461 virtutem
888 407 979 460 carnia
1035 411 1183 463 tremorum
1203 409 1279 480 (Sap.
1296 426 1326 477 ιι,
1345 411 1399 481 lt).
1418 415 1497 470 llanc
1520 423 1550 472 et
1565 427 1664 486 aperte
1683 424 1887 493 cognationem

130 497 300 566 prospiciens
328 500 353 549 et
381 495 429 564 qui
456 497 550 564 capiat
575 509 665 549 omnes
680 499 798 564 spiritus
815 497 893 566 (Sap.
919 510 972 556 ιιι,
1032 497 1183 566 profitetur
1195 507 1295 555 sancta
1311 501 1410 556 anima
1438 518 1488 573 per
1503 505 1592 560 Deum
1612 505 1746 565 liberata
1777 513 1884 568 curuis

128 584 186 656 23).
203 581 393 650 Quemlleliu
417 582 535 639 inlihro
563 583 795 641 lohcreatorem
824 585 976 655 profitetur
1030 587 1229 644 Ecclesiastico
1255 589 1324 645 dicit
1344 605 1350 643 :
1367 592 1493 647 invocabi
1516 597 1601 649 Deum
1632 598 1751 652 Patrem
1780 602 1884 655 bamini

130 672 250 731 dicens:
294 672 416 742 Spiritus
450 672 560 728 Domini
584 674 651 739 fecit
681 688 731 741 me,
757 678 783 728 et
807 674 975 743 spiraculum
1029 677 1092 743 mei,
1121 682 1151 732 ut
1178 693 1232 732 non
1268 677 1441 748 duelinquat
1471 699 1512 737 me
1549 685 1578 738 in
1608 684 1654 739 die
1690 688 1881 745 tribulationis

129 763 326 834 omnipotentis
361 761 512 829 vivificavit
540 776 582 816 mc
610 763 671 832 (lob
694 775 795 831 ιιιιιιιιι,
829 762 868 835 4).
883 762 975 833 Cujus
1029 780 1103 820 meae.

127 851 215 907 etiam
230 848 322 907 Filius
336 849 396 921 ipse
415 850 445 905 in
461 849 619 920 Evangelio
633 851 774 921 equalem
787 851 842 907 sibi
857 859 884 907 et
893 850 975 907 Patri
1348 856 1472 914 CAPUT.
1502 861 1553 916 Xl.

126 939 297 1014 dignitatem
312 937 511 1014 -÷[a]serihens
538 938 601 995 ait:
629 937 737 1013 Ite[m],
762 941 853 997 domic
882 956 974 996 omnes
1026 943 1128 998 Probat
1151 945 1392 1014 philosophaster
1417 949 1516 1017 solute,
1533 966 1581 1006 nec
1604 955 1769 1019 cognitione
1800 959 1878 1013 irini

126 1035 231 1099 pentes,
249 1029 421 1100 baptizantes
444 1043 487 1083 eos
513 1030 543 1082 in
570 1029 676 1083 nomine
698 1030 789 1083 Patris
812 1034 837 1085 et
859 1030 926 1085 Filii
950 1035 975 1086 cl
1347 1036 1554 1093 tatisearuisse.

126 1119 248 1190 Spiritus
274 1119 365 1174 sainct-i
395 1113 504 1190 (dlatlb.
542 1130 648 1184 ιιιιιιι,
694 1117 746 1190 lt).
771 1118 829 1175 Nec
861 1132 919 1174 non
947 1125 975 1175 et
1063 1120 1148 1177 Nune
1162 1128 1259 1177 autem
1275 1129 1338 1191 post
1362 1125 1525 1181 testimonia
1543 1131 1762 1199 prophetarum
1778 1134 1814 1190 de
1832 1135 1876 1190 lide

127 1207 291 1280 Apostolus,
320 1213 391 1264 teste
417 1205 591 1279 Augustino,
619 1207 695 1263 'oum
731 1205 857 1279 Spiritus
882 1205 975 1263 sancti
1028 1215 1135 1266 sancta
1166 1209 1324 1280 Trinitatis,
1354 1211 1423 1269 libet
1449 1216 1536 1272 etiam
1561 1220 1731 1278 testimonia
1763 1223 1875 1292 philoso

128 1295 269 1370 templum
283 1295 424 1364 nominat,
439 1302 618 1367 aperteeum
634 1295 726 1353 Deum
753 1310 814 1352 esse
843 1309 972 1365 pronun·
1027 1299 1153 1368 phorum
1168 1299 1340 1368 subponere,
1373 1315 1448 1371 quos
1475 1304 1512 1360 ad
1533 1307 1623 1363 unius
1650 1309 1700 1365 Dei
1719 1312 1873 1384 intelligen-

128 1386 275 1456 tiat,cum
288 1384 664 1456 solinsDeitemplumesse
682 1385 805 1442 dicatur.
828 1384 972 1455 Scriptum
1027 1387 1097 1443 tiam
1123 1386 1261 1458 [tanltum
1295 1388 1356 1458 ipso
1396 1391 1582 1463 philosophiae
1611 1398 1688 1454 ratio
1732 1401 1873 1470 perduxit,

127 1473 236 1548 quippe
272 1483 315 1532 est
342 1476 373 1532 in
396 1475 531 1547 Apostolo
556 1489 563 1531 :
592 1475 708 1532 Nescitis
735 1474 807 1541 quod
843 1474 973 1544 templum
1028 1489 1097 1547 qua,
1127 1477 1213 1544 juxta
1250 1477 1429 1546 Apostolum,
1471 1482 1631 1539 Invisibilia
1660 1488 1757 1557 ipsius
1796 1493 1873 1546 beta

69 1582 74 1592 ι
127 1566 251 1621 Deieslis
268 1564 426 1635 etSpiritus
440 1567 490 1620 Dei
509 1564 659 1619 habitatin
685 1563 790 1620 cobis?
809 1563 910 1635 (lber.
927 1579 969 1632 ιιι,
987 1535 1009 1593 Β
1027 1571 1152 1620 creatura
1166 1566 1326 1635 mundiper
1340 1583 1371 1621 ea
1391 1583 1451 1633 qna
1465 1572 1540 1637 sacia
1563 1579 1630 1627 sunt
1658 1576 1809 1633 intellecta
1822 1596 1871 1634 con·

129 1642 185 1726 ¹62)
209 1652 264 1711 llhi
292 1660 390 1725 aperte
416 1652 545 1710 insinuat
572 1654 663 1710 Deum
691 1652 787 1723 ipsum
815 1653 901 1722 cujus
929 1658 972 1709 est
1025 1656 1180 1724 spiciuntnr
1202 1654 1288 1724 (Rom.
1310 1654 1403 1726 nto),
1421 1660 1584 1716 tumeliam
1607 1661 1673 1732 ipsa
1702 1667 1872 1725 continentis

126 1745 308 1816 templumet
336 1742 477 1814 Spiritum
506 1741 568 1809 bei,
597 1755 684 1813 quem
714 1741 877 1798 inhabitare
892 1740 970 1809 dicit,
1025 1744 1092 1799 vitae
1106 1743 1244 1800 sobrietas
1260 1744 1387 1814 quodam
1397 1746 1460 1815 eius
1476 1749 1577 1805 merito
1605 1751 1636 1807 id
1660 1752 1765 1822 ipsum
1785 1757 1871 1827 acqui·

126 1831 202 1890 idem
216 1846 288 1890 esse.
304 1830 350 1888 Sic
362 1838 390 1888 et
417 1831 520 1888 heatus
544 1831 646 1886 Petrus
662 1831 693 1887 in
721 1830 839 1886 Actibus
855 1837 971 1900 aposto·
1025 1831 1099 1888 sivit.
1114 1831 1268 1902 Oportebat
1283 1833 1389 1903 quippe
1412 1842 1445 1891 ut
1468 1843 1538 1892 tunc
1552 1838 1641 1895 etiam
1670 1840 1701 1897 in
1716 1842 1790 1913 ipsis
1812 1858 1870 1914 pre

126 1919 221 1980 lorum
240 1920 382 1993 Spiritum
405 1926 538 1976 sanctum
558 1920 647 1977 [teum
660 1933 721 1976 esse
744 1919 904 1989 profitetur,
925 1917 971 1973 di·
1024 1920 1152 1990 signaret
1166 1922 1250 1987 Dens,
1264 1934 1315 1991 ρει
1330 1921 1448 1993 aliquod
1472 1924 1697 1986 abundantioris
1711 1934 1818 2002 gratia
1832 1935 1869 1989 do

125 2025 193 2068 cens
208 2027 216 2067 a
234 2012 268 2067 lit
289 2010 358 2081 qnid
376 2011 503 2064 mentitus
518 2023 546 2064 es
573 2008 695 2078 Spiritui
711 2014 804 2063 sancto
829 2006 970 2063 Annam?
1024 2022 1108 2075 num,
1128 2022 1217 2077 quam
1231 2009 1373 2078 acceptior
1392 2013 1429 2068 sit
1455 2013 1481 2069 ει
1496 2015 1548 2084 qui
1576 2017 1674 2074 sobrie
1691 2020 1781 2089 vivit,
1797 2030 1826 2077 et
1846 2036 1868 2077 ss

123 2100 182 2158 Non
196 2114 224 2156 es
246 2102 376 2156 mentitus
397 2099 561 2166 bominibus,
589 2097 637 2153 sed
651 2100 706 2154 Deo
734 2099 810 2169 (Act.
827 2110 857 2163 r,
872 2096 911 2167 4).
930 2097 968 2151 lle
1025 2095 1167 2153 illecebris
1180 2097 1269 2167 huius
1287 2100 1389 2154 mundi
1405 2114 1456 2170 per
1471 2110 1668 2173 contemptum
1684 2108 1753 2178 eius
1765 2110 1867 2166 subtra-

124 2200 184 2259 qua
200 2188 304 2246 iterum
329 2188 437 2259 Spiritu
451 2189 488 2256 {in
511 2187 617 2245 eisdem
643 2186 763 2244 Actibus
792 2186 967 2252 continetur,
1024 2184 1077 2251 hit,
1093 2200 1181 2256 quam
1196 2185 1248 2255 qui
1271 2186 1469 2256 voluptatibus
1487 2193 1548 2262 ejus
1575 2193 1693 2251 deditus
1724 2198 1865 2267 spurcitiis

122 2276 184 2333 haec
198 2277 268 2335 dicit
292 2277 399 2348 Spiritu
424 2276 532 2350 jubens
547 2293 554 2333 :
570 2276 704 2347 Separate
728 2277 797 2331 mibi
819 2275 968 2330 barnaban
1022 2274 1157 2330 omnibus
1180 2289 1210 2330 se
1230 2275 1383 2345 immergit.
1410 2277 1530 2343 Quantas
1559 2288 1661 2338 antem
1690 2284 1867 2343 abstinentie

122 2366 275 2422 etPaulum
294 2367 373 2435 (Act.
399 2366 526 2438 unqtl:
551 2372 579 2422 et
603 2379 747 2423 rursum:
766 2365 875 2420 Placuit
897 2366 966 2434 Spi-
1022 2361 1067 2417 rel
1091 2364 1271 2420 continentiae
1306 2364 1468 2436 philosophi
1505 2367 1623 2436 luerint,
1669 2373 1770 2429 sancti
1790 2376 1864 2430 etiam

120 2456 191 2512 ritui
216 2459 309 2512 sancto
335 2460 361 2511 et
392 2455 469 2511 nobis
494 2455 567 2524 (Act.
597 2468 648 2522 xv,
676 2454 733 2526 ts).
749 2454 782 2511 lit
815 2452 968 2510 Psalmista
1022 2449 1150 2507 doctores
1172 2453 1300 2520 tradunt,
1325 2455 1376 2524 qui
1402 2461 1430 2510 et
1452 2469 1552 2512 eorum
1574 2459 1670 2514 vitam
1685 2461 1726 2517 ad
1748 2471 1864 2519 nostran

121 2543 263 2615 Spiritum
290 2544 341 2602 Dei
367 2543 478 2616 ubique
507 2550 648 2615 tanquam
683 2541 968 2612 incircumscriptum
1021 2538 1245 2610 increpationem
1263 2542 1407 2599 inducunt
1429 2551 1457 2600 et
1472 2544 1611 2616 pleraque
1639 2562 1676 2605 ex
1691 2550 1864 2608 documentis

92 2632 274 2705 ‘profitetur
294 2632 413 2690 dicens:
444 2632 501 2698 Quo
527 2632 572 2688 ibo
600 2634 742 2702 aspiritu
762 2636 808 2687 tuo
832 2636 858 2686 et
877 2646 930 2700 quo
948 2646 967 2684 a
1020 2641 1120 2684 eoram
1136 2630 1292 2687 moralibus
1307 2633 1352 2686 vel
1379 2632 1549 2690 testimoniis
1564 2635 1630 2691 lidei
1657 2638 1695 2694 ad
1710 2640 1862 2697 aedificatio

118 2724 192 2792 tacu
217 2727 267 2779 tua
289 2723 428 2792 maiam?
448 2721 532 2793 (Psoi.
549 2733 692 2791 ειιιιιιιιι,
709 2722 750 2790 7.)
779 2720 835 2786 Qui
861 2728 889 2776 et
904 2727 966 2775 sta·
1020 2730 1086 2773 uem
1101 2726 1228 2776 nostram
1255 2728 1418 2777 assumunt.
1449 2720 1529 2785 Quod
1558 2724 1609 2794 qni
1640 2726 1773 2797 ignorat,
1798 2729 1860 2799 legat

118 2811 170 2870 tim
187 2812 325 2885 utipsum
346 2810 485 2881 Spiritum
506 2809 567 2881 Dei,
583 2825 670 2882 quem
695 2810 807 2881 ubique
822 2821 963 2879 essepro-
980 2831 1001 2888 ρ
1019 2804 1120 2863 saltem
1132 2808 1340 2879 Hieronymum
1366 2817 1465 2867 contra
1484 2812 1689 2882 turinianum,
1717 2825 1747 2873 et
1767 2816 1858 2873 viderit
1899 2864 1901 2873 .

118 2901 226 2973 litetur,
243 2902 319 2961 idem
333 2914 474 2959 essecum
493 2899 555 2972 ipso
570 2901 637 2968 lieo,
663 2898 700 2956 ad
715 2913 802 2970 quem
820 2897 961 2970 loquitur,
1018 2903 1130 2965 quanta
1150 2897 1185 2954 de
1209 2912 1310 2955 eorum
1331 2899 1490 2956 virtutibus
1508 2899 1553 2956 vel
1576 2908 1756 2962 caeterorum
1780 2905 1857 2977 genti
1898 2955 1901 2976 ,

117 2991 258 3063 insinuet,
283 3004 335 3063 per
362 2990 417 3047 hoe
436 2996 568 3060 patenter
598 2988 730 3058 ostendit,
760 2987 839 3059 quod
865 2987 961 3043 statim
1016 2980 1088 3041 lium
1111 2985 1225 3050 reserat,
1248 2988 1285 3043 ad
1305 2987 1513 3057 impudentiam
1536 2989 1647 3049 seilicet
1672 2991 1755 3050 illius
1777 2995 1855 3050 here
1898 2982 1901 3017 ²

116 3079 256 3153 Spiritum
271 3079 369 3153 ipsum
387 3077 499 3150 ubique
522 3076 651 3150 assignat
670 3090 722 3148 per
748 3076 844 3148 ipsum
859 3078 960 3143 boum,
1016 3072 1064 3130 tici
1078 3076 1291 3132 conterendam.
1322 3076 1446 3133 hlaxime
1467 3086 1565 3135 autem
1588 3088 1617 3137 et
1633 3096 1686 3138 nos
1714 3083 1771 3140 hoe
1784 3097 1853 3154 open

116 3183 203 3242 quem
219 3169 330 3240 ubique
357 3167 461 3224 astruit
488 3180 550 3223 esse
577 3166 675 3222 dicens
694 3180 701 3220 :
720 3165 750 3220 Si
765 3164 907 3219 ascendam
930 3165 961 3218 in
1016 3162 1185 3220 testimoniis
1200 3178 1251 3221 seu
1276 3165 1437 3223 rationibus
1460 3167 1707 3239 philosophorum
1736 3172 1780 3228 uli
1801 3186 1853 3228 con·

114 3258 252 3314 eolumtu
278 3259 447 3325 illices,etc
465 3254 557 3324 (ibid,
574 3253 613 3323 8.)
635 3253 770 3310 Sedoum
795 3253 858 3323 ipsa
880 3252 959 3310 Veri·
1015 3251 1103 3316 venit,
1120 3252 1150 3307 ιιι
1169 3266 1228 3323 quo
1252 3253 1392 3311 adversus
1425 3256 1632 3326 eospraecipne
1660 3260 1789 3332 agimus,
1810 3260 1850 3332 qui
1894 3259 1896 3267 '

114 3345 303 3418 tasperhibet
318 3352 467 3419 peccatum
491 3344 522 3402 in
537 3343 677 3414 Spiritum
703 3356 761 3399 non
777 3356 837 3398 esse
853 3340 960 3398 remis·
1014 3339 1099 3396 fidem
1123 3349 1252 3398 nostram
1282 3343 1489 3415 philosophicis
1523 3345 1662 3404 nituntur
1694 3363 1849 3422 oppugnare

112 3436 205 3504 sibile,
220 3449 288 3493 cum
303 3441 452 3507 peecatum
469 3431 628 3489 inl’atrem
654 3431 700 3488 vel
728 3431 758 3487 in
785 3430 891 3487 Filium
916 3443 959 3486 re-
1012 3428 1201 3499 documentis,
1218 3433 1378 3500 prasertim
1406 3447 1474 3491 cum
1494 3448 1578 3490 uerno
1603 3439 1779 3509 arguendus
1803 3440 1847 3508 (lit

111 3524 251 3584 missibile
265 3524 341 3582 dicat
361 3523 470 3596 (blatth.
494 3538 543 3590 ιιι,
558 3523 615 3592 st),
639 3520 686 3578 cui
709 3528 806 3591 aperte
831 3533 888 3576 non
912 3518 955 3575 in·
1011 3516 1049 3574 sit
1063 3526 1114 3575 aut
1128 3521 1353 3588 convincendus,
1378 3527 1405 3578 et
1431 3521 1477 3578 ille
1500 3523 1591 3579 nimia
1606 3526 1780 3583 contusione
1791 3541 1846 3583 con·

110 3614 210 3672 sinuat
243 3613 383 3686 Spiritum
419 3612 515 3683 ipsum
541 3623 600 3667 non
628 3610 770 3667 minorem
805 3609 889 3666 Patre
910 3606 955 3664 vel
1011 3610 1131 3674 teratur,
1152 3607 1203 3678 qui
1218 3608 1380 3677 pereadem
1404 3609 1541 3677 vincitur,
1564 3624 1617 3681 per
1651 3628 1720 3684 qnae
1746 3615 1844 3673 vincere
1888 3684 1891 3689 Ι

109 3703 224 3761 Filioet
247 3701 367 3773 perhoc
394 3700 490 3772 ipsum
517 3699 605 3756 etlam
619 3699 712 3756 Deum
739 3697 857 3785 plenum
882 3710 952 3762 esse,
1007 3693 1164 3752 nitebatur.
1191 3696 1491 3768 Philosophosautem
1506 3712 1602 3755 unum
1619 3707 1740 3760 tantum
1768 3705 1841 3759 υειιιιι
1885 3698 1892 3811 ¹

109 3792 184 3851 sicat
202 3798 245 3850 est
259 3792 343 3849 Pater
362 3789 423 3862 ipse
437 3788 482 3846 vel
498 3788 598 3845 Filius.
617 3788 719 3858 Liquet
735 3787 837 3857 utique
853 3800 889 3842 ex
907 3799 954 3843 su·
1008 3795 1187 3853 cognoscere.
1211 3799 1289 3842 unus
1315 3799 1352 3842 ειι
1371 3785 1443 3857 ιρειε
1457 3787 1569 3845 tullius
1583 3787 1617 3845 ιιι
1646 3792 1742 3862 primo
1757 3793 1842 3849 ubete
1886 3816 1889 3843 ι

107 3880 358 3955 preposituram
383 3877 512 3938 Verbum
540 3877 589 3934 Dei
605 3890 693 3948 quam
723 3874 861 3946 Spiritum
890 3874 953 3946 ejns
1007 3875 1127 3929 cicorum
1151 3875 1395 3944 perhibetdicens
1411 3892 1418 3931 :
1435 3891 1482 3934 eos
1507 3878 1560 3948 qni
1576 3878 1771 3953 philosophia
1787 3881 1844 3938 dant

106 3970 199 4028 Deam
213 3983 284 4039 esse,
302 3969 416 4026 sicatet
430 3967 489 4037 ipse
519 3964 603 4036 cujus
624 3962 754 4022 Verbum
769 3963 814 4019 vel
828 3961 952 4034 Spiritus
1006 3975 1133 4032 operam,
1159 3979 1219 4022 non
1237 3965 1373 4022 arbitrari
1402 3964 1469 4023 deos
1495 3981 1565 4024 esse.
1585 3971 1631 4025 Ac
1655 3970 1682 4026 si
1707 3970 1845 4042 apertedi
1883 3958 1886 3999 ¹

103 4066 155 4117 est.
171 4058 338 4131 intelligant
353 4056 455 4128 igitur,
477 4060 511 4111 ut
525 4052 636 4110 dictum
662 4059 715 4122 est,
743 4052 797 4109 hoc
824 4050 948 4108 verbum
1005 4056 1060 4118 cat,
1080 4052 1137 4109 imo
1155 4055 1245 4111 Deum
1263 4068 1367 4122 annm,
1390 4067 1448 4111 non
1474 4055 1571 4125 plures
1594 4071 1670 4115 esse.
1686 4059 1745 4128 Qui
1758 4060 1843 4121 etiam

103 4142 228 4224 Domipi,
256 4147 285 4203 id
308 4153 351 4203 est
377 4143 428 4201 liei
444 4142 562 4210 Filium,
582 4155 640 4199 non
662 4140 866 4199 transitorium
888 4154 947 4197 ver·
963 4113 987 4170 Β
1003 4138 1138 4209 qualiter,
1151 4143 1208 4200 lieo
1222 4143 1377 4210 revelante,
1393 4142 1429 4199 ad
1443 4145 1535 4214 ipsius
1549 4145 1705 4204 Trinitatis
1725 4148 1841 4205 divinam

102 4235 184 4307 hum,
204 4250 263 4294 non
278 4232 406 4292 audibile
435 4230 484 4288 sed
512 4229 716 4298 intellectuale,
732 4229 786 4286 hoe
811 4230 948 4286 estratio
1001 4227 1193 4298 cognitionem
1221 4232 1461 4306 conscenderint]
1496 4233 1607 4292 Paulus
1637 4238 1795 4307 apostolas,
1819 4238 1840 4291 in
1876 4190 1881 4301 f

101 4321 431 4395 nemsiresapientiam
458 4326 630 4377 santernam
651 4320 718 4387 Deo,
739 4331 946 4389 quamconve·
999 4315 1129 4386 Epistola
1154 4319 1190 4376 ad
1219 4321 1363 4379 Romanos
1390 4330 1521 4394 patenter
1555 4322 1692 4383 insinuat
1725 4327 1839 4384 dicens:
1875 4316 1880 4367 ἶ

100 4414 213 4473 nitdicl
241 4409 505 4483 omnisapientiam,
532 4408 650 4465 sicutet
668 4406 944 4477 dicimasfomnipo·
998 4403 1181 4470 ominatum
1206 4414 1246 4464 est
1272 4413 1331 4478 liei,
1359 4413 1537 4480 manifestum
1561 4395 1661 4469 estin
1689 4416 1760 4472 iltis.
1783 4419 1838 4472 beu
1873 4396 1878 4475 l

99 4504 229 4563 tentiam.
254 4500 337 4559 Unde
365 4498 506 4569 scripturn
535 4503 600 4554 est:
634 4496 727 4552 Onnis
754 4497 892 4566 sapientia
927 4512 944 4551 a
996 4497 1068 4550 enirn
1090 4496 1147 4551 illis
1173 4501 1390 4568 manifestouit3
1421 4500 1575 4557 inuisibilia
1611 4505 1686 4559 enirn
1716 4509 1836 4576 ipsiusa

98 4595 211 4651 Domino
225 4594 282 4648 Deo
296 4593 346 4657 est,
371 4592 397 4644 et
411 4603 472 4643 cum
486 4587 545 4657 ipso
567 4583 623 4653 suit
637 4599 741 4653 suuper
759 4583 853 4654 (dccli.
870 4601 890 4652 ι,
909 4587 940 4644 l).
994 4590 1125 4640 creatura
1152 4587 1249 4642 mundi
1273 4604 1325 4658 per
1349 4605 1380 4644 ea
1410 4605 1470 4659 qua
1497 4591 1576 4657 sacta
1604 4597 1684 4660 sunt,
1718 4595 1835 4650 inuitem
1870 4584 1875 4677 Ι

96 4681 153 4748 Qui
180 4679 268 4738 etlam
290 4677 321 4734 in
347 4674 421 4733 libro
451 4671 604 4745 saptentiae
641 4684 730 4728 vetus
758 4670 807 4726 Dei
835 4670 942 4728 dicitur
994 4676 1208 4743 conspiciuntur,
1224 4679 1392 4747 sempiterna
1406 4693 1512 4748 quoque
1538 4679 1630 4734 uirtus
1645 4683 1710 4752 ejus
1724 4689 1751 4738 et
1773 4683 1832 4738 dui
1869 4690 1873 4727 t

95 4769 187 4828 Filius
204 4776 233 4826 et
258 4763 457 4825 substantialis
480 4767 669 4824 monstratur,
696 4759 732 4815 ad
748 4757 939 4816 diderentiam
992 4765 1132 4832 nitentia
1150 4769 1182 4819 at
1204 4767 1262 4819 sint
1289 4767 1500 4834 inaccusabiles,
1527 4771 1597 4836 qnia
1620 4784 1684 4825 cum
1709 4774 1830 4841 coqnmis

93 4859 203 4918 scilicet
216 4855 422 4928 adoptivorum
449 4851 584 4917 liliorum,
602 4849 638 4906 de
660 4848 767 4920 quibus
789 4862 841 4918 per
867 4862 940 4918 prae·
991 4859 1050 4908 sent
1063 4856 1158 4922 Deum,
1184 4869 1239 4909 non
1264 4855 1335 4909 sicat
1360 4858 1444 4911 Deam
1467 4857 1695 4926 plorificauerunt
1716 4867 1766 4917 aut
1781 4878 1828 4930 qm

91 4948 265 5007 dicationem
307 4946 371 5018 ejus
412 4942 469 4998 Deo
503 4938 668 5010 acquisistis
705 4938 842 5008 scriptum
870 4945 935 4994 est:
991 4943 1044 4996 tias
1064 4947 1185 5010 eperunt,
1215 4943 1263 4997 sed
1289 4948 1457 5000 evanuerunt
1481 4947 1511 5000 in
1531 4948 1748 5014 cogitationibus
1775 4954 1827 5007 suis

91 5037 229 5110 Quotquot
247 5039 339 5091 auton
359 5033 519 5103 receperunt
543 5026 700 5097 eum,dedit
716 5029 755 5082 eis
774 5029 936 5098 potestatem
988 5037 1042 5087 etc.
1060 5033 1135 5100 (Rom
1161 5049 1180 5087 ι.
1213 5032 1318 5104 lli-tl.)
1335 5034 1415 5090 Unde
1441 5041 1468 5091 et
1491 5035 1676 5094 Claudianus
1695 5041 1825 5098 Pratum

89 5127 227 5197 ntmspu
253 5127 313 5192 teri
328 5122 418 5195 (loen.
444 5135 464 5187 ι,
498 5116 552 5189 lt).
573 5117 618 5173 Sic
646 5116 764 5188 quippe,
780 5130 847 5172 eum
870 5116 934 5187 cius
987 5118 1215 5189 riopatriciode
1233 5129 1311 5179 statu
1335 5122 1440 5178 animae
1466 5124 1610 5193 scribens,
1639 5127 1688 5184 his
1714 5127 1824 5187 meminit

89 5215 183 5284 passio
202 5217 233 5270 tn
253 5211 397 5282 Sapientia
425 5207 574 5266 manilestc
601 5205 831 5276 prophetaretur,
860 5205 934 5261 inter
986 5208 1102 5265 verbis:
1118 5209 1153 5266 Et
1179 5210 1258 5280 quod
1279 5211 1444 5268 mortalium
1472 5213 1572 5284 generi
1611 5215 1717 5276 datum
1734 5227 1782 5286 est,
1802 5220 1824 5272 ut

87 5310 191 5360 catera
217 5300 255 5357 ab
282 5299 381 5371 impiis
399 5299 509 5357 dictum
534 5301 601 5354 est:
628 5295 660 5352 Si
692 5297 763 5351 enim
782 5298 823 5350 est
849 5309 931 5352 cerus
986 5296 1120 5354 abstrusa
1134 5296 1237 5356 lortius
1264 5307 1386 5372 quaerat,
1411 5307 1444 5358 ut
1471 5309 1578 5375 negata
1593 5307 1693 5379 magis
1719 5306 1820 5370 emant

120 5474 178 5546 (lo)
212 5470 348 5530 lotrad:
373 5476 530 5544 presmtim
560 5487 622 5530 cum
644 5485 722 5530 nemo
754 5472 812 5529 nisi
822 5485 875 5542 per
896 5487 930 5530 ea
947 5487 1009 5546 qua
1026 5474 1124 5544 recipit
1137 5475 1354 5544 mqumdusstt.
