3804 5962
61 123 132 183 tall

617 111 817 170 mronoem
836 110 1052 168 cenrsrnna.
1066 140 1101 151 -
1116 72 1183 168 tro.
1203 109 1250 166 ru.

1744 113 1816 169 {242

59 244 187 316 diligens
206 248 258 311 est,
279 247 307 297 ει
325 253 384 296 non
404 245 446 295 est
464 250 517 294 sua
540 235 668 307 dilectio;
692 236 766 293 sieut
789 236 849 306 ipse
874 240 916 291 est
931 232 956 289 A
971 250 1123 305 corporeae,
1146 235 1211 292 lieet
1229 248 1288 292 non
1304 248 1392 293 earne
1413 234 1581 293 subsistant.
1602 235 1648 292 Ex
1667 249 1700 295 εο
1720 243 1817 295 autent

60 332 190 404 potentia
220 344 283 396 sua,
312 327 485 400 magnitudo
508 339 571 394 sua,
598 325 712 396 justitia
735 339 799 393 sua,
825 324 916 395 pietas

61 434 128 489 sua,
145 428 172 476 et
190 417 347 475 voluntas?

100 507 249 577 Quomodo
271 507 358 561 etiam
382 511 565 574 potestesse,
589 509 621 558 ut
648 501 739 558 Filius
767 516 804 558 ex
832 503 914 557 Patre

60 599 100 656 sit
116 598 242 671 genituS,
266 593 311 651 vel
340 608 376 648 ex
406 595 491 648 Patre
521 607 582 647 esse
608 591 712 646 habeat
736 598 794 647 tant
823 591 915 648 Filius

61 700 154 758 qnam
178 683 303 754 Spiritus
323 688 450 749 sanctus,
476 695 534 736 non
558 682 641 735 Pater
663 693 700 735 ex
720 679 791 750 ill1s3
807 685 834 735 ει
856 695 913 735 non

61 776 100 832 sit
113 775 200 829 Palar
213 771 292 842 prior
305 770 381 825 illisi

97 863 149 919 ilis
177 868 204 917 ει
228 858 424 917 consimilibus
447 857 563 928 objectis
592 856 835 927 responderenon
860 855 912 911 dil-

61 953 202 1017 leramus‚
227 948 257 1004 in
281 949 342 1018 ipso
365 948 476 1013 conlisi,
497 947 531 1003 de
546 961 604 1019 quo
622 946 785 1017 loquitoor3
801 945 831 1002 in
853 947 913 1015 ipso

61 1041 160 1098 securi
174 1053 226 1110 pro
242 1052 300 1108 quo
320 1036 504 1091 dimicamus.
778 1076 781 1081 .

99 1130 284 1192 Summani
311 1125 447 1190 arbitror,
473 1122 602 1178 omniurn
632 1122 825 1192 questionum
854 1120 914 1175 hae

60 1224 113 1285 est,
132 1215 277 1288 quomodo
299 1213 406 1269 scilicet
422 1211 451 1266 in
469 1219 549 1267 tanta
574 1211 684 1267 onitate
708 1211 866 1266 individua
880 1225 913 1265 ao

62 1307 180 1378 penitus
200 1318 284 1361 meree
308 1303 476 1359 substantioe
503 1301 696 1357 diversitatem
724 1313 913 1370 personarum

59 1395 287 1459 consideremus,
326 1407 393 1448 cum
432 1390 531 1446 nullus
563 1389 732 1446 differentiae
766 1390 913 1445 medusa

60 1482 241 1555 philosophis
268 1479 421 1536 distinctus
447 1479 580 1535 videatur
605 1479 651 1534 hic
674 1492 755 1548 posse
781 1480 912 1549 assigna-

971 325 1153 395 incorporcas
1185 326 1242 396 (82)
1278 326 1424 382 credimus
1452 325 1658 382 intellectuales
1686 333 1818 395 naturas,

970 414 1041 484 qnia
1065 414 1192 470 localiter
1219 415 1508 479 circumscribuntur,
1525 414 1599 470 siout
1612 423 1639 471 ει
1652 414 1749 471 anima
1764 416 1817 473 hu*

969 518 1056 559 titana
1068 518 1134 574 quae
1149 518 1236 559 caree
1255 502 1411 569 clauditur,
1428 512 1455 559 et
1470 504 1613 560 daemones
1628 504 1679 574 qui
1688 518 1738 575 per
1751 505 1820 562 sub·

968 592 1102 649 stantiam
1120 593 1257 664 angelice
1272 602 1384 649 natrrree
1404 601 1483 659 stret,
1500 606 1673 661 corporea.»

1004 683 1049 737 Etr
1063 682 1109 738 his
1127 683 1225 753 itaque
1247 683 1390 753 liquidum
1412 688 1454 736 εει
1467 688 1583 751 (quantae
1597 681 1766 737 subtilitatis
1780 681 1818 739 sit

967 769 1068 826 divina
1083 772 1256 839 substantia,
1280 780 1367 841 atque
1386 771 1520 825 animaea
1537 772 1642 825 natura
1657 784 1813 841 corporum

968 859 1121 929 disjuncta,
1144 868 1204 916 eta
1224 861 1324 930 vigore
1352 868 1514 915 nostrorum
1539 873 1678 914 sensuum
1702 860 1817 930 penitus

967 956 1085 1004 remota.
1104 951 1143 1004 De
1166 964 1224 1020 qua
1242 951 1264 1004 si
1283 949 1353 1021 quid
1373 949 1443 1003 iorte
1467 947 1629 1018 philosophi
1646 947 1741 1004 dicere
1755 949 1819 1005 ani-

968 1037 1037 1091 niati
1053 1045 1131 1104 sunt,
1152 1038 1187 1092 ad
1208 1037 1411 1093 similitudines
1433 1043 1460 1091 et
1482 1037 1615 1105 exempla
1629 1050 1660 1092 se
1684 1037 1818 1095 contule-

967 1132 1046 1191 runt,
1073 1127 1154 1196 quasi
1180 1126 1432 1195 presumptionem
1462 1139 1545 1181 suam
1570 1125 1710 1192 velantes,
1737 1126 1818 1197 quod

968 1216 1002 1270 de
1022 1213 1160 1270 ineffabili
1184 1215 1240 1270 ieri
1256 1215 1437 1271 viderentur:
1454 1215 1539 1284 cuius
1556 1215 1677 1284 gloriam
1694 1213 1723 1271 in
1738 1228 1815 1273 crea-

969 1304 1040 1359 turis
1055 1318 1174 1374 quoquo
1196 1304 1279 1359 modo
1294 1318 1352 1359 non
1375 1303 1404 1359 in
1429 1303 1489 1372 ipsa
1513 1304 1705 1374 vestigabant.
1730 1313 1819 1382 atque

967 1408 1018 1464 per
1040 1393 1115 1463 ipsas
1138 1394 1336 1464 assignabant,
1353 1393 1430 1448 sicut
1452 1394 1487 1447 de
1508 1394 1625 1449 Platone
1645 1406 1735 1465 supra
1757 1408 1815 1452 me·

966 1482 1104 1538 minimus
1121 1483 1157 1537 ad
1180 1482 1398 1538 similitudinem
1420 1481 1487 1538 solis
1511 1497 1579 1538 cnm
1595 1483 1630 1538 de
1651 1482 1708 1539 Deo
1735 1481 1816 1554 loqui

60 1573 96 1639 ri,
127 1570 287 1628 meandum
312 1582 399 1639 quern
426 1567 576 1624 diversitas
600 1581 790 1637 personarunt
816 1567 1151 1643 valeatppraesnnteret
1177 1580 1352 1628 recurrente.
1388 1569 1468 1638 Quod
1504 1578 1600 1628 autern
1628 1570 1669 1627 illi
1698 1585 1816 1643 quoque

61 1658 183 1716 ostendi.

965 1661 1094 1718 dectores
1109 1661 1207 1725 nostri,
1223 1660 1275 1730 qui
1291 1661 1416 1716 oraxinre
1435 1661 1588 1716 intendunt
1611 1659 1719 1731 logices,
1736 1659 1815 1716 illam

96 1746 234 1818 Aliquod
258 1744 471 1816 tlludprimum
496 1745 727 1816 respondendum
750 1758 811 1802 esse
834 1744 909 1801 arbi·
964 1763 1108 1805 summam
1143 1751 1331 1819 majestatem,
1363 1764 1450 1820 quam
1482 1749 1613 1820 ignotum
1639 1750 1730 1806 boum
1757 1763 1817 1808 esso

61 1845 134 1904 ιιοι,
155 1836 234 1906 quod
256 1834 386 1890 mirabile
405 1848 464 1889 non
487 1834 569 1890 debet
592 1834 696 1900 videri,
720 1834 743 1889 si
761 1833 808 1889 illa
832 1831 910 1889 iiivi-
964 1836 1144 1905 profitentur,
1165 1837 1282 1891 omniuo
1299 1837 1362 1891 ausi
1380 1851 1437 1891 non
1454 1843 1522 1891 sunt
1543 1835 1695 1904 attingere,
1719 1835 1815 1891 autin

60 1924 160 1982 nitatis
180 1933 286 1980 natura
313 1924 387 1979 sicut
406 1922 565 1993 singularis
589 1929 642 1988 est,
668 1922 708 1979 ita
731 1921 910 1993 singularem
965 1938 1087 1980 numero
1111 1939 1208 1980 rerum
1231 1925 1482 1994 comprehendere,
1507 1924 1683 1993 exipsorum
1701 1922 1815 1992 seriptis

60 2015 181 2070 modurn
201 2013 337 2084 loquendi
361 2012 474 2067 habeat.
500 2012 629 2082 AEqnum
654 2011 788 2082 euclidem
805 2017 857 2073 est,
879 2017 910 2066 ut
964 2011 1108 2083 liquidnm
1127 2014 1268 2071 asellum
1288 2013 1365 2069 enim
1390 2027 1504 2068 omnem
1528 2019 1655 2068 remant
1678 2012 1814 2069 substan·

60 2102 140 2177 quod
167 2101 204 2158 ab
232 2101 368 2157 omnibus
397 2100 539 2156 creaturis
577 2100 662 2170 longe
687 2106 828 2155 remotum
857 2104 908 2164 est,
963 2102 1009 2157 tire
1025 2109 1073 2157 aut
1097 2102 1182 2156 alicui
1201 2102 1323 2157 allorum
1341 2100 1622 2172 generalissimorum
1645 2100 1815 2172 subjiciant,

30 2242 35 2251 .
61 2193 149 2262 longe
177 2192 290 2248 diverso
315 2203 418 2259 genere
443 2188 579 2259 loquendi
604 2189 751 2256 elleratnr,
781 2202 833 2243 nce
861 2187 910 2242 illa
963 2190 1064 2260 ntique
1085 2196 1112 2245 ει
1137 2191 1238 2255 boum,
1258 2190 1283 2245 si
1300 2190 1375 2245 inter
1398 2204 1443 2246 res
1468 2190 1564 2259 ipsum
1588 2188 1815 2259 comprehende-

60 2281 149 2338 unica
164 2281 298 2351 majestas
320 2279 468 2334 mrtrmuni
483 2292 517 2333 ae
532 2278 647 2348 publiea
671 2277 813 2334 locutione
826 2290 909 2332 coer·
963 2287 1036 2343 rent,
1051 2286 1102 2333 aut
1118 2279 1297 2346 substantiis,
1315 2287 1365 2335 ant
1388 2279 1609 2349 quantitatibus
1626 2284 1677 2334 aut
1695 2284 1814 2334 cratere·

59 2378 172 2437 ceatur,
210 2383 262 2426 neo
299 2369 378 2439 quod
406 2368 522 2424 ontoino
552 2365 839 2437 incomprehensibile
868 2372 909 2422 est
963 2380 1028 2422 rnre
1045 2367 1334 2436 praedicamentorum
1352 2368 1440 2423 rebus
1461 2373 1715 2435 connumerarent,
1735 2366 1813 2438 quod

58 2466 147 2531 atque
167 2458 313 2515 ineffabile
330 2457 396 2513 ullis
412 2457 560 2527 subjaceat
577 2457 686 2527 regulis
700 2456 749 2512 eui
764 2462 832 2511 sunt
848 2470 906 2511 orn-
963 2455 1034 2510 nihil
1051 2456 1167 2511 orrtnino
1190 2471 1251 2512 esse
1263 2471 1299 2512 ex
1317 2457 1385 2525 ipsis
1403 2456 1596 2512 convincitur.
1611 2455 1715 2512 Omnes
1729 2456 1815 2526 quip-

58 2549 110 2604 nia
129 2548 269 2618 subjecta,
295 2545 373 2617 quod
393 2560 445 2602 neo
466 2546 502 2601 ab
527 2545 642 2601 homine
664 2544 787 2615 intelligi
808 2552 907 2614 potest,
963 2558 998 2614 pa
1013 2558 1058 2599 res
1073 2552 1176 2613 prater
1198 2546 1375 2601 substantias
1393 2559 1443 2614 per
1464 2560 1493 2600 se
1512 2545 1635 2600 existere
1658 2558 1717 2599 non
1744 2557 1812 2614 pos·

59 2637 113 2709 qui
136 2636 173 2692 ad
197 2635 422 2692 manilestandos
446 2635 606 2692 intellectus
632 2649 700 2691 suos
723 2648 806 2690 voees
831 2632 909 2688 insti·
963 2640 1040 2699 sunt,
1058 2633 1112 2688 nisi
1137 2633 1244 2689 seilicet
1267 2633 1437 2689 substantiis
1457 2638 1668 2699 sustententur,
1686 2638 1718 2688 ut
1732 2631 1812 2688 albe-

58 2727 125 2784 tuit.
151 2726 210 2782 Hoc
229 2733 325 2781 autern
347 2738 400 2780 nee
427 2724 642 2793 philosphorum
666 2723 750 2779 latuit
777 2735 908 2778 reveren·
963 2722 998 2777 do
1019 2722 1100 2778 nulla
1128 2722 1237 2778 ratione
1261 2736 1322 2777 esse
1350 2729 1449 2791 potest,
1474 2720 1531 2776 nisi
1550 2720 1580 2776 in
1600 2720 1729 2790 subjecto
1750 2733 1810 2776 eor·

59 2814 140 2877 tiam,
167 2814 218 2884 qui
243 2819 386 2883 quantum
408 2813 524 2868 reveriti
543 2814 600 2868 sint
623 2826 735 2882 semper
759 2824 908 2867 summum
925 2857 946 2914 G
964 2825 1043 2881 pore,
1058 2818 1109 2867 atat
1134 2812 1224 2881 pietas
1240 2812 1295 2866 nisi
1311 2811 1340 2866 in
1363 2811 1471 2877 anima,
1488 2819 1538 2866 aut
1554 2810 1688 2880 qualibet
1700 2824 1746 2867 res
1761 2824 1811 2866 no·

59 2902 136 2958 illud
161 2902 268 2958 bonum
284 2902 382 2957 verbis
405 2902 491 2958 etiam
515 2905 667 2973 attingere,
684 2901 762 2971 qood
790 2900 907 2956 omnino

59 2988 351 3059 incomprehensibile
376 2997 463 3061 alque
493 2990 638 3046 inellabile
669 2990 852 3060 prolitentor,
872 3003 909 3044 ex

59 3078 249 3151 suprapositis
283 3078 428 3149 liquidnm
455 3086 508 3146 est,
532 3092 598 3134 cum
622 3092 754 3134 summus
777 3077 909 3147 philoso-

60 3168 185 3238 pherum
210 3181 262 3222 nee
285 3166 356 3237 quid
379 3167 416 3221 sit
439 3165 532 3222 dicere
556 3180 645 3222 ausos
660 3167 711 3223 sit:
737 3166 791 3222 hoe
815 3165 908 3221 solnm

59 3255 95 3311 de
117 3269 150 3310 eo
175 3255 278 3321 sciens,
304 3253 355 3324 qui
380 3253 448 3309 sciri
463 3269 521 3309 non
545 3255 636 3324 possit,
652 3255 689 3310 ab
704 3254 829 3311 homine.
849 3255 909 3308 iloc

59 3344 140 3401 onim
168 3343 269 3398 doecre
293 3349 377 3398 rectae
408 3341 521 3412 sophias
546 3342 730 3398 incarnandae
755 3355 908 3400 reservan-

59 3431 131 3489 dum
152 3438 224 3499 erat,
243 3438 275 3487 ut
292 3431 417 3501 ipseper
433 3431 617 3500 scipsumsui
639 3431 772 3488 notitiam
794 3431 909 3487 allerret

60 3520 148 3588 Deus,
165 3534 231 3575 cnm
255 3520 291 3575 ad
311 3520 375 3588 ejus
398 3520 529 3575 notitiam
553 3519 635 3576 nulla
656 3533 807 3590 assurgere
826 3534 908 3575 erea-

59 3616 127 3667 tura
143 3607 278 3664 sulliciat.
305 3610 367 3677 lpse
394 3608 491 3678 itaque
506 3606 584 3664 solus
598 3608 670 3679 quid
687 3609 746 3677 ipse
763 3609 799 3664 sit
813 3608 908 3664 mani-

59 3697 129 3755 leste
151 3696 272 3766 apernit,
290 3710 357 3751 curn
373 3696 472 3766 gentili
488 3696 529 3751 illi
544 3703 571 3752 et
589 3696 777 3752 samaritane
792 3695 909 3751 mulieri

59 3786 116 3842 ait:
134 3787 256 3855 Spiritus
275 3791 316 3840 est
339 3789 408 3839 bears
433 3786 522 3855 (deon.
547 3800 585 3852 ιι,
607 3787 665 3854 at),
687 3786 741 3842 hoe
761 3793 803 3842 εει
830 3785 906 3840 Divi-

57 3876 136 3932 nitas
159 3874 317 3944 spiritualis
342 3874 503 3930 substantia
527 3880 578 3940 est,
602 3889 659 3929 non
683 3874 848 3944 corporalis.
873 3877 909 3930 ht

57 3978 129 4021 vero
145 3965 218 4019 siout
240 3964 269 4018 in
294 3963 462 4033 corporibus
484 3963 540 4019 alia
564 3963 629 4018 aliis
652 3964 803 4019 subtiliora
829 3971 908 4027 sunt,

57 4059 159 4123 utpote
174 4065 252 4122 aqua
267 4065 355 4122 quam
372 4059 456 4117 terra,
473 4059 500 4107 ει
519 4065 569 4107 aer
581 4066 670 4121 quam
685 4066 772 4123 aqua,
789 4060 817 4109 et
832 4053 909 4123 ignis

963 2915 1026 2956 vem
1043 2901 1333 2970 praedicamentorum
1349 2900 1403 2955 nisi
1427 2900 1563 2970 subjectis
1579 2898 1750 2957 substantiis
1766 2898 1820 2955 in·-

962 2990 1029 3045 sint.
1046 2989 1217 3045 Substantias
1239 3004 1307 3044 vero
1328 2989 1357 3042 ln
1381 2989 1498 3058 propria
1514 2995 1619 3043 natura
1639 3001 1690 3057 per
1704 2987 1812 3058 seipsas

962 3079 1118 3135 subsistere
1141 3093 1175 3133 ae
1200 3092 1382 3148 perseverare
1402 3085 1521 3148 possunt
1551 3076 1685 3134 omnibus
1699 3083 1727 3134 ει
1746 3076 1813 3133 aliis

962 3169 1050 3223 rebus
1069 3167 1231 3224 destruetis.
1264 3167 1344 3223 Unde
1365 3174 1393 3222 et
1413 3167 1581 3222 substantiae
1603 3165 1687 3236 quasi
1712 3165 1811 3222 subsi-

962 3257 1073 3312 stentiae
1095 3257 1177 3312 dietae
1198 3266 1277 3319 sunt,
1301 3265 1328 3311 et
1349 3256 1460 3311 caeteris
1480 3255 1566 3311 rebus
1589 3269 1656 3324 quae
1675 3254 1716 3310 eis
1734 3253 1810 3311 assi-
1837 3298 1843 3311 .

961 3351 1051 3411 stunt,
1081 3358 1139 3398 nou
1166 3344 1200 3413 [f.
1224 3345 1287 3415 oeo]
1314 3357 1362 3413 per
1380 3357 1410 3399 εε
1440 3342 1612 3407 subsistunt,
1638 3341 1811 3399 naturaliter

961 3433 1071 3502 priores
1086 3440 1162 3487 sunt.
1183 3432 1263 3488 Unde
1279 3431 1423 3503 liquidum
1437 3433 1596 3498 est'Denm,
1613 3431 1665 3502 qui
1678 3430 1809 3488 omnium

962 3535 1060 3577 rernm
1086 3530 1128 3576 est
1151 3521 1269 3579 unicum
1285 3528 1312 3577 et
1336 3519 1484 3591 singulare
1511 3520 1698 3590 principium,
1729 3518 1809 3576 nullo

962 3610 1045 3665 utodo
1072 3609 1102 3663 in
1131 3623 1164 3664 eo
1194 3623 1291 3663 rerum
1318 3623 1439 3664 nutriero
1471 3607 1620 3675 contineri,
1646 3622 1712 3678 quos
1738 3608 1810 3666 sub-

962 3698 1075 3753 stantiae
1099 3712 1157 3752 nen
1186 3704 1270 3753 sunt:
1305 3698 1353 3751 sed
1378 3711 1430 3751 nee
1448 3696 1629 3765 gsttbstantiae
1649 3694 1809 3752 seeundum

961 3800 1009 3842 eos
1023 3785 1198 3856 supponitur
1224 3787 1309 3851 Deus,
1333 3785 1399 3840 licet
1419 3785 1479 3853 ipse
1494 3783 1617 3838 maxime
1636 3782 1672 3837 sit
1686 3794 1732 3838 res
1759 3795 1811 3853 per

962 3890 991 3931 se
1011 3876 1147 3942 existens,
1169 3883 1196 3931 et
1220 3888 1322 3930 verum
1346 3882 1373 3929 ει
1401 3871 1637 3960 incommutabile
1659 3884 1721 3927 esse
1751 3871 1810 3941 ipse

961 3963 1039 4019 selus
1054 3978 1071 4020 a
1087 3979 1116 4020 se
1140 3964 1349 4034 trabeataque
1371 3968 1438 4018 sont
1462 3962 1569 4018 omnia.
1592 3961 1709 4030 Propter
1730 3960 1810 4031 quod

961 4054 1052 4124 hloysi
1078 4053 1161 4109 dicit:
1188 4053 1258 4107 Herc
1286 4053 1357 4106 dices
1379 4054 1444 4122 siliis
1473 4051 1575 4106 isreel:
1606 4049 1657 4115 Qut
1679 4053 1719 4104 esi
1733 4051 1808 4105 misit

58 4155 150 4216 quarn
165 4154 230 4196 aer:
248 4140 288 4195 ita
303 4140 386 4211 longe
407 4144 435 4195 et
456 4141 648 4196 inexcusabili
668 4142 752 4197 mode
775 4141 906 4198 omniunt
924 4193 946 4247 D
963 4159 1003 4197 me
1017 4143 1054 4197 oct
1068 4159 1114 4197 cos
1135 4141 1234 4213 (deod.
1261 4157 1310 4209 111,
1330 4141 1384 4213 tt).
1401 4143 1440 4196 lle
1461 4139 1546 4210 cnjus
1568 4138 1685 4210 quidem
1701 4138 1808 4196 verita-

57 4230 215 4303 spirituum
238 4237 373 4284 naturam
398 4229 437 4285 ita
460 4229 583 4299 propriae
607 4229 780 4286 sinceritatis
795 4230 908 4286 subtili·
964 4240 1000 4297 ιε,
1020 4246 1054 4286 ac
1084 4231 1273 4302 simplicitate,
1300 4247 1350 4288 seu
1373 4229 1659 4287 incommutabilitate
1677 4229 1812 4285 substan-

58 4327 117 4376 tate
137 4318 278 4374 Divinitas
299 4317 485 4383 transcendit,
508 4325 541 4374 nt
566 4319 595 4374 in
617 4320 830 4390 comparatione
844 4321 908 4390 eius
963 4320 1020 4387 tiae,
1050 4321 1232 4391 Augustinus
1259 4321 1289 4375 in
1317 4321 1390 4376 libro
1412 4334 1430 4375 v
1458 4323 1495 4375 lle
1523 4319 1655 4375 Tritaitnte
1682 4317 1739 4388 (83)
1754 4317 1808 4373 ait:

57 4422 159 4464 omncs
186 4407 233 4463 alil
260 4408 378 4477 spiritns
408 4408 492 4477 qnasi
520 4408 680 4477 corpulenti
707 4423 759 4465 seu
786 4424 908 4480 corpora
965 4428 979 4461 a
999 4408 1044 4465 Sic
1066 4409 1261 4481 intelligamus
1292 4411 1392 4477 Dcnrn,
1418 4410 1441 4464 si
1469 4422 1633 4478 possumus,
1663 4411 1808 4478 quantun

56 4497 191 4567 quaedam
214 4495 327 4551 dicendi
354 4496 420 4551 sint.
451 4496 531 4552 Unda
554 4496 720 4554 Gennadius
744 4500 782 4555 lie
810 4500 907 4556 ortbo-
964 4514 1125 4568 possumus,
1142 4497 1556 4570 sinequalitatebonum,sine
1571 4497 1734 4568 quantitate
1747 4510 1806 4553 nta-

56 4584 219 4642 doxa-lide
249 4584 331 4656 (8l*):
363 4604 377 4634 «
403 4585 493 4651 Nihil,
524 4585 629 4655 inquit,
665 4588 908 4658 incorporeumet
963 4602 1065 4659 gnum,
1086 4590 1147 4645 sine
1167 4590 1326 4660 indigentia
1351 4589 1522 4655 Creatorem,
1541 4586 1808 4658 sinesitnpraesen-

56 4673 195 4730 invisbile
223 4673 252 4729 in
282 4680 389 4729 natura
424 4674 599 4730 eredendum
634 4684 685 4743 est,
725 4676 779 4731 nisi
813 4675 906 4733 solum

55 4760 150 4816 Deum
169 4761 281 4817 Patrem
304 4768 332 4817 ει
347 4762 464 4829 Filium,
486 4770 513 4819 et
528 4763 668 4832 Spiritum
692 4771 838 4821 sanctum:
855 4766 907 4837 qui

55 4863 96 4906 ex
110 4863 143 4904 eo
164 4849 351 4920 incorporeus
366 4850 503 4917 creditor,
526 4851 597 4921 quia
616 4852 727 4922 ubique
741 4856 792 4919 est,
808 4860 835 4909 et
849 4868 909 4910 orn·

56 4937 108 4993 nia
134 4936 239 5007 implet,
270 4946 357 5009 atque
390 4940 577 5009 constringit:
608 4947 635 4996 ει
660 4940 722 4996 idco
755 4941 908 4998 invisibilis

55 5025 195 5082 omnibns
219 5028 370 5093 creatoris,
396 5029 467 5098 quia
492 5029 677 5099 incorporeus
699 5037 752 5086 cst.
768 5031 907 5089 creatura

56 5115 154 5171 otonis
177 5130 324 5186 corporea,
350 5119 494 5189 angelici
516 5133 615 5175 omnes
637 5119 764 5177 celestes
786 5122 907 5180 virtutes

94 5238 162 5309 (δι’)
174 5239 299 5297 dessio.
317 5243 359 5297 De
373 5243 463 5313 dogm.
480 5246 552 5300 Eccl.
568 5259 593 5301 ε.
613 5248 656 5301 ιι.

94 5309 139 5379 (si
167 5312 240 5382 Lege
255 5329 406 5383 corporeos,
423 5324 455 5372 ut
470 5317 547 5386 apud
562 5317 753 5376 Gennadium.

93 5385 138 5450 (8³
162 5387 245 5450 Aue„
257 5384 275 5441 l.
293 5399 311 5441 v
324 5388 361 5441 be
373 5391 450 5442 Teio.
462 5402 486 5444 e.
501 5392 524 5443 l.

962 4684 1018 4732 tem
1038 4678 1103 4749 (ιιι),
1127 4678 1186 4734 sine
1211 4679 1311 4735 habitu
1335 4678 1431 4734 omnia
1453 4676 1654 4739 continentem,
1670 4675 1730 4732 sine
1749 4675 1810 4733 loco

962 4768 1073 4837 ubique
1095 4774 1196 4835 totum,
1218 4768 1281 4823 sine
1302 4776 1428 4837 tempore
1442 4765 1660 4834 sempiternum,
1677 4765 1739 4822 sine
1751 4765 1810 4822 ulla

962 4856 1008 4912 sul
1025 4856 1182 4912 inritatione
1207 4856 1360 4912 mutabilia
1377 4855 1540 4922 facientem,
1556 4853 1687 4925 nihilque
1701 4854 1810 4924 pallen-

962 4953 1029 5001 tem.
1052 4945 1190 5015 Quisquis
1216 4947 1366 5001 heremita
1388 4945 1503 5016 cogitat,
1527 4943 1581 5000 etsi
1603 4943 1733 5001 nondum
1755 4957 1809 5015 pe·

962 5042 1014 5092 ιεει
1035 5034 1199 5089 omnimodo
1222 5034 1353 5090 invenire
1374 5035 1444 5105 qnid
1466 5034 1521 5103 sit3
1536 5033 1580 5103 pie
1603 5039 1700 5089 tamen
1715 5039 1806 5101 cavet,

961 5131 1104 5196 quantum
1127 5130 1225 5193 potest,
1251 5124 1364 5194 aliquid
1392 5124 1427 5180 de
1447 5122 1497 5180 illo
1519 5122 1625 5180 sentire
1647 5121 1726 5194 quod
1749 5137 1809 5180 non

996 5250 1050 5319 (84)
1066 5253 1107 5306 itt
1128 5249 1194 5305 editi
1211 5248 1288 5318 apud
1311 5249 1519 5319 Attgustinunr,
1543 5248 1593 5305 sed
1611 5262 1680 5309 mss.
1703 5263 1809 5321 magno

960 5336 1080 5379 nurnero
1095 5321 1195 5392 legunt
1206 5322 1407 5392 presidentem.
1619 5341 1625 5353 ·
1701 5356 1703 5361 -
