3804 5962
129 241 181 298 eut
395 241 496 298 PETRI
514 241 700 298 ABAELARDI
720 239 799 298 ber.
822 238 910 297 PARS
929 238 976 294 lli.
991 268 1027 280 -
1040 236 1261 297 rfluouoetct
1278 235 1323 295 Et·
1341 236 1604 294 Pultosoelltcn.
1820 238 1874 294 828

125 369 210 428 tionis
236 385 294 426 non
323 378 536 442 cognoscentes,
567 371 651 442 quasi
679 385 731 442 pro
756 365 1112 428 abominationeAJudas
1136 375 1272 440 operatus
1302 375 1354 437 est,
1388 380 1569 424 communem
1596 365 1726 423 omnium
1757 367 1874 423 redem-

124 459 293 516 babuerunt
311 458 478 527 Dominum,
497 458 606 516 scilicet
620 473 673 530 pro
700 460 831 517 bumana
859 459 973 516 redum·
1026 457 1153 530 ptionem
1176 465 1219 515 est
1248 464 1374 528 operata.
1413 457 1467 513 Per
1492 456 1727 526 predicationem
1752 455 1873 527 quidem

123 549 219 619 ptione
234 547 380 604 incarnari
394 555 422 604 et
436 548 505 619 pati.
523 548 605 611 Unde
623 556 651 606 ot
665 549 737 605 alibi
760 548 834 606 idem
850 550 973 620 Aposto-
1025 547 1103 604 Petri
1116 545 1238 618 apostoli
1252 545 1363 617 aliquid
1376 543 1507 602 conversi
1529 551 1597 601 sunt
1616 551 1645 600 et
1656 544 1770 601 salvati.
1792 545 1874 602 ludu

125 636 267 695 lus1Noe
308 638 398 693 aulem
431 637 614 709 predicamus
642 640 786 694 Christum
812 642 974 709 crucifixum
1026 651 1095 695 vero
1111 635 1270 708 nequitiam
1295 635 1323 691 in
1338 634 1460 691 salutem
1476 633 1608 690 omnium
1637 634 1776 690 Dominus
1801 648 1873 691 ecn-

123 726 226 782 ludeis
247 726 356 796 quidem
370 726 542 794 scordalum,
570 727 802 796 qeulibuscutem
826 727 973 783 stultitiam
1026 725 1122 784 vertit.
1150 725 1195 781 Ad
1229 723 1370 795 maiorem
1395 721 1550 779 utilitatem
1583 723 1665 779 nobis
1684 721 1760 779 malo
1790 723 1876 779 istius

125 813 146 884 (l
163 813 331 898 Copula).
359 815 406 871 Ait
434 815 531 886 itaque
542 814 697 871 Psalmns:
721 817 800 870 Dicit
826 816 972 886 insipiens,
1026 830 1116 889 quam
1152 815 1230 872 illius
1258 815 1332 871 bono
1358 813 1458 870 divina
1481 826 1534 869 usa
1558 819 1600 868 est
1626 812 1730 883 gratia.
1762 811 1873 869 Diaboli

127 902 153 957 id
168 910 210 958 est
225 901 360 958 animalis
374 902 470 969 bomo,
487 903 608 974 quinon
625 903 746 974 percipit
760 918 794 960 ea
811 919 877 975 quoe
903 901 973 960 sunt
1026 920 1143 978 quoque
1156 904 1317 976 nequitiam
1333 902 1400 974 quis
1414 901 1526 959 dubitet
1543 915 1560 957 a
1579 901 1635 956 Deo
1666 914 1778 970 semper
1801 901 1875 956 bene

64 1062 66 1067 ,
124 989 419 1062 spirtiusbelltcor.
450 1007 481 1059 ιι,
506 992 607 1062 liudo
635 1006 741 1049 arcano
763 991 897 1051 videlieet
923 992 972 1049 illo
1026 994 1167 1061 ordinari,
1182 1007 1249 1050 eum
1272 999 1299 1049 et
1314 992 1374 1063 ipse
1392 991 1467 1048 nihil
1480 990 1536 1046 nisi
1551 992 1608 1046 Deo
1631 989 1812 1060 permittente
1828 989 1875 1069 ¹²7

124 1086 230 1134 nostrae
249 1078 440 1148 reparationis
452 1079 596 1150 mysterio,
622 1095 689 1137 eum
713 1080 911 1138 infirmitatem
926 1097 972 1138 as·
1025 1085 1092 1152 ciat,
1117 1081 1162 1140 vel
1190 1081 1337 1154 puniendo
1361 1095 1434 1148 reos,
1462 1080 1508 1136 vol
1529 1079 1678 1151 probando
1697 1078 1802 1149 Justos,
1826 1065 1873 1135 'vel

124 1168 233 1237 sumpti
256 1168 381 1224 bominis
398 1169 573 1239 inspiceret:
600 1171 660 1226 lion
672 1174 711 1225 est
728 1172 804 1226 Deus.
829 1169 909 1225 Dixit
925 1169 973 1226 bic
1026 1170 1167 1243 quidlibet
1197 1171 1328 1243 egendo?
1347 1169 1428 1227 Unde
1444 1175 1472 1224 et
1489 1175 1610 1238 potestas
1632 1167 1710 1223 illius
1732 1181 1791 1223 non
1817 1167 1875 1223 nisi

125 1256 243 1327 quidem
271 1271 328 1313 non
344 1257 440 1313 verbis
457 1258 590 1329 negando
605 1259 817 1325 tantummodo,
833 1258 908 1315 sieut
925 1261 973 1315 Pe·
1023 1261 1173 1334 justaesse
1192 1259 1385 1330 possesione
1411 1257 1548 1314 voluntas
1560 1254 1638 1312 illius
1661 1270 1719 1312 nou
1743 1255 1798 1311 nisi
1830 1256 1872 1310 in·

125 1351 269 1400 ireseum
298 1347 441 1416 negando,
458 1346 508 1403 sed
523 1353 550 1404 et
561 1346 657 1415 eorde,
675 1347 747 1417 quia
761 1346 815 1404 etsi
839 1345 970 1416 eredidit,
1023 1350 1120 1421 justa;
1137 1349 1188 1420 qui
1216 1362 1233 1404 a
1254 1348 1374 1404 Domino
1403 1354 1580 1417 potestatem,
1597 1360 1614 1402 a
1629 1360 1659 1402 se
1688 1360 1757 1402 vero
1784 1345 1875 1402 babet

126 1432 180 1490 boe
206 1441 258 1501 est,
274 1435 441 1505 paucissimi
469 1443 498 1492 ot
519 1435 603 1506 quasi
627 1435 702 1492 nulli
729 1443 798 1493 sunt
819 1436 871 1507 qui
899 1436 972 1508 justi
1025 1438 1215 1496 voluntatem.
1239 1438 1298 1494 Non
1324 1443 1363 1492 est
1378 1439 1451 1491 enim
1477 1439 1608 1506 potestas,
1634 1435 1695 1504 ipso
1722 1441 1875 1490 attestante

127 1529 205 1590 sunt,
240 1522 335 1579 idest
370 1524 532 1595 unicuique
556 1524 706 1581 reddentes
725 1538 859 1595 quaesua
892 1532 971 1589 sunt.
1027 1535 1124 1599 postea
1146 1526 1289 1598 Apostolo,
1312 1528 1394 1580 nisio
1423 1528 1476 1580 Deo
1501 1527 1588 1592 (Rom.
1601 1538 1664 1591 nni,
1687 1524 1722 1595 l).
1745 1523 1826 1580 Unde
1841 1529 1870 1580 et

125 1608 206 1666 Absit
220 1609 298 1666 enim
308 1618 341 1667 ut
369 1613 521 1669 credamus
548 1612 704 1669 Ecclesiam
723 1627 741 1669 a
771 1614 862 1684 primo
883 1612 972 1672 electo
1027 1617 1140 1675 Veritas
1163 1616 1265 1687 iniquo
1286 1615 1400 1685 praesidi
1415 1615 1474 1671 ait:
1489 1615 1548 1670 Non
1570 1614 1681 1669 bobum
1703 1616 1733 1667 iu
1757 1627 1799 1666 me
1818 1627 1874 1681 po-

125 1711 219 1770 usque
234 1698 270 1755 ad
285 1700 474 1757 novissimum
492 1701 520 1757 in
535 1699 685 1772 aliquibus
715 1700 815 1758 saltem
839 1701 973 1760 fidelibus
1027 1710 1152 1763 testatem
1166 1705 1221 1760 uisi
1232 1703 1389 1758 dotumtioi
1403 1707 1472 1757 esset
1492 1703 1607 1770 desuper
1619 1700 1708 1769 (loen.
1724 1715 1784 1766 nrx,
1819 1699 1872 1770 ll).

125 1799 184 1868 nou
208 1797 469 1857 perseveraturam,
487 1804 553 1860 qnae
578 1798 605 1846 et
620 1797 687 1845 ante
710 1790 800 1862 legem
817 1791 923 1847 multos
945 1798 973 1846 et

126 1882 188 1946 post
209 1874 299 1947 legem
334 1875 441 1946 plures,
466 1877 582 1935 sicutet
596 1879 689 1949 ipsum
709 1881 758 1950 qui
791 1880 870 1937 bunc
895 1879 971 1937 Psal-

124 1978 206 2021 mum
222 1966 392 2035 composuit,
418 1975 445 2023 et
459 1967 514 2023 sub
530 1969 625 2039 gratia
635 1969 745 2039 colligit
763 1968 876 2026 multos.
892 1968 974 2026 Unde

124 2052 196 2110 etin
211 2053 272 2125 ipso
288 2055 415 2111 adventu
431 2055 544 2112 Domini
557 2056 616 2127 jam
633 2071 669 2113 ex
685 2057 813 2114 maxima
841 2064 921 2127 parte
943 2056 973 2112 in

125 2140 213 2198 lsrael
238 2143 313 2200 lacta
336 2146 464 2200 cecitate
480 2145 633 2203 nonnullos
662 2145 786 2217 legimus
814 2160 971 2215 superesse,

126 2231 205 2287 velut
228 2231 397 2300 Simeonem,
420 2236 544 2301 Annam,
560 2244 648 2305 atque
673 2236 763 2305 ipsam
779 2236 894 2291 Domini
912 2249 971 2290 rna·

127 2326 197 2374 trem
221 2334 288 2374 cum
310 2335 414 2390 sponso
429 2337 481 2377 suo
495 2323 610 2392 losepb,
628 2330 655 2378 et
680 2333 827 2392 patremet
851 2332 971 2380 matrem

127 2406 247 2463 loannis
273 2406 407 2478 Baptista
423 2424 489 2464 euin
506 2410 575 2479 ipso.
592 2410 670 2480 supe
692 2420 788 2468 antem
811 2427 877 2468 cum
900 2412 970 2468 dici·

127 2502 175 2552 tur
186 2498 274 2550 omnis
290 2535 297 2561 ,
314 2496 360 2551 rol
373 2497 476 2565 nullius,
493 2512 549 2554 non
560 2499 742 2570 generaliter,
755 2501 805 2556 sed
830 2501 866 2556 ad
879 2501 971 2556 maxi·

127 2598 203 2641 marn
223 2592 332 2656 partem
350 2584 465 2642 dieitur.
497 2586 587 2642 Veluti
607 2587 631 2643 si
656 2588 770 2645 dicatur
795 2589 970 2659 decivitate,

128 2673 158 2729 in
174 2687 234 2744 qua
250 2674 334 2745 pauci
348 2682 417 2731 sunt
433 2675 517 2731 boni:
535 2676 641 2733 Omnes
656 2678 800 2735 malisunt
819 2679 871 2750 qui
893 2679 922 2735 in
938 2695 972 2736 ea

129 2762 261 2820 habitant
275 2765 335 2820 :rel
354 2781 360 2818 :
381 2764 459 2821 Nulli
477 2764 541 2821 boni
558 2773 626 2823 sunt
646 2767 675 2823 in
690 2781 733 2823 ea.
753 2768 827 2825 ilinc
840 2778 882 2826 est
900 2769 972 2826 illud

1029 1794 1084 1860 Qui
1101 1794 1198 1864 itaque
1226 1792 1300 1848 male
1323 1800 1426 1862 agunt,
1448 1791 1501 1847 sibi
1525 1790 1621 1861 potius
1635 1789 1752 1846 inustiles
1784 1802 1873 1860 quam

1027 1882 1144 1939 omnino
1174 1880 1291 1938 inutiles
1320 1880 1500 1952 intelligendi
1526 1886 1604 1948 sunl,
1621 1893 1689 1936 cum
1717 1878 1747 1934 in
1771 1877 1873 1935 ordine

1027 1984 1124 2028 rerum
1141 1970 1215 2026 nibil
1238 1969 1380 2025 inutiliter
1399 1978 1449 2025 aut
1464 1968 1611 2038 superduc
1633 1969 1679 2038 agi
1691 1966 1792 2023 divina
1813 1973 1872 2032 ,ut

1027 2058 1216 2125 ostendimus,
1249 2058 1397 2128 dispositio
1420 2059 1575 2128 permittat.
1601 2055 1749 2121 Quomodo
1773 2062 1871 2112 antem

1027 2148 1248 2204 declinaverunt
1269 2159 1377 2213 ornnes,
1394 2153 1445 2202 aut
1468 2160 1485 2201 a
1513 2160 1572 2216 quo
1597 2141 1873 2201 declinaveruntia

1027 2237 1112 2301 bono,
1152 2235 1259 2291 scilieet
1297 2248 1391 2304 opere,
1424 2235 1571 2305 supponit,
1595 2234 1714 2290 dicens:
1744 2232 1804 2288 Nou
1829 2237 1869 2286 eet

1027 2325 1181 2396 quiteriae
1201 2324 1310 2389 bouum,
1327 2322 1378 2394 qui
1400 2323 1472 2379 bene
1494 2331 1639 2392 operetur,
1653 2328 1681 2377 et
1703 2321 1781 2392 quod
1790 2321 1872 2377 debet

1027 2414 1153 2484 impleat.
1174 2412 1314 2479 Quamvis
1337 2412 1414 2469 enim
1433 2412 1508 2468 bona
1523 2412 1656 2468 videatur
1682 2409 1799 2467 traditio
1817 2412 1870 2466 Do-

1027 2503 1109 2570 mini,
1126 2515 1192 2573 qnae
1210 2501 1313 2557 alula
1326 2500 1400 2557 laeta
1414 2507 1466 2566 est,
1481 2508 1508 2556 et
1524 2499 1623 2567 simul,
1643 2505 1675 2556 nl
1692 2499 1803 2555 dietum
1817 2506 1868 2564 est,

1027 2606 1044 2648 a
1072 2593 1155 2648 Patre
1179 2591 1239 2646 sire
1266 2589 1384 2657 aFilio,
1418 2596 1513 2647 tamen
1533 2589 1561 2644 id
1588 2588 1677 2645 ludas
1701 2588 1773 2644 bene
1795 2587 1869 2655 lecit,

1027 2680 1106 2751 quod
1130 2691 1265 2750 perversa
1290 2677 1456 2744 intentione,
1473 2677 1502 2733 id
1517 2683 1559 2732 est
1573 2690 1610 2731 ex
1638 2675 1799 2745 eupiditate
1824 2689 1867 2744 pe-

1026 2770 1121 2826 ouniae
1135 2767 1284 2824 commisit.
1297 2765 1400 2824 Omnia
1426 2765 1534 2836 quippo
1553 2779 1641 2836 opera
1660 2778 1696 2820 ex
1713 2763 1870 2820 intentione

127 2851 291 2922 Hieronymi
304 2854 503 2911 adDamasum
520 2868 624 2925 papam
636 2856 670 2911 de
686 2856 743 2913 silio
755 2858 970 2930 prodigozllili,
1027 2856 1174 2929 pensanda
1194 2870 1255 2912 esse
1276 2854 1415 2911 Dominus
1441 2853 1549 2923 docuit,
1573 2853 1688 2909 dicens:
1722 2852 1755 2907 Si
1774 2853 1870 2908 oculus

126 2946 157 2996 tu
171 2957 276 3012 semper
290 2958 391 2998 meeum
403 2958 441 3009 es,
455 2947 481 2998 et
496 2947 586 2998 omniu
598 2959 655 2998 meo
669 2951 717 2999 tuo
744 2952 808 3001 sunl
824 2948 901 3018 (Luc.
919 2962 968 3017 xv,
987 2934 1009 2992 C
1026 2951 1088 3003 tuus
1102 2946 1218 3015 :imples
1231 2945 1389 3012 (corileto.
1402 2942 1557 3013 (Molliter,
1567 2944 1621 3012 ιιι.
1639 2940 1776 3011 Alioquin
1790 2941 1872 2997 ludae

126 3030 182 3101 ιι).
198 3030 338 3104 Nunquid
358 3031 454 3102 angeli
476 3032 601 3088 tbroni‘l
623 3034 726 3089 Omnia
743 3048 822 3105 ergo,
844 3035 971 3108 intellige
1025 3042 1143 3106 quoque
1158 3047 1240 3104 opus,
1257 3033 1286 3089 in
1302 3047 1360 3103 quo
1376 3038 1435 3088 tam
1456 3032 1540 3087 Pater
1563 3045 1652 3102 qnam
1681 3031 1770 3086 Filius
1790 3029 1872 3086 mise·

125 3120 290 3190 propbetas,
333 3119 448 3191 eloquia
470 3120 580 3188 divina,
605 3122 765 3178 seeundum
794 3122 866 3179 illud
893 3126 971 3195 qnod
1025 3122 1175 3180 ricorditer
1188 3129 1256 3178 suut
1268 3122 1388 3191 operati,
1400 3119 1675 3177 bonumdiceudum
1704 3125 1787 3174 esset.

124 3221 200 3277 saepe
218 3207 416 3278 exposuimus,
444 3223 501 3265 non
530 3209 629 3265 omnia
655 3209 691 3266 ad
712 3219 801 3268 toturn
817 3226 877 3268 esse
899 3213 969 3271 reie·
1058 3213 1118 3269 Nou
1141 3216 1182 3266 est
1210 3210 1348 3280 usquead
1372 3225 1466 3265 unum.
1492 3209 1634 3279 Repetitio
1661 3215 1705 3266 est
1733 3206 1872 3278 praemissi

126 3295 226 3362 rende,
240 3297 289 3352 sed
301 3296 337 3351 od
352 3304 460 3366 partem
474 3297 644 3364 maximnm,
672 3298 971 3357 ut=0muerdeoliuu
1025 3301 1112 3368 illius,
1142 3298 1366 3370 videlieetqnod
1392 3297 1568 3365 dictumest,
1594 3297 1872 3363 noneslquisceiot

126 3388 224 3438 verunt
239 3384 325 3452 (Psoi.
343 3399 403 3451 ιιιι,
420 3383 457 3456 3),
473 3392 522 3441 et:
544 3385 638 3441 Omnes
649 3390 699 3452 qui
712 3392 775 3442 unte
786 3404 827 3443 me
841 3395 972 3445 uenerunt
1025 3390 1135 3460 bouum,
1150 3397 1182 3447 ut
1205 3387 1406 3446 determinatio
1439 3386 1625 3455 subderetur,
1644 3402 1680 3444 ne
1699 3384 1873 3458 generaliter

126 3474 242 3539 {uerunt
262 3474 339 3540 tures
355 3477 382 3528 et
407 3473 525 3530 latrones
542 3476 630 3545 (loon.
647 3489 678 3541 x,
698 3478 735 3544 8).
753 3478 812 3533 Et:
839 3478 971 3535 Omnibus
1024 3481 1134 3537 dictum
1164 3485 1325 3549 putaretur.
1353 3476 1421 3532 Tale
1443 3482 1486 3532 est
1515 3475 1612 3546 itaque
1640 3489 1675 3532 ao
1688 3476 1712 3531 si
1739 3473 1869 3531 diceret:

124 3565 217 3616 omnio
237 3563 329 3629 suetus
356 3577 428 3631 sum,
443 3567 474 3617 ut
488 3579 578 3619 omues
599 3564 788 3633 lucrifacerem
803 3567 826 3636 (l
853 3567 914 3623 Cor.
929 3582 970 3637 ιιι,
1023 3568 1087 3626 Non
1102 3576 1144 3626 est
1159 3568 1210 3639 qui
1225 3567 1310 3623 iaciat
1338 3566 1457 3629 bonum,
1482 3563 1613 3633 inquam,
1648 3577 1803 3633 usquequo
1824 3575 1869 3618 re·

125 3649 181 3720 ιι).
204 3651 263 3708 Et:
291 3650 386 3707 Omnes
415 3668 475 3722 qua
499 3667 550 3708 suo
574 3659 711 3723 querunt,
739 3671 794 3710 non
821 3673 881 3727 quae
907 3660 971 3713 lesu
1024 3658 1086 3716 niet
1110 3656 1293 3714 credendoet
1317 3667 1368 3725 per
1392 3665 1520 3709 amorem
1548 3651 1794 3722 seoopulandoei
1821 3649 1870 3720 qui

126 3737 365 3810 curistllrtlttpp.
383 3756 414 3809 ιι,
424 3739 481 3812 tl).
1024 3760 1092 3806 vere
1107 3760 1187 3804 unus
1200 3751 1250 3809 est,
1277 3751 1304 3800 et
1319 3739 1508 3799 immutabilis
1523 3755 1574 3811 per
1599 3750 1746 3807 naturam,
1762 3746 1791 3796 et
1809 3739 1871 3794 sin·

159 3826 254 3896 Quare
272 3837 369 3885 autem
386 3830 490 3887 nonsit
502 3830 601 3902 justus
616 3831 785 3903 quisquam,
807 3834 968 3905 supponit:
1024 3835 1135 3906 gularis
1160 3847 1212 3904 per
1238 3831 1436 3894 eminentiam,
1462 3828 1490 3884 id
1513 3836 1556 3885 est
1575 3829 1632 3885 Deo
1657 3829 1718 3886 sire
1746 3827 1870 3892 Christo,

126 3915 198 3984 Ouio
225 3920 347 3974 nonest
373 3919 528 3988 tnlelllqms
561 3922 706 3977 Dominum
744 3927 794 3977 uui
826 3924 969 3993 requirens
1025 3924 1077 3995 qui
1091 3929 1134 3980 est
1149 3936 1228 3979 unus
1246 3921 1297 3978 Dei
1311 3926 1339 3975 el
1354 3917 1505 3974 bominum
1522 3917 1670 3986 mediator,
1704 3931 1755 3988 per
1784 3919 1871 3988 eujus

124 4007 226 4077 ipsum.
241 4006 522 4079 Noneslintelligens
531 4009 698 4078 Dominum,
715 4010 799 4067 idest
815 4025 873 4068 non
886 4020 971 4070 curat
1025 4012 1110 4070 iidem
1125 4011 1154 4068 iu
1177 4009 1367 4082 sequentibus
1396 4004 1502 4062 salvari
1526 4020 1577 4063 nos
1592 4014 1702 4064 astruet
1716 4006 1778 4063 sine
1807 4020 1872 4076 ope·

124 4096 187 4167 ejus
213 4096 362 4166 promissis
375 4096 420 4154 rel
440 4096 527 4153 minis
547 4099 704 4165 attendere,
736 4099 807 4170 quia
835 4101 970 4158 animalis
1024 4101 1107 4159 ribus
1118 4100 1200 4172 legis,
1215 4101 1309 4156 Potest
1329 4098 1416 4154 etiarn
1438 4095 1478 4151 ita
1501 4095 1646 4165 intelligi:
1668 4097 1727 4152 Nou
1758 4097 1870 4164 estqui

123 4183 209 4241 bomo
225 4198 282 4240 non
299 4185 418 4255 percipit
431 4199 467 4242 ea
480 4200 546 4257 quae
565 4195 635 4243 sunt
648 4187 768 4258 spiritus
795 4189 844 4245 Dei
871 4190 894 4257 (l
909 4191 968 4248 Cor.
1023 4193 1111 4260 (comt
1139 4189 1236 4243 bonum
1249 4202 1336 4257 usque
1352 4187 1388 4242 ud
1403 4202 1498 4253 unum,
1519 4197 1551 4240 ae
1567 4185 1590 4238 si
1603 4183 1711 4241 diceret
1732 4199 1740 4238 ι
1758 4183 1814 4241 Vix
1829 4192 1869 4242 est

124 4287 154 4338 ιι,
173 4272 228 4341 ιι),
256 4272 306 4328 sod
333 4280 376 4329 est
397 4272 472 4330 sient
493 4288 589 4353 equus
611 4282 639 4331 et
654 4275 762 4342 mulus,
788 4276 897 4348 quibus
911 4292 969 4335 non
987 4270 1009 4324 ὓ
1025 4279 1077 4350 qui
1092 4278 1177 4334 iaciat
1191 4276 1310 4344 bonum,
1326 4275 1356 4333 id
1372 4284 1414 4334 est
1434 4276 1493 4332 iere
1512 4274 1612 4330 nullus
1626 4280 1669 4329 est
1696 4271 1749 4343 qui
1772 4272 1866 4330 iaciat.

52 4396 57 4405 ι
123 4367 166 4418 est
181 4360 345 4418 intellectus
369 4361 453 4434 (Psoi.
470 4377 554 4431 xxxi,
572 4364 610 4435 6).
636 4364 671 4421 Et
687 4364 758 4435 quia
779 4381 838 4423 non
867 4375 910 4424 est
926 4368 967 4425 iu·
1025 4369 1095 4425 Fere
1118 4365 1195 4422 enim
1209 4363 1309 4422 nullus
1336 4371 1388 4433 est,
1409 4378 1462 4421 nee
1487 4377 1565 4419 unus
1584 4368 1698 4419 tantum
1727 4371 1866 4433 superest.

124 4450 256 4522 telligens
271 4450 438 4520 Dominum,
454 4453 546 4509 nescit
565 4452 715 4524 requirere
732 4468 799 4511 eum
815 4469 867 4525 per
880 4459 970 4527 poeni-

123 4540 253 4606 tentiam,
274 4553 360 4610 quem
374 4540 471 4599 amisit
490 4555 541 4611 per
554 4540 770 4613 negligentiam.
794 4542 886 4609 Quam
903 4547 969 4616 qui·

123 4627 188 4685 dem
212 4628 420 4700 negligentiam
436 4629 572 4698 annectit,
590 4629 710 4688 dicens:
727 4630 823 4687 Omnes
851 4633 970 4690 deelina-

50 4762 56 4770 .
121 4720 229 4784 oerurrt,
245 4716 300 4774 boo
313 4724 355 4774 est
369 4717 498 4775 studium
515 4731 615 4782 suum,
632 4718 730 4776 relicto
754 4720 812 4776 Deo
840 4735 964 4780 eonver-

123 4811 221 4862 terunt
250 4805 287 4862 ad
313 4806 462 4874 saeoulum,
484 4814 515 4862 ut
539 4820 592 4877 pro
612 4807 820 4877 temporalibus
845 4819 970 4869 contem-

122 4903 224 4953 nerent
238 4903 356 4963 eterna,
372 4904 460 4966 atque
485 4896 525 4952 ita
541 4909 642 4952 omnes
656 4896 766 4966 pariter
790 4905 848 4955 tam
876 4899 968 4959 ludaei

122 4984 229 5041 scilieet
245 4999 333 5056 quarn
350 4992 457 5056 gentes.
477 4986 597 5041 inutiles.
608 4987 692 5041 simul
705 4988 859 5054 foetiscat.
880 4989 969 5048 Nemo

123 5073 231 5144 quippe
245 5080 303 5129 tam
330 5073 450 5145 iniquus
464 5081 506 5130 est
528 5081 560 5130 ut
575 5073 692 5130 omnino
713 5074 823 5132 inutilis
839 5075 967 5144 flatuum

124 5161 192 5232 ipsis
203 5162 289 5218 etiam
319 5161 402 5219 malis
428 5165 513 5232 Deus,
529 5171 561 5220 ut
579 5162 690 5220 dietum
712 5171 765 5230 est,
781 5164 887 5234 optime
900 5172 968 5222 utn-

1024 4456 1182 4526 Sepulerum
1197 4458 1305 4524 polens.
1322 4453 1392 4510 Tres
1413 4452 1459 4509 isti
1475 4458 1628 4522 sequentes
1645 4449 1792 4519 versiculi,
1819 4451 1868 4522 qui

1024 4544 1165 4600 innostro
1181 4541 1317 4598 Psalterio
1342 4541 1496 4608 habentur,
1513 4540 1542 4594 in
1568 4538 1698 4607 liebraeo,
1717 4545 1790 4596 teste
1810 4538 1869 4596 Ori·

1023 4647 1096 4704 gene
1110 4632 1172 4688 sive
1187 4630 1370 4701 Hieronymo,
1382 4628 1501 4686 minime
1516 4628 1555 4684 ila
1565 4627 1703 4684 continue
1718 4626 1866 4698 leguntur.

1024 4721 1105 4780 Unde
1116 4720 1254 4791 Origenes
1266 4734 1354 4791 snper
1373 4720 1448 4775 banc
1470 4717 1648 4789 Epistulam:
1682 4719 1714 4773 ln
1744 4718 1867 4774 nonnul·

1022 4805 1067 4874 lis,
1079 4805 1184 4877 inquit,
1200 4804 1415 4875 exemplaribus
1428 4804 1608 4869 Latinorum,
1627 4817 1661 4860 ea
1687 4817 1754 4873 quae
1766 4803 1868 4860 subse-

1023 4895 1197 4968 quunturin
1212 4909 1262 4950 xrn
1278 4891 1387 4964 psalmo
1415 4900 1625 4963 consequenter
1653 4891 1867 4948 inveniuntur:

1023 4986 1052 5041 in
1069 4983 1280 5042 Graecisauteni
1296 4995 1368 5052 pene
1382 4982 1519 5038 omnibus
1533 4981 1562 5035 in
1574 4993 1626 5036 xrn
1641 4978 1713 5050 psal.
1728 4979 1868 5051 seriptum

1022 5081 1075 5142 est,
1108 5087 1194 5143 usque
1205 5088 1261 5144 non
1275 5077 1315 5126 est
1327 5072 1477 5141 quisociol
1497 5070 1595 5124 bouum
1607 5084 1662 5125 mon
1677 5073 1717 5124 est
1730 5085 1818 5137 usque
1833 5067 1868 5125 od

1021 5179 1115 5218 unum.
1132 5161 1185 5218 Sed
1199 5168 1227 5217 et
1239 5159 1317 5231 quod
1337 5159 1413 5216 dixit
1428 5156 1593 5228 Apostolus,
1623 5158 1698 5214 sicut
1726 5159 1868 5228 seriptum

122 5256 181 5316 tur,
199 5250 969 5323 sieutnequitialudaesivediaboli.Inunoquippe
1019 5260 1080 5309 est:
1099 5252 1170 5317 Quia
1201 5248 1589 5317 nonestjustusquisquam,
1609 5248 1753 5315 'quonium
1781 5262 1867 5317 ιιεᾳιιι

122 5344 150 5394 et
171 5341 270 5394 eodem
293 5339 378 5406 iacto,
395 5347 422 5397 et
444 5341 520 5398 Deus
543 5342 638 5408 Pater,
664 5347 691 5397 et
716 5340 818 5407 lilius,
836 5347 864 5396 et
877 5340 968 5396 ludas

123 5425 265 5494 cooperati
276 5433 354 5493 sunt,
371 5427 443 5497 quia
455 5428 538 5484 Pater
553 5428 703 5496 Filium,et
719 5427 806 5484 Filius
829 5427 966 5498 seipsum,

122 5511 255 5570 elludas
280 5512 397 5569 tradidit
424 5514 587 5570 Dominum.
598 5515 724 5572 'iraditio
753 5515 812 5583 illa,
830 5530 919 5587 quam
938 5525 966 5573 et

1021 5357 1075 5396 non
1098 5345 1138 5395 est
1163 5340 1211 5406 qui
1223 5340 1309 5406 sumat
1335 5336 1444 5403 bonum,
1464 5351 1520 5389 uon
1534 5340 1574 5390 est
1595 5350 1683 5404 usque
1708 5334 1745 5389 od
1759 5350 1865 5391 unum:

1023 5430 1075 5485 Sed
1094 5436 1122 5485 et
1136 5427 1213 5498 quod
1229 5426 1302 5482 dixit
1314 5424 1479 5497 Apostolus
1494 5424 1564 5478 sieut
1580 5425 1715 5492 seriptum
1735 5428 1785 5489 eat,
1800 5426 1868 5492 quio

1021 5531 1075 5570 non
1088 5519 1127 5571 ert
1145 5515 1240 5583 iustus
1259 5514 1415 5583 quisquam,
1431 5527 1486 5569 mon
1509 5518 1550 5567 erl
1564 5511 1802 5580 intelliqeur„rton
1828 5516 1868 5566 est
