3804 5962
769 240 820 298 SIC
839 243 882 298 ΕΤ
900 242 981 301 ΝΟΝ.
1676 252 1745 312 1362

85 375 145 429 rus,
167 361 281 420 nulium
306 365 335 420 in
350 379 382 421 eo
408 365 488 424 aliud
516 375 619 437 pneter
641 367 764 440 idquod
785 364 1018 439 assuspirans
1044 375 1177 438 sanctus3
1206 367 1280 424 idem
1303 367 1401 438 justus
1433 367 1509 427 idem
1538 369 1641 442 benus,
1668 374 1744 435 idem

84 453 193 508 renim
221 453 280 510 iteri
310 455 471 525 subiectum
501 465 606 528 potest;
644 459 735 515 itrrrna
762 460 839 514 enim
893 472 1028 529 magnus,
1052 458 1127 513 idem
1150 459 1336 529 omuia‘quae
1360 458 1561 516 secundumse
1585 469 1745 530 potuerant

84 557 254 600 armavere
282 545 418 614 subiectae
441 562 578 603 essenon
606 557 734 618 possunt.
752 552 836 604 ilem:
892 548 1053 618 predicari.
1084 548 1157 603 Sane
1182 546 1331 603 sciendum
1358 555 1400 602 est
1426 561 1485 603 uon
1517 563 1630 620 semper
1656 553 1742 611 talem

97 633 197 704 igitur,
212 634 240 689 ia
261 649 293 690 ee
317 636 480 703 diversitas,
514 637 594 694 nulla
613 651 649 692 ex
671 640 837 696 diversitate
890 650 950 691 esse
977 636 1193 705 praedicativam
1218 636 1398 701 relationem,
1421 642 1454 692 ut
1472 650 1586 709 semper
1597 641 1633 695 ad
1659 642 1740 701 dille·

88 724 148 785 itas,
176 722 258 779 nulla
278 739 314 780 ex
336 726 531 783 accidentibus
559 727 723 797 irruititudo,
748 737 837 799 atque
890 739 957 780 rens
986 725 1171 795 predicetur:
1197 739 1264 779 uam
1291 723 1403 794 aequale
1430 724 1536 795 aequali
1557 729 1670 797 aequalc
1687 737 1739 799 est,

83 825 95 866 t
118 825 170 867 nec
189 826 339 867 uumerus.
362 816 440 869 item:
462 815 521 881 ‚Ubi
541 816 704 872 veronulla
724 824 765 873 εει
780 816 834 872 dii·
889 822 916 870 et
931 814 1023 870 simile
1048 814 1135 868 simili
1151 812 1243 868 simile
1265 820 1318 880 est,
1337 821 1364 868 et
1380 813 1454 868 idem
1468 812 1495 869 ei
1511 815 1588 884 quod
1604 823 1647 870 esi
1663 817 1738 875 idem

82 901 119 966 ia,
148 900 229 956 nulla
252 909 294 957 εει
318 903 434 957 omnino
459 903 624 973 pirrralitas:
658 920 748 976 quare
781 919 834 960 nee
887 903 962 959 idem
977 910 1079 959 estset
1093 904 1195 959 similis
1215 909 1258 959 εει
1283 902 1384 958 raiatia
1401 904 1430 956 ln
1447 902 1573 959 trinitate
1593 904 1686 962 Patris
1701 907 1738 964 ad

83 1004 142 1058 *us;
175 989 264 1061 igitur
292 992 388 1047 unitas
423 1000 547 1048 tautum.
572 996 656 1050 item:
688 995 833 1050 Numerus
887 992 1000 1059 Filium,
1030 1001 1058 1048 et
1088 992 1242 1062 utriusque
1273 991 1309 1047 ad
1338 991 1477 1061 Spiritum
1514 1000 1658 1061 sanetum,
1688 997 1738 1056 sed

85 1076 192 1147 duplex
217 1085 271 1146 est;
299 1094 376 1135 unus
399 1081 515 1149 quidem
550 1097 609 1151 qua
632 1096 830 1151 numeramus,
884 1081 949 1151 ejus
967 1081 1045 1151 quod
1069 1090 1111 1138 εει
1129 1081 1203 1137 idem
1219 1081 1296 1137 adid
1313 1080 1389 1151 quod
1405 1088 1448 1136 εει
1472 1080 1556 1136 idem.
1574 1083 1654 1147 Quod
1669 1084 1693 1140 si
1707 1084 1737 1141 id

83 1182 142 1223 tero
157 1169 209 1238 qui
227 1169 489 1225 innumerabilibus
504 1171 590 1227 rebus
610 1180 730 1228 constat.
743 1175 828 1228 iiam:
885 1169 914 1223 ln
927 1170 1039 1225 eunetis
1058 1169 1121 1225 aliis
1140 1170 1228 1225 rebus
1249 1183 1306 1225 nau
1332 1176 1425 1238 potest
1445 1169 1581 1236 inveniri,
1599 1170 1652 1227 hoc
1666 1172 1735 1230 iacit

83 1271 106 1311 ,u
128 1271 260 1324 numero,
284 1273 342 1328 que
364 1273 563 1327 numeramus,
584 1260 714 1331 repetitio
733 1261 828 1317 unita·
883 1266 1006 1339 cognata
1034 1259 1151 1315 caducis
1184 1259 1273 1316 rebus
1309 1258 1448 1315 alteritas.
1491 1257 1666 1316 Athanasius
1692 1265 1732 1318 Ite

82 1344 124 1400 cit
147 1345 360 1413 pluralitatem
377 1349 405 1403 in
429 1362 745 1406 rerumveranumero
768 1363 827 1406 non
884 1349 1019 1401 iriaitote
1047 1349 1094 1402 lib.
1126 1348 1170 1414 Vl,
1207 1363 1267 1417 cap.
1302 1349 1343 1404 il:
1367 1347 1535 1405 Maledictus
1564 1349 1733 1420 quisecuu·

85 1434 245 1491 unalitatem
257 1436 400 1490 unitatum
410 1438 547 1506 repetitio,
560 1439 671 1494 velutsi
686 1437 825 1494 desudem
880 1435 950 1491 dum
970 1442 1026 1491 tres
1049 1449 1186 1506 personas
1209 1434 1338 1492 diversas
1361 1437 1541 1493 substantias
1556 1437 1586 1491 in
1601 1437 1647 1494 his
1661 1453 1729 1495 can-

82 1535 108 1577 ts
123 1521 238 1592 gladius
252 1538 340 1588 unus,
357 1539 457 1581 mucro
472 1540 561 1591 εεεε,
582 1527 659 1582 εεειε
674 1541 761 1591 tanus,
776 1541 825 1584 re·
879 1512 986 1591 litetur,
1003 1523 1062 1590 ilat,
1091 1524 1150 1580 ilat.
1175 1528 1241 1579 item
1264 1524 1434 1582 Maledictus
1461 1525 1512 1596 qul
1535 1533 1651 1596 propter
1674 1527 1730 1585 tria

89 1612 222 1682 quaedam
242 1620 284 1668 est
305 1613 444 1681 ejusdem,
466 1629 522 1669 uon
545 1616 709 1671 numeratio
728 1615 823 1671 diter·
840 1650 860 1705 Β
879 1613 997 1668 nomina
1019 1627 1207 1683 personarum
1232 1619 1289 1669 tres
1309 1613 1377 1669 deos
1395 1621 1446 1670 aut
1468 1621 1524 1669 tres
1550 1614 1729 1674 substantias

81 1699 187 1759 .velut
210 1700 232 1755 si
261 1700 392 1756 dieamus
415 1703 467 1770 sel,
491 1703 544 1768 sol,
569 1703 620 1758 sai.
646 1703 708 1759 Non
730 1704 822 1772 igitur
877 1708 928 1756 aut
957 1710 1014 1757 ires
1042 1702 1160 1772 spiritus
1188 1701 1350 1769 condietur,
1376 1702 1435 1770 ilat,
1461 1701 1520 1758 irat.
1544 1704 1727 1775 Hieronymus

105 1786 139 1842 de
160 1787 242 1845 Patre
267 1798 294 1844 ει
324 1789 393 1844 Filia
422 1797 449 1845 ei
479 1789 586 1861 Spiritu
613 1800 712 1849 sancto
740 1792 821 1848 tertio
875 1792 904 1844 in
929 1791 1044 1860 epistola
1070 1792 1104 1845 de
1130 1792 1324 1860 explanatione
1351 1791 1422 1860 fidei
1449 1791 1486 1846 ad
1508 1795 1657 1848 Damasum
1672 1809 1726 1865 pa·

81 1881 148 1930 atur
167 1876 252 1941 Dens,
277 1877 382 1932 idcireo
407 1878 483 1932 trina
508 1880 672 1947 pradicatio
693 1880 749 1950 (88)
766 1895 818 1936 nu·
874 1895 952 1948 pam:
965 1879 1179 1935 contundentes
1188 1880 1291 1935 Arium
1306 1893 1393 1935 unam
1402 1879 1724 1952 eamdemquedicimus

81 1983 84 2017 ι
109 1963 184 2018 ιεειι.
210 1967 291 2018 itam:
316 1966 375 2021 Non
399 1980 467 2022 tero
487 1967 527 2022 ita
555 1968 662 2024 dicitur
685 1971 768 2024 Pater
792 1976 820 2026 et
875 1967 1010 2023 trinitatis
1022 1967 1226 2023 substantiam.
1250 1969 1322 2024 item
1347 1968 1520 2037 impietatem
1540 1969 1659 2026 Sabellii
1674 1970 1723 2027 de·

81 2058 103 2106 et
122 2052 244 2120 Spiritus
267 2063 394 2114 sanctus.
413 2057 496 2124 quasi
518 2056 706 2113 multivocum
723 2057 818 2128 quad·
871 2055 1011 2112 clinautes
1040 2063 1096 2112 tres
1124 2070 1259 2125 personas
1285 2070 1436 2126 expressas
1464 2057 1519 2112 suh
1550 2059 1722 2128 proprietate

81 2152 136 2194 ram
153 2155 251 2196 mucro
273 2150 300 2198 et
322 2144 399 2199 ensis
413 2153 440 2198 et
456 2144 515 2213 ipse
530 2151 571 2201 εει
594 2153 621 2200 et
645 2146 737 2212 idem;
764 2147 816 2201 Ρε-
870 2144 1086 2216 distinguimus.
1116 2147 1198 2200 item:
1232 2145 1294 2200 Non
1331 2145 1408 2201 euim
1442 2145 1561 2201 uomina
1590 2153 1717 2204 tantum·

80 2241 142 2283 oae
157 2229 247 2285 Filius
261 2238 288 2286 et
313 2230 435 2300 Spiritus
457 2242 573 2289 sanetus
598 2234 672 2289 idem
698 2233 815 2304 quidem
869 2233 964 2300 modo,
987 2233 1142 2290 sedetiam
1165 2234 1316 2289 nominum
1336 2233 1534 2303 proprietates,
1553 2235 1581 2291 ld
1599 2243 1641 2292 εει
1656 2250 1718 2307 per·

81 2329 99 2370 tt
122 2329 190 2372 vero
214 2318 287 2387 ipse;
306 2320 333 2373 in
350 2334 410 2388 qua
425 2335 455 2375 re
470 2321 616 2390 paulisper
631 2323 813 2379 consideran·
869 2336 963 2390 sonas,
980 2323 1037 2386 vel,
1058 2330 1090 2378 ut
1111 2321 1202 2378 Graeci
1223 2321 1401 2392 exprimunt,
1416 2322 1587 2392 hypostasis,
1607 2322 1661 2379 hac
1674 2331 1719 2381 est

80 2411 104 2472 tt,
128 2406 343 2476 requirentibus
365 2409 442 2464 enim
459 2410 515 2478 ipse
527 2419 571 2465 est
595 2411 677 2466 Pater
694 2411 745 2481 qui
766 2411 815 2467 Fi·
867 2411 1069 2468 subsistentias
1092 2412 1273 2467 confitemur.
1304 2412 1405 2482 ltaque
1430 2411 1594 2468 substantia
1623 2426 1718 2469 uuum

80 2493 172 2550 ,iuime
195 2495 350 2566 inquiunt3
372 2511 474 2554 rursus
500 2500 725 2570 idemalterqui
743 2503 814 2560 alter
867 2507 944 2564 suat,
975 2501 1103 2570 personis
1132 2514 1165 2555 ae
1193 2500 1359 2557 nominihus
1387 2500 1620 2572 distinguuntur.
1651 2501 1718 2558 Gen·

80 2596 103 2648 r;
120 2598 178 2639 nen
202 2593 242 2640 est
259 2586 347 2651 iqitur
365 2588 439 2643 iuter
461 2602 509 2644 eos
530 2589 558 2645 in
575 2604 605 2645 re
627 2592 703 2645 ouini
730 2591 810 2647 indii·
866 2589 966 2643 nudius
993 2593 1031 2644 ile
1054 2589 1204 2644 ortlrodaaa
1227 2590 1296 2659 ade:
1328 2590 1504 2646 iiamausian
1523 2604 1604 2662 erqo,
1620 2589 1649 2646 id
1674 2598 1716 2647 εει

79 2688 103 2738 ις
136 2686 227 2739 qnare
252 2674 397 2730 subintrat
422 2692 561 2733 nutrieras
582 2694 668 2748 tprrem
684 2694 719 2734 ex
743 2681 809 2736 suh-
865 2677 1060 2733 coessentialis
1081 2678 1109 2732 ia
1134 2677 1284 2754 divinitate
1313 2677 1390 2733 Patri
1415 2677 1514 2733 Filius.
1537 2679 1715 2735 Homousian

79 2775 104 2816 m
132 2762 297 2819 diversitate
329 2765 429 2820 coudei
456 2768 591 2835 superius
623 2768 809 2837 explanatum
866 2766 940 2822 Patri
956 2773 983 2822 ει
1008 2765 1078 2821 Filia
1105 2752 1230 2834 Spiritus
1254 2773 1372 2825 sauctus
1395 2766 1459 2836 (st).
1484 2768 1595 2821 iiieroa.
1616 2773 1714 2823 cantra

79 2865 123 2904 m:
149 2851 188 2906 ile
214 2850 304 2908 torma
331 2855 393 2920 ejus
419 2855 553 2924 superins
582 2857 809 2913 demonstratum
863 2856 985 2909 Atianos
1010 2855 1047 2908 aa
1070 2857 1219 2909 Damasum
1245 2855 1278 2908 de
1306 2869 1372 2908 noea
1395 2855 1503 2907 nemine
1526 2855 1610 2909 trium
1631 2856 1713 2924 hypo·

79 2938 99 2992 d
117 2941 173 3010 (83)
198 2941 220 2996 is
243 2943 280 2997 sit
303 2941 395 2996 forrata
418 2952 445 2999 et
469 2959 560 2999 tinum
582 2960 657 3012 vere,
681 2961 733 3001 nee
749 2946 808 3002 ulla
825 2921 847 2979 C
863 2947 991 2998 siusium:
1008 2945 1222 3014 interrogemus
1244 2941 1315 3013 quid
1342 2942 1505 3012 hypostasis
1526 2957 1607 3013 posse
1629 2945 1710 3001 arhi-

79 3027 197 3084 tralitas.
224 3032 307 3084 ilem:
325 3030 418 3096 Quare
444 3034 603 3089 secundum
627 3034 664 3089 rei
682 3033 808 3105 alicujus
862 3040 975 3088 trentur
997 3031 1129 3102 intelllgi.
1146 3033 1216 3087 Tres
1240 3044 1375 3101 personas
1397 3030 1585 3087 subsistentes
1608 3032 1708 3100 aiunt;

79 3116 130 3171 aad
153 3116 212 3186 ipsa
233 3126 274 3173 est
297 3121 500 3189 proprietatem
524 3137 582 3177 non
604 3121 717 3178 iaciunt
736 3137 805 3192 prm·
861 3121 1067 3190 respondemus
1083 3134 1136 3175 uos
1163 3121 1202 3175 lta
1227 3119 1351 3176 eredere.
1379 3120 1441 3175 Noa
1469 3119 1574 3176 sullielt
1596 3134 1709 3190 seusus,

78 3218 143 3273 tem,
159 3206 229 3261 nibil
247 3207 389 3264 alternare
404 3210 448 3265 vel
465 3217 579 3266 satutare
601 3219 723 3280 queunt,
740 3211 806 3269 uui·
862 3210 954 3279 ipsum
980 3222 1084 3265 nomeu
1108 3207 1276 3279 eltlagitaat,
1298 3207 1368 3279 qula
1385 3207 1490 3273 neseio,
1509 3208 1581 3279 quid
1605 3211 1708 3266 veneni

89 3295 206 3348 omnino
228 3296 341 3351 variare
365 3300 526 3355 essentiam.
551 3299 690 3364 Quocirca
714 3301 736 3355 si
754 3301 803 3354 Pa·
862 3300 890 3354 ia
905 3296 1021 3366 syllabis
1046 3296 1122 3352 latet.
1141 3297 1168 3352 Si
1192 3298 1257 3366 quis
1280 3304 1389 3362 autem,
1414 3296 1590 3368 hypostasim
1614 3298 1707 3354 usiam

78 3381 158 3438 iilius
173 3384 207 3438 ad
220 3384 330 3455 aliquid
349 3387 496 3450 dicuntur,
514 3388 646 3457 nihilque
666 3389 754 3452 allud,
772 3397 807 3444 ut
860 3386 1031 3453 intelligens,
1053 3399 1111 3439 non
1130 3384 1160 3439 in
1184 3385 1278 3440 tribus
1301 3384 1430 3455 personis
1457 3397 1545 3441 uuam
1572 3385 1705 3456 hyposta-

96 3478 146 3537 est,
178 3471 315 3528 dliierunt
349 3474 401 3529 nisi
429 3475 488 3531 sela
518 3477 672 3547 relatione;
704 3477 804 3533 relatio
859 3474 912 3531 sim
938 3472 1017 3539 dicit,
1042 3473 1187 3528 alienusa
1211 3473 1324 3530 Christo
1350 3481 1400 3529 εει.
1425 3474 1508 3528 item:
1532 3475 1707 3532 Totasaeeu·

78 3572 107 3612 in
135 3559 307 3628 predicatur
339 3563 374 3616 ad
410 3563 436 3618 id
464 3564 498 3618 de
527 3579 585 3634 quo
620 3565 802 3634 praedicatur,
858 3563 964 3618 larium
1000 3560 1162 3618 litterarum
1186 3562 1284 3618 schola
1307 3561 1381 3618 nihil
1415 3561 1496 3617 aliud
1530 3562 1705 3633 hypostasim

78 3660 117 3701 rsa
139 3649 185 3713 sit,
206 3650 252 3704 sed
276 3651 432 3707 secuudum
459 3666 528 3713 rem,
556 3653 589 3706 de
605 3667 664 3722 qua
688 3653 801 3717 dicitur,
858 3650 913 3705 nisi
939 3648 1022 3704 ⁰⁵5²ss
1038 3649 1126 3703 nillil·
1145 3649 1177 3703 Εῑ
1200 3649 1266 3719 quis
1280 3662 1422 3719 unquam,
1445 3662 1526 3718 rago,
1551 3663 1600 3705 0¹⁸0
1619 3650 1706 3707 sacri·

77 3733 120 3790 :iet
142 3737 312 3793 alteritatem
338 3741 389 3804 rei,
425 3741 459 3795 de
482 3754 540 3810 qua
562 3741 677 3796 dicitur.
703 3741 755 3796 Sed
780 3741 802 3797 si
857 3736 921 3805 tego
946 3744 1003 3792 tres
1030 3735 1206 3791 substantias
1242 3736 1428 3806 predicabat
1467 3737 1531 3793 ilua
1558 3744 1601 3793 esi
1626 3738 1705 3794 enim

77 3830 132 3889 εει,
155 3839 213 3895 quo
243 3827 360 3895 quidem
376 3829 664 3899 modoidquedvia
683 3829 802 3902 intelligi
857 3825 918 3883 sola
942 3825 988 3880 liei
1015 3833 1131 3880 natura.
1159 3823 1296 3895 Quisquis
1319 3824 1373 3881 tria
1397 3838 1466 3887 esse,
1499 3825 1553 3880 hac
1580 3832 1623 3881 εει
1647 3833 1705 3881 tres

78 3909 294 3981 interpretatum
316 3922 358 3970 est
383 3930 581 3984 personarum.
610 3919 693 3972 ilem:
719 3918 802 3973 Pater
857 3916 1021 3984 hypostases
1043 3912 1123 3980 dicit,
1145 3920 1201 3969 tres
1225 3919 1346 3968 naturas
1366 3920 1489 3968 conatur
1510 3925 1645 3971 asserere.
1670 3915 1704 3974 Et

86 3997 177 4053 Filius
204 4002 278 4057 [letis
299 4010 325 4056 ει
341 4001 463 4070 Spiritus
484 4011 602 4058 sanctus
623 4005 708 4059 Deus.
727 4006 801 4061 Deris
856 4003 880 4058 si
897 4005 935 4057 ita
957 4008 1009 4068 est,
1037 4016 1090 4058 eur
1105 4002 1141 4058 ah
1166 4001 1232 4056 Ario
1247 4000 1405 4071 parietibus
1433 4013 1613 4071 separamur,
1634 4016 1702 4074 per-

80 4085 132 4141 ilas
146 4087 233 4143 habet
248 4089 433 4157 diiierentlas
448 4091 556 4160 qulbus
570 4091 682 4148 dilierat
698 4094 798 4162 aDeo;
855 4091 924 4147 lidia
939 4090 1090 4161 copulati?
1114 4090 1224 4146 Sufficit
1248 4091 1331 4147 nohis
1346 4091 1440 4147 dicere
1462 4104 1553 4148 unam
1568 4092 1701 4149 substan·

77 4188 176 4230 eorum
198 4175 302 4232 diliert.
327 4176 499 4233 bittinemiaa
522 4193 590 4235 vero
616 4179 665 4235 uhi
681 4181 798 4246 absunt,
855 4179 924 4235 tiam
949 4187 1007 4234 tres
1026 4191 1162 4248 personas
1176 4178 1324 4248 periectas,
1340 4179 1512 4249 coequales,
1533 4187 1700 4236 coaeternas.

78 4262 212 4326 uralltas;
238 4263 289 4319 tihi
309 4265 387 4319 abest
415 4265 574 4335 pluralitas,
594 4267 673 4323 adest
688 4269 794 4323 unitas.
853 4267 915 4322 Nou
942 4267 1021 4322 bonae
1046 4265 1217 4335 suspicionis
1249 4273 1301 4332 εει,
1329 4279 1395 4321 eum
1420 4266 1450 4321 in
1480 4265 1578 4323 eadem
1613 4281 1701 4324 seusu

76 4364 129 4404 unc
148 4351 237 4420 igitur
262 4353 360 4408 latinae
379 4355 533 4410 constituta
547 4365 589 4412 est
614 4357 712 4412 unitas
728 4355 795 4426 (83).
853 4356 942 4411 verba
957 4354 1144 4424 dissentiaat3
1160 4359 1211 4410 aut
1231 4354 1254 4410 si
1271 4362 1383 4411 ructum
1405 4353 1513 4424 putatis
1533 4361 1590 4411 tres
1604 4355 1700 4428 hypo-

80 4450 97 4492 a
122 4438 203 4494 nulla
227 4440 327 4496 relatio
350 4441 384 4495 ad
407 4457 437 4497 se
460 4443 550 4511 ipsam
571 4444 668 4499 referri
694 4452 795 4514 potest,
853 4452 941 4499 siases
968 4458 1034 4500 cum
1059 4443 1344 4513 interpretationibus
1371 4443 1433 4500 suis
1458 4443 1561 4500 dehere
1580 4457 1633 4501 aas
1656 4445 1697 4500 di·

76 4525 220 4584 ridemest
246 4529 384 4585 trinitatis
404 4532 596 4586 numerositas
624 4533 796 4604 iueoquad
852 4547 925 4598 cere,
952 4546 1008 4587 non
1044 4545 1195 4602 negamus.
1224 4532 1276 4588 Sed
1306 4529 1376 4587 ritihi
1404 4531 1519 4599 credite,
1552 4546 1699 4592 venenum

76 4611 165 4667 licatia
185 4614 341 4674 relationis.
364 4625 477 4672 servata
505 4633 572 4673 vcro
598 4620 694 4675 unitas
719 4622 746 4676 ia
763 4636 795 4677 eo
852 4621 906 4676 sub
922 4619 1003 4676 melio
1022 4617 1105 4689 latet;
1132 4621 1322 4690 transfigurat
1346 4634 1375 4676 se
1400 4620 1522 4692 augelus
1544 4621 1698 4680 Satanaeln

75 4700 288 4758 tindiiierentia
308 4703 352 4758 vel
368 4706 536 4762 substantiae
560 4708 795 4778 veloperatianis
851 4708 987 4779 angelum
1011 4707 1092 4763 lucis.
1122 4708 1249 4764 Hilarius
1274 4723 1356 4778 super
1376 4709 1475 4777 psalm.
1504 4709 1636 4779 CXXIX,
1663 4714 1699 4767 ite

75 4787 137 4844 tino
165 4791 227 4859 ejus
255 4807 320 4862 quae
345 4794 505 4849 secuudum
532 4811 560 4850 se
588 4797 694 4852 (licitur
723 4811 792 4866 prae·
850 4797 1013 4868 profundis:
1036 4796 1174 4867 Quisquis
1195 4797 1235 4852 ita
1254 4797 1329 4853 volet
1348 4799 1474 4866 eredere,
1489 4806 1522 4855 ut
1540 4799 1697 4869 corporalis

76 4877 109 4931 is.
130 4880 172 4934 ιιε
198 4880 286 4951 igitur
305 4883 468 4938 substantia
492 4886 618 4941 continet
642 4886 792 4953 unitatem,
850 4885 926 4938 Deus
941 4884 986 4951 sit,
1004 4883 1127 4953 quiaad
1152 4882 1309 4954 imaginem
1336 4885 1398 4955 eius
1422 4885 1506 4942 homo
1524 4885 1618 4942 lactus
1642 4896 1694 4954 est,

75 4965 242 5035 multiplicat
267 4970 439 5038 trinitatem;
463 4987 529 5027 aaut
554 4973 625 5028 itlitm
642 4975 725 5029 Pater
741 4975 792 5044 qui
850 4973 1039 5041 compositum
1070 4973 1162 5028 Deum
1189 4987 1250 5028 esse
1277 4980 1392 5030 statuet.
1424 4974 1573 5046 Quidquid
1598 4982 1696 5032 aulem

75 5067 119 5107 tau
142 5062 192 5122 εει,
217 5072 269 5111 aee
286 5057 358 5112 iderti
384 5059 485 5128 utique
515 5061 571 5131 (86)
596 5062 647 5130 qui
670 5061 793 5130 Spiritus
850 5061 1039 5130 compositum
1078 5067 1130 5126 est,
1170 5075 1285 5117 neeesse
1317 5069 1367 5127 est,
1393 5069 1425 5118 ει
1452 5076 1509 5118 εοε
1546 5061 1635 5119 luerit
1658 5063 1694 5119 ah

97 5141 170 5198 idem
189 5151 283 5200 tamen
307 5147 383 5202 Deus
406 5155 447 5203 est
466 5155 493 5203 et
512 5149 638 5205 Pateret
662 5149 793 5208 Filiuset
848 5159 956 5207 aeterno
979 5151 1046 5220 (88),
1074 5149 1145 5219 quia
1177 5151 1344 5220 compositio
1368 5152 1454 5209 babet
1482 5150 1609 5219 initium,
1635 5166 1695 5224 qua

74 5283 141 5337 iaus.
159 5288 267 5338 amsi.
884 5293 940 5359 (83)
960 5312 970 5341 s
992 5294 1064 5347 Tarne
1082 5320 1119 5333 -
1137 5294 1230 5347 unitas
1246 5313 1259 5342 n
1276 5294 1380 5351 desunt
1396 5296 1475 5366 apud
1487 5297 1571 5354 Cous.

74 5368 157 5408 itatis:
184 5360 346 5412 narmerulio.
885 5363 941 5432 (88)
956 5364 1058 5419 heus:
1075 5367 1197 5430 uterque.

76 5437 142 5479 ous.
158 5439 165 5479 :
190 5429 329 5494 parentum.
885 5434 939 5503 (87)
957 5433 1009 5489 ilic
1024 5434 1102 5491 iocus
1117 5436 1194 5491 deest
1209 5436 1287 5507 apud
1304 5436 1388 5495 Cous.

75 5508 158 5551 eus:
175 5497 258 5552 ultra.
885 5507 941 5577 (88)
955 5506 1060 5564 Cous:
1076 5512 1217 5563 aternum.
