3804 5962
101 183 153 241 tit
369 183 472 242 ellim
490 182 674 242 mentum
693 182 770 242 OPP.
791 181 880 242 PARS
898 182 947 240 iil.
961 207 998 230 -
1011 179 1233 242 rudeiodlca
1252 180 1296 239 ei
1312 178 1581 242 Pullosermct.
1799 180 1851 237 m

99 308 218 368 crebius
245 307 392 368 Platonem
416 310 575 378 insecutus,
613 316 739 367 mentem
763 310 823 378 bei,
859 321 950 382 quam
964 312 989 366 A
1003 322 1071 366 cum
1093 306 1229 367 videlicet
1246 315 1279 367 ιιι
1304 307 1364 380 jam
1380 321 1470 380 supra
1484 305 1682 377 meminimus,
1696 304 1777 366 selus
1792 305 1851 380 lpse

100 396 183 458 draci
195 404 255 452 ιοῡι
268 398 424 470 appellant,
440 396 596 471 originales
623 412 723 457 rerum
746 399 950 472 speciesque
1003 411 1063 456 nen
1086 398 1124 456 sit
1137 398 1173 456 ab
1188 397 1256 456 alie.
1282 399 1396 456 cetera
1410 410 1480 455 vere
1496 410 1623 469 perseuae
1642 396 1679 454 ab
1695 397 1758 469 ipse
1773 404 1849 455 suut

101 488 168 546 ideas
195 487 278 545 dicte
312 495 392 556 sunt,
429 490 578 546 continere
613 488 753 546 meminit.
793 489 950 560 Antequam
1003 486 1084 556 Quod
1107 502 1176 546 vere
1197 487 1306 545 dieitur
1332 487 1392 559 ipse
1418 487 1501 544 Pater
1516 499 1567 556 per
1591 485 1750 558 ingenitam
1766 484 1852 541 deira

101 577 193 645 etiem
225 573 321 646 inquit
348 573 515 633 Priscianus
540 579 571 631 in
595 592 711 648 corporo
731 577 882 648 prodirent,
901 576 949 632 bec
1003 585 1061 636 tem
1084 592 1146 636 esse
1167 578 1358 649 omnipotens,
1392 577 1446 634 boc
1469 583 1511 634 est
1536 589 1587 648 per
1609 576 1664 633 bec
1682 573 1762 647 qued
1786 587 1851 631 eum

101 670 141 722 est
155 669 185 720 in
209 665 307 736 epacte
330 679 441 734 eperum
465 667 649 736 provenirent.
677 665 800 737 Spiritus
813 679 880 724 rere
895 667 949 724 De·
1003 666 1039 726 sit
1055 668 1143 736 Deus,
1167 667 1335 739 iusuperut
1356 666 1533 735 dictumest,
1562 664 1620 736 ipse
1646 662 1727 723 solus
1750 662 1788 720 sit
1809 663 1851 720 iu·

101 754 175 812 mini
189 761 288 824 aperte
318 752 459 825 Spiritum
484 763 617 812 sanctum
633 756 774 828 insinuat,
800 755 887 814 idest
905 757 949 813 di·
1004 757 1130 832 genitus,
1149 762 1178 814 et
1192 770 1297 815 rursus
1323 769 1374 827 per
1388 756 1627 827 omnipotentiam
1642 753 1737 819 Pater,
1753 759 1851 824 aperte

101 844 179 901 vinee
195 843 297 915 gratiae
313 841 481 911 benitatem,
493 843 580 916 iuxta
603 845 679 903 banc
694 844 812 919 quidem
825 845 950 918 diligen·
1005 845 1150 916 innuitur,
1165 845 1244 918 qued
1258 845 1300 902 sic
1324 851 1356 902 ut
1381 844 1543 916 ingenitum
1562 855 1623 900 esse
1646 841 1798 913 preprium
1813 846 1854 899 est

102 937 161 989 tem
186 931 332 1002 propbeta
353 933 622 1001 considerationem,
650 948 719 992 cum
746 934 784 992 ad
804 933 951 992 excellen—
1004 935 1055 992 Dei
1070 933 1172 999 Patris.
1198 933 1238 990 ita
1252 941 1280 990 et
1303 933 1340 990 ad
1365 932 1570 1004 proprietatem
1595 930 1661 1000 ejus
1690 928 1853 1002 specialiter

102 1026 161 1078 ιιιιι
180 1018 307 1077 beminis
334 1021 510 1079 creationem
526 1031 647 1081 rentum
662 1030 744 1088 esset,
760 1023 880 1095 pmvide
895 1024 949 1082 boc
1004 1024 1133 1081 divinam
1149 1021 1306 1094 potentiam
1320 1021 1473 1094 pertinere,
1498 1020 1564 1078 lieet
1578 1032 1766 1092 unaqueque
1784 1017 1851 1076 alia·

104 1119 179 1179 epus
192 1106 303 1165 ceteris
330 1106 491 1179 imponens,
509 1116 538 1166 et
556 1110 643 1180 quasi
660 1123 713 1180 pre
738 1110 851 1168 ceteris
873 1124 951 1168 cem·
1004 1127 1072 1171 rum
1086 1126 1286 1185 personarum,
1302 1126 1368 1169 oum
1383 1111 1420 1168 sit
1442 1110 1573 1181 eiusdem
1595 1122 1661 1166 eum
1688 1110 1771 1165 Patre
1787 1107 1854 1165 aab

103 1193 246 1252 mendene
264 1194 480 1253 distinctionem
510 1204 640 1269 potenter
658 1197 808 1257 Trinitatis
840 1198 951 1270 iecerit,
1005 1201 1128 1266 stantis,
1145 1201 1274 1273 eiusdem
1301 1201 1339 1257 sit
1369 1199 1486 1271 penitus
1514 1196 1658 1269 potentie.
1675 1197 1765 1254 iuxta
1788 1209 1853 1267 pre-

103 1281 157 1340 ebi
173 1281 338 1340 videlicets
361 1284 481 1342 bomine
502 1285 597 1357 potius
611 1286 723 1345 dietum
738 1299 792 1361 est,
807 1294 952 1349 Faciamus
1006 1295 1144 1365 prietates
1171 1291 1278 1363 quippe
1305 1289 1394 1346 trium
1413 1300 1615 1360 personarum,
1640 1285 1775 1358 quedem
1797 1298 1855 1356 spe

104 1370 248 1439 Minime
273 1385 363 1444 quam
381 1373 495 1443 ieelim,
513 1375 550 1431 ad
563 1378 719 1446 immoene,
737 1379 845 1453 inquit,
865 1386 890 1437 et
910 1382 953 1436 si·
1005 1380 1117 1438 cialiter
1135 1393 1170 1438 ac
1185 1386 1329 1450 tanquam
1352 1378 1466 1450 proprie
1488 1377 1524 1433 de
1549 1374 1650 1446 aliqua
1673 1387 1777 1432 ιιιιιιιι
1799 1372 1853 1430 dici

104 1461 291 1519 militudinem
304 1464 427 1520 nostram
445 1463 523 1536 (den.
544 1480 563 1527 ι,
578 1467 644 1537 ii);
664 1468 763 1526 virum
779 1470 896 1542 quidem
916 1468 952 1525 ad
1005 1471 1050 1528 rel
1066 1469 1159 1541 accipi
1170 1469 1272 1537 solent,
1288 1480 1355 1540 qnae
1371 1473 1467 1524 tamen
1487 1467 1573 1539 iuxta
1586 1478 1690 1522 earum
1703 1472 1852 1533 naturam,

105 1549 274 1623 imaginem,
304 1551 456 1610 mulierem
481 1567 549 1611 vere
575 1555 612 1611 ad
644 1555 875 1616 similitudinem.
900 1558 954 1617 Vir
970 1591 991 1648 Β
1008 1561 1143 1618 unionem
1160 1557 1282 1629 siugulis
1311 1557 1402 1614 inesse
1417 1569 1476 1613 nen
1496 1554 1680 1627 ambigimus.
1694 1560 1729 1612 ut
1743 1552 1854 1625 sapien·

105 1638 216 1712 quippe
240 1639 329 1709 juxta
360 1640 539 1712 Apostolum,
577 1642 672 1714 image
713 1646 765 1702 ilei
800 1653 852 1716 est,
894 1661 954 1704 uon
1009 1651 1049 1708 tia
1076 1648 1158 1717 Filio,
1179 1648 1307 1704 ebaritas
1335 1644 1455 1716 Spiritui
1475 1651 1575 1701 sancte
1601 1641 1763 1715 specialiter
1776 1640 1855 1700 attri-

106 1727 213 1785 mullis
226 1728 251 1795 (l
276 1728 338 1786 Gir·
370 1743 411 1798 11,
426 1730 464 1801 ⁷)-
482 1729 536 1788 Sed
564 1731 640 1789 sicot
654 1733 700 1790 vir
714 1733 867 1807 imeritus!
890 1734 951 1798 Del,
1009 1738 1120 1806 buitur,
1144 1749 1212 1794 cum
1228 1743 1324 1792 tamen
1346 1738 1407 1791 tam
1424 1735 1515 1802 Pater,
1535 1745 1624 1804 quam
1649 1731 1777 1803 spiritus
1791 1743 1854 1788 sau·

106 1817 146 1876 ita
159 1822 187 1874 et
202 1815 306 1874 mulier
325 1817 421 1890 imago
443 1817 552 1877 dicitur
578 1819 645 1877 riri.
667 1823 765 1894 imago
779 1823 888 1895 quippe
903 1836 954 1880 ex·
1008 1834 1082 1896 ctus,
1096 1840 1147 1883 seu
1167 1825 1256 1882 etiam
1272 1828 1332 1881 teta
1359 1824 1485 1880 'irinitas
1498 1820 1641 1893 sapientis
1664 1821 1713 1890 sit,
1726 1827 1756 1878 et
1779 1818 1856 1878 simi·

107 1919 208 1979 pressa
227 1905 356 1978 alicujus
376 1907 537 1967 similitude
558 1917 690 1979 vocatur,
713 1911 874 1969 similitudo
898 1925 955 1970 au·
1008 1917 1074 1975 liter
1088 1923 1147 1972 tam
1164 1917 1250 1971 Pater
1277 1913 1348 1984 ipse,
1365 1926 1456 1984 quam
1472 1911 1563 1968 Filius
1577 1910 1704 1967 ebaritas
1725 1908 1782 1966 diei
1796 1922 1856 1981 pes·

105 2001 165 2054 tem
178 1993 237 2052 diei
264 2002 365 2066 petest,
382 1997 435 2055 etsi
459 2012 517 2055 nen
542 1999 668 2057 multum
690 2001 720 2057 id
742 2002 829 2074 cujus
851 2008 894 2059 est
912 2002 956 2059 si·
1008 2005 1114 2064 sitsic
1127 2003 1313 2075 etiamjuxta
1333 2014 1522 2074 personarum
1552 1998 1749 2071 proprietates,
1780 2011 1855 2070 que

106 2082 409 2156 lllfflillllll<³¹llfl¹¹¹⁸1⁸
425 2086 477 2144 Vir
503 2088 603 2160 ila(lui
618 2089 654 2146 ad
679 2089 834 2163 imaginem
859 2089 955 2148 Trini·
1009 2096 1174 2166 damepera
1191 2092 1353 2165 specialiter
1378 2089 1466 2147 alicui
1490 2102 1619 2161 personae
1642 2087 1856 2156 attribuuntur,

108 2175 175 2232 “¹5⁸
196 2180 239 2231 ⁰⁸¹
267 2173 370 2246 lactus,
400 2177 471 2248 (11¹5ss
498 2192 559 2249 <111⁰
586 2177 739 2250 perfectior
763 2179 899 2238 conditus
913 2185 956 2237 eii
1009 2184 1145 2258 quamvis
1174 2182 1299 2240 indivisa
1326 2182 1414 2237 totius
1433 2178 1585 2236 Trinitatis
1597 2190 1686 2249 opera
1700 2172 1855 2248 predicen-

108 2276 198 2337 dum
231 2264 344 2331 mulier,
379 2266 530 2338 descripte
553 2269 661 2325 summi
694 2267 762 2325 boni
786 2268 955 2340 perlectieni
1009 2280 1108 2341 tur,et
1128 2270 1272 2345 quidquid
1297 2269 1334 2327 ab
1350 2282 1411 2328 una
1435 2280 1537 2326 earum
1553 2267 1628 2330 dte
1653 2264 1779 2339 siugulis
1794 2263 1854 2323 lleri

108 2351 230 2411 similior
242 2353 351 2412 existit.
367 2353 421 2423 Qui
437 2362 465 2412 et
488 2369 540 2428 per
566 2363 734 2428 potestatem
760 2364 819 2414 tam
838 2356 956 2415 mulieri
1009 2367 1128 2420 constet.

109 2454 199 2514 quam
213 2442 326 2500 ceteris
353 2444 513 2503 mundonis
541 2444 679 2516 praelatus
702 2446 910 2515 estereaturis,
927 2452 956 2503 et
1046 2450 1102 2508 soli
1129 2448 1239 2523 quippe
1263 2446 1334 2504 l’ilio
1356 2445 1453 2503 earnis
1465 2443 1608 2516 susceptio
1632 2441 1815 2515 assignatur,
1830 2448 1857 2500 et

107 2543 158 2603 per
172 2533 346 2603 sapientiam
357 2532 484 2606 dignior,
499 2540 527 2592 et
543 2548 593 2606 per
606 2548 734 2592 amorem
749 2534 785 2592 ad
800 2549 835 2592 ea
847 2535 956 2607 quibus
1009 2554 1047 2598 ex
1061 2551 1138 2610 aqua
1160 2544 1188 2594 et
1202 2537 1312 2609 Spiritu
1334 2540 1460 2601 mnium,
1487 2547 1546 2590 neu
1559 2546 1597 2590 ex
1611 2545 1690 2605 aqua
1710 2530 1800 2588 etiam
1822 2544 1856 2588 ex

108 2619 246 2693 perlectis
272 2628 315 2679 est
343 2623 461 2694 pronior
487 2623 609 2682 exstitit.
629 2625 706 2683 Bene
723 2632 833 2683 etcum
854 2638 872 2681 a
892 2637 956 2681 ser·
1010 2631 1093 2687 Patre
1107 2627 1152 2686 vel
1167 2626 1241 2685 Filio
1255 2624 1422 2697 regenerari
1444 2622 1594 2689 dicuntur,
1611 2635 1678 2679 cum
1710 2619 1857 2678 tamenin

108 2717 193 2782 pente
208 2723 341 2769 neeesse
360 2712 523 2782 seductum,
541 2727 609 2771 cum
628 2714 814 2773 seduceretur
840 2713 954 2782 mulier,
1010 2717 1071 2775 istis
1083 2716 1173 2774 tetius
1187 2713 1315 2787 operatio
1333 2712 1488 2771 Trinitatis
1514 2709 1648 2767 adiuerit.
1669 2707 1717 2766 Sic
1730 2714 1760 2766 ιι
1777 2708 1858 2780 juxta

30 2836 37 2843 -
107 2799 427 2872 testaturbpostolusll
452 2803 522 2859 Tim.
551 2818 581 2873 ιι,
600 2804 655 2872 ill,
671 2803 723 2875 qui
737 2810 833 2859 tamen
858 2815 956 2859 amore
1011 2807 1103 2878 ipsam
1118 2805 1211 2863 Patris
1235 2803 1437 2875 proprietatem
1460 2798 1623 2872 specialiter
1640 2798 1664 2855 ei
1680 2804 1709 2856 et
1733 2798 1858 2854 maxime

109 2887 240 2948 mulieris
255 2889 441 2962 gustatumei
463 2891 590 2949 iructum
606 2892 789 2964 porrigentis,
805 2904 872 2947 cum
890 2903 955 2946 eam
1009 2910 1076 2968 quas
1098 2895 1134 2951 ad
1157 2892 1315 2966 potentiam
1333 2890 1477 2963 pertinent
1504 2887 1650 2960 assignari
1672 2887 1776 2955 solent,
1791 2896 1857 2944 eum

108 2977 279 3036 contristare
305 2979 403 3047 nollet,
435 2979 465 3035 in
489 2979 747 3048 transgressionem
780 2979 954 3050 premmpit,
1011 2999 1047 3043 ιιι
1062 2983 1164 3056 ipsius,
1178 2989 1211 3039 ut
1225 2981 1333 3038 dictum
1349 2985 1402 3048 est,
1424 2977 1552 3043 nemine,
1578 2975 1680 3033 divina
1696 2972 1858 3047 specialiter

108 3065 237 3138 ²¹1¹lllini
250 3066 286 3123 ‘¹⁰
314 3066 510 3124 misselifflsffli
532 3066 584 3124 ὓθί
609 3079 699 3139 (1¹¹²OE
722 3073 866 3137 OWliffli
882 3080 955 3138 diffi-
1010 3072 1138 3149 petentia
1152 3072 1330 3143 designetur,
1358 3077 1387 3126 et
1400 3082 1434 3126 ee
1449 3067 1508 3138 ipso
1527 3065 1604 3138 quod
1627 3064 1708 3123 solus
1731 3064 1792 3134 ipse
1814 3063 1857 3120 in-

108 3168 238 3222 sumens,
266 3168 353 3227 (illem
369 3154 406 3211 ad
429 3154 638 3227 ignoscendum
666 3155 781 3212 sicildm
803 3156 955 3214 existima·
1010 3162 1127 3234 genitus
1147 3160 1264 3228 dieitur,
1280 3159 1334 3217 hoo
1353 3166 1395 3215 est
1419 3157 1555 3227 meipso,
1579 3168 1637 3212 non
1664 3152 1702 3212 al)
1717 3150 1856 3221 glioffli.

107 3243 168 3313 bat,
185 3242 461 3316 pretamlevique
477 3244 822 3312 eisidebatunoiieusa:
838 3246 861 3302 si
884 3259 955 3317 que·
1010 3259 1105 3323 ιιιιιι;
1128 3249 1262 3322 quedam
1285 3247 1312 3306 ei
1348 3246 1508 3305 seeundum
1532 3243 1703 3301 substantie
1741 3241 1858 3299 medum

109 3331 253 3403 quomodo
280 3332 468 3391 commissum
489 3333 545 3391 sibi
560 3347 578 3391 a
591 3333 712 3391 Domine
727 3348 784 3392 nen
814 3333 955 3392 scandali·
1012 3338 1130 3412 propria
1153 3342 1267 3394 maneat
1284 3335 1419 3407 potentia,
1435 3340 1469 3392 ut
1483 3346 1551 3390 cum
1575 3330 1709 3388 videlieet
1731 3330 1795 3402 ipse
1808 3329 1858 3386 Pa·

108 3419 356 3489 earetmulierem,
372 3424 528 3492 prasertim
543 3437 612 3480 cum
626 3423 686 3481 beo
698 3424 744 3494 pie
757 3423 850 3497 magis
865 3437 957 3496 quam
1011 3435 1054 3486 ter
1072 3427 1171 3484 omnia
1187 3424 1278 3484 iacere
1302 3423 1402 3496 possit,
1429 3435 1495 3495 que
1510 3420 1602 3479 Filius
1616 3426 1643 3477 et
1658 3417 1785 3491 Spiritus
1799 3431 1859 3475 san·

111 3508 252 3567 malitiose
271 3509 333 3568 lieri
365 3510 522 3580 videretur,
552 3526 570 3570 a
597 3526 657 3585 que
698 3512 785 3571 etism
831 3513 957 3584 amplius
1010 3526 1085 3586 ctus,
1106 3516 1160 3574 boc
1180 3517 1299 3587 insuper
1324 3513 1440 3579 babeat,
1463 3519 1496 3568 ut
1518 3524 1535 3567 a
1559 3525 1589 3568 se
1613 3510 1673 3581 ipse
1698 3507 1780 3566 selus
1802 3505 1859 3579 ipse

111 3598 205 3657 amari
218 3599 310 3658 ὓιιιιιι
325 3613 414 3672 quam
434 3601 678 3674 amuliere,quis
706 3616 764 3659 neu
779 3602 957 3661 consentiat?
1010 3613 1099 3680 queat
1128 3605 1257 3675 existere,
1286 3617 1339 3661 uec
1360 3615 1475 3659 necesse
1498 3599 1603 3657 babeat
1635 3598 1673 3655 ab
1701 3597 1759 3654 alie
1789 3610 1858 3655 esse.

110 3689 256 3756 Quomodo
270 3690 349 3748 enim
364 3690 493 3750 illatenc
512 3694 601 3750 ileum
618 3706 685 3749 vere
708 3690 852 3760 dilexerit,
869 3706 956 3764 quem
1009 3692 1074 3754 Nou
1086 3694 1184 3753 miuus
1199 3701 1294 3751 tamen
1306 3697 1358 3748 aut
1382 3689 1489 3747 Filium
1501 3696 1552 3746 aut
1567 3686 1710 3759 Spiritum
1724 3692 1859 3744 sanctum

109 3776 167 3837 sibi
181 3778 212 3837 in
226 3778 290 3837 dele
304 3777 393 3837 luisse
406 3779 535 3839 locutum
556 3779 723 3849 crediderit,
734 3794 801 3840 eum
816 3781 958 3853 serpentis
1009 3785 1232 3857 omnipotentem
1258 3781 1450 3854 predicamus
1465 3792 1555 3851 quam
1580 3778 1704 3834 Patrem.
1731 3775 1769 3834 Ut
1784 3773 1858 3833 enim

111 3868 288 3942 acquieverit
308 3867 450 3927 consilini
1012 3874 1113 3932 beatus
1126 3871 1256 3929 meminit
1268 3869 1467 3941 Augustinus,
1482 3880 1542 3924 neu
1558 3874 1674 3938 propter
1695 3864 1779 3923 alind
1799 3877 1858 3920 om·

370 3976 378 3981 '
518 3958 546 4017 Χ
1010 3963 1143 4034 uipotens
1157 3961 1266 4017 dieitur
1287 3959 1373 4025 Deus,
1389 3956 1446 4014 nisi
1470 3955 1542 4029 quia
1556 3953 1701 4027 quidquid
1727 3951 1794 4010 vult
1810 3965 1859 4025 pe·

146 4047 229 4116 Quod
251 4056 349 4106 *ulem
374 4049 491 4106 ⁰0ffli¹¹⁰
507 4047 600 4106 Pallii
625 4048 726 4107 divini
753 4047 889 4120 Ρθῑθῠῑίὃ,
905 4060 955 4104 ¹1⁰·
1011 4060 1064 4111 test
1089 4051 1259 4118 elicerent
1278 4063 1335 4106 nen
1358 4047 1465 4105 seilicet
1480 4047 1511 4104 in
1534 4045 1631 4118 alique
1651 4042 1804 4101 eliciendo
1817 4041 1859 4099 ul·

110 4137 346 4197 missilefflffilii
364 4151 416 4195 ⁸⁰¹1
440 4137 527 4195 Vifbi
547 4136 817 4209 divinasspientia,
842 4137 957 4194 nomine
1011 4142 1072 4200 lum
1095 4139 1160 4213 elus
1187 4135 1332 4195 voluntati
1358 4134 1598 4206 impedimentum
1628 4131 1760 4190 obsistat.
1797 4130 1861 4187 ideo

111 4227 235 4299 Spiritus
247 4227 338 4284 macti
355 4226 420 4300 ipsa
440 4226 490 4284 Dei
506 4227 668 4298 benignitas
691 4241 744 4284 seu
762 4226 889 4283 ebaritas
899 4239 960 4295 spe·
975 4267 997 4323 n
1014 4236 1112 4288 autern
1128 4227 1217 4286 trium
1229 4238 1422 4298 personarum
1434 4224 1560 4281 indivisa
1574 4235 1670 4293 opera,
1687 4221 1716 4277 id
1728 4227 1772 4278 est
1784 4231 1860 4277 cem·

111 4315 223 4374 cialiter
243 4316 437 4387 exprimatur,
467 4330 520 4373 uec
548 4329 600 4374 nes
626 4315 783 4373 auctoritas
805 4329 859 4372 nec
884 4315 959 4371 ratio
1014 4317 1116 4377 munia
1144 4317 1293 4378 dicuutur.
1321 4313 1399 4387 qued
1422 4313 1565 4385 quidquid
1590 4309 1715 4383 petentia
1738 4309 1859 4381 geritur,

113 4399 298 4479 mauringo.
318 4405 474 4462 Potentiam
498 4404 616 4476 quidem
640 4405 757 4461 nomine
779 4402 874 4460 Patris
896 4415 958 4472 spo·
1015 4408 1042 4465 id
1057 4406 1198 4479 sapientia
1227 4404 1402 4469 moderatur,
1416 4410 1445 4459 et
1458 4400 1586 4459 bonitate
1599 4400 1748 4457 conditur.
1781 4395 1861 4456 Unda

110 4493 224 4554 cialiter
242 4493 377 4565 exprimi,
409 4507 446 4551 ex
478 4492 576 4551 multis
599 4492 748 4566 colligitur
774 4491 955 4550 testimoniis.
1013 4497 1157 4557 simerito
1181 4497 1212 4553 iu
1237 4491 1471 4566 bisqueiaeere
1487 4491 1580 4547 Deum
1600 4500 1859 4555 exoramuseem·

114 4582 196 4642 esce
219 4583 368 4640 maximos
394 4581 547 4655 epsmpm
571 4581 600 4639 n
624 4581 805 4653 expositum
833 4579 958 4651 symeon
1013 4585 1249 4646 memorationem
1277 4581 1399 4639 rmimm
1420 4579 1572 4637 ιιιιιιιιιι
1594 4579 1736 4635 ormnem:
1763 4576 1859 4631 rom·

112 4672 273 4745 quoddicit
284 4685 313 4730 ιι
330 4672 612 4744 apostolorumque
622 4669 961 4744 legiturioquiotaoua
1013 4679 1195 4733 misenensem
1216 4677 1242 4728 et
1262 4670 1414 4726 individua
1446 4668 1602 4732 miniteris,
1619 4666 1677 4734 vel,
1698 4666 1737 4720 lo
1754 4667 1862 4721 ιιοιιιιιι

110 4760 282 4836 dragmimm
306 4761 455 4819 nemmem
470 4761 514 4819 ns
528 4762 623 4819 veros
640 4759 768 4818 imtmmi
782 4759 869 4830 liii:
897 4760 960 4818 dre·
1013 4767 1104 4824 rurs
1134 4762 1253 4829 ernest,
1281 4764 1306 4816 e
1324 4759 1447 4830 sperum
1475 4759 1574 4820 sance,
1606 4762 1638 4812 ut
1670 4754 1746 4812 stom
1773 4753 1861 4811 issum

112 4851 155 4908 ὅ·
177 4852 208 4907 ῡῑ
223 4851 321 4920 ΒΜ,
337 4850 571 4923 incultilem
591 4847 827 4920 melimelum?
855 4851 891 4904 ln
907 4844 961 4905 lieo
1016 4863 1204 4927 personarum
1230 4855 1273 4905 est
1300 4846 1426 4904 indivisa
1450 4844 1587 4916 operatio,
1612 4843 1810 4901 itaeteorum
1825 4839 1862 4898 sit

110 4944 213 4997 mm
239 4941 426 5009 melitii-i.
447 4944 478 4997 iii
504 4942 588 4997 Palil
620 4941 761 5009 unigeniti
792 4941 905 5007 veritos,
930 4939 961 4994 in
1015 4938 1215 5013 inseparabilis
1229 4935 1392 4995 invocatio:
1414 4941 1502 5006 atoue
1527 4934 1581 4991 boc
1605 4930 1689 4990 mede
1704 4944 1771 4988 cum
1794 4930 1863 4988 ddes

113 5033 303 5101 omnipotente
322 5031 468 5102 plenitude
493 5031 605 5086 uirtutis
619 5029 783 5086 ostenditur.
803 5031 852 5085 list
879 5042 961 5084 eem-
1014 5032 1078 5103 ipsa
1108 5021 1401 5109 postulatinbeneficii
1429 5029 1588 5091 astruatur,
1605 5028 1702 5078 tamen
1719 5020 1784 5091 ipsa
1797 5033 1863 5090 epe·

115 5135 168 5188 ⁹⁰0
179 5135 233 5192 per
253 5121 407 5190 inutilium
426 5120 555 5177 duilium
569 5121 757 5190 omnipolmtt
772 5123 799 5175 ei
814 5133 865 5190 per
877 5120 963 5174 omni·
1014 5118 1055 5179 ris
1073 5117 1167 5175 divini
1180 5114 1310 5173 eiilcaeia
1329 5112 1560 5170 commendetur.
1576 5109 1672 5167 Facile
1692 5108 1773 5166 euim
1799 5122 1861 5166 cre·

109 5212 263 5279 prendens
285 5210 377 5266 Peto.
406 5207 611 5268 innascibilem
630 5209 685 5266 bec
704 5208 777 5276 icoo,
800 5206 961 5264 increatum
1015 5206 1238 5268 ditnriacturns
1252 5217 1313 5261 esee
1336 5203 1446 5260 benum
1468 5202 1547 5274 qued
1569 5206 1700 5271 regatur,
1714 5198 1767 5270 qui
1781 5197 1862 5256 etia·

112 5295 369 5372 dioitziuganitam
380 5298 517 5357 deitatem
528 5298 621 5356 Patris
630 5295 767 5370 appellat,
779 5294 884 5354 becest
893 5309 961 5356 eum
1014 5311 1079 5358 cers
1100 5296 1129 5353 id
1143 5295 1218 5354 sicut
1232 5291 1367 5361 voluerit,
1389 5298 1491 5362 petest,
1505 5297 1534 5347 et
1557 5286 1786 5362 benignissimus
1798 5301 1861 5346 esse

112 5381 259 5443 eelemex
272 5384 368 5445 tribes
392 5387 521 5459 personis
536 5385 700 5460 ingenitum
715 5398 780 5445 esse
794 5383 960 5459 prodeatur,
1014 5385 1208 5462 mgeeseitur.
1235 5382 1361 5444 Nomius
1382 5394 1449 5441 rere
1482 5379 1585 5451 Patris,
1608 5384 1642 5437 ut
1676 5375 1789 5435 dictum
1810 5382 1865 5446 ost,

149 5486 217 5562 (ab)
237 5490 353 5563 introi,
368 5498 440 5553 tem.
455 5491 540 5564 billi,
560 5492 614 5562 cel,
629 5493 692 5558 lii,
