3804 5962
409 259 598 321 expositio
617 264 652 321 lb
670 262 775 322 EPIST.
796 264 899 322 PAULI
917 266 964 322 AD
985 263 1198 322 nont.-n1n.
1221 267 1240 321 l.
1639 270 1691 323 8‘26

79 403 97 447 n
112 389 266 456 committi,
285 396 313 446 et
328 396 495 460 peccantem
519 390 657 447 meruisse
678 397 789 447 contra·
803 393 828 447 Α
843 393 958 451 mentiri
972 407 1032 452 non
1047 399 1148 465 potest.
1166 394 1219 460 Qui
1241 392 1391 463 dijudicor,
1408 393 1590 452 adhucdum
1613 395 1693 452 vide·

79 486 159 537 ervat
173 487 272 535 tamon
296 478 473 536 immobilem
498 493 558 536 suae
574 480 705 537 veritatis
724 494 789 536 con·
849 481 914 540 licet
934 484 1012 555 quod
1038 482 1112 540 facio
1126 483 1163 539 ad
1177 483 1242 555 ejus
1260 482 1382 555 gloriam
1397 483 1520 554 prolicit,
1552 491 1692 557 tanquam

83 608 91 635 ,
109 567 294 639 adimplendo
314 568 421 624 scilicet
449 568 599 639 promissa.
631 571 666 624 ot
686 571 792 640 justia·
848 576 988 643 peccator,
1005 571 1033 629 id
1049 580 1160 643 estqna
1174 573 1285 630 ratione
1299 586 1333 629 ea
1351 587 1417 643 qnae
1431 571 1505 630 iacio
1518 587 1570 644 pro
1594 587 1691 644 pecca-

79 660 243 714 rermonibus
259 661 324 726 tuis,
350 657 378 714 id
411 666 452 716 εει
465 666 497 716 ut
520 660 706 731 exsequendo
735 675 791 717 ser·
848 661 885 718 tis
899 661 1062 731 reputanda
1078 669 1155 718 suut.
1171 662 1206 717 Et
1221 675 1275 717 cur
1289 675 1347 717 non
1361 661 1599 731 potiustuctcmus
1619 663 1694 718 mulo

79 762 146 816 uos,
170 747 205 803 de
234 746 475 818 promissionibus
502 763 576 819 quas
603 748 673 805 mihi
705 748 793 805 iecisti
848 755 878 805 ut
892 753 1004 806 ueniant
1025 752 1104 818 bonu,
1122 751 1149 807 id
1165 757 1207 806 est
1222 765 1382 821 peccemus,
1399 757 1431 806 nt
1446 765 1483 806 ex
1498 750 1604 808 nostrie
1625 766 1693 822 pec-

79 837 119 905 ·is,
135 837 216 894 idest
240 837 339 908 justus
352 844 380 894 et
396 850 487 893 verax
515 850 664 908 appareas.
681 840 718 892 et
730 841 793 892 uiu-
849 840 921 896 catis
935 839 1112 911 glorillcetur
1135 840 1210 896 licus
1224 839 1238 894 ‘l
1251 839 1327 894 Sicut
1341 839 1561 909 blasphememur
1576 853 1593 896 a
1623 842 1694 912 qui-

80 930 124 983 cet
146 926 311 983 humanum
323 925 482 995 iudicium,
512 942 573 981 cum
594 926 734 997 judiceris
758 928 793 983 ab
848 927 981 996 busdam,
993 936 1019 985 et
1034 928 1111 986 sicut
1123 931 1202 984 uiuet
1224 945 1272 984 nos
1289 929 1388 996 dicere,
1403 943 1449 985 me
1468 929 1577 986 scilicet
1598 937 1625 986 et
1641 945 1694 987 ειε-

78 1030 122 1084 us,
137 1014 165 1071 id
180 1022 222 1071 est
245 1015 377 1086 argueris
392 1015 547 1082 mendacii,
578 1023 717 1087 tanquam
741 1018 793 1086 qui
847 1025 922 1074 teros
936 1016 1088 1087 spiritales,
1113 1017 1165 1088 qui
1186 1018 1312 1074 dicimus
1324 1017 1411 1074 etiam
1439 1017 1515 1074 mala
1539 1023 1598 1074 tarn
1622 1019 1694 1075 bene

79 1104 113 1161 sis
128 1102 252 1161 ulterius
267 1110 383 1175 propter
407 1103 511 1160 delicta
526 1118 591 1160 mea
615 1112 695 1161 tuam
728 1119 792 1175 pro·
847 1106 987 1174 ordinari,
1003 1114 1036 1163 ut
1050 1106 1085 1162 ad
1099 1106 1221 1179 gloriam
1236 1106 1286 1164 Dei
1312 1105 1471 1176 proficiant.
1494 1106 1574 1163 Unde
1592 1115 1620 1163 ει
1634 1107 1694 1179 ipse

79 1209 114 1251 un
129 1193 296 1264 adimplere.
847 1194 932 1252 etiarn
954 1195 1108 1267 praedictus
1131 1196 1229 1252 doctor
1243 1195 1273 1252 iu
1294 1209 1323 1251 ιι
1347 1198 1385 1249 Dc
1397 1196 1472 1250 cinit.
1490 1196 1547 1264 Dei,
1564 1210 1631 1253 cum
1659 1196 1694 1253 de

79 1299 128 1339 un.
143 1283 354 1353 Oppositionem
370 1281 406 1339 ad
433 1282 581 1353 praemissa
600 1281 661 1353 ipse
683 1282 793 1340 inducit
848 1284 976 1341 bonitate
1003 1290 1030 1340 et
1046 1284 1156 1341 malitia
1179 1284 1285 1341 diaboii
1307 1283 1485 1355 loqueretur,
1504 1284 1545 1341 ait
1561 1300 1567 1340 :
1584 1306 1599 1335 «
1619 1287 1695 1342 bens

78 1386 112 1441 ιε,
128 1373 212 1443 quasi
241 1372 348 1429 diceret
365 1371 498 1428 :Dictum
518 1379 561 1429 est
584 1372 675 1429 Deum
684 1371 792 1444 justifi—
847 1373 923 1431 sicnt
947 1381 1121 1431 naturarum
1144 1373 1289 1430 bonarum
1315 1373 1441 1444 optimus
1461 1381 1572 1430 creator
1587 1382 1639 1442 est,
1654 1374 1695 1430 ita

79 1469 116 1519 est
123 1462 237 1534 justum
251 1468 280 1519 et
293 1474 427 1517 veracem
440 1460 566 1517 maxime
589 1474 728 1533 apparere
756 1477 793 1519 ει
846 1462 991 1520 malarum
1018 1463 1203 1521 voluntatum
1216 1462 1395 1535 iustissimus
1420 1461 1578 1521 ordinator.
1594 1483 1609 1513 u
1624 1463 1694 1520 Item

79 1593 84 1618 ,
112 1565 179 1607 cum
214 1550 294 1607 illam
322 1550 430 1607 scilicet
468 1550 686 1621 promissionem
715 1551 793 1609 illius
849 1552 955 1609 ibidem
969 1552 1005 1609 de
1024 1552 1190 1609 dtab010.·‹
1216 1553 1372 1609 Deuscum
1386 1566 1453 1609 eum
1469 1552 1614 1620 conderet,
1643 1551 1694 1609 lu-

79 1654 85 1695 e
100 1646 256 1711 nequeant,
273 1638 330 1695 imo
342 1640 430 1695 etiam
445 1636 506 1710 ipsa
521 1639 557 1696 ad
573 1638 694 1711 gloriam
709 1654 792 1698 snam
851 1648 924 1699 turae
948 1641 1138 1713 malignitatis
1152 1655 1211 1701 non
1225 1648 1288 1698 erat
1303 1641 1434 1712 ignarus,
1462 1647 1490 1698 et
1515 1641 1694 1712 praevidebat

79 1735 105 1786 t.
122 1728 176 1785 sed
191 1728 213 1785 si
234 1735 350 1799 peccata
370 1743 435 1784 mea
445 1729 484 1785 ita
507 1736 542 1785 ut
570 1729 734 1787 dictumest
763 1733 792 1788 in
849 1746 915 1804 qnae
930 1731 1006 1788 bona
1023 1731 1059 1788 de
1074 1729 1159 1788 malis
1175 1732 1239 1803 ejus
1262 1738 1335 1788 esset
1349 1730 1409 1801 ipse
1425 1729 1565 1787 lactnrus.
1582 1751 1597 1782 a
1621 1731 1692 1787 item

79 1817 246 1888 nexemplo
259 1818 293 1874 de
309 1817 410 1886 David,
420 1819 563 1888 justitiam
580 1821 630 1874 bet
662 1836 790 1875 commen-
847 1827 911 1892 post
933 1820 1052 1891 aliqua:
1084 1820 1211 1892 «Neque
1222 1819 1298 1877 enim
1325 1820 1403 1876 Deus
1424 1819 1518 1876 ullum
1544 1833 1602 1874 non
1629 1818 1693 1876 dico

88 1911 131 1962 εει
145 1904 182 1960 ad
195 1904 311 1961 laudem
327 1911 355 1961 et
368 1905 490 1977 gloriam
503 1904 633 1962 veritatis
646 1906 710 1977 ejus
725 1921 793 1978 pro·
848 1909 1020 1980 angelornm
1036 1908 1081 1966 vel
1096 1909 1247 1966 hominum
1261 1915 1393 1975 creasset,
1408 1921 1496 1979 qnem
1510 1906 1621 1963 malum
1633 1919 1694 1963 esse

79 1994 146 2064 quid
163 1994 292 2062 dicemus,
311 1993 393 2051 idest
408 1994 478 2065 quid
493 1995 650 2064 poterimus
673 2007 793 2065 respon·
848 1998 978 2055 futurum
999 1999 1173 2070 praescisset3
1199 1997 1256 2055 nisi
1284 1998 1394 2068 pariter
1404 2003 1499 2054 nosset
1521 1995 1630 2068 quibus
1645 2009 1694 2052 eos

81 2082 186 2140 actioni
200 2083 343 2154 sequenti,
359 2097 425 2154 quae
442 2083 502 2139 ait:
528 2084 661 2149 Numquid
680 2086 793 2154 iniquus
848 2086 992 2144 bonornm
1015 2087 1120 2144 usibus
1147 2085 1367 2143 commendaret.
1406 2086 1484 2142 ldeut
1507 2083 1694 2141 incunenin-

79 2187 83 2224 ι
107 2174 156 2243 qut
180 2172 408 2240 interlunium
433 2180 475 2229 εει
493 2172 650 2228 vindictam
678 2181 794 2243 propter
848 2172 917 2229 dion
932 2173 989 2245 (58)
1006 2189 1013 2229 :
1033 2174 1156 2245 «Neque
1166 2175 1243 2231 enim
1259 2174 1335 2230 Deus
1345 2175 1527 2245 omnipotens
1535 2188 1602 2230 cum
1616 2187 1695 2230 snm·

105 2276 172 2333 quae
186 2261 259 2332 ejus,
280 2269 313 2318 ut
336 2261 445 2318 dictum
471 2268 523 2326 est,
546 2260 689 2332 justitiam
717 2276 791 2317 com-
848 2275 894 2318 me
909 2262 1003 2319 bonus
1017 2262 1064 2330 sit,
1080 2263 1141 2320 ullo
1171 2263 1254 2318 modo
1270 2264 1376 2319 sineret
1403 2261 1472 2319 mali
1498 2261 1609 2333 aliquid
1632 2276 1692 2318 esse

79 2357 96 2419 t,
114 2349 145 2405 id
157 2359 200 2407 εει
214 2365 282 2408 enm
301 2349 427 2406 maxime
443 2348 616 2406 laudabilem
639 2350 793 2407 ostendunt
849 2350 877 2407 in
893 2352 1031 2422 operibus
1057 2351 1135 2418 suis;
1156 2351 1210 2406 nisi
1232 2365 1327 2422 usque
1341 2351 1411 2407 adeo
1427 2358 1500 2408 esset
1513 2351 1693 2420 omnipotens

79 2438 226 2496 omntabili
254 2453 314 2495 snae
332 2437 461 2495 veritatis
475 2438 643 2509 proposito?
671 2439 708 2495 Et
722 2453 792 2510 qno·
847 2447 874 2496 et
889 2436 992 2503 bonus.
1005 2447 1038 2497 ut
1051 2440 1123 2497 bene
1142 2439 1246 2496 laceret
1260 2447 1288 2496 et
1303 2439 1338 2495 de
1366 2439 1451 2497 malo.
1469 2439 1623 2505 nouorum,
1638 2439 1692 2495 sci-

79 2542 105 2584 ln
139 2543 176 2584 cx
200 2542 322 2598 persona
353 2528 476 2584 bocsua
503 2526 656 2597 Apostolus
683 2527 790 2598 objicit,
848 2528 912 2585 licet
927 2543 978 2585 nos
994 2528 1266 2599 blasphemantium,
1285 2528 1313 2584 id
1327 2536 1438 2585 estnon
1457 2536 1514 2586 tam
1525 2542 1578 2599 pro
1591 2528 1694 2584 existi-

79 2631 108 2673 ιιι
133 2617 159 2673 ei
181 2616 319 2673 videntur
339 2615 414 2671 utin
430 2615 484 2672 boc
503 2622 601 2686 ageret
615 2615 725 2686 inique,
741 2617 791 2672 ad·
849 2617 974 2674 matione
999 2631 1054 2674 sua
1078 2632 1167 2688 qnam
1188 2625 1302 2688 propter
1331 2632 1384 2674 uos
1397 2616 1639 2688 blasphemandos
1664 2616 1694 2673 id

79 2707 183 2762 undum
197 2706 331 2760 bominem
341 2705 412 2772 dico,
441 2704 470 2759 id
490 2711 532 2761 εει
547 2704 706 2761 secundum
729 2703 792 2759 ani·
848 2705 1017 2762 dicentium.
1044 2706 1121 2763 Adeo
1134 2719 1261 2778 namque
1276 2705 1352 2762 mala
1367 2719 1484 2776 quoque
1503 2719 1520 2761 a
1544 2706 1601 2761 lieo
1622 2704 1695 2761 bene

83 2795 135 2866 qni
159 2808 216 2850 non
231 2794 305 2864 sapit
320 2808 429 2865 eaqnae
442 2793 491 2850 bei
508 2800 585 2856 sunt,
615 2807 674 2849 non
689 2807 792 2850 εεειιιι-
847 2795 975 2852 ordinari
989 2794 1090 2852 datum
1105 2802 1157 2859 est,
1179 2802 1213 2851 ut
1228 2795 1282 2851 boc
1295 2793 1381 2850 eliam
1397 2792 1511 2865 gentilis
1540 2792 1588 2849 ille
1598 2791 1694 2862 pbilo-

79 2882 226 2952 ritnalem,
243 2883 294 2954 qui
323 2883 465 2954 dijudicat
487 2883 596 2952 omnio,
617 2888 676 2939 tam
705 2884 735 2939 in
749 2883 792 2938 di·
848 2883 957 2955 sophus
971 2882 1052 2940 Plato
1064 2883 1214 2940 manifeste
1228 2883 1374 2953 protessus
1385 2882 1433 2949 sit,
1450 2881 1564 2937 dicens:
1583 2879 1692 2936 «Nihil

82 2987 130 3030 ant
150 2973 180 3028 in
207 2971 344 3028 humanis
359 2984 478 3042 aequum
508 2971 629 3027 rationis
647 2970 791 3043 iudicium
809 2961 926 3031 (lenirn
941 2973 982 3041 stt,
1011 2973 1096 3044 cujus
1117 2979 1214 3029 ortum
1229 2987 1286 3029 non
1308 2970 1440 3044 legitima
1454 2982 1543 3026 cansa
1565 2976 1593 3025 et
1620 2967 1694 3024 ratio

80 3068 91 3119 t
120 3062 195 3129 ideo,
225 3062 296 3116 obsit
328 3068 361 3117 ut
394 3061 450 3116 boc
473 3060 581 3116 scilicet
609 3060 791 3131 recipiamus.
847 3062 1000 3134 praecedat.

79 3150 155 3221 lique
178 3164 274 3220 agere,
304 3149 449 3219 puniendo
470 3157 596 3218 peccata,
613 3163 679 3219 quae
708 3148 794 3206 etiarn
884 3151 957 3217 Quid
970 3165 1042 3220 erqo.
1059 3149 1127 3206 Dixi
1143 3149 1244 3207 talium
1260 3162 1312 3206 nos
1340 3145 1604 3219 blasphemantium
1626 3145 1693 3217 jus-

87 3238 243 3311 proilciunt
258 3239 390 3310 gloriam,
406 3245 439 3295 nt
454 3238 589 3309 quamvis
602 3245 717 3308 peccata
736 3253 793 3295 non
848 3248 983 3297 tamesae
1007 3240 1231 3307 damnationem,
1252 3252 1289 3295 ex
1317 3252 1376 3309 quo
1398 3252 1451 3294 nos
1465 3235 1591 3293 maximo
1615 3248 1695 3293 com-

78 3342 107 3396 a,
123 3328 231 3385 bonum
249 3336 342 3385 tamen
357 3328 396 3383 sit
426 3341 486 3383 esse
504 3334 631 3397 peccata.
657 3327 738 3384 Unde
752 3335 794 3384 εει
849 3329 999 3386 mendasse
1029 3328 1173 3394 videmur,
1201 3327 1285 3399 qnasi
1305 3327 1376 3384 tales
1401 3327 1493 3384 simus
1519 3339 1556 3383 ειι
1588 3323 1695 3381 nostris

79 3425 161 3490 lgnst.
178 3416 410 3474 inEncbiridion
425 3416 482 3487 (56)
500 3432 506 3470 :
524 3437 538 3466 «
554 3416 617 3471 Non
633 3416 664 3471 lit
683 3415 794 3488 aliquid
848 3417 969 3485 meritis,
986 3417 1015 3474 in
1032 3417 1140 3489 quibus
1167 3416 1240 3472 nibil
1256 3417 1294 3473 sit
1320 3414 1591 3489 blasphemandum.
1621 3410 1695 3484 Quid

79 3508 207 3578 nipotens
228 3506 288 3562 fieri
312 3504 381 3562 velit
406 3505 451 3561 vel
466 3505 587 3561 sinendo
602 3517 634 3561 nt
661 3504 719 3574 fiat,
749 3507 795 3563 vel
849 3521 921 3576 erqo,
945 3506 973 3562 id
989 3513 1031 3562 est
1042 3506 1178 3577 nunquid
1201 3513 1294 3577 potest
1321 3504 1377 3562 dici
1407 3506 1477 3576 quia
1504 3501 1695 3575 praecellimus

81 3596 173 3653 iendo.
201 3595 264 3653 Non
294 3594 488 3652 dubitandum
516 3603 558 3651 est
586 3596 678 3652 Deum
703 3595 795 3653 lacere
849 3595 919 3652 talos
930 3595 1009 3666 juste
1024 3594 1214 3663 damnandos
1233 3595 1261 3651 id
1281 3603 1323 3652 εει
1337 3609 1373 3651 ει
1393 3593 1517 3664 propriis
1533 3591 1645 3648 meritis
1668 3596 1696 3645 et

97 3684 216 3742 sinendo
231 3683 294 3740 lieri
317 3696 503 3754 quaecunque
518 3681 592 3737 fiunt
619 3682 701 3739 male.
730 3683 795 3740 Non
849 3692 948 3740 nostra
968 3684 1076 3742 virtute
1098 3684 1245 3756 digniores
1280 3697 1383 3740 sumus
1403 3680 1485 3739 illisi
1506 3681 1695 3750 Nequaquam,

79 3774 160 3832 enisi
173 3772 385 3845 iustoiudicio,
401 3771 480 3826 sinit.
497 3772 532 3827 Et
546 3772 672 3841 prolecto
687 3773 795 3829 bonum
849 3772 896 3829 sed
913 3773 1008 3843 potins
1022 3787 1059 3828 ex
1069 3765 1129 3829 Deo'
1141 3786 1231 3843 qnam
1246 3786 1282 3828 ειι
1297 3771 1380 3828 nobis
1407 3778 1460 3837 cst,
1485 3769 1510 3825 si
1525 3768 1597 3840 quid
1626 3766 1695 3824 boni

79 3862 183 3934 equod
196 3851 318 3935 justum.
336 3883 351 3910 n
366 3862 436 3917 item
448 3858 524 3931 (57);
542 3881 552 3909 ι
574 3862 646 3916 Nam
660 3861 713 3917 nisi
723 3869 795 3917 esset
848 3860 1000 3930 babemus,
1013 3861 1088 3917 sicut
1106 3867 1134 3916 et
1152 3860 1182 3915 in
1206 3859 1395 3930 sequentibus
1409 3859 1449 3914 ait
1464 3882 1470 3912 :
1486 3856 1562 3921 Quia
1582 3863 1697 3913 nonest

79 3965 128 4008 nm
143 3958 176 4008 ut
203 3957 297 4007 essent
325 3949 412 4016 mala,
428 3948 508 4005 nullo
541 3950 625 4005 modo
640 3964 701 4006 esse
720 3949 795 4006 sine·
851 3949 976 4007 volentis
993 3964 1089 4020 neque
1115 3947 1267 4016 currentis,
1289 3948 1338 4004 sed
1360 3947 1521 4003 miserentis
1535 3946 1596 4014 liei,
1624 3945 1697 4017 qnia

79 4041 105 4098 tb
118 4041 313 4110 omnipotente
342 4039 427 4096 bono.
446 4058 460 4088 u
480 4038 624 4107 Alioquin,
651 4038 679 4094 id
701 4045 743 4095 εει
771 4039 795 4095 εἰ
849 4040 913 4110 ε)ιιε
936 4038 1132 4096 misericordia
1156 4037 1302 4095 sulliciens
1316 4045 1358 4094 est
1381 4036 1417 4093 ad
1441 4035 1564 4093 salutem
1596 4033 1693 4106 potius

79 4137 219 4200 nuquam
238 4129 373 4196 dicimus,
399 4128 452 4184 boc
463 4135 514 4196 εει,
538 4129 561 4183 si
577 4128 676 4199 inique
691 4127 796 4184 laceret
850 4142 938 4199 quam
954 4135 1052 4184 nostra
1071 4127 1216 4194 valetudo,
1232 4127 1372 4198 quoniam
1389 4140 1426 4183 ex
1441 4124 1525 4182 nobis
1541 4138 1641 4181 omnes
1655 4122 1707 4178 si·-

79 4218 211 4276 nlerendo
239 4218 397 4275 vindictam
413 4232 463 4289 pro
490 4219 623 4289 peccatis,
651 4219 794 4289 quomodo
850 4216 912 4274 mul
937 4215 1096 4288 culpabiles
1119 4230 1231 4285 snmus,
1256 4217 1330 4273 sicut
1353 4215 1489 4288 superius
1509 4213 1697 4279 ostendimus,

79 4323 103 4377 n,
120 4307 148 4363 id
164 4315 206 4364 εει
215 4308 376 4373 universos,
393 4313 451 4362 tam
464 4306 555 4363 bonos
568 4307 677 4364 scilicet
707 4322 795 4379 qnam
851 4312 909 4363 tam
920 4305 954 4362 de
969 4304 1076 4362 iudaeis
1089 4318 1178 4375 qnam
1197 4305 1392 4376 exgentibus,
1417 4318 1516 4361 omnes
1537 4304 1696 4359 inexcusa-

79 4396 206 4465 rdicaret,
221 4397 263 4452 eis
278 4395 410 4452 videlicet
422 4410 473 4466 pro
490 4396 599 4454 meritis
613 4397 658 4454 vel
674 4397 796 4469 gloriam
853 4395 925 4452 biles
944 4408 1014 4451 esse.
1030 4395 1066 4451 Ει
1080 4394 1136 4450 boc
1165 4400 1217 4462 εει,
1235 4394 1348 4451 causati
1363 4397 1434 4449 enim
1463 4407 1568 4461 eumue,
1601 4391 1630 4447 id
1654 4396 1696 4447 est

79 4499 125 4543 am
140 4484 350 4543 retribuendo?
437 4509 440 4517 ·
852 4483 935 4556 qnasi
950 4483 980 4541 in
1005 4496 1124 4540 eausam
1154 4483 1318 4540 accusando
1333 4483 1474 4539 traximus
1498 4490 1557 4539 tam
1582 4478 1697 4537 Jndaeos

79 4577 128 4630 clm
156 4576 267 4630 ueritus.
293 4573 335 4630 Ad
362 4574 576 4645 suprapositam
607 4575 797 4646 objectionem
852 4587 942 4644 quam
972 4573 1095 4640 Graecos,
1130 4586 1204 4644 qnos
1234 4571 1421 4644 sapientiores
1456 4586 1517 4629 esse
1548 4568 1694 4636 convenit,

79 4664 159 4732 redit,
175 4663 336 4735 quasieam
352 4664 567 4731 commendans,
593 4663 671 4735 quud
690 4664 796 4720 scilicet
850 4678 940 4718 omnes
956 4662 1007 4718 sub
1030 4665 1141 4732 peccato
1167 4676 1230 4724 esse,
1260 4661 1342 4718 idest
1371 4674 1435 4717 reos
1453 4674 1514 4716 esse
1541 4666 1568 4716 et
1607 4669 1697 4728 poenae

79 4754 166 4825 iqnus
187 4754 305 4810 videtur
330 4754 406 4810 Deus
432 4753 580 4824 puniendo
616 4761 741 4823 peccata,
773 4753 795 4808 si
850 4753 971 4818 debitos,
987 4759 1379 4823 tanquamtransgressores.
1402 4749 1506 4807 lithoc
1527 4747 1696 4819 quidemad

79 4844 208 4901 ustitiam
235 4844 300 4916 ejus
321 4842 533 4911 commendant,
563 4843 633 4913 qula
662 4856 714 4899 nec
735 4843 795 4912 jam
851 4843 1013 4915 generalem
1057 4841 1213 4898 revertitur
1253 4840 1455 4907 invectionem,
1495 4837 1632 4909 colligens
1653 4850 1698 4896 ,ει

79 4933 144 4988 eatis
172 4933 302 5003 reputari
330 4932 446 5001 debent,
475 4932 523 4989 sed
539 4945 591 5002 pro
620 4929 704 4987 uobis
731 4945 796 5001 quae
852 4931 1010 5004 scripturis
1026 4931 1199 4998 testimonia,
1215 4929 1323 5000 quibus
1339 4943 1438 4986 omnes
1453 4927 1561 4999 pariter
1581 4939 1645 4983 reos
1671 4933 1700 4983 et

79 5022 189 5078 ritatem
221 5022 433 5078 commendant.
466 5022 502 5077 Et
523 5021 576 5076 lice
598 5028 651 5086 est,
673 5021 698 5074 st
725 5022 797 5074 enim
853 5020 1239 5087 inexcusabilesconvincat.

79 5112 128 5166 bet
142 5110 294 5166 abundauit
306 5113 336 5164 in
352 5112 468 5179 gloriam
486 5111 543 5181 ejus
566 5126 600 5163 ca
613 5125 670 5165 meo
684 5109 795 5164 meadu-
903 5110 980 5165 Sicut
1005 5107 1142 5179 scalptum
1168 5112 1217 5172 est,
1236 5108 1265 5163 in
1293 5106 1364 5177 psal.
1380 5104 1512 5162 videlicet
1540 5116 1602 5160 xrr:
1623 5105 1697 5171 Quia

89 5206 132 5256 εει
168 5200 356 5257 immobilitas
384 5215 444 5256 suae
470 5199 600 5256 veritatis
623 5198 797 5255 laudabilior
850 5216 904 5256 non
929 5201 1308 5271 eatjuetusquiequam,etc.
1325 5196 1455 5252 Psalmus
1480 5193 1594 5251 hicubi
1622 5192 1699 5250 testi-

97 5302 134 5345 ex
160 5288 354 5346 mutabilitate
368 5296 395 5346 et
420 5289 613 5346 inconstantia
634 5303 704 5345 meae
731 5303 794 5359 pro·
851 5289 949 5346 monia
964 5289 1026 5346 baec
1040 5287 1118 5359 apud
1132 5302 1183 5343 nos
1199 5287 1394 5354 continentur,
1419 5283 1503 5357 quasi
1530 5283 1694 5356 generalem

80 5418 88 5446 ,
115 5378 166 5450 qni
197 5377 262 5434 licet
295 5379 321 5434 ei
350 5379 482 5449 mentiar,
512 5379 572 5451 ipse
600 5387 696 5437 tamen
723 5378 795 5434 mibi
851 5377 1041 5434 invectionem
1063 5376 1293 5447 lacitinomnes,
1315 5373 1493 5448 quitempus
1520 5374 1692 5433 suavisita-

79 5484 158 5613 W
170 5492 239 5545 tom.
256 5485 308 5553 llb,
324 5485 378 5544 col.
395 5489 457 5542 276.
889 5484 946 5556 (58)
957 5484 1041 5554 ibid,
1057 5483 1110 5542 col.
1123 5486 1185 5540 aad.
