3804 5962
137 130 190 187 289

910 135 1020 194 EPIST.
1039 136 1111 198 Vill-

1836 132 1890 217 aab

134 263 159 311 et
180 257 241 313 eris
264 256 338 316 siem
359 259 505 316 dormiens
520 260 551 316 iu
572 258 666 318 medio
685 260 768 332 mari,
784 269 812 320 ot
834 265 919 336 quasi
940 278 984 320 so·
1000 264 1025 317 Ᾰ
1040 263 1166 334 gentiam
1180 262 1297 336 babent,
1311 266 1527 327 incontinentias
1541 269 1612 342 mni,
1629 273 1658 329 in
1669 289 1729 346 quo
1742 285 1784 338 est
1797 278 1888 341 luxu·

135 346 213 415 pitus
237 348 414 418 gubernator
438 350 542 406 amisso
558 350 650 420 olavo,
675 360 702 409 et
722 352 821 410 dices:
846 354 979 410 Verbera

136 444 311 504 aerumma,
332 446 360 494 et
378 453 435 494 non
452 439 550 510 dolui3
569 442 722 498 traxerunt
737 457 792 511 me,
810 450 838 499 et
856 457 909 515 ego
927 457 985 500 non

133 523 218 578 sensi.
235 524 359 591 Quando
382 528 536 600 evigilabo,
553 543 667 598 rursus,
690 540 717 588 et
731 533 801 588 vina
824 530 985 602 reperiam?

133 615 222 679 {Prota
245 631 325 684 ιιιιι,
343 618 402 689 ιι.)
425 619 505 674 item.
537 636 552 670 ιι
578 619 642 676 Noli
655 621 783 692 regibus,
811 635 828 677 o
855 619 982 689 bamuel,

132 701 186 757 noli
219 705 340 776 regibus
361 706 430 763 dare
457 708 570 775 vinum,
602 709 673 780 quia
700 709 815 766 nullutn
841 718 984 767 secretum

130 801 169 847 est
196 793 249 849 ubi
276 804 379 867 regnat
401 796 534 854 ebrietas.
552 798 594 855 Ne
617 799 688 856 torte
705 799 806 857 bibant
829 807 857 856 et
879 798 983 857 oblivi-

130 890 252 940 scantur
264 885 452 955 judiciorum,
468 895 496 943 et
511 888 625 944 mittant
642 903 759 946 causam
773 889 898 947 illiorum
916 904 984 960 pau-

131 971 206 1041 peris
219 973 316 1042 (Proo.
334 991 407 1043 ιιιι,
423 976 463 1050 ι.)
489 998 503 1026 ι
520 978 556 1034 Et
580 977 611 1034 in
630 978 828 1036 Ecclesiastico
843 979 982 1049 scripturn

130 1069 188 1117 est:
218 1082 233 1114 ι
261 1063 418 1135 operarius
445 1066 577 1125 ebriosus
606 1083 664 1125 non
693 1068 924 1140 locupletabitur,
955 1077 982 1126 et

131 1152 180 1221 qui
204 1155 314 1223 spernit
344 1157 465 1226 modica,
499 1158 638 1228 paulatim
666 1158 785 1215 decidet.
817 1158 925 1218 Vinum
954 1165 982 1216 et

131 1241 268 1298 mulieres
296 1253 457 1314 apostatare
479 1247 589 1304 iaciunt
617 1248 768 1319 sapientes,
797 1255 824 1304 et
852 1255 981 1320 arguunt

130 1339 260 1387 sensatos
276 1332 371 1404 (Booti.
396 1350 452 1404 ιιι,
481 1335 515 1407 ι).
542 1359 552 1385 ι
579 1337 668 1393 isaias
686 1351 803 1409 quoque
829 1337 980 1395 universos

1041 351 1093 420 ria,
1107 351 1454 415 miraculumbabuerunt
1467 359 1556 431 (ioca.
1568 377 1598 431 ιι,
1613 363 1651 435 8).
1666 364 1794 425 solitudo
1808 384 1886 441 varo,

1040 455 1106 511 quae
1133 445 1249 513 propria
1277 453 1319 502 est
1349 449 1556 507 monachorum
1589 451 1729 511 habitatio
1755 459 1888 517 carnium

1040 530 1132 602 magis
1155 547 1245 604 quarn
1271 534 1332 590 vini
1353 535 1527 594 beneficium
1543 541 1632 596 novit.
1658 541 1778 602 summa
1800 547 1887 608 etiam

1040 616 1089 674 illa
1111 620 1140 675 in
1167 620 1228 694 lege
1252 622 1454 682 Nazareorum
1482 627 1594 700 religio,
1620 643 1680 700 qua
1707 646 1737 689 se
1764 635 1888 695 Domino

1038 718 1214 779 consecrant,
1245 713 1345 769 vinum
1378 722 1405 770 et
1438 716 1517 786 quod
1546 717 1691 776 inebriare
1717 730 1809 792 potest
1842 741 1887 784 so·

1039 796 1183 855 lummodo
1202 798 1313 857 vitabat
1338 801 1430 872 (Num.
1460 820 1496 872 vt,
1523 804 1561 878 3).
1579 806 1648 874 Quae
1676 823 1803 882 namque
1828 815 1886 873 vir-

1038 892 1094 955 tus,
1113 888 1188 958 quod
1206 889 1313 945 bonum
1327 890 1358 946 in
1372 892 1459 949 ebriis
1480 896 1596 952 maneti
1612 896 1693 954 Unde
1716 914 1775 957 non
1790 902 1885 963 solum

1036 975 1148 1045 vinum,
1172 978 1380 1035 verumetiam
1408 996 1492 1038 omne
1517 984 1595 1055 quod
1620 985 1764 1047 inebriare
1792 999 1885 1062 potest

1037 1063 1164 1136 antiquis
1201 1081 1318 1139 quoqne
1355 1069 1554 1129 sacerdotibus
1591 1074 1713 1147 legimus
1741 1078 1884 1139 interdici.

1036 1152 1076 1207 De
1097 1168 1155 1225 quo
1178 1155 1366 1228 Hieronymus
1391 1158 1427 1215 ad
1450 1159 1641 1229 Nepotianum
1665 1163 1756 1235 (epist.
1783 1167 1821 1239 2),
1847 1168 1883 1226 dc

1035 1242 1096 1298 vita
1111 1243 1279 1302 elericorum
1294 1247 1429 1314 scribens,
1447 1256 1474 1304 at
1490 1251 1617 1320 graviter
1635 1251 1791 1326 indignans
1805 1258 1883 1330 quod

1035 1332 1194 1390 sacerdotes
1215 1334 1287 1406 legis
1301 1335 1337 1390 ab
1361 1336 1439 1392 ornni
1460 1339 1538 1408 quod
1555 1338 1697 1399 inebriare
1714 1350 1805 1414 potest
1828 1347 1882 1404 ab·

129 1421 298 1488 praeteriens
318 1421 406 1490 cibos,
427 1424 521 1481 solum
545 1425 576 1482 in
593 1440 710 1483 causam
733 1424 908 1497 captivitatis
931 1441 979 1498 po-
1035 1422 1170 1478 stinentes
1206 1430 1317 1481 nostros
1355 1426 1384 1481 in
1421 1426 1475 1483 bac
1512 1427 1684 1487 abstinentia
1720 1443 1880 1505 superent:

129 1509 187 1578 puli
211 1520 418 1570 commemorat
437 1514 563 1571 vinum:
592 1516 684 1583 Vae,
707 1516 813 1588 inquit,
831 1514 881 1588 qni
908 1530 977 1573 con-
1037 1509 1264 1583 «Nequaquam,
1281 1534 1295 1563 ι
1309 1513 1414 1585 inquit,
1429 1535 1440 1565 t
1458 1530 1570 1586 vinum,
1586 1519 1713 1577 redoleas
1725 1536 1761 1579 ue
1779 1524 1883 1584 audias

130 1613 196 1670 sur„
187 1599 249 1656 itis
264 1615 350 1659 mane
364 1602 401 1658 ad
415 1604 583 1662 ebrietatem
599 1606 764 1662 sectandam
778 1613 804 1662 et
821 1606 980 1676 potandum
996 1567 1042 1622 B
1034 1599 1106 1656 iilud
1132 1600 1316 1673 philosophi:
1341 1605 1398 1660 iioo
1422 1619 1479 1662 non
1502 1615 1544 1664 est
1570 1608 1700 1666 osculum
1723 1612 1883 1701 porrigere

129 1690 271 1760 usquead
286 1706 449 1763 vesperam,
465 1697 575 1751 utvino
590 1696 726 1752 aestuetis.
742 1695 901 1752 Citharaet
917 1695 980 1766 lyra
1033 1688 1082 1743 sed
1098 1691 1259 1760 propinare.
1288 1691 1491 1751 »Vinolentos
1514 1696 1672 1755 sacerdotes
1693 1706 1720 1754 et
1735 1671 1883 1771 apostotus

128 1786 152 1833 et
173 1787 348 1851 tympanum
362 1790 389 1839 et
405 1783 476 1838 ttbra
488 1790 515 1839 et
535 1785 638 1841 riuum
657 1800 686 1840 ιιι
702 1798 845 1842 convivus
864 1784 976 1851 vestris,
1032 1777 1161 1849 damnat,
1187 1787 1214 1837 et
1236 1780 1282 1838 lex
1306 1788 1388 1840 retus
1409 1783 1563 1854 probibet:
1588 1787 1681 1852 «Qui
1700 1786 1803 1846 altario
1829 1789 1881 1849 (ιο-

129 1875 251 1938 etopus
279 1871 392 1927 bomini
418 1888 477 1929 non
491 1874 640 1945 respicitis.
668 1875 821 1945 Propterea
847 1873 978 1944 captivus
1032 1867 1211 1939 servienti!
1233 1871 1293 1928 Gor.
1310 1888 1337 1941 x,
1363 1870 1418 1944 13),
1442 1873 1545 1930 vinum
1571 1883 1597 1932 et
1620 1876 1740 1933 siceram
1761 1893 1821 1937 non
1836 1878 1880 1937 bi·

129 1957 232 2015 ductus
256 1963 300 2016 est
323 1961 448 2032 populus
468 1978 558 2031 meus,
586 1965 728 2035 quianon
753 1962 856 2020 habuit
882 1963 977 2020 scien·
1032 1957 1099 2014 bcnt
1123 1959 1199 2031 (huc.
1223 1976 1242 2030 ι,
1275 1961 1346 2034 ιι).ι
1374 1962 1468 2019 Sicera
1493 1963 1612 2021 liebraeo
1634 1980 1765 2024 sermone
1785 1969 1880 2028 omnis

129 2046 204 2104 tiam.
222 2048 274 2107 Vre
291 2049 342 2122 qni
362 2060 490 2122 potentes
503 2053 571 2110 estis
592 2055 628 2110 ad
644 2054 801 2111 bibendum
816 2053 928 2120 vinum,
950 2061 978 2110 et
1032 2048 1111 2117 potio
1132 2058 1330 2121 nuncupatur,
1360 2065 1427 2122 quaa
1454 2052 1596 2109 inebriare
1621 2062 1721 2126 potest,
1746 2055 1807 2115 sive
1830 2056 1880 2116 illa

79 2150 81 2155 ’
128 2136 179 2192 riri
199 2134 290 2195 fortes
305 2140 342 2196 ad
358 2141 535 2198 miscendam
558 2142 723 2200 ebrietatem
743 2142 810 2215 (Iso.
835 2157 864 2212 v,
890 2144 976 2216 lli»
1032 2150 1097 2206 que
1111 2134 1251 2195 fermento
1266 2140 1426 2209 coniicitur,
1450 2141 1511 2198 sive
1535 2156 1687 2213 pomorum
1711 2159 1808 2217 succo,
1826 2155 1878 2206 aut

129 2224 176 2291 Qui
192 2227 283 2284 etiam
308 2229 344 2285 de
373 2231 592 2303 populansque
616 2233 652 2289 ad
676 2232 835 2290 sacerdotes
856 2240 883 2289 et
907 2246 977 2303 plo·
1031 2223 1360 2307 iuvidecoquunlurvitl
1387 2229 1480 2298 dulce,
1507 2239 1534 2288 ei
1558 2233 1714 2291 herbarum
1735 2236 1879 2306 potionem

130 2317 227 2384 phetas
252 2319 467 2389 querimoniam
489 2322 656 2389 extendens,
685 2322 748 2378 ait:
781 2344 791 2372 ι
819 2322 928 2379 Verum
957 2321 978 2378 ii
1031 2320 1081 2369 11111
1109 2314 1272 2385 palmarum
1294 2317 1406 2375 111111113
1434 2320 1638 2391 exprimuntur
1664 2325 1695 2380 111
1722 2324 1876 2400 liquorem,

130 2420 244 2476 quoque
261 2422 320 2478 prro
336 2410 404 2466 vino
415 2410 587 2480 nescierunt,
605 2419 631 2467 et
642 2425 701 2481 prae
716 2410 853 2468 ebrietate
863 2425 977 2468 errave·
1030 2403 1174 2476 6011181316
1202 2407 1336 2479 frugibus
1363 2422 1441 2481 aqua
1474 2411 1611 2483 3111311101
1638 2413 1759 2472 1011311·
1788 2415 1880 2485 Quid·

129 2504 202 2550 runt.
221 2496 360 2555 Sacerdos
372 2507 399 2556 et
415 2500 553 2571 propbeta
568 2501 734 2558 nescierunt
753 2515 812 2573 prae
827 2501 973 2570 ebrietate,
1030 2493 1100 2563 quid
1123 2495 1247 2554 inebriat
1271 2505 1298 2554 et
1320 2505 1429 2555 statum
1452 2501 1556 2558 mentis
1578 2504 1681 2559 evertit
1704 2503 1773 2578 iuge
1800 2505 1879 2565 simi-

129 2584 249 2655 absorpti
276 2596 345 2643 sunt
367 2603 384 2645 a
407 2589 485 2658 vino,
514 2598 685 2646 erraverunt
712 2590 742 2646 in
757 2590 905 2659 ebrietate,
925 2605 974 2646 ne·
1029 2583 1094 2639 liter
1106 2592 1139 2641 ut
1153 2586 1265 2642 vinum.
1284 2587 1329 2643 Ex
1352 2587 1454 2660 regula
1471 2591 1563 2646 sancti
1586 2591 1709 2648 Pacomii
1725 2595 1828 2652 vinum
1849 2604 1878 2657 ct

128 2674 251 2730 suerunt
275 2676 432 2744 videntem,
460 2678 666 2751 ignoraverunt
689 2679 843 2752 judicium,
870 2679 976 2737 Omnes
1029 2670 1177 2743 liquamen
1190 2674 1300 2746 absque
1319 2674 1379 2731 loeo
1406 2678 1723 2748 agrotantiumnullus
1742 2683 1875 2756 attingat.

128 2762 199 2818 enirn
223 2779 332 2822 mensae
356 2768 470 2837 reptata
494 2777 561 2824 sunt
583 2770 694 2826 vomitu
710 2770 908 2841 sordiumque,
935 2769 976 2826 ita
1028 2760 1098 2829 Quis
1121 2763 1206 2819 etiam
1224 2771 1351 2821 vestrum
1370 2763 1420 2835 [oi.
1446 2766 1588 2839 nostrum]
1612 2782 1670 2824 non
1694 2770 1819 2829 audierit
1834 2772 1877 2829 vi·

130 2860 230 2908 utnon
254 2861 329 2911 esset
357 2856 433 2913 ultra
454 2856 541 2914 locus.
565 2857 654 2925 Quem
679 2857 789 2916 decebit
814 2859 972 2929 scientiam,
992 2866 1012 2922 c
1029 2867 1100 2909 num
1124 2854 1333 2911 monachorum
1357 2854 1471 2926 penitus
1494 2871 1552 2913 non
1568 2871 1638 2927 esse,
1664 2868 1691 2917 et
1715 2859 1876 2922 intantum

128 2949 150 2995 et
162 2956 252 3012 quem
267 2944 425 3017 intelligere
441 2944 523 3003 iaciet
539 2947 691 3004 auditum?
706 2948 776 3021 (isc.
791 2962 886 3016 xxviii,
903 2949 942 3014 7.)
959 2967 970 2997 ι
1027 2940 1093 2996 olim
1110 2955 1127 2996 a
1143 2940 1290 2998 monacbis
1313 2942 1473 3013 abhorreri,
1491 2952 1522 3001 ut
1544 2945 1581 3000 ab
1605 2946 1667 3016 ipso
1692 2948 1876 3012 vehementer

129 3031 264 3090 Dominus
291 3049 341 3105 per
355 3035 418 3091 toet
434 3035 525 3092 dicit:
552 3059 563 3087 ‹
589 3036 872 3108 Exporgimiscimini
887 3036 970 3106 ebrii,
1027 3030 1210 3088 dehortantes
1235 3034 1330 3106 ipsum
1358 3031 1493 3089 Satauam
1510 3034 1712 3105 appellarent?
1736 3037 1818 3098 Unde
1843 3040 1875 3099 iu

127 3123 295 3196 etssetequi
314 3123 408 3182 bibitis
428 3126 530 3182 vinum
551 3125 581 3181 in
598 3125 749 3182 dulcedine
768 3127 844 3198 (Joet,
860 3141 879 3194 1,
902 3125 969 3197 5).»
1027 3120 1100 3177 Vitis
1117 3119 1250 3193 pPatrum
1282 3122 1422 3193 scriptum
1449 3122 1591 3195 legimns:
1626 3148 1641 3176 ιι
1673 3125 1875 3188 Narraverum

128 3210 181 3266 Non
205 3212 289 3269 enirn
311 3215 353 3269 uti
378 3213 509 3284 prohibet
541 3213 608 3270 rino
635 3215 664 3269 in
695 3215 872 3283 necessitate,
897 3214 973 3271 sicut
1027 3210 1146 3286 quidam
1169 3210 1267 3267 abbati
1293 3211 1399 3282 pastori
1424 3210 1460 3268 de
1483 3213 1609 3284 quodam
1639 3216 1779 3275 monacho
1803 3218 1875 3292 quia

128 3301 275 3370 apostotus
299 3303 366 3359 inde
391 3303 539 3359 Timotheo
567 3302 701 3375 consulit,
729 3327 741 3355 ι
771 3313 887 3376 propter
911 3311 972 3361 sto·
1026 3315 1083 3356 non
1101 3300 1217 3358 bibebat
1236 3299 1350 3370 riuum,
1374 3308 1401 3357 et
1424 3300 1497 3358 dixit
1521 3303 1581 3358 eis:
1604 3302 1678 3370 Quia
1693 3305 1795 3364 vinum
1811 3322 1875 3366 mo·

128 3391 215 3446 machi
237 3389 404 3462 trequentes
419 3392 599 3449 infirmitates
622 3395 651 3462 (l
675 3395 743 3448 Tim.
770 3407 799 3462 v,
823 3394 885 3465 ι3);
912 3408 970 3450 non
1025 3389 1185 3446 nachorum
1213 3389 1330 3447 omnino
1353 3403 1412 3446 non
1438 3397 1488 3447 est.
1520 3412 1532 3440 ι
1561 3393 1632 3448 item
1663 3403 1726 3464 post
1754 3396 1872 3470 aliqua:

129 3483 234 3533 tantum
266 3477 457 3548 infirmitates,
486 3481 534 3537 sed
566 3481 738 3552 trequentes.
770 3481 829 3540 Noe
858 3481 971 3552 primus
1028 3479 1141 3535 «Facta
1156 3485 1197 3535 est
1212 3478 1369 3550 aliquando
1389 3478 1543 3536 celebratio
1558 3481 1712 3540 missarum
1733 3484 1763 3541 in
1777 3494 1874 3545 monte

129 3566 235 3622 vineam
262 3567 404 3638 plantavit
433 3569 511 3643 (Get.
550 3585 589 3635 ιι,
620 3568 677 3642 ιθ),
717 3570 847 3627 nesciens
874 3571 970 3627 adbuc
1024 3567 1137 3624 abbatis
1151 3567 1278 3637 Antonii,
1301 3574 1329 3625 et
1346 3567 1498 3626 inventum
1520 3579 1561 3627 est
1577 3570 1615 3627 ibi
1630 3573 1779 3632 cenidium
1799 3573 1872 3647 vini,

129 3655 248 3713 tortassis
274 3658 422 3716 ebrietatis
456 3660 574 3728 malurn,
610 3668 637 3717 et
673 3659 833 3718 inebriatus
859 3658 970 3716 femora
1023 3664 1050 3713 et
1081 3656 1182 3714 tollens
1208 3672 1286 3714 unus
1311 3657 1346 3713 de
1374 3655 1491 3715 senibus
1521 3673 1644 3730 parvum
1672 3677 1724 3719 vas
1753 3664 1872 3722 calicem

129 3744 298 3818 denudat-tu
320 3748 390 3819 quia
411 3747 479 3805 rino
500 3749 656 3821 coniuncta
674 3757 716 3806 est
740 3746 970 3819 luxuriaturpi-
1024 3745 1148 3815 portavit
1163 3747 1197 3801 ad
1213 3745 1347 3803 abbatem
1362 3745 1445 3815 Sisoi,
1460 3755 1488 3804 et
1507 3747 1583 3804 dedit
1598 3748 1634 3817 ei,
1655 3759 1682 3808 et
1698 3752 1770 3810 bibit
1784 3752 1871 3811 semel

129 3836 199 3892 tudo.
224 3837 281 3904 Qui
305 3840 391 3894 etiam
410 3839 601 3910 superirrisus
624 3853 641 3894 a
665 3839 723 3895 illio
739 3837 968 3895 maledictionem
1023 3843 1050 3890 et
1064 3834 1199 3902 secundo,
1216 3842 1245 3891 et
1263 3834 1371 3905 accepit
1390 3843 1417 3892 et
1439 3835 1520 3892 bibit.
1536 3836 1647 3895 Obtulit
1668 3838 1694 3896 ei
1709 3841 1794 3898 etiam
1812 3849 1872 3901 ter-

130 3923 236 3983 ineum
261 3927 383 3992 intorsit,
404 3936 431 3985 et
456 3928 603 3985 servitutis
629 3928 769 3985 sententia
789 3926 871 3984 illum
893 3926 968 3983 obli·
1023 3923 1072 3992 tio,
1101 3923 1150 3980 sed
1176 3937 1232 3979 non
1258 3924 1367 3994 acepit
1389 3923 1509 3980 dicens:
1541 3925 1670 3994 Quiesce,
1701 3927 1799 3999 irater,
1830 3945 1869 3988 an

130 4015 213 4081 gavit:
232 4030 299 4086 quae
312 4025 397 4073 antea
406 4031 594 4089 nequaquam
605 4016 679 4074 iacta
690 4032 751 4074 esse
765 4016 965 4088 cognovimus.
1023 4011 1114 4068 nescis
1124 4011 1194 4083 quia
1208 4019 1250 4068 est
1258 4011 1398 4068 Satanas?
1410 4032 1424 4062 s
1437 4011 1474 4069 Et
1494 4011 1597 4069 iterum
1615 4013 1649 4069 de
1662 4014 1766 4072 abbata
1776 4016 1867 4076 Sisoi:

128 4101 189 4159 iotb
204 4106 303 4162 sirum
326 4114 459 4164 sanetum
482 4107 519 4162 ad
544 4107 685 4164 incestum
700 4106 867 4163 nullatenus
891 4104 967 4162 trabi
1024 4101 1126 4158 allicit
1139 4102 1214 4174 {ergo
1229 4099 1375 4158 Abraham
1400 4100 1548 4172 discipulis
1569 4101 1642 4174 131115,
1663 4103 1686 4160 Si
1706 4105 1870 4164 occurritur

128 4193 174 4247 nisi
199 4209 250 4264 per
273 4194 439 4253 ebrietatem
464 4195 530 4252 iiliae
557 4196 648 4266 ipsius
674 4196 863 4266 providerunt
883 4194 964 4267 (Gen.
982 4164 1051 4247 1’in
1076 4192 1209 4262 Sabbato,
1239 4201 1267 4249 et
1290 4191 1440 4248 Dominica
1467 4192 1504 4248 ad
1527 4191 1685 4263 ecclesiam,
1712 4203 1740 4252 et
1764 4193 1869 4254 biberit

127 4296 175 4349 ιιι,
192 4283 250 4355 33.)
272 4285 308 4340 Et
321 4286 404 4342 beata
418 4285 507 4342 vidua
519 4285 677 4356 superbum
693 4284 879 4341 llololernum
895 4298 966 4340 non·
1021 4287 1079 4337 tres
1094 4281 1206 4345 calices,
1231 4297 1267 4339 na
1282 4281 1373 4339 multo
1395 4281 1461 4339 est‘l
1481 4289 1508 4339 et
1531 4281 1604 4338 dixit
1626 4297 1732 4340 senex:
1760 4284 1790 4343 st
1809 4300 1867 4345 non

126 4369 175 4425 nisi
189 4372 315 4444 hacarta
330 4373 410 4430 illudi
427 4388 506 4445 posse
521 4372 832 4445 etprosternieredidit
845 4371 964 4445 (iudith.
1020 4379 1092 4428 esset
1115 4370 1245 4441 Satanas,
1265 4386 1323 4429 non
1352 4379 1425 4428 esset
1448 4370 1584 4428 multum.
1602 4392 1617 4421 ι
1645 4372 1719 4430 Hine
1744 4382 1773 4432 et
1797 4374 1866 4434 bea-

127 4475 178 4522 ιιιι,
200 4464 238 4531 4).
264 4463 388 4534 Angelos
415 4463 544 4535 antiquis
570 4463 702 4535 patribus
729 4470 910 4534 apparentes,
938 4470 966 4521 et
1020 4466 1067 4517 tus
1091 4475 1148 4518 non
1182 4462 1331 4518 immemor
1363 4459 1534 4518 Benedictus
1560 4476 1627 4518 oum
1656 4462 1868 4534 dispensatione

126 4550 217 4608 abeis
242 4552 364 4622 hospitio
386 4562 533 4624 susceptos
555 4552 702 4618 carnibus,
725 4566 784 4609 non
806 4552 874 4609 vino
898 4566 966 4609 usos
1019 4552 1146 4620 quadam
1161 4551 1311 4609 monacbis
1325 4551 1425 4608 vinum
1441 4549 1614 4623 indulgeret,
1636 4551 1675 4607 ait
1698 4551 1770 4624 (cap.
1795 4555 1863 4626 ιι);

125 4642 312 4713 csselegimus
327 4640 402 4715 (Gerr.
417 4658 495 4711 ιιιιι,
516 4643 551 4717 ι).
573 4643 608 4700 Et
631 4642 757 4699 maximo
776 4641 815 4698 illi
830 4650 857 4699 et
872 4642 964 4713 primo
1022 4640 1127 4698 «Licet
1152 4642 1282 4713 legamus
1303 4640 1403 4697 vinum
1433 4642 1642 4698 monachorum
1666 4639 1784 4698 omnino
1808 4657 1867 4701 non

126 4731 240 4803 principi
265 4740 363 4790 nostro
391 4732 461 4790 Eliae
491 4733 521 4789 in
548 4732 732 4789 solitudinem
760 4731 859 4788 latenti
885 4732 965 4788 corvi
1018 4730 1152 4799 esse,sed
1173 4731 1244 4802 quia
1264 4731 1370 4788 nostris
1392 4731 1569 4803 temporibus
1594 4730 1621 4785 id
1647 4730 1795 4786 monachis
1817 4745 1867 4803 pe-

125 4829 243 4878 maneat
259 4837 377 4892 vespere
399 4823 483 4894 panis
505 4829 531 4878 et
550 4823 683 4878 carnium
707 4819 884 4890 alimoniam,
905 4835 964 4879 non
1019 4819 1099 4876 nitus
1121 4821 1287 4891 persuaderi
1310 4835 1369 4877 non
1394 4828 1494 4891 potest.
1519 4840 1533 4870 u
1563 4817 1636 4885 Quid
1660 4818 1735 4875 enirn
1759 4819 1866 4878 mirum

124 4909 177 4966 tini
194 4909 398 4968 ministrabant
419 4910 472 4983 (lli
494 4913 558 4979 bec.
578 4928 645 4980 xvn,
671 4911 707 4981 6).
733 4910 860 4981 Populus
874 4909 964 4966 etiam
1018 4911 1042 4966 si
1070 4911 1218 4968 monacbis
1236 4913 1351 4983 penitus
1378 4926 1436 4966 non
1467 4911 1503 4967 sit
1532 4908 1754 4981 indulgendum,
1784 4912 1863 4982 quod

124 4999 291 5056 israeliticus
317 4998 511 5057 delicatissimi
541 5000 571 5056 in
601 5014 696 5057 eremo
727 4999 799 5055 cibis
836 4999 964 5056 maxime
1018 4998 1132 5057 leminis
1146 5015 1273 5072 quoque,
1289 5014 1415 5072 quarum
1440 4999 1468 5054 in
1490 5011 1520 5055 se
1543 5005 1585 5054 est
1606 5006 1712 5056 natura
1733 4998 1865 5071 debilior,

122 5092 299 5146 coturnicum
327 5089 476 5158 educatus,
507 5104 559 5147 neo
587 5090 655 5147 vino
683 5104 755 5147 usus
783 5087 879 5155 inisse,
911 5104 964 5146 nee
1016 5096 1270 5148 ettamencontra
1291 5090 1391 5147 vinum
1408 5088 1516 5155 tortior,
1540 5089 1635 5159 ipsum
1658 5089 1777 5147 omnino
1798 5088 1864 5148 bea·

122 5176 208 5246 ipsum
233 5178 387 5249 appetiisse
411 5180 516 5252 legitur
539 5180 641 5251 (daed.
669 5195 726 5248 ιιι,
757 5180 809 5252 ta).
836 5179 873 5236 Et
893 5179 963 5237 rele·
1018 5187 1064 5237 tus
1089 5180 1233 5237 interdicit
1256 5176 1465 5249 Hieronymus?
1494 5177 1547 5235 llic
1572 5178 1650 5236 enim
1675 5179 1865 5241 Eustochium

121 5268 221 5325 stiones
237 5268 292 5325 illro
312 5283 421 5339 panum
435 5278 463 5327 et
479 5271 612 5342 piscium,
628 5269 764 5342 quibus
757 5285 787 5326 tn
808 5267 962 5327 solitudine
1016 5269 1158 5342 virginem
1176 5268 1280 5327 Christi
1301 5269 1336 5325 de
1357 5268 1556 5325 conservanda
1579 5270 1725 5329 instruens
1740 5271 1865 5348 virgini·

121 5358 239 5430 populus
276 5359 504 5429 sustentabatur,
542 5359 646 5417 vinum
687 5373 874 5431 nequaquam
912 5361 962 5417 ha·
1016 5365 1084 5449 tate,
1110 5359 1293 5417 vehementer
1316 5356 1498 5430 adhortatur,
1527 5357 1626 5416 dicens
1657 5357 1753 5431 (epist
1790 5360 1867 5446 tul,

121 5443 409 5506 buissereieruntur.
434 5448 617 5510 solummodo
641 5450 839 5524 nuptisque
863 5447 960 5510 indul·
1019 5473 1031 5504 ‹
1068 5449 1190 5524 Siquid
1217 5447 1316 5522 itaque
1346 5444 1377 5505 in
1406 5461 1452 5505 ma
1483 5455 1661 5522 potestesse
1687 5458 1818 5538 constiti,
1845 5455 1869 5513 11
