3804 5962
130 185 197 243 tlt
392 183 497 241 rarat
516 183 702 242 spectant
720 185 800 243 OPP.
818 183 909 242 PARS
928 184 976 244 111.
994 215 1029 227 ·-
1041 185 1265 244 ruuoboutua
1284 186 1331 245 tta
1351 186 1614 246 eutcosorttrCA.
1826 191 1879 248 tta

128 312 902 374 sireconservandisomninaturaearumvalidiorem
913 328 973 373 esse
988 315 1012 371 Α
1029 314 1079 371 ilia
1109 314 1293 386 superiorum
1322 328 1467 387 aquarum
1491 315 1651 388 suspensio.
1674 317 1723 374 sed
1748 329 1803 375 nec
1822 318 1880 376 ista

131 405 292 477 profitetur,
312 403 414 460 ubl...
441 403 533 459 Deum
558 402 587 459 in
606 403 713 460 'limen
730 417 783 460 suo
806 404 974 475 loquentem
1031 404 1135 461 divisio
1146 418 1294 476 aquarum
1310 403 1395 463 lande
1413 406 1504 477 digna
1520 405 1582 461 visa
1597 413 1649 474 est,
1662 420 1728 463 cum
1746 407 1876 465 nundum

129 495 165 554 ad
195 495 320 550 sidereos
347 493 415 549 deos
447 492 615 560 introducit,
649 506 715 550 cum
744 495 800 549 ait:
830 494 978 550 «ιιιιιιι-
1031 494 1636 565 ιιιιιιινιιιιιιιιιιιιιιιιιιιιιιιιιιι
1658 504 1878 567 erant,utper·

130 585 203 642 tales
226 582 342 654 quidem
375 594 573 653 nequaquam,
597 595 650 638 nec
670 583 788 639 omnino
820 583 976 639 indissolu-
1030 595 1177 639 mansura
1198 583 1321 649 fuerant,
1344 585 1582 639 etnecessarium
1612 591 1673 640 erat
1697 585 1732 639 ad
1755 585 1878 641 creatio-

132 674 214 740 biles,
230 686 282 729 nec
299 678 395 727 tamen
418 684 554 741 unquam
571 669 778 733 dissolvemini,
801 685 854 728 nec
877 672 978 727 mortis
1030 684 1095 727 nem
1108 683 1206 727 rerum
1221 669 1399 727 futurarum.
1417 672 1520 728 Adbuc
1533 674 1610 728 enim
1627 672 1777 729 inferiores
1792 686 1877 744 aquo

131 762 329 820 necessitatem
356 758 501 827 subibitis,
531 759 601 830 quia
633 758 769 816 voluntas
797 773 860 816 mea
885 761 978 830 major
1029 759 1059 815 in
1074 773 1166 815 unum
1181 767 1265 816 erant
1280 760 1499 832 congregandae,
1514 768 1545 817 ut
1555 768 1705 831 appareret
1719 761 1812 818 arida.
1828 762 1880 819 De·

132 860 175 911 est
201 863 296 908 nexus
319 855 347 906 ιι
370 847 530 919 vegetatior
552 847 589 904 ad
614 848 781 905 aeternitatis
804 849 975 916 custodiam,
1030 846 1120 918 nique
1138 861 1191 903 nec
1207 846 1286 905 illam
1311 849 1489 919 corporalem
1516 863 1700 919 superiorum
1729 863 1876 921 aquarum

132 955 222 1014 quam
238 939 278 996 illi
294 951 386 995 nexus
401 937 504 993 vitales
523 950 560 993 ex
583 935 692 1007 quibus
714 939 860 995 aeternitas
881 947 977 994 vestra
1028 935 1257 1007 suspensionem,
1288 944 1322 994 ut
1347 937 1520 994 universum
1545 937 1692 1007 operirent
1718 940 1873 1010 mundum,

130 1036 353 1101 coaugmentata
385 1038 472 1098 atque
511 1028 668 1097 composite
695 1034 746 1083 est.
769 1047 784 1077 »
814 1029 907 1084 Potest
946 1033 975 1082 et
1028 1025 1229 1082 commendare
1241 1026 1380 1096 propbeta
1402 1027 1504 1091 voluit,
1519 1027 1673 1097 providens
1699 1026 1876 1098 baptismum

130 1119 258 1177 fortassis
289 1114 477 1188 probabiliter
502 1113 558 1170 dici
583 1115 660 1186 quod
689 1114 748 1185 ipse
781 1123 895 1182 ventus,
922 1115 974 1186 qui

127 1223 177 1267 eas
190 1220 308 1265 sursum
332 1202 493 1277 projecerit,
511 1203 669 1275 frigiditate
691 1205 737 1261 sui
761 1203 848 1260 flatus
862 1218 928 1260 eam
945 1205 976 1260 in

128 1298 248 1372 glaciem
274 1293 452 1359 astrinxerit,
479 1299 512 1348 ut
526 1294 565 1348 ita
583 1293 711 1349 secunda
734 1293 780 1349 die
806 1293 976 1350 firmamen-

127 1396 189 1446 tum
207 1385 286 1442 fleret
299 1399 308 1454 ;
323 1383 365 1441 cis
387 1381 521 1440 videlicet
538 1389 608 1437 tunc
634 1382 673 1437 ita
690 1381 828 1450 solidatis,
845 1396 911 1452 qne
937 1382 977 1439 ibi

128 1482 194 1532 ante
208 1472 324 1531 fuerant
339 1485 428 1543 quam
444 1470 485 1539 sie
498 1468 704 1526 solidarentur.
723 1469 805 1534 Quod
832 1469 909 1527 enim
937 1471 977 1526 ibi

125 1564 186 1636 jam
211 1568 304 1619 essent
328 1568 487 1631 antequam
516 1558 558 1615 sic
580 1557 785 1625 solidarentur,
816 1556 975 1626 manifeste,

1029 1112 1060 1168 in
1076 1115 1161 1183 annis
1183 1113 1318 1171 futurum
1333 1116 1369 1171 ad
1389 1116 1551 1186 quantlibet
1578 1124 1759 1185 peccatorum
1778 1119 1876 1174 nrulti-

1028 1201 1160 1258 tudinem
1181 1203 1368 1274 operiendam
1395 1205 1426 1260 in
1455 1205 1502 1261 bis
1522 1204 1712 1276 superpositis
1737 1206 1825 1277 aquis
1842 1205 1876 1263 tl·

1030 1291 1143 1362 gurari.

1341 1396 1377 1438 ort
1395 1395 1497 1438 rsarm
1516 1395 1563 1437 ιιι

1064 1470 1143 1522 Dicit
1169 1484 1232 1524 cero
1259 1472 1347 1525 Deus:
1370 1472 1573 1539 congregentur
1594 1484 1682 1540 ocae.
1710 1471 1894 1532 inferiorem·

1031 1561 1114 1612 terre
1139 1558 1295 1629 regionem,
1324 1558 1436 1630 inqua
1460 1560 1603 1614 bominem
1624 1559 1700 1615 Deus
1726 1570 1878 1619 creaturus

127 1661 161 1710 nt
183 1665 273 1723 snpra
292 1648 486 1714 meminimus,
515 1647 691 1716 insinuatur,
711 1660 777 1703 cnm
794 1646 976 1717 diciturque
991 1667 1012 1722 B
1029 1652 1057 1701 et
1069 1643 1264 1706 collocaturus
1276 1656 1340 1703 erat
1353 1649 1390 1717 ei,
1407 1657 1493 1717 prout
1507 1646 1702 1703 necessarium
1716 1658 1788 1719 erat,
1807 1665 1874 1722 pra·

128 1747 207 1799 erant
222 1740 328 1811 potius,
344 1752 435 1810 gnam
456 1753 516 1809 que
528 1741 602 1792 ιιιι.
624 1736 797 1793 ιιιιιιιιιιιι
818 1742 925 1803 tamen,
943 1744 975 1793 ut

123 1831 186 1902 jam
202 1843 320 1902 quoque
338 1827 450 1885 dictum
472 1833 524 1896 est,
541 1839 599 1883 non
622 1825 708 1883 babet
732 1829 820 1889 erant,
841 1840 900 1896 quo
920 1827 974 1881 mi·

127 1936 185 1981 nus
197 1919 302 1976 babeat
317 1916 497 1989 questionis.

162 2011 317 2078 dormtum
337 2011 378 2062 est
400 2008 450 2061 ιιι.
468 2006 528 2063 Hoc
550 2012 592 2063 est
622 2005 736 2062 firmata
759 2011 801 2060 est
823 2003 854 2060 in
873 2016 972 2074 perpe·

128 2107 212 2158 tunm
236 2099 296 2155 baec
317 2109 463 2169 aquarum
477 2095 594 2164 divisio,
617 2101 651 2151 ut
669 2106 824 2164 nunquam
851 2092 974 2149 ulterius

128 2188 184 2244 illas
197 2189 361 2257 superiores
384 2198 469 2255 aquae
486 2184 522 2240 ad
538 2184 606 2239 istas
631 2180 779 2238 inferiores
795 2180 972 2237 relabantur.

127 2275 207 2340 Quod
224 2275 341 2345 quidem
358 2273 420 2328 ideo
433 2272 491 2327 dici
507 2271 643 2337 arbitror,
661 2283 697 2325 ne
712 2269 780 2339 quis
807 2277 921 2338 putaret
935 2283 972 2324 ex

128 2362 187 2419 illis
209 2362 409 2430 superioribus
432 2360 518 2429 aquis
539 2358 668 2428 pluviam
695 2358 803 2415 stillare
826 2365 854 2414 et
878 2357 975 2412 adbuc

127 2452 192 2508 illas
216 2449 352 2519 superius
376 2461 533 2516 suspensas
556 2445 655 2514 fuisse,
685 2447 761 2503 sicut
785 2453 812 2502 et
833 2446 975 2516 Josepbus

127 2540 263 2612 opinatus
274 2546 326 2600 est.
345 2543 477 2606 utsupra
492 2535 688 2592 meminimus.

166 2629 341 2698 Vocnvitque.
363 2627 393 2680 ld
417 2632 460 2682 est
475 2624 538 2681 fecit
563 2638 613 2695 per
633 2625 686 2680 boc
706 2624 783 2680 unde
808 2623 902 2695 ipsum
921 2624 972 2681 ltr-

126 2727 306 2778 mamentnm
321 2715 515 2786 appellaretur
538 2713 719 2784 postmodum
740 2726 757 2768 a
772 2713 854 2770 nobis
869 2712 973 2769 coelnm

127 2823 194 2867 cum
208 2807 341 2863 videlicet
357 2815 415 2861 tam
432 2816 550 2860 aereum
575 2815 666 2873 quam
688 2803 846 2858 aetberenm
868 2803 973 2858 coelunt

127 2911 207 2956 nunc
223 2896 354 2953 dicamus
367 2894 451 2964 onesi
461 2892 623 2962 superiores
639 2891 737 2946 mundi
752 2898 846 2960 partes
861 2903 974 2960 compa-

1028 1734 1321 1804 parat3inundantes
1342 1736 1474 1793 videlicet
1494 1749 1621 1808 aquaso
1641 1737 1796 1806 superficie
1818 1745 1876 1797 ter-

1028 1836 1067 1880 rae
1084 1825 1268 1891 removendo,
1289 1834 1377 1897 atque
1392 1826 1483 1897 ipsam
1505 1835 1611 1886 terram
1632 1828 1729 1888 berbis
1744 1835 1773 1886 et
1795 1828 1877 1887 arbo

1027 1910 1112 1968 ribus
1128 1913 1320 1969 venustando.

1064 1999 1128 2065 Qua
1150 2001 1200 2055 sub
1224 2002 1287 2057 celo
1306 2007 1381 2058 sunt.
1412 2003 1470 2060 lfoe
1497 2005 1606 2065 dicitur
1625 2007 1661 2064 ad
1683 2006 1875 2065 differentiam

1028 2101 1130 2145 earum
1151 2104 1216 2159 oute
1236 2104 1325 2161 snper
1339 2092 1454 2160 coelum,
1474 2093 1500 2150 id
1526 2103 1568 2152 ost
1585 2097 1801 2154 firmamentum
1815 2111 1877 2154 sus-

1028 2191 1122 2248 pensas
1136 2187 1214 2234 sunt.

1020 2312 1025 2321 .
1063 2268 1095 2320 fn
1116 2267 1202 2321 locum
1219 2283 1314 2324 unum.
1344 2269 1401 2325 Hoc
1424 2278 1476 2340 est,
1498 2280 1530 2329 ut
1549 2287 1608 2330 non
1629 2275 1689 2346 jam
1715 2282 1803 2331 totam
1826 2289 1875 2331 eo·

1027 2355 1161 2425 operiant
1193 2365 1311 2426 terram,
1340 2360 1388 2414 sed
1417 2361 1549 2418 cedentes
1578 2363 1608 2419 ιιι
1639 2378 1729 2420 unam
1765 2372 1876 2435 partem

1028 2451 1121 2510 terrae,
1135 2444 1223 2501 aliam
1240 2446 1429 2504 habitabilem
1445 2450 1603 2521 praebeant.

1063 2535 1229 2602 Factumque
1256 2539 1296 2590 ιιι
1323 2537 1373 2591 ιιι.
1400 2537 1430 2592 ld
1462 2548 1504 2595 est
1536 2541 1705 2598 cedentibus
1729 2543 1817 2613 aquis
1847 2543 1876 2598 ιιι

1026 2633 1115 2676 unam
1129 2634 1238 2691 partem
1250 2632 1342 2690 terre,
1359 2624 1450 2682 altera
1460 2627 1625 2693 delectaret,
1640 2631 1715 2686 sicut
1729 2632 1871 2701 seriptum

1027 2716 1086 2765 est:
1110 2708 1164 2776 Qut
1188 2712 1321 2779 frendeat:
1340 2719 1441 2769 terram
1464 2731 1546 2786 super
1569 2734 1667 2787 aquus.
1691 2719 1778 2783 Quasi
1798 2720 1874 2777 enim

1027 2798 1134 2869 aliquis
1161 2799 1264 2870 globus
1291 2803 1330 2857 ιιι
1362 2803 1391 2857 ιι
1419 2817 1497 2874 agna
1525 2808 1730 2877 constituatur,
1760 2816 1792 2866 nt
1815 2823 1875 2865 una

1028 2899 1095 2956 pars
1123 2889 1186 2959 ejus
1211 2891 1436 2960 superemineat,
1467 2893 1570 2950 itaille
1597 2895 1701 2966 globus
1731 2903 1815 2953 terre
1843 2897 1874 2952 in

126 2986 237 3043 ratione
251 2992 357 3040 nostre
376 2979 570 3036 habitationis.
590 2977 661 3035 Cum
678 2986 775 3033 autem
791 2978 819 3033 in
835 2978 973 3034 Hebraico
990 2961 1010 3016 C
1028 2975 1113 3046 aquis
1128 2976 1242 3047 insedit,
1257 2986 1290 3034 ut
1301 2993 1338 3035 ιιι
1357 2994 1417 3036 ιιι
1440 2990 1520 3050 parte
1534 2997 1602 3038 eum
1626 2996 1705 3041 mare
1728 2985 1876 3057 continge·

128 3089 180 3147 pro
194 3073 264 3130 coelo
292 3071 414 3126 Somcim
433 3068 585 3133 habeatnr,
602 3066 679 3137 guod
701 3080 737 3122 ex
763 3065 858 3138 aquis,
882 3072 913 3121 ut
928 3067 972 3121 dt-

127 3175 206 3221 ctum
221 3168 273 3228 est,
288 3159 463 3215 uocabulum
480 3156 577 3224 trabit,
593 3163 669 3210 recte
682 3155 803 3210 samaim
818 3153 873 3209 dici
889 3153 972 3210 vide-

127 3260 176 3310 tur
199 3264 251 3320 pro
274 3247 415 3305 divisione
436 3258 581 3314 aquarum
595 3242 640 3299 vel
663 3243 851 3314 suspensione
862 3249 890 3298 et
904 3257 972 3298 con·

125 3339 288 3396 firmatione
305 3336 422 3391 illarum
437 3334 632 3403 superiorum.

165 3429 197 3484 a:
211 3428 319 3495 foetum
334 3428 502 3492 estoecpere.
521 3420 601 3477 Sicut
623 3419 757 3491 superius
780 3433 928 3489 vesperam
945 3427 972 3477 et

125 3531 210 3574 mane
233 3521 402 3584 conceptum
423 3512 528 3567 divinae
553 3510 656 3567 mentis
681 3517 708 3566 et
728 3507 861 3565 ellectum
877 3510 972 3580 operis

125 3604 301 3676 accepimus,
323 3603 435 3657 itatem
465 3599 494 3655 in
522 3598 575 3654 boc
599 3598 659 3655 luco
687 3611 778 3669 guam
802 3599 830 3653 in
861 3598 972 3654 caeteris

124 3693 344 3764 intelligendum
359 3696 409 3746 est.
430 3686 562 3763 Tale‘est
575 3701 645 3758 ergo
661 3701 728 3743 cum
749 3689 778 3741 in
795 3687 848 3743 bac
870 3700 969 3756 opera-

124 3781 201 3840 tione
216 3779 261 3837 vel
281 3780 310 3835 iu
333 3776 444 3835 ceteris
468 3776 593 3833 dicitur:
616 3777 791 3830 factumest
816 3790 927 3845 vespere
945 3779 971 3829 ef

123 3886 205 3928 mune
223 3869 282 3924 dies
295 3883 379 3935 artos,
401 3879 540 3936 tanquam
564 3864 588 3920 si
604 3864 748 3920 diceretur
770 3863 859 3935 bujus
878 3863 971 3933 operis

122 3957 303 4027 effectusqui
317 3969 367 4025 per
386 3955 462 4011 banc
480 3953 557 4008 diem
571 3951 751 4022 designatur,
776 3952 816 4007 ita
828 3951 864 4006 ad
885 3963 969 4006 mane

123 4049 282 4120 productus
296 4047 370 4101 sicut
394 4044 422 4098 iu
439 4055 557 4112 vespera
580 4041 645 4107 fnit,
670 4040 723 4095 boc
737 4047 779 4097 est
805 4041 844 4095 ita
860 4039 968 4094 vistbili

121 4149 208 4206 opere
229 4135 398 4203 completus,
422 4131 498 4187 sicut
513 4131 541 4185 in
559 4138 653 4185 utente
675 4130 776 4184 divina
803 4129 896 4198 primo
913 4127 967 4184 fuit

1028 3072 1082 3130 ret,
1106 3071 1135 3120 et
1155 3079 1205 3134 per
1228 3080 1318 3122 venas
1339 3068 1403 3138 ejns
1426 3083 1456 3125 se
1485 3070 1660 3138 infunderet,
1688 3075 1765 3129 unde
1791 3073 1874 3131 nobis

1026 3149 1119 3208 fontes
1130 3152 1173 3209 rel
1191 3153 1315 3212 flumina
1334 3166 1529 3215 nascerentur.
1548 3161 1638 3231 Cujus
1653 3163 1770 3232 quidem
1786 3162 1873 3220 maris

1027 3254 1105 3311 aqua
1126 3241 1158 3297 in
1183 3257 1276 3300 unum
1298 3246 1381 3303 modo
1399 3257 1575 3319 congregata
1602 3251 1773 3321 profundior
1800 3253 1874 3308 facta

1025 3336 1068 3385 est
1086 3342 1174 3400 quam
1203 3332 1285 3400 prins
1311 3340 1384 3389 esset
1411 3333 1527 3404 diffusa,
1558 3337 1613 3392 nisi
1638 3336 1709 3394 forte
1737 3339 1766 3394 id
1797 3341 1873 3412 quod

1026 3429 1076 3485 per
1090 3430 1179 3474 renas
1203 3426 1285 3474 terrae
1304 3420 1464 3478 immissum
1481 3433 1522 3479 est
1537 3424 1601 3494 ejus
1624 3426 1738 3483 minuat
1756 3428 1874 3498 profun

1026 3505 1155 3561 ditatam.

1061 3595 1096 3649 Et
1114 3597 1230 3650 uocooit.
1247 3596 1277 3651 ld
1294 3604 1336 3654 est
1357 3601 1455 3656 vocari
1481 3600 1601 3672 dignam
1616 3601 1682 3658 fecit
1701 3605 1827 3675 aridam,
1843 3605 1870 3661 id

1024 3689 1067 3738 est
1081 3683 1186 3739 siccam
1199 3685 1277 3742 illam
1286 3695 1393 3743 terram
1403 3689 1491 3759 ιιιιιι
1500 3691 1649 3747 detectam.
1663 3693 1782 3750 'ferram
1796 3696 1870 3752 enim

1024 3778 1086 3827 erat
1100 3773 1186 3828 etiam
1210 3788 1277 3830 curu
1297 3775 1429 3832 limosam
1448 3792 1510 3834 earn
1526 3792 1610 3850 aquae
1630 3780 1791 3851 superfusae
1806 3781 1869 3837 red-

1024 3857 1135 3923 derent,
1152 3860 1200 3914 sed
1222 3862 1304 3917 arida
1328 3877 1407 3919 nunc
1426 3864 1501 3921 iacta
1515 3876 1567 3933 est,
1591 3867 1677 3937 aquis
1692 3869 1869 3925 cedentibus.

1060 3946 1341 4019 Congregctionesptte
1361 3968 1506 4022 aquarum.
1532 3954 1562 4009 ld
1586 3961 1628 4011 est
1653 3967 1753 4011 earum
1780 3955 1870 4011 couti·

1023 4035 1175 4092 nutationes
1202 4038 1268 4094 licet
1296 4039 1417 4096 diversis
1445 4042 1513 4098 locis
1540 4042 1755 4099 distinctarum.
1786 4043 1872 4114 apud

1024 4122 1157 4180 liebraeos
1188 4127 1265 4182 enim
1289 4137 1401 4185 cunctte
1436 4144 1582 4200 aquarum
1618 4135 1868 4203 congregationes,

121 4223 290 4295 dispositus,
314 4231 455 4293 tanquam
479 4220 578 4276 eadem
595 4219 632 4274 sit
657 4217 800 4274 sententia
823 4217 968 4288 cujusque
983 4229 1006 4284 ι)
1022 4210 1082 4267 sive
1098 4213 1179 4268 salse
1197 4214 1258 4272 sive
1279 4217 1385 4285 dulces,
1402 4219 1538 4289 appellari
1555 4219 1647 4275 maria
1669 4220 1819 4277 dicuntur.
1838 4222 1871 4275 Et

121 4312 217 4383 operis
230 4311 259 4367 in
278 4310 443 4367 novissimis
462 4308 561 4365 verbis
582 4321 649 4379 quat
665 4308 693 4361 tn
709 4301 857 4375 prioribus
881 4304 966 4376 quasi

121 4402 158 4457 ad
183 4398 360 4471 principium
389 4397 456 4454 finis
488 4398 656 4454 reducatur.
684 4395 761 4451 ldern
792 4395 899 4465 quippe
924 4402 966 4450 est

120 4497 265 4561 quantum
281 4489 316 4543 ad
331 4500 458 4555 sensum,
481 4500 548 4542 cum
563 4487 593 4541 iu
608 4483 735 4554 singulis
748 4482 883 4553 operibus
896 4494 965 4552 pre.

118 4576 261 4634 mittitur:
279 4575 358 4632 Dixit
368 4575 461 4632 Deus:
482 4574 546 4630 fiat
562 4573 625 4641 boc,
640 4580 669 4629 et
682 4570 791 4628 factum
809 4578 872 4638 est;
887 4571 966 4641 quod

117 4673 147 4722 et
163 4666 193 4723 in
209 4666 267 4722 tlne
288 4664 474 4735 subponitur,
497 4675 564 4719 cum
584 4661 696 4718 dicitur
709 4659 780 4731 quia
794 4659 883 4730 buJus
908 4659 965 4716 diei

118 4754 228 4813 factum
255 4763 296 4812 est
310 4766 429 4824 vespere
445 4759 474 4809 et
488 4764 572 4807 mane
587 4749 649 4806 dies
665 4762 751 4816 unus,
778 4747 832 4804 boc
852 4755 897 4805 est
909 4747 964 4804 bu·

113 4847 165 4916 jus
182 4841 360 4915 operationis
380 4839 550 4910 complexio,
573 4839 648 4895 sicut
671 4839 734 4909 ejus
756 4837 864 4893 iubeo
890 4850 963 4906 prte-

117 4941 239 4991 cesserat
260 4931 418 5003 dispositio.
445 4928 610 4986 Notandum
626 4940 704 4994 vero,
728 4933 760 4983 ut
784 4939 875 4996 supra
890 4940 964 4997 quo·

116 5035 174 5093 que
189 5021 386 5084 meminimus,
402 5032 461 5075 non
483 5017 523 5073 ita
547 5016 576 5072 in
602 5017 656 5072 bac
676 5016 721 5072 die
736 5016 810 5071 dici:
835 5017 872 5071 ttt
891 5014 962 5069 cidit

115 5111 187 5167 fleas
215 5109 288 5181 guod
311 5115 379 5165 esset
406 5107 515 5171 bonam,
543 5105 620 5161 sicut
646 5105 676 5160 in
699 5106 819 5169 ceteris,
843 5103 896 5159 boc
919 5112 961 5160 ιιι

1020 4309 1088 4357 nota
1107 4303 1266 4372 quodcum
1284 4306 1413 4377 inopere
1437 4308 1569 4364 secunda
1588 4309 1644 4364 diei
1666 4311 1868 4380 praemisisset:

1018 4397 1055 4451 at
1073 4397 1140 4463 fecit
1163 4397 1235 4449 fleus
1259 4397 1468 4463 tentamentum,
1494 4397 1644 4466 divisitque
1672 4414 1771 4469 ιιιιι,
1801 4408 1868 4465 ιιι,

1021 4491 1117 4555 postea
1135 4483 1308 4553 supposuit:
1334 4487 1369 4539 rt
1393 4487 1498 4553 (oetam
1522 4491 1563 4540 ιιι
1579 4490 1629 4540 ιιι.
1661 4488 1742 4552 Quod
1764 4501 1871 4560 nequa·

1019 4586 1108 4644 quam
1123 4573 1152 4627 in
1169 4573 1224 4629 ista
1242 4575 1466 4645 congregatione
1481 4588 1627 4646 aquarum
1640 4590 1719 4632 nunc
1730 4577 1806 4634 facta
1818 4579 1869 4635 ob

1018 4662 1141 4717 servavi.
1162 4661 1224 4717 Non
1248 4661 1327 4716 enim
1343 4662 1420 4718 dixit
1446 4663 1536 4733 prius,
1551 4670 1577 4719 et
1603 4675 1773 4735 congregate
1803 4674 1870 4723 ιιιι

1017 4765 1104 4821 oque,
1122 4758 1153 4806 ut
1173 4751 1355 4820 postmodum
1374 4751 1528 4810 subderet:
1555 4753 1591 4810 Et
1614 4756 1720 4822 (cetura
1745 4759 1787 4811 ιιι
1805 4760 1849 4811 ιιι
1857 4775 1868 4821 ,·

1017 4838 1067 4895 ιιι
1084 4845 1197 4894 tantum
1216 4839 1289 4894 dixit
1309 4839 1512 4910 quiescerem
1536 4848 1576 4898 ιιι
1600 4844 1651 4899 ito.
1675 4843 1798 4901 sienim
1820 4845 1870 4901 bic

1016 4926 1092 4983 sicut
1118 4927 1160 4983 ibi
1183 4928 1400 4997 supposuisset:
1424 4931 1531 4988 factum
1557 4939 1599 4988 est
1613 4931 1663 5000 ita,
1687 4933 1811 4991 innuere
1826 4935 1867 4991 ri·

1016 5014 1134 5073 deretur
1152 5017 1232 5087 quod
1264 5017 1339 5074 sicut
1361 5018 1409 5074 illa
1444 5020 1594 5089 suspensio
1624 5035 1770 5091 agnarum
1804 5036 1868 5093 per-

1017 5112 1103 5175 petua
1117 5112 1171 5172 est,
1189 5106 1228 5160 ita
1247 5106 1332 5162 etiam
1354 5108 1415 5164 ltaec
1439 5110 1625 5181 congregatio
1640 5123 1760 5167 earum:
1785 5111 1864 5183 quod

115 5197 237 5255 nonita
260 5198 351 5254 Deum
373 5196 547 5267 approbasse
572 5193 769 5265 operationem
794 5191 883 5263 hujus
905 5192 961 5249 diei
1013 5207 1204 5266 nequaquam
1226 5209 1329 5253 rerum
1348 5205 1400 5264 est,
1425 5212 1492 5253 cum
1517 5200 1624 5255 eaedem
1640 5213 1726 5271 aquae
1750 5201 1864 5258 tuncin

115 5285 191 5341 sicut
218 5287 410 5357 reliquorum,
437 5292 554 5356 propter
589 5296 653 5341 eam
686 5281 820 5340 videlicet
842 5295 960 5339 causam
1014 5281 1218 5338 nnumlocum
1239 5282 1371 5341 adductas
1395 5291 1427 5341 ut
1450 5295 1603 5358 appareret
1621 5288 1713 5359 arida,
1740 5288 1770 5346 in
1787 5289 1866 5348 dilu-

115 5387 205 5446 quam
229 5375 289 5447 iam
309 5374 499 5445 reddidimus,
522 5375 576 5433 boo
603 5382 646 5432 ost
671 5387 740 5432 cum
761 5372 892 5429 nondum
908 5384 960 5428 nos
1013 5369 1061 5428 vio
1075 5370 1275 5431 sintreductae
1291 5381 1400 5432 utoam
1414 5383 1608 5448 contegerent.

115 5462 200 5520 ιιιιιι
219 5465 296 5522 Deus
317 5463 417 5521 ridere
440 5463 512 5533 qnid
542 5462 611 5521 boni
635 5462 680 5520 rel
700 5461 833 5520 utilitatis
855 5460 960 5519 babeat
1048 5460 1084 5514 ιιι
1107 5458 1187 5517 uidtt.
1213 5460 1246 5518 ld
1265 5462 1362 5520 estsic
1389 5463 1473 5522 istam
1504 5468 1762 5540 congregationem
1786 5469 1863 5541 fecit,
