3804 5962
545 243 742 300 Tanobooht
763 245 981 303 oflntsrlntth.
998 275 1033 287 -
1043 246 1108 302 bre.
1130 246 1176 302 tv.
1666 242 1734 297 tato

75 382 106 424 us
134 374 192 422 tres
221 381 368 437 personas,
394 381 483 424 unam
512 369 665 426 essentiam
688 369 733 426 vel
759 370 828 427 sub·
844 372 869 427 A
884 379 975 429 ctum.
1004 371 1105 427 Plures
1132 377 1228 427 autem
1240 369 1312 425 Deos
1341 380 1400 424 csse
1428 365 1452 422 si
1479 363 1622 433 dicamus,
1652 365 1729 425 sicut

75 471 129 512 am.
148 477 162 504 »
883 462 980 533 plures
1007 461 1149 525 homines,
1178 457 1380 519 discretionem
1409 467 1508 511 rerum
1536 453 1729 512 essentialiter

75 551 139 600 test
155 553 252 600 autem
267 559 349 601 nuno
371 545 454 601 nobis
469 559 563 602 sermo
587 545 729 603 adversus
750 548 830 604 Grae·
882 550 1064 607 diversarum
1102 549 1334 604 demonstramus
1357 557 1448 614 quare
1479 555 1664 613 unoquoquo
1694 543 1731 600 sit

76 632 245 689 eetortassis
260 647 277 688 a
292 633 374 690 nobis
397 633 427 689 in
446 648 534 690 sensu
553 634 660 690 diversi
685 643 764 702 sunt,
780 637 829 692 sed
883 638 969 694 Deus.
991 636 1035 692 Sic
1055 644 1083 692 et
1098 635 1241 691 Socratem
1269 631 1430 690 secundum
1444 629 1649 702 grammaticos
1665 630 1727 702 plu-

75 721 258 788 bistentum,
287 723 436 778 abutentes
452 723 507 779 boc
528 724 645 779 nornine
658 724 829 782 substantiae
882 739 928 782 res
961 738 1095 796 personas
1123 723 1256 790 dicimus,
1284 721 1332 777 sed
1353 733 1412 776 non
1451 717 1549 788 plures
1585 717 1726 775 homines.

75 822 181 877 ersona,
196 823 263 864 cum
278 817 305 864 et
319 809 411 878 ipsam
437 824 649 881 nonnunquam
675 811 787 868 ousiam
801 812 829 869 id
882 813 990 869 Eadem
1005 812 1116 868 ratione
1134 825 1186 867 nec
1201 808 1300 880 plures
1326 805 1462 863 Dominus
1487 804 1531 861 vel
1558 802 1656 873 plures
1681 819 1729 876 po-

75 897 230 954 bstantiam
244 897 280 952 ad
291 904 428 954 naturam
453 899 544 968 ipsius
559 899 699 967 essentiae,
717 914 776 956 non
793 901 829 956 ad
882 909 974 958 tentes
1001 900 1057 957 dici
1077 899 1221 965 convenit,
1246 911 1298 953 nec
1320 896 1380 952 ulla
1406 894 1523 951 omnino
1552 892 1728 964 assignanda

75 987 185 1042 ietatem
201 1000 339 1056 personae,
356 986 386 1041 ιιι
410 987 471 1056 ipsa
498 1001 616 1057 quoque
631 987 735 1044 animae
757 990 829 1045 sub·
881 997 923 1044 est
939 989 995 1044 Deo
1007 987 1159 1058 pluralitas
1178 986 1234 1042 nisi
1249 986 1280 1041 in
1295 984 1435 1055 personis.

75 1088 87 1129 ι
100 1075 195 1130 ιιιεειε
211 1088 269 1130 non
284 1082 427 1142 recusent,
443 1074 518 1131 sicut
530 1084 558 1130 et
584 1075 618 1130 ιιι
631 1077 743 1132 caeteris
762 1077 826 1147 qui·
917 1076 1066 1147 objectum
1091 1087 1209 1145 quoque
1221 1079 1272 1141 est,
1298 1070 1443 1140 quomodo
1458 1068 1581 1125 dicimus
1594 1069 1726 1127 Personae

75 1175 154 1232 nque
178 1161 358 1229 substantiis,
380 1161 488 1232 quibus
521 1162 575 1218 hoc
603 1177 708 1219 nomen
741 1165 829 1221 totius
881 1173 959 1229 sunt,
977 1163 1032 1219 nisi
1056 1162 1189 1219 dicamus
1217 1159 1341 1217 essentia
1371 1159 1399 1215 id
1426 1166 1468 1215 est
1489 1157 1728 1214 essentiaesuot?

75 1251 195 1307 cementi
210 1250 378 1306 snbstantias
390 1265 542 1306 commune
557 1260 599 1307 est
615 1267 622 1305 :
644 1252 701 1321 lpsi
721 1252 828 1323 quippe
882 1251 1097 1308 Sedhocmodo
1111 1249 1275 1306 dictumest
1302 1262 1360 1317 quo
1375 1247 1498 1303 dicimus
1512 1245 1631 1302 Athenae
1644 1253 1724 1317 ειιιιι,

75 1339 219 1395 entitatem
235 1339 404 1394 substantia
419 1339 449 1394 in
468 1339 562 1395 tribas
586 1340 717 1409 personis
742 1339 827 1397 intel·
881 1341 954 1395 sicut
970 1340 1015 1396 vel
1029 1340 1075 1396 hic
1090 1338 1175 1394 albus
1187 1346 1214 1394 et
1238 1337 1323 1393 homo
1339 1335 1440 1392 sedens
1463 1333 1539 1390 idem
1559 1341 1638 1390 ειιιιι.
1664 1334 1726 1391 Non

77 1440 112 1493 ae,
128 1441 237 1483 novum
253 1440 357 1482 nomen
380 1427 556 1483 llomousion
584 1428 660 1497 quod
684 1436 724 1483 est
741 1428 828 1485 unius
881 1429 957 1484 enirn
984 1442 1097 1497 semper
1121 1426 1272 1498 pluralitas
1294 1423 1339 1480 vel
1367 1421 1556 1493 singularitas
1583 1422 1661 1478 voeis
1689 1421 1727 1479 ad

75 1515 149 1571 tutia
165 1515 366 1570 instituerunt.
381 1518 472 1579 boam
494 1515 612 1585 quidem
632 1517 827 1585 acceptionem
881 1515 1122 1587 significationem
1146 1512 1262 1584 respicit
1277 1528 1286 1583 ;
1303 1513 1351 1568 sed
1366 1510 1544 1583 quandoque
1563 1510 1600 1566 ad
1628 1510 1725 1567 termi-

75 1618 172 1674 tymus
186 1617 304 1676 quoque
319 1610 437 1659 secutus
451 1604 487 1659 ad
508 1604 666 1659 Damasum
687 1604 825 1672 scribens,
842 1652 865 1708 B
882 1606 1028 1661 nationem
1049 1605 1128 1660 vocis
1141 1603 1187 1659 vel
1202 1599 1454 1668 constructionem,
1472 1598 1552 1655 velut
1563 1613 1629 1655 cum
1654 1596 1727 1656 dici·

75 1691 135 1747 sion
167 1690 336 1747 trinitatem
367 1693 459 1761 ipsam
501 1692 667 1757 comitetur,
704 1691 758 1747 boc
783 1699 826 1749 est
881 1706 1101 1749 musnumerns
1119 1698 1171 1759 est,
1196 1690 1297 1761 boc[f.
1327 1690 1381 1745 hoc
1408 1687 1461 1759 est]
1494 1687 1620 1745 unitates
1633 1696 1725 1759 sunt;

83 1778 263 1845 sbustantiae,
279 1794 337 1834 non
353 1779 441 1835 unios
466 1793 606 1848 personae.
637 1780 731 1837 ilicet
751 1780 824 1837 Gen·
879 1789 907 1839 et
935 1781 1053 1837 Athenae
1076 1787 1154 1842 sunt,
1175 1779 1229 1835 boc
1251 1786 1294 1835 εει
1313 1778 1372 1834 haec
1399 1776 1565 1837 civitasest.
1591 1774 1727 1842 Quando·

75 1882 85 1923 s
117 1869 160 1922 De
186 1867 338 1922 orthodoxo
362 1867 416 1936 nde
441 1869 497 1937 (93)
527 1868 667 1934 meminit,
699 1868 823 1924 dicens:
880 1883 937 1940 que
961 1869 1047 1926 etiam
1070 1867 1230 1925 secundum
1251 1865 1446 1937 pluralitatem
1475 1879 1580 1921 vocum
1612 1864 1727 1935 plurale

75 1956 173 2012 ousion
192 1969 272 2026 ergo,
290 1955 318 2010 id
347 1963 389 2011 εει
405 1956 600 2011 coessentialis
616 1956 645 2011 in
672 1956 822 2014 divinitate
880 1957 1002 2014 verbnm
1018 1955 1178 2027 significate
1201 1954 1383 2025 proterimus,
1412 1953 1475 2010 sive
1500 1953 1588 2010 etiam
1615 1952 1726 2024 plurale

75 2043 170 2107 Filius,
193 2042 350 2098 omousion
377 2041 436 2111 (94)
455 2042 531 2097 Patri
557 2049 585 2099 et
604 2042 675 2098 Filio
702 2025 842 2112 spiritus*
879 2045 1084 2103 nomenetiam
1099 2044 1216 2116 quando
1245 2043 1344 2099 eadem
1358 2051 1399 2099 est
1421 2042 1538 2113 penitus
1561 2042 1725 2101 vocabulo·

75 2145 106 2186 ts.
122 2152 136 2179 »ι
154 2131 234 2187 Unde
250 2130 393 2200 liquidum
408 2138 459 2198 est,
477 2145 542 2186 cum
559 2138 616 2186 tres
631 2131 825 2187 substantiae
879 2146 946 2190 rum
965 2132 1166 2203 intelligentia,
1186 2144 1245 2187 non
1271 2138 1368 2187 tamen
1390 2130 1491 2187 eadem
1511 2130 1645 2199 essentia,
1675 2145 1725 2188 vc·

75 2219 153 2275 sdam
168 2233 269 2275 eorum
281 2218 431 2287 dicuntur,
448 2217 626 2274 substantias
646 2233 698 2288 pro
728 2233 823 2289 perso·
878 2219 1014 2278 laticum
1034 2221 1156 2277 dicimus
1171 2233 1267 2276 ensem
1282 2229 1310 2275 ct
1324 2218 1455 2291 gladium
1468 2221 1542 2287 ,esse
1558 2218 1724 2276 multivoca.

75 2307 160 2363 msive
184 2307 249 2363 dici.
275 2307 368 2370 Quam
390 2307 508 2376 quidem
535 2307 704 2362 abusionem
726 2315 824 2378 aperto
878 2311 959 2368 Unde
973 2310 1126 2366 Rectiusin
1140 2309 1232 2379 primo
1260 2310 1445 2378 Topicoram:
1468 2308 1599 2372 Quarum
1613 2321 1723 2375 rerum,

75 2395 127 2451 rito
142 2395 334 2463 Hieronymus
347 2394 533 2463 reprehendit
543 2396 672 2451 scribens
685 2395 721 2450 ad
740 2410 820 2452 eum·
877 2399 983 2470 inquit,
1014 2398 1113 2454 cadem
1128 2396 1272 2463 diitiuitio,
1300 2396 1369 2466 ipsa
1386 2409 1504 2467 quoque
1532 2408 1577 2451 res
1593 2400 1661 2451 sunt
1676 2408 1723 2451 ea·

77 2496 208 2538 amasam
228 2497 331 2552 papam
356 2483 411 2551 (95)
435 2483 472 2538 rle
487 2498 570 2539 :novo
593 2483 710 2539 nomine
734 2484 822 2539 trium
877 2488 951 2543 dem.
968 2486 1039 2542 tium
1056 2493 1153 2541 autern
1168 2484 1293 2555 figurate
1316 2483 1439 2540 dicimus
1462 2481 1724 2553 suntubtcunqm

75 2579 162 2628 taseos
184 2572 229 2626 bis
253 2572 364 2627 verbis:
392 2570 650 2642 «interrogamus,
678 2573 748 2642 quid
765 2572 822 2641 hy·
877 2575 983 2633 scilicet
1009 2587 1068 2629 nna
1095 2579 1207 2629 tantum
1223 2586 1269 2629 res
1297 2578 1349 2642 εει,
1375 2586 1433 2628 non
1456 2578 1508 2640 est,
1529 2583 1643 2626 necesse
1667 2566 1723 2625 dici

74 2658 96 2714 is
120 2671 201 2729 posse
217 2658 393 2714 arbitrentur
418 2657 568 2728 intelligit
598 2658 666 2714 Tres
682 2672 819 2728 personas
875 2665 954 2720 entia
978 2662 1020 2717 vel
1042 2661 1200 2717 essentias:
1233 2661 1305 2731 quia
1337 2674 1411 2730 saepe
1441 2673 1508 2716 cum
1532 2657 1639 2714 eaedem
1664 2655 1723 2711 sint

74 2754 164 2803 tentes
193 2747 285 2802 aiunt.
314 2747 531 2816 Respondemus
559 2761 611 2802 iios
633 2747 672 2802 ita
695 2748 820 2803 credere·
877 2766 960 2810 voces
975 2750 1004 2806 to
1036 2749 1244 2820 significatione
1259 2761 1310 2818 per
1330 2762 1359 2804 so
1384 2754 1518 2817 accepta,
1544 2757 1723 2801 opacarum

75 2835 158 2892 riticit
179 2850 289 2902 sensus,
314 2834 822 2906 il⁵¹¹¹¹¹¹¹0¹¹lss11efflasllassbduia
876 2838 1117 2897 constructionem
1142 2838 1248 2894 babere
1272 2844 1363 2908 potest
1377 2849 1428 2907 per
1457 2835 1582 2907 liguram
1612 2833 1642 2889 ιιι
1662 2845 1722 2890 uno

89 2924 159 2996 qnid
182 2923 285 2980 veneni
300 2923 328 2978 in
352 2922 469 2993 syllabis
484 2922 560 2978 latet.
582 2922 609 2978 Si
630 2923 697 2992 tyois
724 2930 821 2978 autem
843 2939 974 2998 3sensu,
990 2941 1080 2999 quam
1098 2941 1158 2983 non
1175 2925 1262 2982 habet
1276 2925 1343 2982 alia.

75 3012 152 3068 asim
178 3013 289 3069 ousiam
313 3012 485 3083 intelligens,
501 3026 558 3066 non
590 3011 617 3066 ln
643 3011 736 3067 tribus
761 3025 821 3082 per·
913 3018 998 3073 Deeo
1026 3015 1112 3072 etiam
1141 3013 1266 3071 arbitror
1292 3027 1354 3070 esse
1377 3011 1541 3069 discussum
1568 3008 1649 3081 quod
1672 3008 1722 3067 di-

75 3114 155 3156 inam
171 3101 346 3171 hypostasim
357 3100 435 3167 dicit,
452 3098 565 3155 alienus
584 3099 727 3155 adhristo
741 3106 793 3155 est.
808 3121 821 3148 »
876 3113 955 3162 ctum
979 3110 1021 3160 ost
1048 3103 1103 3159 boc
1130 3117 1234 3160 nomen
1251 3103 1328 3158 Deus
1343 3101 1435 3172 tnagis
1455 3098 1618 3157 universale
1631 3111 1721 3170 quam

75 3189 157 3244 lem:
181 3208 195 3239 s
222 3189 293 3243 l'ota
322 3188 507 3244 secularium
529 3187 692 3243 litterarum
723 3187 822 3243 schola
876 3193 1024 3265 singulare
1043 3191 1197 3248 dicendum
1223 3205 1294 3258 esse,
1314 3203 1382 3246 cum
1397 3189 1433 3245 de
1455 3182 1563 3245 divinis
1592 3186 1722 3259 personis

75 3275 156 3332 aliud
175 3276 352 3347 hypostasim
380 3277 567 3332 nisionsiam
592 3277 684 3344 novit,
708 3275 821 3347 etquis
877 3281 999 3338 dicatur.
1026 3280 1137 3350 Quippe
1152 3279 1305 3335 diversitas
1329 3277 1380 3334 illa
1402 3290 1592 3348 personarum
1616 3290 1675 3333 non
1690 3274 1721 3330 ιιι

75 3379 118 3431 m,
141 3379 219 3435 rogo,
244 3378 292 3421 ore
318 3365 456 3435 sacrilego
471 3372 532 3421 tres
550 3364 729 3420 substantias
750 3378 819 3434 pra·
876 3368 1045 3426 discretione
1073 3369 1201 3426 essentiae
1229 3375 1351 3431 constat,
1375 3366 1423 3424 sed
1451 3366 1544 3437 magis
1567 3365 1598 3422 ιιι
1623 3364 1721 3422 direr-

75 3461 81 3509 t
95 3452 110 3507 ι
125 3453 189 3510 Una
201 3462 243 3509 est
263 3452 388 3512 Deisola
403 3461 519 3517 natura,
532 3453 668 3522 quisquis
682 3451 737 3508 tria
747 3467 819 3518 esse,
876 3459 958 3514 sitate
976 3459 1183 3528 proprietatum
1200 3457 1242 3513 nel
1267 3456 1485 3522 dttnontonom,
1511 3461 1545 3511 ut
1566 3453 1719 3523 diximus;

76 3549 156 3598 ttres
182 3542 350 3612 hypostases
368 3541 446 3608 dicit,
469 3548 526 3596 tres
557 3549 678 3596 naturas
697 3547 820 3597 cernatur
875 3545 952 3601 sicut
978 3551 1006 3601 et
1032 3544 1184 3600 diversitas
1211 3557 1401 3614 personarum
1434 3543 1596 3600 εεειιιιιιιιιιι
1624 3554 1721 3613 gram·

75 3644 113 3686 re.
135 3631 204 3687 Etsi
236 3632 274 3685 ita
288 3638 340 3697 est,
362 3644 414 3684 cur
440 3630 476 3685 ab
506 3629 575 3685 Ario
605 3628 763 3698 parietibus
778 3641 819 3684 se·
875 3631 1088 3702 manensque
1107 3631 1212 3687 scilicet
1236 3632 1478 3701 personainsunt
1503 3630 1623 3698 Socrati,
1658 3642 1722 3698 pro·

78 3732 124 3785 ur,
150 3720 269 3788 pertidia
297 3717 456 3787 copulati?
484 3717 591 3773 suflicit
618 3716 699 3771 nobis
726 3715 820 3771 dicere
875 3728 937 3790 pter
963 3732 1036 3789 quas
1055 3726 1149 3775 tamen
1176 3733 1233 3775 non
1260 3719 1357 3776 miuus
1376 3720 1430 3776 boc
1457 3732 1563 3774 nomen
1592 3717 1722 3774 Socrates

81 3807 272 3863 substantiam
302 3815 359 3862 tres
386 3820 521 3876 personas
555 3805 704 3875 perlectas,
725 3817 821 3875 mqua-
875 3807 1023 3878 singulare
1037 3814 1088 3863 est.

75 3904 204 3951 aeternas.
229 3896 291 3952 Non
327 3896 408 3950 bonae
428 3894 601 3964 suspicionis
622 3901 673 3957 est,
704 3907 771 3949 cum
788 3893 817 3948 in
911 3894 964 3951 Sed
985 3894 1056 3952 illud
1072 3896 1125 3951 hoc
1153 3895 1213 3952 loco
1230 3895 1390 3951 maximum
1414 3894 1651 3964 impedimentum
1670 3905 1721 3948 oc-

97 3998 182 4040 εειιειι
199 3985 286 4038 verba
305 3983 489 4039 dissentiant.
512 3985 570 4037 Aut
584 3982 608 4036 si
636 3989 747 4036 rectum
763 3995 820 4050 pu·
875 3984 976 4050 currit,
1000 3984 1077 4055 qnod
1093 3983 1284 4040 essentialiter
1302 3997 1419 4054 qnoque
1442 3983 1479 4040 ab
1509 3981 1631 4038 invicem
1655 3994 1719 4051 per·

77 4086 121 4128 res
145 4072 311 4141 hypostases
345 4085 412 4126 cnm
441 4069 728 4139 interpretationibus
756 4070 819 4127 suis
874 4087 951 4129 sonae
985 4073 1015 4127 ιιι
1040 4073 1097 4128 Deo
1117 4080 1184 4128 sunt
1222 4071 1351 4128 discreta
1388 4072 1534 4138 videntur,
1568 4083 1634 4126 cum
1660 4069 1721 4125 baec

75 4174 143 4216 loos
158 4160 261 4225 dicere,
281 4175 338 4216 non
365 4173 515 4230 negamus.
534 4157 587 4214 Sed
612 4158 682 4213 milti
697 4158 815 4225 credite,
875 4161 983 4217 scilicet
998 4174 1056 4216 non
1083 4160 1119 4217 sit
1148 4159 1208 4229 illa,
1237 4161 1315 4231 qood
1340 4174 1398 4216 non
1412 4167 1454 4216 est
1481 4160 1511 4215 ιιι
1525 4157 1721 4231 grammaticis

75 4263 119 4304 orn
142 4249 196 4304 sub
219 4247 301 4303 melle
328 4248 404 4303 latet.
422 4246 621 4317 Transfigurat
654 4247 821 4317 seangelus
840 4221 1013 4320 ¹'personis
1052 4249 1095 4304 Ad
1120 4249 1197 4320 quod
1218 4249 1450 4320 respondendum
1471 4256 1523 4318 est,
1552 4246 1630 4319 qnod
1663 4260 1720 4304 non

75 4351 88 4393 e
104 4337 133 4392 in
149 4335 286 4408 angelum
304 4338 386 4392 lucis.
399 4357 413 4385 »
875 4338 969 4408 magis
985 4336 1045 4393 istae
1055 4352 1183 4408 personae
1198 4337 1388 4395 essentialiter
1402 4338 1532 4395 discreta
1547 4343 1618 4393 sunt
1631 4349 1720 4407 quant

75 4426 201 4481 dautem
227 4426 383 4495 opponitur
410 4438 502 4495 quare
531 4425 627 4495 potius
654 4431 711 4481 tres
725 4438 819 4494 perso·
876 4427 940 4494 illae,
964 4426 1082 4482 comsit
1098 4426 1201 4483 barum
1219 4426 1426 4498 quoquesicut
1451 4425 1569 4483 illarum
1595 4437 1657 4482 nna
1672 4437 1718 4480 ea·

78 4514 172 4570 cimus
195 4528 284 4584 quarn
321 4521 378 4569 tros
408 4515 478 4569 Deos
503 4522 554 4570 aut
588 4521 645 4570 tres
671 4514 820 4570 essentias‘
875 4515 1000 4584 demone
1028 4514 1143 4584 penitus
1166 4516 1290 4571 essentia
1313 4515 1350 4571 ad
1382 4514 1626 4585 comparationem
1657 4511 1720 4570 uni·

75 4600 174 4657 bitror
188 4615 224 4655 ει
248 4599 436 4669 suprapositis
447 4614 508 4655 esse
525 4599 722 4667 manifestum,
750 4600 821 4670 quia
876 4604 960 4672 tatis;
992 4603 1089 4673 cujus,
1116 4604 1169 4660 boc
1192 4611 1242 4672 est,
1273 4603 1378 4660 divinae
1409 4602 1538 4660 essentia
1569 4600 1651 4659 nulla
1674 4599 1720 4657 vel

75 4697 105 4745 et
130 4702 318 4758 personarunt
353 4689 505 4744 diversitas
540 4689 575 4744 ad
605 4688 818 4744 distinctionem
874 4705 1014 4760 corporea
1028 4691 1072 4747 vel
1089 4692 1248 4762 spiritualis
1270 4700 1406 4749 creatura
1435 4691 1557 4748 dicenda
1577 4699 1621 4747 est
1649 4702 1719 4756 una,

75 4785 181 4834 etatum
202 4778 330 4846 pertinet,
359 4792 415 4832 mm
442 4778 477 4833 ad
505 4777 705 4833 discretionem
722 4792 821 4834 essen·
875 4795 941 4837 cum
959 4781 1020 4836 brec
1037 4781 1282 4837 omninonullam
1309 4789 1360 4837 aut
1386 4779 1514 4850 partium
1533 4786 1585 4837 aut
1612 4778 1718 4836 lorma-

75 4880 91 4921 t.
120 4867 244 4936 ldeoqne
269 4874 325 4921 tres
352 4870 421 4922 suot
446 4880 584 4937 personae,
615 4866 684 4937 qttia
707 4866 821 4921 diversa
875 4882 940 4923 rum
965 4867 1160 4924 diversitatem
1184 4868 1335 4925 admittere
1359 4869 1457 4939 possit,
1486 4882 1540 4924 nec
1562 4868 1591 4924 in
1620 4867 1719 4937 aliquo

75 4955 215 5024 ¹propria
237 4955 329 5010 eidem
364 4956 504 5021 essentiae,
532 4969 599 5010 cum
633 4969 669 5009 ειι
688 4969 720 5010 eo
744 4954 822 5025 quod
874 4957 1043 5026 permutati.
1061 4978 1075 5007 o
1101 4956 1252 5025 Quocirca,
1266 4957 1362 5028 inquit
1377 4957 1492 5013 Boetius
1507 4957 1549 5012 De
1574 4958 1717 5024 trinitate,

75 5050 113 5098 est
142 5043 220 5099 aliud
237 5043 385 5112 proprium
403 5044 507 5099 habeat
530 5043 576 5098 vel
598 5043 677 5098 aliod
699 5042 820 5114 exignt;
875 5045 928 5101 hoc
956 5060 1022 5101 vere
1045 5059 1137 5101 unum
1168 5046 1196 5102 in
1210 5060 1268 5116 quo
1283 5045 1383 5102 nnlltrs
1407 5059 1548 5103 numerus
1562 5045 1720 5103 nullomin

75 5131 98 5186 td
115 5146 150 5187 ex
166 5145 198 5186 eo
213 5132 290 5202 orrod
319 5140 361 5187 eat
377 5131 468 5187 Filius
490 5131 533 5186 vel
552 5132 677 5200 Spiritus
692 5140 818 5187 sanctus.
874 5146 907 5189 eo
922 5133 1034 5204 aliquid
1059 5141 1164 5203 practer
1187 5134 1212 5189 id
1233 5133 1310 5203 quod
1339 5137 1419 5192 est.»
1449 5133 1530 5192 Unde
1557 5134 1629 5191 bene
1655 5147 1719 5190 eam

75 5230 93 5276 st
107 5234 175 5291 ergo
201 5222 292 5276 Ιιειιιιι
312 5235 373 5276 εεεε
388 5227 445 5276 ιιεε
471 5234 615 5290 personas,
631 5233 665 5274 ac
692 5219 716 5275 si
739 5219 821 5275 dica·
875 5221 1038 5292 philosophi
1060 5221 1211 5278 monadem
1240 5222 1268 5278 id
1294 5230 1335 5279 est
1361 5221 1503 5279 unitatem
1524 5222 1616 5294 magis
1630 5234 1719 5294 quam

75 5323 149 5365 ιειιιιι
164 5324 224 5365 εεεε
245 5310 358 5365 Patrem
372 5317 400 5365 ει
421 5309 527 5364 Filium
548 5317 576 5364 et
591 5308 730 5378 Spiritum
757 5322 821 5364 san·
875 5323 965 5366 unam
992 5323 1094 5366 vocare
1123 5309 1286 5368 voluerunt.
1302 5312 1375 5369 Cum
1403 5317 1501 5368 antem
1529 5310 1611 5370 nulla
1634 5311 1671 5370 sit
1689 5311 1719 5368 in

84 5415 224 5481 dannan,
240 5419 279 5471 De
298 5417 389 5484 dogm
406 5415 480 5472 dccl.
499 5428 524 5472 c.
539 5417 563 5470 ὅ.
910 5413 968 5486 (ab)
984 5413 1071 5472 Hine.
1086 5429 1132 5486 ep.
1152 5416 1194 5470 tt.

89 5486 255 5558 legendnm
269 5488 427 5542 homousios
442 5494 475 5543 ut
490 5486 566 5556 apud
582 5485 775 5543 Gennadium.
