<?xml version="1.0" encoding="UTF-8"?>
<!DOCTYPE html PUBLIC "-//W3C//DTD XHTML 1.0 Transitional//EN"
    "http://www.w3.org/TR/xhtml1/DTD/xhtml1-transitional.dtd">
<html xmlns="http://www.w3.org/1999/xhtml" xml:lang="en" lang="en">
 <head>
  <title>
</title>
<meta http-equiv="Content-Type" content="text/html;charset=utf-8" />
  <meta name='ocr-system' content='tesseract 3.04.00' />
  <meta name='ocr-capabilities' content='ocr_page ocr_carea ocr_par ocr_line ocrx_word'/>
</head>
<body>
  <div class='ocr_page' id='page_1' title='image "./patrologiaecurs53unkngoog_0557.png"; bbox 0 0 3804 5962; ppageno 0'>
   <div class='ocr_carea' id='block_1_1' title="bbox 136 171 1880 233">
    <p class='ocr_par' dir='ltr' id='par_1_1' title="bbox 136 171 1880 233">
     <span class='ocr_line' id='line_1_1' title="bbox 136 171 1880 233; baseline -0.001 -1"><span class='ocrx_word' id='word_1_1' title='bbox 136 178 203 232; x_wconf 74' lang='lat' dir='ltr'><strong>{dili</strong></span> <span class='ocrx_word' id='word_1_2' title='bbox 400 172 501 229; x_wconf 71' lang='lat' dir='ltr'><strong>insul</strong></span> <span class='ocrx_word' id='word_1_3' title='bbox 519 174 709 233; x_wconf 72' lang='lat' dir='ltr'><strong>aemulum</strong></span> <span class='ocrx_word' id='word_1_4' title='bbox 728 175 805 231; x_wconf 86' lang='lat' dir='ltr'>OPP.</span> <span class='ocrx_word' id='word_1_5' title='bbox 828 174 916 231; x_wconf 75' lang='lat' dir='ltr'><strong>pelis</strong></span> <span class='ocrx_word' id='word_1_6' title='bbox 935 175 1030 231; x_wconf 84' lang='lat' dir='ltr'><strong>tu.-</strong></span> <span class='ocrx_word' id='word_1_7' title='bbox 1043 172 1265 232; x_wconf 74' lang='lat' dir='ltr'><strong>resonemus</strong></span> <span class='ocrx_word' id='word_1_8' title='bbox 1284 172 1327 229; x_wconf 83' lang='lat' dir='ltr'><strong>ET</strong></span> <span class='ocrx_word' id='word_1_9' title='bbox 1345 171 1610 229; x_wconf 76' lang='lat' dir='ltr'><strong>Pultosoeulca.</strong></span> <span class='ocrx_word' id='word_1_10' title='bbox 1814 176 1880 231; x_wconf 80' lang='lat' dir='ltr'><strong>llud</strong></span> 
     </span>
    </p>
   </div>
   <div class='ocr_carea' id='block_1_2' title="bbox 97 300 1878 4365">
    <p class='ocr_par' dir='ltr' id='par_1_2' title="bbox 116 300 1878 2325">
     <span class='ocr_line' id='line_1_2' title="bbox 134 300 1878 374; baseline 0 -13"><span class='ocrx_word' id='word_1_11' title='bbox 134 303 258 372; x_wconf 91' lang='lat' dir='ltr'><strong>medere,</strong></span> <span class='ocrx_word' id='word_1_12' title='bbox 274 300 320 358; x_wconf 85' lang='lat' dir='ltr'><strong>vel</strong></span> <span class='ocrx_word' id='word_1_13' title='bbox 343 300 505 367; x_wconf 84' lang='lat' dir='ltr'><strong>ambulare,</strong></span> <span class='ocrx_word' id='word_1_14' title='bbox 533 300 577 358; x_wconf 82' lang='lat' dir='ltr'><strong>rel</strong></span> <span class='ocrx_word' id='word_1_15' title='bbox 602 301 729 373; x_wconf 91' lang='lat' dir='ltr'><strong>denique</strong></span> <span class='ocrx_word' id='word_1_16' title='bbox 750 315 886 373; x_wconf 89' lang='lat' dir='ltr'><strong>peccare;</strong></span> <span class='ocrx_word' id='word_1_17' title='bbox 902 301 979 374; x_wconf 93' lang='lat' dir='ltr'><strong>quod</strong></span> <span class='ocrx_word' id='word_1_18' title='bbox 995 301 1019 357; x_wconf 78' lang='lat' dir='ltr'><strong>a</strong></span> <span class='ocrx_word' id='word_1_19' title='bbox 1034 303 1124 360; x_wconf 82' lang='lat' dir='ltr'><strong>[teum</strong></span> <span class='ocrx_word' id='word_1_20' title='bbox 1151 300 1233 359; x_wconf 91' lang='lat' dir='ltr'><strong>illum</strong></span> <span class='ocrx_word' id='word_1_21' title='bbox 1259 316 1340 373; x_wconf 89' lang='lat' dir='ltr'><strong>posse</strong></span> <span class='ocrx_word' id='word_1_22' title='bbox 1369 300 1482 358; x_wconf 87' lang='lat' dir='ltr'><strong>salvare</strong></span> <span class='ocrx_word' id='word_1_23' title='bbox 1498 301 1549 372; x_wconf 94' lang='lat' dir='ltr'><strong>qui</strong></span> <span class='ocrx_word' id='word_1_24' title='bbox 1577 301 1696 360; x_wconf 84' lang='lat' dir='ltr'><strong>minime</strong></span> <span class='ocrx_word' id='word_1_25' title='bbox 1718 301 1878 361; x_wconf 77' lang='lat' dir='ltr'><strong>salvandus</strong></span> 
     </span>
     <span class='ocr_line' id='line_1_3' title="bbox 135 389 1877 463; baseline 0.001 -14"><span class='ocrx_word' id='word_1_26' title='bbox 135 391 300 463; x_wconf 92' lang='lat' dir='ltr'><strong>apotentia</strong></span> <span class='ocrx_word' id='word_1_27' title='bbox 325 389 491 446; x_wconf 84' lang='lat' dir='ltr'><strong>Divinitatis</strong></span> <span class='ocrx_word' id='word_1_28' title='bbox 518 390 630 460; x_wconf 89' lang='lat' dir='ltr'><strong>penitus</strong></span> <span class='ocrx_word' id='word_1_29' title='bbox 655 398 697 447; x_wconf 91' lang='lat' dir='ltr'><strong>est</strong></span> <span class='ocrx_word' id='word_1_30' title='bbox 720 397 874 457; x_wconf 90' lang='lat' dir='ltr'><strong>remotum,</strong></span> <span class='ocrx_word' id='word_1_31' title='bbox 900 398 928 448; x_wconf 91' lang='grc' dir='ltr'><strong>ει</strong></span> <span class='ocrx_word' id='word_1_32' title='bbox 942 390 979 448; x_wconf 89' lang='lat' dir='ltr'><strong>ab</strong></span> <span class='ocrx_word' id='word_1_33' title='bbox 1034 400 1086 462; x_wconf 89' lang='lat' dir='ltr'><strong>est,</strong></span> <span class='ocrx_word' id='word_1_34' title='bbox 1120 391 1156 447; x_wconf 92' lang='lat' dir='ltr'><strong>ad</strong></span> <span class='ocrx_word' id='word_1_35' title='bbox 1189 392 1281 463; x_wconf 82' lang='lat' dir='ltr'>ipsam</span> <span class='ocrx_word' id='word_1_36' title='bbox 1304 391 1465 448; x_wconf 87' lang='lat' dir='ltr'><strong>divinitatis</strong></span> <span class='ocrx_word' id='word_1_37' title='bbox 1492 399 1627 448; x_wconf 89' lang='lat' dir='ltr'><strong>naturam</strong></span> <span class='ocrx_word' id='word_1_38' title='bbox 1660 391 1877 462; x_wconf 86' lang='lat' dir='ltr'><strong>possibilitatem</strong></span> 
     </span>
     <span class='ocr_line' id='line_1_4' title="bbox 134 477 1878 554; baseline 0.001 -17"><span class='ocrx_word' id='word_1_39' title='bbox 134 479 347 552; x_wconf 75' lang='lat' dir='ltr'><strong>eiusdignitate</strong></span> <span class='ocrx_word' id='word_1_40' title='bbox 361 492 480 548; x_wconf 87' lang='lat' dir='ltr'><strong>prorsus</strong></span> <span class='ocrx_word' id='word_1_41' title='bbox 495 477 634 536; x_wconf 90' lang='lat' dir='ltr'><strong>alienum.</strong></span> <span class='ocrx_word' id='word_1_42' title='bbox 664 478 744 547; x_wconf 85' lang='lat' dir='ltr'><strong>Quod</strong></span> <span class='ocrx_word' id='word_1_43' title='bbox 773 479 897 550; x_wconf 89' lang='lat' dir='ltr'><strong>deniqne</strong></span> <span class='ocrx_word' id='word_1_44' title='bbox 915 480 979 535; x_wconf 89' lang='lat' dir='ltr'><strong>atti·</strong></span> <span class='ocrx_word' id='word_1_45' title='bbox 1032 482 1207 548; x_wconf 83' lang='lat' dir='ltr'><strong>reducimus,</strong></span> <span class='ocrx_word' id='word_1_46' title='bbox 1236 489 1268 538; x_wconf 92' lang='grc' dir='ltr'><strong>ιιι</strong></span> <span class='ocrx_word' id='word_1_47' title='bbox 1288 480 1420 537; x_wconf 83' lang='lat' dir='ltr'><strong>videlicet</strong></span> <span class='ocrx_word' id='word_1_48' title='bbox 1443 488 1555 538; x_wconf 76' lang='lat' dir='ltr'><strong>naturae</strong></span> <span class='ocrx_word' id='word_1_49' title='bbox 1576 480 1626 537; x_wconf 85' lang='lat' dir='ltr'><strong>Dei</strong></span> <span class='ocrx_word' id='word_1_50' title='bbox 1653 495 1712 537; x_wconf 93' lang='lat' dir='ltr'><strong>nun</strong></span> <span class='ocrx_word' id='word_1_51' title='bbox 1736 490 1878 554; x_wconf 90' lang='lat' dir='ltr'><strong>repugnet</strong></span> 
     </span>
     <span class='ocr_line' id='line_1_5' title="bbox 132 567 1873 641; baseline 0 -15"><span class='ocrx_word' id='word_1_52' title='bbox 132 578 180 626; x_wconf 92' lang='lat' dir='ltr'><strong>net</strong></span> <span class='ocrx_word' id='word_1_53' title='bbox 195 570 285 625; x_wconf 88' lang='lat' dir='ltr'><strong>Deum</strong></span> <span class='ocrx_word' id='word_1_54' title='bbox 303 567 351 622; x_wconf 92' lang='lat' dir='ltr'><strong>illa</strong></span> <span class='ocrx_word' id='word_1_55' title='bbox 366 567 453 622; x_wconf 89' lang='lat' dir='ltr'><strong>ctiam</strong></span> <span class='ocrx_word' id='word_1_56' title='bbox 474 580 556 636; x_wconf 91' lang='lat' dir='ltr'><strong>posse</strong></span> <span class='ocrx_word' id='word_1_57' title='bbox 576 567 668 624; x_wconf 90' lang='lat' dir='ltr'><strong>lacere</strong></span> <span class='ocrx_word' id='word_1_58' title='bbox 688 582 754 638; x_wconf 82' lang='lat' dir='ltr'><strong>quae</strong></span> <span class='ocrx_word' id='word_1_59' title='bbox 767 582 920 638; x_wconf 89' lang='lat' dir='ltr'><strong>nunquam</strong></span> <span class='ocrx_word' id='word_1_60' title='bbox 936 568 975 623; x_wconf 90' lang='lat' dir='ltr'><strong>la·</strong></span> <span class='ocrx_word' id='word_1_61' title='bbox 1032 571 1105 641; x_wconf 93' lang='lat' dir='ltr'><strong>quin</strong></span> <span class='ocrx_word' id='word_1_62' title='bbox 1131 585 1198 627; x_wconf 90' lang='lat' dir='ltr'><strong>eum</strong></span> <span class='ocrx_word' id='word_1_63' title='bbox 1226 571 1326 627; x_wconf 83' lang='lat' dir='ltr'><strong>salvet.</strong></span> <span class='ocrx_word' id='word_1_64' title='bbox 1358 567 1439 636; x_wconf 85' lang='lat' dir='ltr'><strong>Quod</strong></span> <span class='ocrx_word' id='word_1_65' title='bbox 1467 570 1585 626; x_wconf 92' lang='lat' dir='ltr'><strong>omnino</strong></span> <span class='ocrx_word' id='word_1_66' title='bbox 1612 569 1801 627; x_wconf 78' lang='lat' dir='ltr'><strong>salsissimum</strong></span> <span class='ocrx_word' id='word_1_67' title='bbox 1823 578 1873 628; x_wconf 92' lang='lat' dir='ltr'><strong>est.</strong></span> 
     </span>
     <span class='ocr_line' id='line_1_6' title="bbox 131 654 1874 730; baseline 0.001 -16"><span class='ocrx_word' id='word_1_68' title='bbox 131 658 197 726; x_wconf 89' lang='lat' dir='ltr'><strong>ciat,</strong></span> <span class='ocrx_word' id='word_1_69' title='bbox 217 656 262 713; x_wconf 87' lang='lat' dir='ltr'><strong>vel</strong></span> <span class='ocrx_word' id='word_1_70' title='bbox 277 668 344 726; x_wconf 82' lang='lat' dir='ltr'><strong>quae</strong></span> <span class='ocrx_word' id='word_1_71' title='bbox 357 655 437 711; x_wconf 93' lang='lat' dir='ltr'><strong>bunc</strong></span> <span class='ocrx_word' id='word_1_72' title='bbox 458 654 551 710; x_wconf 85' lang='lat' dir='ltr'><strong>lacere</strong></span> <span class='ocrx_word' id='word_1_73' title='bbox 575 655 693 712; x_wconf 90' lang='lat' dir='ltr'><strong>minime</strong></span> <span class='ocrx_word' id='word_1_74' title='bbox 718 656 880 713; x_wconf 83' lang='lat' dir='ltr'><strong>conveniat.</strong></span> <span class='ocrx_word' id='word_1_75' title='bbox 903 655 976 712; x_wconf 87' lang='lat' dir='ltr'><strong>Nam</strong></span> <span class='ocrx_word' id='word_1_76' title='bbox 1033 658 1155 715; x_wconf 86' lang='lat' dir='ltr'>Prorsus</span> <span class='ocrx_word' id='word_1_77' title='bbox 1169 659 1275 730; x_wconf 84' lang='lat' dir='ltr'>quippe</span> <span class='ocrx_word' id='word_1_78' title='bbox 1290 666 1403 715; x_wconf 84' lang='lat' dir='ltr'><strong>naturae</strong></span> <span class='ocrx_word' id='word_1_79' title='bbox 1417 658 1523 714; x_wconf 77' lang='lat' dir='ltr'><strong>divinae</strong></span> <span class='ocrx_word' id='word_1_80' title='bbox 1544 662 1687 729; x_wconf 82' lang='lat' dir='ltr'><strong>repugnat</strong></span> <span class='ocrx_word' id='word_1_81' title='bbox 1706 658 1735 715; x_wconf 93' lang='lat' dir='ltr'><strong>id</strong></span> <span class='ocrx_word' id='word_1_82' title='bbox 1749 673 1820 716; x_wconf 82' lang='lat' dir='ltr'><strong>euin</strong></span> <span class='ocrx_word' id='word_1_83' title='bbox 1835 660 1874 716; x_wconf 87' lang='lat' dir='ltr'><strong>la·</strong></span> 
     </span>
     <span class='ocr_line' id='line_1_7' title="bbox 129 743 1873 818; baseline 0.001 -15"><span class='ocrx_word' id='word_1_84' title='bbox 129 755 157 803; x_wconf 91' lang='lat' dir='ltr'><strong>et</strong></span> <span class='ocrx_word' id='word_1_85' title='bbox 172 746 251 818; x_wconf 91' lang='lat' dir='ltr'><strong>quod</strong></span> <span class='ocrx_word' id='word_1_86' title='bbox 273 759 325 802; x_wconf 90' lang='lat' dir='ltr'><strong>nos</strong></span> <span class='ocrx_word' id='word_1_87' title='bbox 349 743 483 815; x_wconf 87' lang='lat' dir='ltr'><strong>quaedam</strong></span> <span class='ocrx_word' id='word_1_88' title='bbox 508 743 600 800; x_wconf 87' lang='lat' dir='ltr'><strong>lacere</strong></span> <span class='ocrx_word' id='word_1_89' title='bbox 615 758 779 814; x_wconf 89' lang='lat' dir='ltr'><strong>possumus,</strong></span> <span class='ocrx_word' id='word_1_90' title='bbox 803 759 869 815; x_wconf 82' lang='lat' dir='ltr'><strong>quae</strong></span> <span class='ocrx_word' id='word_1_91' title='bbox 885 745 976 803; x_wconf 88' lang='lat' dir='ltr'><strong>lacere</strong></span> <span class='ocrx_word' id='word_1_92' title='bbox 1030 760 1092 802; x_wconf 88' lang='lat' dir='ltr'><strong>cere</strong></span> <span class='ocrx_word' id='word_1_93' title='bbox 1113 748 1191 817; x_wconf 93' lang='lat' dir='ltr'><strong>quod</strong></span> <span class='ocrx_word' id='word_1_94' title='bbox 1217 749 1280 818; x_wconf 89' lang='lat' dir='ltr'><strong>ejus</strong></span> <span class='ocrx_word' id='word_1_95' title='bbox 1299 747 1417 818; x_wconf 79' lang='lat' dir='ltr'>derogat</span> <span class='ocrx_word' id='word_1_96' title='bbox 1444 746 1588 817; x_wconf 88' lang='lat' dir='ltr'><strong>dignitati,</strong></span> <span class='ocrx_word' id='word_1_97' title='bbox 1611 753 1639 802; x_wconf 91' lang='lat' dir='ltr'><strong>et</strong></span> <span class='ocrx_word' id='word_1_98' title='bbox 1659 746 1821 817; x_wconf 82' lang='lat' dir='ltr'><strong>quodsum</strong></span> <span class='ocrx_word' id='word_1_99' title='bbox 1833 747 1873 805; x_wconf 86' lang='lat' dir='ltr'><strong>ia·</strong></span> 
     </span>
     <span class='ocr_line' id='line_1_8' title="bbox 128 832 1873 907; baseline 0.001 -15"><span class='ocrx_word' id='word_1_100' title='bbox 128 849 187 892; x_wconf 91' lang='lat' dir='ltr'><strong>non</strong></span> <span class='ocrx_word' id='word_1_101' title='bbox 203 834 350 902; x_wconf 92' lang='lat' dir='ltr'><strong>debemus,</strong></span> <span class='ocrx_word' id='word_1_102' title='bbox 371 832 532 889; x_wconf 85' lang='lat' dir='ltr'><strong>infirmitati</strong></span> <span class='ocrx_word' id='word_1_103' title='bbox 547 832 642 902; x_wconf 86' lang='lat' dir='ltr'><strong>potius</strong></span> <span class='ocrx_word' id='word_1_104' title='bbox 657 842 864 904; x_wconf 84' lang='lat' dir='ltr'><strong>nostraequam</strong></span> <span class='ocrx_word' id='word_1_105' title='bbox 880 834 975 905; x_wconf 91' lang='lat' dir='ltr'><strong>digni·</strong></span> <span class='ocrx_word' id='word_1_106' title='bbox 1029 849 1092 892; x_wconf 89' lang='lat' dir='ltr'><strong>cere</strong></span> <span class='ocrx_word' id='word_1_107' title='bbox 1108 837 1226 892; x_wconf 87' lang='lat' dir='ltr'><strong>minime</strong></span> <span class='ocrx_word' id='word_1_108' title='bbox 1254 837 1398 893; x_wconf 88' lang='lat' dir='ltr'><strong>convenit.</strong></span> <span class='ocrx_word' id='word_1_109' title='bbox 1428 836 1487 892; x_wconf 91' lang='lat' dir='ltr'><strong>Hoc</strong></span> <span class='ocrx_word' id='word_1_110' title='bbox 1506 836 1624 907; x_wconf 91' lang='lat' dir='ltr'><strong>quidem</strong></span> <span class='ocrx_word' id='word_1_111' title='bbox 1648 836 1732 893; x_wconf 91' lang='lat' dir='ltr'><strong>modo</strong></span> <span class='ocrx_word' id='word_1_112' title='bbox 1754 844 1785 894; x_wconf 90' lang='lat' dir='ltr'><strong>et</strong></span> <span class='ocrx_word' id='word_1_113' title='bbox 1808 851 1873 894; x_wconf 91' lang='lat' dir='ltr'><strong>cum</strong></span> 
     </span>
     <span class='ocr_line' id='line_1_9' title="bbox 130 921 1873 995; baseline 0 -14"><span class='ocrx_word' id='word_1_114' title='bbox 130 924 181 981; x_wconf 90' lang='lat' dir='ltr'><strong>tati</strong></span> <span class='ocrx_word' id='word_1_115' title='bbox 195 922 398 979; x_wconf 88' lang='lat' dir='ltr'><strong>ascribendum</strong></span> <span class='ocrx_word' id='word_1_116' title='bbox 414 928 467 989; x_wconf 90' lang='lat' dir='ltr'><strong>est,</strong></span> <span class='ocrx_word' id='word_1_117' title='bbox 490 921 541 991; x_wconf 93' lang='lat' dir='ltr'><strong>qui</strong></span> <span class='ocrx_word' id='word_1_118' title='bbox 555 922 673 978; x_wconf 94' lang='lat' dir='ltr'><strong>omnino</strong></span> <span class='ocrx_word' id='word_1_119' title='bbox 687 922 818 978; x_wconf 85' lang='lat' dir='ltr'><strong>meliores</strong></span> <span class='ocrx_word' id='word_1_120' title='bbox 834 936 973 993; x_wconf 83' lang='lat' dir='ltr'><strong>essemus,</strong></span> <span class='ocrx_word' id='word_1_121' title='bbox 1029 938 1126 982; x_wconf 83' lang='lat' dir='ltr'><strong>vocem</strong></span> <span class='ocrx_word' id='word_1_122' title='bbox 1145 925 1269 981; x_wconf 84' lang='lat' dir='ltr'><strong>dicimus</strong></span> <span class='ocrx_word' id='word_1_123' title='bbox 1289 924 1458 993; x_wconf 86' lang='lat' dir='ltr'><strong>audibilem,</strong></span> <span class='ocrx_word' id='word_1_124' title='bbox 1485 924 1513 980; x_wconf 90' lang='lat' dir='ltr'><strong>id</strong></span> <span class='ocrx_word' id='word_1_125' title='bbox 1537 931 1580 981; x_wconf 91' lang='lat' dir='ltr'><strong>est</strong></span> <span class='ocrx_word' id='word_1_126' title='bbox 1607 933 1749 995; x_wconf 91' lang='lat' dir='ltr'><strong>potentem</strong></span> <span class='ocrx_word' id='word_1_127' title='bbox 1766 925 1804 983; x_wconf 91' lang='lat' dir='ltr'><strong>ab</strong></span> <span class='ocrx_word' id='word_1_128' title='bbox 1819 926 1873 982; x_wconf 92' lang='lat' dir='ltr'><strong>ali·</strong></span> 
     </span>
     <span class='ocr_line' id='line_1_10' title="bbox 127 1009 1874 1084; baseline 0.002 -16"><span class='ocrx_word' id='word_1_129' title='bbox 127 1013 152 1068; x_wconf 91' lang='lat' dir='ltr'><strong>si</strong></span> <span class='ocrx_word' id='word_1_130' title='bbox 167 1024 201 1068; x_wconf 84' lang='lat' dir='ltr'><strong>ea</strong></span> <span class='ocrx_word' id='word_1_131' title='bbox 215 1017 409 1083; x_wconf 80' lang='lat' dir='ltr'><strong>quaetantum</strong></span> <span class='ocrx_word' id='word_1_132' title='bbox 434 1009 527 1066; x_wconf 90' lang='lat' dir='ltr'><strong>lacere</strong></span> <span class='ocrx_word' id='word_1_133' title='bbox 542 1009 690 1076; x_wconf 89' lang='lat' dir='ltr'><strong>debemus,</strong></span> <span class='ocrx_word' id='word_1_134' title='bbox 708 1009 799 1067; x_wconf 87' lang='lat' dir='ltr'><strong>lacere</strong></span> <span class='ocrx_word' id='word_1_135' title='bbox 815 1025 972 1080; x_wconf 90' lang='lat' dir='ltr'><strong>possemus,</strong></span> <span class='ocrx_word' id='word_1_136' title='bbox 1027 1026 1086 1084; x_wconf 93' lang='lat' dir='ltr'><strong>qno</strong></span> <span class='ocrx_word' id='word_1_137' title='bbox 1109 1015 1216 1081; x_wconf 88' lang='lat' dir='ltr'><strong>audiri,</strong></span> <span class='ocrx_word' id='word_1_138' title='bbox 1245 1021 1272 1070; x_wconf 93' lang='lat' dir='ltr'><strong>et</strong></span> <span class='ocrx_word' id='word_1_139' title='bbox 1299 1014 1427 1084; x_wconf 78' lang='lat' dir='ltr'><strong>aliquem</strong></span> <span class='ocrx_word' id='word_1_140' title='bbox 1458 1027 1538 1082; x_wconf 92' lang='lat' dir='ltr'><strong>posse</strong></span> <span class='ocrx_word' id='word_1_141' title='bbox 1566 1013 1668 1070; x_wconf 92' lang='lat' dir='ltr'><strong>audire</strong></span> <span class='ocrx_word' id='word_1_142' title='bbox 1694 1028 1818 1071; x_wconf 77' lang='lat' dir='ltr'><strong>vooem:</strong></span> <span class='ocrx_word' id='word_1_143' title='bbox 1846 1022 1874 1071; x_wconf 88' lang='lat' dir='ltr'><strong>et</strong></span> 
     </span>
     <span class='ocr_line' id='line_1_11' title="bbox 127 1097 1872 1174; baseline 0.002 -17"><span class='ocrx_word' id='word_1_144' title='bbox 127 1100 352 1172; x_wconf 90' lang='lat' dir='ltr'><strong>necquidquam</strong></span> <span class='ocrx_word' id='word_1_145' title='bbox 367 1098 654 1155; x_wconf 86' lang='lat' dir='ltr'><strong>inhonesteanobis</strong></span> <span class='ocrx_word' id='word_1_146' title='bbox 672 1098 733 1155; x_wconf 84' lang='lat' dir='ltr'><strong>lieri</strong></span> <span class='ocrx_word' id='word_1_147' title='bbox 767 1107 869 1169; x_wconf 90' lang='lat' dir='ltr'><strong>posset.</strong></span> <span class='ocrx_word' id='word_1_148' title='bbox 891 1097 971 1166; x_wconf 87' lang='lat' dir='ltr'><strong>Quod</strong></span> <span class='ocrx_word' id='word_1_149' title='bbox 1027 1116 1130 1173; x_wconf 89' lang='lat' dir='ltr'><strong>agrum</strong></span> <span class='ocrx_word' id='word_1_150' title='bbox 1148 1117 1228 1174; x_wconf 89' lang='lat' dir='ltr'><strong>posse</strong></span> <span class='ocrx_word' id='word_1_151' title='bbox 1251 1101 1342 1160; x_wconf 87' lang='lat' dir='ltr'><strong>excoli</strong></span> <span class='ocrx_word' id='word_1_152' title='bbox 1358 1103 1394 1158; x_wconf 92' lang='lat' dir='ltr'><strong>ab</strong></span> <span class='ocrx_word' id='word_1_153' title='bbox 1414 1102 1523 1172; x_wconf 91' lang='lat' dir='ltr'><strong>aliquo,</strong></span> <span class='ocrx_word' id='word_1_154' title='bbox 1538 1109 1566 1158; x_wconf 92' lang='lat' dir='ltr'><strong>et</strong></span> <span class='ocrx_word' id='word_1_155' title='bbox 1585 1102 1712 1172; x_wconf 81' lang='lat' dir='ltr'><strong>aliquem</strong></span> <span class='ocrx_word' id='word_1_156' title='bbox 1728 1116 1872 1173; x_wconf 84' lang='lat' dir='ltr'><strong>posseso-</strong></span> 
     </span>
     <span class='ocr_line' id='line_1_12' title="bbox 125 1186 1869 1263; baseline 0 -16"><span class='ocrx_word' id='word_1_157' title='bbox 125 1189 310 1248; x_wconf 91' lang='lat' dir='ltr'><strong>tamenmale</strong></span> <span class='ocrx_word' id='word_1_158' title='bbox 339 1187 460 1245; x_wconf 78' lang='lat' dir='ltr'><strong>faciendi</strong></span> <span class='ocrx_word' id='word_1_159' title='bbox 483 1186 528 1243; x_wconf 86' lang='lat' dir='ltr'><strong>vel</strong></span> <span class='ocrx_word' id='word_1_160' title='bbox 545 1186 682 1257; x_wconf 88' lang='lat' dir='ltr'><strong>peccandi</strong></span> <span class='ocrx_word' id='word_1_161' title='bbox 698 1191 865 1258; x_wconf 91' lang='lat' dir='ltr'><strong>potestatem</strong></span> <span class='ocrx_word' id='word_1_162' title='bbox 881 1188 972 1244; x_wconf 87' lang='lat' dir='ltr'><strong>babe-</strong></span> <span class='ocrx_word' id='word_1_163' title='bbox 1026 1189 1083 1247; x_wconf 91' lang='lat' dir='ltr'><strong>lere</strong></span> <span class='ocrx_word' id='word_1_164' title='bbox 1111 1206 1227 1263; x_wconf 90' lang='lat' dir='ltr'><strong>agrum,</strong></span> <span class='ocrx_word' id='word_1_165' title='bbox 1257 1192 1473 1262; x_wconf 90' lang='lat' dir='ltr'><strong>possibilitatem</strong></span> <span class='ocrx_word' id='word_1_166' title='bbox 1503 1190 1539 1247; x_wconf 88' lang='lat' dir='ltr'><strong>ad</strong></span> <span class='ocrx_word' id='word_1_167' title='bbox 1568 1190 1682 1248; x_wconf 86' lang='lat' dir='ltr'><strong>diversa</strong></span> <span class='ocrx_word' id='word_1_168' title='bbox 1707 1191 1869 1250; x_wconf 85' lang='lat' dir='ltr'><strong>relerimus.</strong></span> 
     </span>
     <span class='ocr_line' id='line_1_13' title="bbox 124 1275 1869 1351; baseline 0.001 -15"><span class='ocrx_word' id='word_1_169' title='bbox 124 1293 234 1346; x_wconf 90' lang='lat' dir='ltr'><strong>remus,</strong></span> <span class='ocrx_word' id='word_1_170' title='bbox 260 1291 319 1335; x_wconf 91' lang='lat' dir='ltr'><strong>non</strong></span> <span class='ocrx_word' id='word_1_171' title='bbox 344 1277 455 1347; x_wconf 91' lang='lat' dir='ltr'><strong>absque</strong></span> <span class='ocrx_word' id='word_1_172' title='bbox 477 1275 589 1331; x_wconf 88' lang='lat' dir='ltr'><strong>ratione</strong></span> <span class='ocrx_word' id='word_1_173' title='bbox 614 1275 675 1330; x_wconf 86' lang='lat' dir='ltr'><strong>baec</strong></span> <span class='ocrx_word' id='word_1_174' title='bbox 694 1288 712 1331; x_wconf 90' lang='lat' dir='ltr'><strong>a</strong></span> <span class='ocrx_word' id='word_1_175' title='bbox 737 1276 795 1332; x_wconf 86' lang='lat' dir='ltr'><strong>Deo</strong></span> <span class='ocrx_word' id='word_1_176' title='bbox 823 1276 905 1333; x_wconf 90' lang='lat' dir='ltr'><strong>nobis</strong></span> <span class='ocrx_word' id='word_1_177' title='bbox 920 1291 970 1348; x_wconf 93' lang='lat' dir='ltr'><strong>po·</strong></span> <span class='ocrx_word' id='word_1_178' title='bbox 1024 1280 1069 1335; x_wconf 94' lang='lat' dir='ltr'><strong>lbi</strong></span> <span class='ocrx_word' id='word_1_179' title='bbox 1085 1280 1201 1351; x_wconf 92' lang='lat' dir='ltr'><strong>quidem</strong></span> <span class='ocrx_word' id='word_1_180' title='bbox 1218 1281 1254 1337; x_wconf 92' lang='lat' dir='ltr'><strong>ad</strong></span> <span class='ocrx_word' id='word_1_181' title='bbox 1274 1288 1409 1336; x_wconf 88' lang='lat' dir='ltr'><strong>naturam</strong></span> <span class='ocrx_word' id='word_1_182' title='bbox 1423 1279 1503 1336; x_wconf 82' lang='lat' dir='ltr'><strong>vocis</strong></span> <span class='ocrx_word' id='word_1_183' title='bbox 1517 1279 1562 1336; x_wconf 89' lang='lat' dir='ltr'><strong>vel</strong></span> <span class='ocrx_word' id='word_1_184' title='bbox 1576 1281 1649 1351; x_wconf 91' lang='lat' dir='ltr'><strong>agri,</strong></span> <span class='ocrx_word' id='word_1_185' title='bbox 1667 1280 1715 1337; x_wconf 91' lang='lat' dir='ltr'><strong>bio</strong></span> <span class='ocrx_word' id='word_1_186' title='bbox 1730 1281 1768 1338; x_wconf 89' lang='lat' dir='ltr'><strong>ad</strong></span> <span class='ocrx_word' id='word_1_187' title='bbox 1783 1289 1869 1339; x_wconf 88' lang='lat' dir='ltr'><strong>natu-</strong></span> 
     </span>
     <span class='ocr_line' id='line_1_14' title="bbox 124 1364 1869 1439; baseline 0.002 -15"><span class='ocrx_word' id='word_1_188' title='bbox 124 1375 212 1424; x_wconf 89' lang='lat' dir='ltr'><strong>testas</strong></span> <span class='ocrx_word' id='word_1_189' title='bbox 230 1379 365 1424; x_wconf 90' lang='lat' dir='ltr'><strong>concessa</strong></span> <span class='ocrx_word' id='word_1_190' title='bbox 389 1371 442 1432; x_wconf 91' lang='lat' dir='ltr'><strong>est,</strong></span> <span class='ocrx_word' id='word_1_191' title='bbox 463 1371 496 1421; x_wconf 93' lang='lat' dir='ltr'><strong>ut</strong></span> <span class='ocrx_word' id='word_1_192' title='bbox 519 1364 541 1419; x_wconf 94' lang='lat' dir='ltr'><strong>si</strong></span> <span class='ocrx_word' id='word_1_193' title='bbox 557 1365 770 1435; x_wconf 88' lang='lat' dir='ltr'><strong>comparatione</strong></span> <span class='ocrx_word' id='word_1_194' title='bbox 795 1373 899 1422; x_wconf 88' lang='lat' dir='ltr'><strong>nostrae</strong></span> <span class='ocrx_word' id='word_1_195' title='bbox 926 1366 969 1422; x_wconf 93' lang='lat' dir='ltr'><strong>ln·</strong></span> <span class='ocrx_word' id='word_1_196' title='bbox 1025 1382 1087 1425; x_wconf 90' lang='lat' dir='ltr'><strong>ram</strong></span> <span class='ocrx_word' id='word_1_197' title='bbox 1107 1368 1148 1425; x_wconf 89' lang='lat' dir='ltr'><strong>rei</strong></span> <span class='ocrx_word' id='word_1_198' title='bbox 1170 1368 1216 1426; x_wconf 85' lang='lat' dir='ltr'><strong>vel</strong></span> <span class='ocrx_word' id='word_1_199' title='bbox 1246 1368 1436 1439; x_wconf 79' lang='lat' dir='ltr'><strong>aptitudinem</strong></span> <span class='ocrx_word' id='word_1_200' title='bbox 1463 1369 1564 1424; x_wconf 91' lang='lat' dir='ltr'><strong>audire</strong></span> <span class='ocrx_word' id='word_1_201' title='bbox 1581 1382 1690 1432; x_wconf 82' lang='lat' dir='ltr'><strong>vocem,</strong></span> <span class='ocrx_word' id='word_1_202' title='bbox 1716 1368 1764 1427; x_wconf 83' lang='lat' dir='ltr'><strong>vel</strong></span> <span class='ocrx_word' id='word_1_203' title='bbox 1779 1371 1869 1428; x_wconf 89' lang='lat' dir='ltr'><strong>colere</strong></span> 
     </span>
     <span class='ocr_line' id='line_1_15' title="bbox 123 1453 1867 1528; baseline 0.003 -17"><span class='ocrx_word' id='word_1_204' title='bbox 123 1455 269 1513; x_wconf 87' lang='lat' dir='ltr'><strong>firmitatis</strong></span> <span class='ocrx_word' id='word_1_205' title='bbox 291 1455 337 1511; x_wconf 91' lang='lat' dir='ltr'><strong>ille</strong></span> <span class='ocrx_word' id='word_1_206' title='bbox 352 1454 503 1527; x_wconf 78' lang='lat' dir='ltr'><strong>gloriosior</strong></span> <span class='ocrx_word' id='word_1_207' title='bbox 518 1459 663 1524; x_wconf 80' lang='lat' dir='ltr'><strong>appareat,</strong></span> <span class='ocrx_word' id='word_1_208' title='bbox 693 1453 743 1524; x_wconf 91' lang='lat' dir='ltr'><strong>qui</strong></span> <span class='ocrx_word' id='word_1_209' title='bbox 770 1455 888 1510; x_wconf 93' lang='lat' dir='ltr'><strong>omnino</strong></span> <span class='ocrx_word' id='word_1_210' title='bbox 904 1468 967 1525; x_wconf 90' lang='lat' dir='ltr'><strong>pec·</strong></span> <span class='ocrx_word' id='word_1_211' title='bbox 1024 1469 1129 1527; x_wconf 92' lang='lat' dir='ltr'><strong>agrum</strong></span> <span class='ocrx_word' id='word_1_212' title='bbox 1148 1457 1281 1528; x_wconf 89' lang='lat' dir='ltr'><strong>potentis.</strong></span> <span class='ocrx_word' id='word_1_213' title='bbox 1299 1458 1379 1514; x_wconf 89' lang='lat' dir='ltr'><strong>Unde</strong></span> <span class='ocrx_word' id='word_1_214' title='bbox 1393 1471 1451 1513; x_wconf 94' lang='lat' dir='ltr'><strong>non</strong></span> <span class='ocrx_word' id='word_1_215' title='bbox 1466 1470 1580 1514; x_wconf 85' lang='lat' dir='ltr'><strong>necesse</strong></span> <span class='ocrx_word' id='word_1_216' title='bbox 1593 1465 1646 1526; x_wconf 88' lang='lat' dir='ltr'><strong>est,</strong></span> <span class='ocrx_word' id='word_1_217' title='bbox 1663 1465 1705 1526; x_wconf 89' lang='lat' dir='ltr'><strong>ul,</strong></span> <span class='ocrx_word' id='word_1_218' title='bbox 1727 1472 1798 1516; x_wconf 89' lang='lat' dir='ltr'><strong>cum</strong></span> <span class='ocrx_word' id='word_1_219' title='bbox 1811 1473 1867 1517; x_wconf 80' lang='lat' dir='ltr'><strong>sor</strong></span> 
     </span>
     <span class='ocr_line' id='line_1_16' title="bbox 123 1544 1866 1629; baseline 0.001 -27"><span class='ocrx_word' id='word_1_220' title='bbox 123 1559 189 1602; x_wconf 90' lang='lat' dir='ltr'><strong>care</strong></span> <span class='ocrx_word' id='word_1_221' title='bbox 207 1559 265 1602; x_wconf 93' lang='lat' dir='ltr'><strong>non</strong></span> <span class='ocrx_word' id='word_1_222' title='bbox 282 1551 379 1616; x_wconf 85' lang='lat' dir='ltr'><strong>potest,</strong></span> <span class='ocrx_word' id='word_1_223' title='bbox 406 1551 433 1600; x_wconf 90' lang='lat' dir='ltr'><strong>et</strong></span> <span class='ocrx_word' id='word_1_224' title='bbox 456 1556 523 1599; x_wconf 92' lang='lat' dir='ltr'><strong>cum</strong></span> <span class='ocrx_word' id='word_1_225' title='bbox 551 1556 568 1598; x_wconf 92' lang='lat' dir='ltr'><strong>a</strong></span> <span class='ocrx_word' id='word_1_226' title='bbox 589 1548 704 1612; x_wconf 90' lang='lat' dir='ltr'><strong>peccato</strong></span> <span class='ocrx_word' id='word_1_227' title='bbox 723 1556 879 1610; x_wconf 89' lang='lat' dir='ltr'><strong>cessamus,</strong></span> <span class='ocrx_word' id='word_1_228' title='bbox 909 1558 967 1600; x_wconf 93' lang='lat' dir='ltr'><strong>non</strong></span> <span class='ocrx_word' id='word_1_229' title='bbox 983 1571 1006 1629; x_wconf 69' lang='grc' dir='ltr'><strong>Β</strong></span> <span class='ocrx_word' id='word_1_230' title='bbox 1024 1544 1160 1603; x_wconf 92' lang='lat' dir='ltr'><strong>audibilis</strong></span> <span class='ocrx_word' id='word_1_231' title='bbox 1174 1545 1222 1613; x_wconf 90' lang='lat' dir='ltr'><strong>sit,</strong></span> <span class='ocrx_word' id='word_1_232' title='bbox 1249 1546 1303 1602; x_wconf 91' lang='lat' dir='ltr'><strong>hoo</strong></span> <span class='ocrx_word' id='word_1_233' title='bbox 1322 1554 1364 1602; x_wconf 89' lang='grc' dir='ltr'><strong>εει</strong></span> <span class='ocrx_word' id='word_1_234' title='bbox 1386 1554 1453 1616; x_wconf 90' lang='lat' dir='ltr'><strong>apta</strong></span> <span class='ocrx_word' id='word_1_235' title='bbox 1475 1559 1512 1603; x_wconf 85' lang='lat' dir='ltr'><strong>ex</strong></span> <span class='ocrx_word' id='word_1_236' title='bbox 1541 1560 1571 1603; x_wconf 89' lang='lat' dir='ltr'><strong>se</strong></span> <span class='ocrx_word' id='word_1_237' title='bbox 1587 1546 1623 1603; x_wconf 94' lang='lat' dir='ltr'><strong>ad</strong></span> <span class='ocrx_word' id='word_1_238' title='bbox 1638 1547 1820 1604; x_wconf 90' lang='lat' dir='ltr'><strong>audiendum</strong></span> <span class='ocrx_word' id='word_1_239' title='bbox 1833 1547 1866 1604; x_wconf 79' lang='lat' dir='ltr'><strong>ab</strong></span> 
     </span>
     <span class='ocr_line' id='line_1_17' title="bbox 122 1630 1863 1706; baseline 0 -16"><span class='ocrx_word' id='word_1_240' title='bbox 122 1633 177 1691; x_wconf 90' lang='lat' dir='ltr'><strong>boc</strong></span> <span class='ocrx_word' id='word_1_241' title='bbox 193 1641 307 1691; x_wconf 75' lang='lat' dir='ltr'><strong>naturae</strong></span> <span class='ocrx_word' id='word_1_242' title='bbox 322 1640 437 1700; x_wconf 74' lang='lat' dir='ltr'><strong>nostrae,</strong></span> <span class='ocrx_word' id='word_1_243' title='bbox 463 1631 511 1687; x_wconf 92' lang='lat' dir='ltr'><strong>sed</strong></span> <span class='ocrx_word' id='word_1_244' title='bbox 535 1630 599 1701; x_wconf 77' lang='lat' dir='ltr'><strong>eius</strong></span> <span class='ocrx_word' id='word_1_245' title='bbox 625 1631 762 1702; x_wconf 81' lang='lat' dir='ltr'><strong>adjutrici</strong></span> <span class='ocrx_word' id='word_1_246' title='bbox 787 1632 887 1703; x_wconf 83' lang='lat' dir='ltr'><strong>gratiae</strong></span> <span class='ocrx_word' id='word_1_247' title='bbox 913 1633 966 1689; x_wconf 89' lang='lat' dir='ltr'><strong>tri·</strong></span> <span class='ocrx_word' id='word_1_248' title='bbox 1022 1634 1131 1704; x_wconf 93' lang='lat' dir='ltr'><strong>aliquo,</strong></span> <span class='ocrx_word' id='word_1_249' title='bbox 1147 1634 1262 1705; x_wconf 75' lang='lat' dir='ltr'><strong>[aliquis</strong></span> <span class='ocrx_word' id='word_1_250' title='bbox 1288 1635 1324 1692; x_wconf 90' lang='lat' dir='ltr'><strong>sit</strong></span> <span class='ocrx_word' id='word_1_251' title='bbox 1337 1636 1397 1706; x_wconf 88' lang='lat' dir='ltr'><strong>jam</strong></span> <span class='ocrx_word' id='word_1_252' title='bbox 1417 1643 1503 1705; x_wconf 89' lang='lat' dir='ltr'><strong>aptus</strong></span> <span class='ocrx_word' id='word_1_253' title='bbox 1525 1636 1561 1690; x_wconf 92' lang='lat' dir='ltr'><strong>ad</strong></span> <span class='ocrx_word' id='word_1_254' title='bbox 1590 1635 1772 1693; x_wconf 90' lang='lat' dir='ltr'><strong>audiendum</strong></span> <span class='ocrx_word' id='word_1_255' title='bbox 1792 1650 1863 1693; x_wconf 83' lang='lat' dir='ltr'><strong>eam.</strong></span> 
     </span>
     <span class='ocr_line' id='line_1_18' title="bbox 120 1718 1863 1794; baseline 0.002 -15"><span class='ocrx_word' id='word_1_256' title='bbox 120 1722 257 1792; x_wconf 92' lang='lat' dir='ltr'><strong>buamus,</strong></span> <span class='ocrx_word' id='word_1_257' title='bbox 278 1721 329 1793; x_wconf 92' lang='lat' dir='ltr'><strong>qul</strong></span> <span class='ocrx_word' id='word_1_258' title='bbox 345 1721 381 1777; x_wconf 86' lang='lat' dir='ltr'><strong>ad</strong></span> <span class='ocrx_word' id='word_1_259' title='bbox 396 1719 519 1791; x_wconf 79' lang='lat' dir='ltr'><strong>gloriam</strong></span> <span class='ocrx_word' id='word_1_260' title='bbox 543 1719 589 1775; x_wconf 92' lang='lat' dir='ltr'><strong>sui</strong></span> <span class='ocrx_word' id='word_1_261' title='bbox 614 1733 673 1775; x_wconf 94' lang='lat' dir='ltr'><strong>non</strong></span> <span class='ocrx_word' id='word_1_262' title='bbox 691 1718 785 1776; x_wconf 94' lang='lat' dir='ltr'><strong>solum</strong></span> <span class='ocrx_word' id='word_1_263' title='bbox 814 1720 901 1785; x_wconf 89' lang='lat' dir='ltr'><strong>bona,</strong></span> <span class='ocrx_word' id='word_1_264' title='bbox 916 1720 965 1776; x_wconf 91' lang='lat' dir='ltr'><strong>sed</strong></span> <span class='ocrx_word' id='word_1_265' title='bbox 1020 1720 1160 1778; x_wconf 88' lang='lat' dir='ltr'><strong>Omnibus</strong></span> <span class='ocrx_word' id='word_1_266' title='bbox 1174 1724 1282 1794; x_wconf 90' lang='lat' dir='ltr'><strong>quippe</strong></span> <span class='ocrx_word' id='word_1_267' title='bbox 1306 1723 1473 1780; x_wconf 92' lang='lat' dir='ltr'><strong>bominibus</strong></span> <span class='ocrx_word' id='word_1_268' title='bbox 1494 1723 1591 1780; x_wconf 87' lang='lat' dir='ltr'><strong>surdis</strong></span> <span class='ocrx_word' id='word_1_269' title='bbox 1605 1723 1810 1792; x_wconf 83' lang='lat' dir='ltr'><strong>existentibus,</strong></span> <span class='ocrx_word' id='word_1_270' title='bbox 1823 1724 1863 1782; x_wconf 83' lang='lat' dir='ltr'><strong>vel</strong></span> 
     </span>
     <span class='ocr_line' id='line_1_19' title="bbox 119 1807 1863 1886; baseline 0.002 -17"><span class='ocrx_word' id='word_1_271' title='bbox 119 1813 206 1869; x_wconf 91' lang='lat' dir='ltr'><strong>etiam</strong></span> <span class='ocrx_word' id='word_1_272' title='bbox 234 1810 311 1868; x_wconf 87' lang='lat' dir='ltr'><strong>mala</strong></span> <span class='ocrx_word' id='word_1_273' title='bbox 333 1809 468 1879; x_wconf 88' lang='lat' dir='ltr'><strong>disponit.</strong></span> <span class='ocrx_word' id='word_1_274' title='bbox 498 1807 571 1865; x_wconf 90' lang='lat' dir='ltr'><strong>Sunt</strong></span> <span class='ocrx_word' id='word_1_275' title='bbox 603 1822 670 1864; x_wconf 86' lang='lat' dir='ltr'><strong>vero</strong></span> <span class='ocrx_word' id='word_1_276' title='bbox 701 1809 753 1880; x_wconf 93' lang='lat' dir='ltr'><strong>qui</strong></span> <span class='ocrx_word' id='word_1_277' title='bbox 781 1808 845 1865; x_wconf 94' lang='lat' dir='ltr'><strong>ideo</strong></span> <span class='ocrx_word' id='word_1_278' title='bbox 873 1809 965 1865; x_wconf 79' lang='lat' dir='ltr'><strong>licum</strong></span> <span class='ocrx_word' id='word_1_279' title='bbox 1020 1825 1138 1881; x_wconf 91' lang='lat' dir='ltr'><strong>prorsus</strong></span> <span class='ocrx_word' id='word_1_280' title='bbox 1151 1813 1245 1869; x_wconf 91' lang='lat' dir='ltr'><strong>etiam</strong></span> <span class='ocrx_word' id='word_1_281' title='bbox 1260 1826 1318 1869; x_wconf 94' lang='lat' dir='ltr'><strong>non</strong></span> <span class='ocrx_word' id='word_1_282' title='bbox 1337 1813 1528 1869; x_wconf 84' lang='lat' dir='ltr'><strong>existentibus</strong></span> <span class='ocrx_word' id='word_1_283' title='bbox 1542 1826 1601 1868; x_wconf 79' lang='lat' dir='ltr'><strong>vox</strong></span> <span class='ocrx_word' id='word_1_284' title='bbox 1626 1812 1766 1884; x_wconf 81' lang='lat' dir='ltr'><strong>quaelibet</strong></span> <span class='ocrx_word' id='word_1_285' title='bbox 1780 1813 1863 1886; x_wconf 78' lang='lat' dir='ltr'><strong>buius</strong></span> 
     </span>
     <span class='ocr_line' id='line_1_20' title="bbox 119 1896 1863 1970; baseline 0 -11"><span class='ocrx_word' id='word_1_286' title='bbox 119 1903 262 1959; x_wconf 71' lang='lat' dir='ltr'><strong>aestimant</strong></span> <span class='ocrx_word' id='word_1_287' title='bbox 270 1914 305 1956; x_wconf 90' lang='lat' dir='ltr'><strong>ea</strong></span> <span class='ocrx_word' id='word_1_288' title='bbox 319 1899 405 1955; x_wconf 91' lang='lat' dir='ltr'><strong>etiam</strong></span> <span class='ocrx_word' id='word_1_289' title='bbox 422 1911 503 1967; x_wconf 88' lang='lat' dir='ltr'><strong>posse</strong></span> <span class='ocrx_word' id='word_1_290' title='bbox 520 1898 612 1953; x_wconf 89' lang='lat' dir='ltr'><strong>lacere</strong></span> <span class='ocrx_word' id='word_1_291' title='bbox 628 1911 695 1968; x_wconf 84' lang='lat' dir='ltr'><strong>quae</strong></span> <span class='ocrx_word' id='word_1_292' title='bbox 712 1911 771 1952; x_wconf 91' lang='lat' dir='ltr'><strong>non</strong></span> <span class='ocrx_word' id='word_1_293' title='bbox 791 1896 871 1963; x_wconf 90' lang='lat' dir='ltr'><strong>lacit,</strong></span> <span class='ocrx_word' id='word_1_294' title='bbox 887 1898 965 1967; x_wconf 94' lang='lat' dir='ltr'><strong>quod</strong></span> <span class='ocrx_word' id='word_1_295' title='bbox 1019 1906 1131 1954; x_wconf 78' lang='lat' dir='ltr'><strong>naturae</strong></span> <span class='ocrx_word' id='word_1_296' title='bbox 1144 1907 1226 1967; x_wconf 89' lang='lat' dir='ltr'><strong>esset,</strong></span> <span class='ocrx_word' id='word_1_297' title='bbox 1242 1907 1276 1955; x_wconf 93' lang='lat' dir='ltr'><strong>ut</strong></span> <span class='ocrx_word' id='word_1_298' title='bbox 1290 1913 1319 1956; x_wconf 90' lang='grc' dir='ltr'><strong>εε</strong></span> <span class='ocrx_word' id='word_1_299' title='bbox 1337 1899 1493 1955; x_wconf 85' lang='lat' dir='ltr'><strong>audibilem</strong></span> <span class='ocrx_word' id='word_1_300' title='bbox 1510 1898 1619 1955; x_wconf 91' lang='lat' dir='ltr'><strong>bomini</strong></span> <span class='ocrx_word' id='word_1_301' title='bbox 1648 1899 1802 1970; x_wconf 83' lang='lat' dir='ltr'><strong>praeberet,</strong></span> <span class='ocrx_word' id='word_1_302' title='bbox 1817 1915 1863 1959; x_wconf 89' lang='lat' dir='ltr'><strong>nec</strong></span> 
     </span>
     <span class='ocr_line' id='line_1_21' title="bbox 118 1985 1859 2059; baseline 0 -12"><span class='ocrx_word' id='word_1_303' title='bbox 118 1998 228 2048; x_wconf 82' lang='lat' dir='ltr'><strong>certum</strong></span> <span class='ocrx_word' id='word_1_304' title='bbox 252 1990 289 2047; x_wconf 93' lang='lat' dir='ltr'><strong>sit</strong></span> <span class='ocrx_word' id='word_1_305' title='bbox 303 1987 416 2045; x_wconf 89' lang='lat' dir='ltr'><strong>nibil&#39;ei</strong></span> <span class='ocrx_word' id='word_1_306' title='bbox 431 2000 511 2057; x_wconf 88' lang='lat' dir='ltr'><strong>posse</strong></span> <span class='ocrx_word' id='word_1_307' title='bbox 525 1986 666 2053; x_wconf 88' lang='lat' dir='ltr'><strong>resistere,</strong></span> <span class='ocrx_word' id='word_1_308' title='bbox 693 1985 717 2041; x_wconf 92' lang='lat' dir='ltr'><strong>si</strong></span> <span class='ocrx_word' id='word_1_309' title='bbox 732 2000 766 2040; x_wconf 90' lang='lat' dir='ltr'><strong>ea</strong></span> <span class='ocrx_word' id='word_1_310' title='bbox 791 1986 878 2043; x_wconf 85' lang='lat' dir='ltr'><strong>etiam</strong></span> <span class='ocrx_word' id='word_1_311' title='bbox 897 2000 964 2057; x_wconf 75' lang='lat' dir='ltr'><strong>que</strong></span> <span class='ocrx_word' id='word_1_312' title='bbox 1018 1987 1179 2058; x_wconf 82' lang='lat' dir='ltr'><strong>quidquam</strong></span> <span class='ocrx_word' id='word_1_313' title='bbox 1203 1988 1233 2044; x_wconf 96' lang='lat' dir='ltr'><strong>in</strong></span> <span class='ocrx_word' id='word_1_314' title='bbox 1247 2002 1281 2044; x_wconf 79' lang='lat' dir='ltr'><strong>ca</strong></span> <span class='ocrx_word' id='word_1_315' title='bbox 1295 1989 1516 2059; x_wconf 86' lang='lat' dir='ltr'><strong>praeparandum</strong></span> <span class='ocrx_word' id='word_1_316' title='bbox 1532 1995 1614 2057; x_wconf 89' lang='lat' dir='ltr'><strong>esset,</strong></span> <span class='ocrx_word' id='word_1_317' title='bbox 1643 1997 1676 2046; x_wconf 93' lang='lat' dir='ltr'><strong>ut</strong></span> <span class='ocrx_word' id='word_1_318' title='bbox 1691 1989 1729 2046; x_wconf 85' lang='lat' dir='ltr'><strong>ad</strong></span> <span class='ocrx_word' id='word_1_319' title='bbox 1741 1990 1859 2048; x_wconf 91' lang='lat' dir='ltr'><strong>audien·</strong></span> 
     </span>
     <span class='ocr_line' id='line_1_22' title="bbox 118 2074 1863 2148; baseline -0.001 -12"><span class='ocrx_word' id='word_1_320' title='bbox 118 2093 177 2136; x_wconf 94' lang='lat' dir='ltr'><strong>non</strong></span> <span class='ocrx_word' id='word_1_321' title='bbox 190 2079 255 2136; x_wconf 90' lang='lat' dir='ltr'><strong>lacit</strong></span> <span class='ocrx_word' id='word_1_322' title='bbox 283 2078 368 2135; x_wconf 84' lang='lat' dir='ltr'><strong>vellet</strong></span> <span class='ocrx_word' id='word_1_323' title='bbox 387 2077 489 2145; x_wconf 88' lang='lat' dir='ltr'><strong>lacere,</strong></span> <span class='ocrx_word' id='word_1_324' title='bbox 504 2075 591 2146; x_wconf 81' lang='lat' dir='ltr'><strong>juxta</strong></span> <span class='ocrx_word' id='word_1_325' title='bbox 606 2075 698 2131; x_wconf 93' lang='lat' dir='ltr'><strong>illud:</strong></span> <span class='ocrx_word' id='word_1_326' title='bbox 732 2074 872 2132; x_wconf 84' lang='lat' dir='ltr'><strong>Voluntati</strong></span> <span class='ocrx_word' id='word_1_327' title='bbox 892 2078 963 2131; x_wconf 82' lang='lat' dir='ltr'><strong>enim</strong></span> <span class='ocrx_word' id='word_1_328' title='bbox 1017 2075 1088 2132; x_wconf 91' lang='lat' dir='ltr'><strong>dnm</strong></span> <span class='ocrx_word' id='word_1_329' title='bbox 1102 2076 1203 2133; x_wconf 89' lang='lat' dir='ltr'><strong>idonea</strong></span> <span class='ocrx_word' id='word_1_330' title='bbox 1220 2084 1302 2141; x_wconf 90' lang='lat' dir='ltr'><strong>esset,</strong></span> <span class='ocrx_word' id='word_1_331' title='bbox 1318 2077 1454 2148; x_wconf 86' lang='lat' dir='ltr'><strong>quamvis</strong></span> <span class='ocrx_word' id='word_1_332' title='bbox 1470 2077 1554 2133; x_wconf 87' lang='lat' dir='ltr'><strong>bomo</strong></span> <span class='ocrx_word' id='word_1_333' title='bbox 1574 2077 1707 2134; x_wconf 91' lang='lat' dir='ltr'><strong>nondum</strong></span> <span class='ocrx_word' id='word_1_334' title='bbox 1728 2078 1863 2137; x_wconf 84' lang='lat' dir='ltr'><strong>existeret</strong></span> 
     </span>
     <span class='ocr_line' id='line_1_23' title="bbox 117 2164 1862 2240; baseline 0.003 -19"><span class='ocrx_word' id='word_1_335' title='bbox 117 2169 176 2236; x_wconf 69' lang='lat' dir='ltr'><strong>eius</strong></span> <span class='ocrx_word' id='word_1_336' title='bbox 202 2170 262 2238; x_wconf 81' lang='lat' dir='ltr'><strong>quis</strong></span> <span class='ocrx_word' id='word_1_337' title='bbox 287 2164 417 2221; x_wconf 75' lang='lat' dir='ltr'><strong>resistet?</strong></span> <span class='ocrx_word' id='word_1_338' title='bbox 444 2165 530 2236; x_wconf 79' lang='lat' dir='ltr'><strong>(Rom.</strong></span> <span class='ocrx_word' id='word_1_339' title='bbox 553 2180 595 2234; x_wconf 83' lang='grc' dir='ltr'><strong>ιι,</strong></span> <span class='ocrx_word' id='word_1_340' title='bbox 624 2165 677 2236; x_wconf 85' lang='grc' dir='ltr'><strong>ι9).</strong></span> <span class='ocrx_word' id='word_1_341' title='bbox 701 2164 782 2222; x_wconf 92' lang='lat' dir='ltr'><strong>Unde</strong></span> <span class='ocrx_word' id='word_1_342' title='bbox 810 2173 838 2221; x_wconf 91' lang='lat' dir='ltr'><strong>et</strong></span> <span class='ocrx_word' id='word_1_343' title='bbox 862 2165 964 2224; x_wconf 90' lang='lat' dir='ltr'><strong>beatus</strong></span> <span class='ocrx_word' id='word_1_344' title='bbox 1017 2167 1145 2236; x_wconf 90' lang='lat' dir='ltr'><strong>quleam</strong></span> <span class='ocrx_word' id='word_1_345' title='bbox 1160 2167 1260 2223; x_wconf 91' lang='lat' dir='ltr'><strong>audire</strong></span> <span class='ocrx_word' id='word_1_346' title='bbox 1276 2173 1379 2237; x_wconf 90' lang='lat' dir='ltr'><strong>posset,</strong></span> <span class='ocrx_word' id='word_1_347' title='bbox 1394 2165 1438 2223; x_wconf 90' lang='lat' dir='ltr'><strong>vel</strong></span> <span class='ocrx_word' id='word_1_348' title='bbox 1453 2166 1568 2223; x_wconf 90' lang='lat' dir='ltr'><strong>adeam</strong></span> <span class='ocrx_word' id='word_1_349' title='bbox 1582 2166 1759 2224; x_wconf 85' lang='lat' dir='ltr'><strong>audiendam</strong></span> <span class='ocrx_word' id='word_1_350' title='bbox 1779 2177 1862 2240; x_wconf 90' lang='lat' dir='ltr'><strong>aptus</strong></span> 
     </span>
     <span class='ocr_line' id='line_1_24' title="bbox 116 2254 1136 2325; baseline 0 -15"><span class='ocrx_word' id='word_1_351' title='bbox 116 2256 248 2311; x_wconf 88' lang='lat' dir='ltr'><strong>meminit</strong></span> <span class='ocrx_word' id='word_1_352' title='bbox 274 2255 467 2325; x_wconf 83' lang='lat' dir='ltr'><strong>Augustinus,</strong></span> <span class='ocrx_word' id='word_1_353' title='bbox 495 2255 676 2324; x_wconf 88' lang='lat' dir='ltr'><strong>omnipotens</strong></span> <span class='ocrx_word' id='word_1_354' title='bbox 703 2254 789 2322; x_wconf 85' lang='lat' dir='ltr'><strong>Deus,</strong></span> <span class='ocrx_word' id='word_1_355' title='bbox 820 2254 963 2324; x_wconf 92' lang='lat' dir='ltr'><strong>nonqula</strong></span> <span class='ocrx_word' id='word_1_356' title='bbox 1016 2261 1100 2310; x_wconf 86' lang='lat' dir='ltr'><strong>esset.</strong></span> <span class='ocrx_word' id='word_1_357' title='bbox 1133 2278 1136 2283; x_wconf 96' lang='lat'><em>·</em></span> 
     </span>
    </p>

    <p class='ocr_par' dir='ltr' id='par_1_3' title="bbox 97 2340 1861 4365">
     <span class='ocr_line' id='line_1_25' title="bbox 115 2340 1861 2413; baseline 0.002 -14"><span class='ocrx_word' id='word_1_358' title='bbox 115 2343 214 2400; x_wconf 90' lang='lat' dir='ltr'><strong>omnia</strong></span> <span class='ocrx_word' id='word_1_359' title='bbox 241 2351 342 2413; x_wconf 87' lang='lat' dir='ltr'><strong>potest,</strong></span> <span class='ocrx_word' id='word_1_360' title='bbox 365 2343 414 2397; x_wconf 89' lang='lat' dir='ltr'><strong>sed</strong></span> <span class='ocrx_word' id='word_1_361' title='bbox 432 2342 502 2412; x_wconf 91' lang='lat' dir='ltr'><strong>quia</strong></span> <span class='ocrx_word' id='word_1_362' title='bbox 517 2355 700 2413; x_wconf 78' lang='lat' dir='ltr'><strong>quaecunque</strong></span> <span class='ocrx_word' id='word_1_363' title='bbox 714 2340 778 2396; x_wconf 85' lang='lat' dir='ltr'><strong>vult</strong></span> <span class='ocrx_word' id='word_1_364' title='bbox 793 2349 891 2411; x_wconf 86' lang='lat' dir='ltr'><strong>potest,</strong></span> <span class='ocrx_word' id='word_1_365' title='bbox 910 2356 962 2399; x_wconf 89' lang='lat' dir='ltr'><strong>nec</strong></span> <span class='ocrx_word' id='word_1_366' title='bbox 1051 2342 1184 2411; x_wconf 88' lang='lat' dir='ltr'><strong>Denique</strong></span> <span class='ocrx_word' id='word_1_367' title='bbox 1206 2341 1278 2398; x_wconf 92' lang='lat' dir='ltr'><strong>illud</strong></span> <span class='ocrx_word' id='word_1_368' title='bbox 1297 2342 1375 2412; x_wconf 92' lang='lat' dir='ltr'><strong>quod</strong></span> <span class='ocrx_word' id='word_1_369' title='bbox 1397 2356 1434 2397; x_wconf 83' lang='lat' dir='ltr'><strong>ex</strong></span> <span class='ocrx_word' id='word_1_370' title='bbox 1454 2342 1691 2413; x_wconf 87' lang='lat' dir='ltr'><strong>philosophorum</strong></span> <span class='ocrx_word' id='word_1_371' title='bbox 1706 2344 1861 2402; x_wconf 80' lang='lat' dir='ltr'><strong>traditione</strong></span> 
     </span>
     <span class='ocr_line' id='line_1_26' title="bbox 116 2429 1859 2503; baseline 0.004 -18"><span class='ocrx_word' id='word_1_372' title='bbox 116 2430 262 2488; x_wconf 89' lang='lat' dir='ltr'><strong>ullatenus</strong></span> <span class='ocrx_word' id='word_1_373' title='bbox 284 2430 442 2487; x_wconf 89' lang='lat' dir='ltr'><strong>voluntatis</strong></span> <span class='ocrx_word' id='word_1_374' title='bbox 467 2430 531 2501; x_wconf 85' lang='lat' dir='ltr'><strong>ejus</strong></span> <span class='ocrx_word' id='word_1_375' title='bbox 555 2429 707 2499; x_wconf 85' lang='lat' dir='ltr'><strong>praepediri</strong></span> <span class='ocrx_word' id='word_1_376' title='bbox 728 2437 817 2499; x_wconf 85' lang='lat' dir='ltr'><strong>polest</strong></span> <span class='ocrx_word' id='word_1_377' title='bbox 829 2429 958 2489; x_wconf 72' lang='lat' dir='ltr'><strong>allectus.</strong></span> <span class='ocrx_word' id='word_1_378' title='bbox 1015 2429 1160 2500; x_wconf 87' lang='lat' dir='ltr'><strong>objicitur,</strong></span> <span class='ocrx_word' id='word_1_379' title='bbox 1180 2431 1338 2501; x_wconf 92' lang='lat' dir='ltr'><strong>quodcum</strong></span> <span class='ocrx_word' id='word_1_380' title='bbox 1358 2432 1527 2488; x_wconf 89' lang='lat' dir='ltr'><strong>antecedens</strong></span> <span class='ocrx_word' id='word_1_381' title='bbox 1543 2432 1677 2503; x_wconf 90' lang='lat' dir='ltr'><strong>possibile</strong></span> <span class='ocrx_word' id='word_1_382' title='bbox 1691 2435 1738 2502; x_wconf 90' lang='lat' dir='ltr'><strong>sit,</strong></span> <span class='ocrx_word' id='word_1_383' title='bbox 1749 2442 1780 2491; x_wconf 88' lang='lat' dir='ltr'><strong>et</strong></span> <span class='ocrx_word' id='word_1_384' title='bbox 1791 2449 1859 2492; x_wconf 89' lang='lat' dir='ltr'><strong>oon·</strong></span> 
     </span>
     <span class='ocr_line' id='line_1_27' title="bbox 114 2518 1858 2593; baseline 0.005 -19"><span class='ocrx_word' id='word_1_385' title='bbox 114 2521 239 2592; x_wconf 90' lang='lat' dir='ltr'><strong>ideoque</strong></span> <span class='ocrx_word' id='word_1_386' title='bbox 252 2519 396 2590; x_wconf 92' lang='lat' dir='ltr'><strong>quidquid</strong></span> <span class='ocrx_word' id='word_1_387' title='bbox 415 2519 499 2575; x_wconf 89' lang='lat' dir='ltr'><strong>vellet</strong></span> <span class='ocrx_word' id='word_1_388' title='bbox 513 2519 671 2575; x_wconf 90' lang='lat' dir='ltr'><strong>necessario</strong></span> <span class='ocrx_word' id='word_1_389' title='bbox 686 2518 765 2575; x_wconf 86' lang='lat' dir='ltr'><strong>lieret</strong></span> <span class='ocrx_word' id='word_1_390' title='bbox 784 2533 851 2576; x_wconf 92' lang='lat' dir='ltr'><strong>cum</strong></span> <span class='ocrx_word' id='word_1_391' title='bbox 863 2520 959 2589; x_wconf 83' lang='lat' dir='ltr'><strong>vellet,</strong></span> <span class='ocrx_word' id='word_1_392' title='bbox 1014 2531 1142 2588; x_wconf 86' lang='lat' dir='ltr'><strong>sequens</strong></span> <span class='ocrx_word' id='word_1_393' title='bbox 1155 2519 1240 2575; x_wconf 88' lang='lat' dir='ltr'><strong>etiam</strong></span> <span class='ocrx_word' id='word_1_394' title='bbox 1264 2519 1438 2588; x_wconf 90' lang='lat' dir='ltr'><strong>impossibile</strong></span> <span class='ocrx_word' id='word_1_395' title='bbox 1461 2534 1534 2587; x_wconf 91' lang='lat' dir='ltr'><strong>esse,</strong></span> <span class='ocrx_word' id='word_1_396' title='bbox 1560 2535 1596 2577; x_wconf 81' lang='lat' dir='ltr'><strong>ex</strong></span> <span class='ocrx_word' id='word_1_397' title='bbox 1610 2536 1670 2592; x_wconf 93' lang='lat' dir='ltr'><strong>quo</strong></span> <span class='ocrx_word' id='word_1_398' title='bbox 1683 2522 1858 2593; x_wconf 80' lang='lat' dir='ltr'><strong>impossibile</strong></span> 
     </span>
     <span class='ocr_line' id='line_1_28' title="bbox 114 2607 1858 2681; baseline 0.002 -14"><span class='ocrx_word' id='word_1_399' title='bbox 114 2610 187 2680; x_wconf 88' lang='lat' dir='ltr'><strong>qula</strong></span> <span class='ocrx_word' id='word_1_400' title='bbox 199 2610 331 2667; x_wconf 85' lang='lat' dir='ltr'><strong>videlicet</strong></span> <span class='ocrx_word' id='word_1_401' title='bbox 345 2610 409 2681; x_wconf 89' lang='lat' dir='ltr'><strong>ejus</strong></span> <span class='ocrx_word' id='word_1_402' title='bbox 433 2608 569 2664; x_wconf 85' lang='lat' dir='ltr'><strong>voluntas</strong></span> <span class='ocrx_word' id='word_1_403' title='bbox 597 2608 701 2664; x_wconf 78' lang='lat' dir='ltr'><strong>affectu</strong></span> <span class='ocrx_word' id='word_1_404' title='bbox 722 2609 958 2668; x_wconf 85' lang='lat' dir='ltr'><strong>carerenullutc-</strong></span> <span class='ocrx_word' id='word_1_405' title='bbox 1014 2607 1157 2677; x_wconf 88' lang='lat' dir='ltr'><strong>sequitur,</strong></span> <span class='ocrx_word' id='word_1_406' title='bbox 1185 2608 1227 2663; x_wconf 91' lang='lat' dir='ltr'><strong>nil</strong></span> <span class='ocrx_word' id='word_1_407' title='bbox 1254 2609 1342 2664; x_wconf 90' lang='lat' dir='ltr'><strong>ollicit</strong></span> <span class='ocrx_word' id='word_1_408' title='bbox 1369 2610 1614 2678; x_wconf 89' lang='lat' dir='ltr'><strong>quemadmodum</strong></span> <span class='ocrx_word' id='word_1_409' title='bbox 1629 2611 1661 2667; x_wconf 92' lang='lat' dir='ltr'><strong>in</strong></span> <span class='ocrx_word' id='word_1_410' title='bbox 1686 2614 1858 2681; x_wconf 85' lang='lat' dir='ltr'><strong>praecedenti</strong></span> 
     </span>
     <span class='ocr_line' id='line_1_29' title="bbox 113 2694 1857 2770; baseline 0.003 -15"><span class='ocrx_word' id='word_1_411' title='bbox 113 2713 170 2756; x_wconf 90' lang='lat' dir='ltr'><strong>uus</strong></span> <span class='ocrx_word' id='word_1_412' title='bbox 181 2707 283 2770; x_wconf 89' lang='lat' dir='ltr'><strong>posset.</strong></span> <span class='ocrx_word' id='word_1_413' title='bbox 300 2697 353 2755; x_wconf 88' lang='lat' dir='ltr'><strong>Sed</strong></span> <span class='ocrx_word' id='word_1_414' title='bbox 370 2698 423 2753; x_wconf 88' lang='lat' dir='ltr'><strong>bac</strong></span> <span class='ocrx_word' id='word_1_415' title='bbox 440 2697 564 2768; x_wconf 88' lang='lat' dir='ltr'><strong>prolecto</strong></span> <span class='ocrx_word' id='word_1_416' title='bbox 579 2710 680 2753; x_wconf 89' lang='lat' dir='ltr'><strong>eorum</strong></span> <span class='ocrx_word' id='word_1_417' title='bbox 696 2697 815 2765; x_wconf 90' lang='lat' dir='ltr'><strong>ratione,</strong></span> <span class='ocrx_word' id='word_1_418' title='bbox 831 2706 858 2754; x_wconf 88' lang='lat' dir='ltr'><strong>et</strong></span> <span class='ocrx_word' id='word_1_419' title='bbox 873 2701 958 2769; x_wconf 93' lang='lat' dir='ltr'><strong>quasi</strong></span> <span class='ocrx_word' id='word_1_420' title='bbox 1011 2694 1085 2753; x_wconf 93' lang='lat' dir='ltr'><strong>libro</strong></span> <span class='ocrx_word' id='word_1_421' title='bbox 1099 2697 1238 2763; x_wconf 80' lang='lat' dir='ltr'><strong>diximus,</strong></span> <span class='ocrx_word' id='word_1_422' title='bbox 1254 2698 1278 2752; x_wconf 92' lang='grc' dir='ltr'><strong>ει</strong></span> <span class='ocrx_word' id='word_1_423' title='bbox 1294 2698 1463 2770; x_wconf 83' lang='lat' dir='ltr'><strong>regularum</strong></span> <span class='ocrx_word' id='word_1_424' title='bbox 1483 2712 1604 2756; x_wconf 89' lang='lat' dir='ltr'><strong>suarum</strong></span> <span class='ocrx_word' id='word_1_425' title='bbox 1620 2700 1797 2759; x_wconf 87' lang='lat' dir='ltr'><strong>documenta</strong></span> <span class='ocrx_word' id='word_1_426' title='bbox 1811 2717 1857 2761; x_wconf 85' lang='lat' dir='ltr'><strong>na·</strong></span> 
     </span>
     <span class='ocr_line' id='line_1_30' title="bbox 112 2784 1854 2862; baseline -0.002 -17"><span class='ocrx_word' id='word_1_427' title='bbox 112 2789 167 2846; x_wconf 93' lang='lat' dir='ltr'><strong>sub</strong></span> <span class='ocrx_word' id='word_1_428' title='bbox 186 2788 314 2860; x_wconf 87' lang='lat' dir='ltr'><strong>quadam</strong></span> <span class='ocrx_word' id='word_1_429' title='bbox 337 2785 494 2842; x_wconf 89' lang='lat' dir='ltr'><strong>voluntatis</strong></span> <span class='ocrx_word' id='word_1_430' title='bbox 525 2787 589 2858; x_wconf 85' lang='lat' dir='ltr'><strong>ejus</strong></span> <span class='ocrx_word' id='word_1_431' title='bbox 613 2787 774 2843; x_wconf 88' lang='lat' dir='ltr'><strong>conditione</strong></span> <span class='ocrx_word' id='word_1_432' title='bbox 789 2801 856 2844; x_wconf 90' lang='lat' dir='ltr'><strong>cum</strong></span> <span class='ocrx_word' id='word_1_433' title='bbox 870 2789 957 2845; x_wconf 89' lang='lat' dir='ltr'><strong>etiam</strong></span> <span class='ocrx_word' id='word_1_434' title='bbox 1011 2784 1089 2843; x_wconf 87' lang='lat' dir='ltr'><strong>turis</strong></span> <span class='ocrx_word' id='word_1_435' title='bbox 1128 2792 1330 2841; x_wconf 87' lang='lat' dir='ltr'><strong>creaturarum</strong></span> <span class='ocrx_word' id='word_1_436' title='bbox 1369 2784 1562 2862; x_wconf 25' lang='lat' dir='ltr'><strong>intelligimus·</strong></span> <span class='ocrx_word' id='word_1_437' title='bbox 1593 2785 1681 2843; x_wconf 89' lang='lat' dir='ltr'><strong>luisse</strong></span> <span class='ocrx_word' id='word_1_438' title='bbox 1710 2796 1854 2847; x_wconf 83' lang='grc' dir='ltr'><strong>εειιιειιιι.</strong></span> 
     </span>
     <span class='ocr_line' id='line_1_31' title="bbox 111 2873 1854 2948; baseline 0.001 -15"><span class='ocrx_word' id='word_1_439' title='bbox 111 2892 193 2948; x_wconf 89' lang='lat' dir='ltr'><strong>posse</strong></span> <span class='ocrx_word' id='word_1_440' title='bbox 214 2890 341 2948; x_wconf 89' lang='lat' dir='ltr'><strong>peccare,</strong></span> <span class='ocrx_word' id='word_1_441' title='bbox 366 2875 412 2932; x_wconf 85' lang='lat' dir='ltr'><strong>vel</strong></span> <span class='ocrx_word' id='word_1_442' title='bbox 438 2874 549 2945; x_wconf 91' lang='lat' dir='ltr'><strong>aliquid</strong></span> <span class='ocrx_word' id='word_1_443' title='bbox 578 2874 727 2932; x_wconf 86' lang='lat' dir='ltr'><strong>inhoneste</strong></span> <span class='ocrx_word' id='word_1_444' title='bbox 753 2876 956 2944; x_wconf 73' lang='lat' dir='ltr'><strong>agerthcere</strong></span> <span class='ocrx_word' id='word_1_445' title='bbox 1012 2873 1093 2928; x_wconf 89' lang='lat' dir='ltr'><strong>Unde</strong></span> <span class='ocrx_word' id='word_1_446' title='bbox 1111 2887 1178 2929; x_wconf 92' lang='lat' dir='ltr'><strong>oum</strong></span> <span class='ocrx_word' id='word_1_447' title='bbox 1204 2873 1314 2943; x_wconf 88' lang='lat' dir='ltr'><strong>aliquid</strong></span> <span class='ocrx_word' id='word_1_448' title='bbox 1329 2874 1462 2943; x_wconf 83' lang='lat' dir='ltr'><strong>possibile</strong></span> <span class='ocrx_word' id='word_1_449' title='bbox 1488 2875 1532 2930; x_wconf 89' lang='lat' dir='ltr'><strong>vel</strong></span> <span class='ocrx_word' id='word_1_450' title='bbox 1554 2875 1729 2945; x_wconf 90' lang='lat' dir='ltr'><strong>impossibile</strong></span> <span class='ocrx_word' id='word_1_451' title='bbox 1745 2876 1854 2947; x_wconf 90' lang='lat' dir='ltr'><strong>dicunt,</strong></span> 
     </span>
     <span class='ocr_line' id='line_1_32' title="bbox 111 2961 1853 3037; baseline -0.001 -15"><span class='ocrx_word' id='word_1_452' title='bbox 111 2979 268 3037; x_wconf 88' lang='lat' dir='ltr'><strong>possemus,</strong></span> <span class='ocrx_word' id='word_1_453' title='bbox 282 2978 349 3023; x_wconf 91' lang='lat' dir='ltr'><strong>cnm</strong></span> <span class='ocrx_word' id='word_1_454' title='bbox 373 2963 409 3019; x_wconf 93' lang='lat' dir='ltr'><strong>sit</strong></span> <span class='ocrx_word' id='word_1_455' title='bbox 426 2972 537 3019; x_wconf 88' lang='lat' dir='ltr'><strong>certum</strong></span> <span class='ocrx_word' id='word_1_456' title='bbox 565 2962 638 3017; x_wconf 87' lang='lat' dir='ltr'><strong>nihil</strong></span> <span class='ocrx_word' id='word_1_457' title='bbox 653 2963 740 3018; x_wconf 89' lang='lat' dir='ltr'><strong>etiam</strong></span> <span class='ocrx_word' id='word_1_458' title='bbox 755 2965 780 3017; x_wconf 94' lang='grc' dir='ltr'><strong>ει</strong></span> <span class='ocrx_word' id='word_1_459' title='bbox 797 2963 826 3017; x_wconf 90' lang='grc' dir='ltr'><strong>ιιι</strong></span> <span class='ocrx_word' id='word_1_460' title='bbox 843 2963 894 3018; x_wconf 90' lang='lat' dir='ltr'><strong>boc</strong></span> <span class='ocrx_word' id='word_1_461' title='bbox 908 2977 956 3019; x_wconf 87' lang='lat' dir='ltr'><strong>re·</strong></span> <span class='ocrx_word' id='word_1_462' title='bbox 1012 2967 1156 3031; x_wconf 89' lang='lat' dir='ltr'><strong>quantum</strong></span> <span class='ocrx_word' id='word_1_463' title='bbox 1182 2961 1218 3016; x_wconf 88' lang='lat' dir='ltr'><strong>ad</strong></span> <span class='ocrx_word' id='word_1_464' title='bbox 1239 2970 1441 3017; x_wconf 85' lang='lat' dir='ltr'><strong>creaturarum</strong></span> <span class='ocrx_word' id='word_1_465' title='bbox 1463 2971 1584 3018; x_wconf 90' lang='lat' dir='ltr'><strong>naturas</strong></span> <span class='ocrx_word' id='word_1_466' title='bbox 1606 2962 1661 3019; x_wconf 88' lang='lat' dir='ltr'><strong>hoc</strong></span> <span class='ocrx_word' id='word_1_467' title='bbox 1676 2964 1853 3037; x_wconf 89' lang='lat' dir='ltr'><strong>intelligunt,</strong></span> 
     </span>
     <span class='ocr_line' id='line_1_33' title="bbox 111 3048 1856 3125; baseline -0.001 -13"><span class='ocrx_word' id='word_1_468' title='bbox 111 3056 210 3112; x_wconf 87' lang='lat' dir='ltr'><strong>sistere</strong></span> <span class='ocrx_word' id='word_1_469' title='bbox 227 3069 318 3125; x_wconf 90' lang='lat' dir='ltr'><strong>posse,</strong></span> <span class='ocrx_word' id='word_1_470' title='bbox 338 3053 361 3108; x_wconf 93' lang='lat' dir='ltr'><strong>si</strong></span> <span class='ocrx_word' id='word_1_471' title='bbox 387 3059 415 3108; x_wconf 91' lang='lat' dir='ltr'><strong>ct</strong></span> <span class='ocrx_word' id='word_1_472' title='bbox 440 3051 467 3106; x_wconf 92' lang='lat' dir='ltr'><strong>id</strong></span> <span class='ocrx_word' id='word_1_473' title='bbox 484 3052 576 3107; x_wconf 87' lang='lat' dir='ltr'><strong>lacere</strong></span> <span class='ocrx_word' id='word_1_474' title='bbox 592 3051 675 3107; x_wconf 88' lang='lat' dir='ltr'><strong>vellet</strong></span> <span class='ocrx_word' id='word_1_475' title='bbox 692 3051 770 3122; x_wconf 94' lang='lat' dir='ltr'><strong>quod</strong></span> <span class='ocrx_word' id='word_1_476' title='bbox 795 3065 855 3108; x_wconf 94' lang='lat' dir='ltr'><strong>non</strong></span> <span class='ocrx_word' id='word_1_477' title='bbox 871 3065 955 3122; x_wconf 91' lang='lat' dir='ltr'><strong>opor·</strong></span> <span class='ocrx_word' id='word_1_478' title='bbox 1011 3056 1043 3103; x_wconf 93' lang='lat' dir='ltr'><strong>ut</strong></span> <span class='ocrx_word' id='word_1_479' title='bbox 1061 3048 1193 3105; x_wconf 86' lang='lat' dir='ltr'><strong>videlicet</strong></span> <span class='ocrx_word' id='word_1_480' title='bbox 1221 3048 1249 3103; x_wconf 93' lang='lat' dir='ltr'><strong>id</strong></span> <span class='ocrx_word' id='word_1_481' title='bbox 1264 3049 1356 3104; x_wconf 91' lang='lat' dir='ltr'><strong>solum</strong></span> <span class='ocrx_word' id='word_1_482' title='bbox 1372 3049 1505 3119; x_wconf 89' lang='lat' dir='ltr'><strong>possibile</strong></span> <span class='ocrx_word' id='word_1_483' title='bbox 1528 3050 1635 3117; x_wconf 89' lang='lat' dir='ltr'><strong>dicant,</strong></span> <span class='ocrx_word' id='word_1_484' title='bbox 1652 3051 1730 3121; x_wconf 93' lang='lat' dir='ltr'><strong>quod</strong></span> <span class='ocrx_word' id='word_1_485' title='bbox 1745 3054 1856 3110; x_wconf 90' lang='lat' dir='ltr'><strong>nulllus</strong></span> 
     </span>
     <span class='ocr_line' id='line_1_34' title="bbox 109 3130 1851 3209; baseline -0.002 -8"><span class='ocrx_word' id='word_1_486' title='bbox 109 3152 190 3202; x_wconf 87' lang='lat' dir='ltr'><strong>teret.</strong></span> <span class='ocrx_word' id='word_1_487' title='bbox 217 3143 358 3200; x_wconf 84' lang='lat' dir='ltr'><strong>Praetcrea</strong></span> <span class='ocrx_word' id='word_1_488' title='bbox 381 3154 448 3196; x_wconf 92' lang='lat' dir='ltr'><strong>cum</strong></span> <span class='ocrx_word' id='word_1_489' title='bbox 479 3140 580 3195; x_wconf 87' lang='lat' dir='ltr'><strong>dieunt</strong></span> <span class='ocrx_word' id='word_1_490' title='bbox 603 3140 668 3195; x_wconf 91' lang='lat' dir='ltr'><strong>inde</strong></span> <span class='ocrx_word' id='word_1_491' title='bbox 695 3130 954 3209; x_wconf 83' lang='lat' dir='ltr'><strong>cumomnipotcn·</strong></span> <span class='ocrx_word' id='word_1_492' title='bbox 1009 3143 1149 3191; x_wconf 87' lang='lat' dir='ltr'><strong>creaturae</strong></span> <span class='ocrx_word' id='word_1_493' title='bbox 1176 3145 1320 3207; x_wconf 84' lang='lat' dir='ltr'><strong>repugnat</strong></span> <span class='ocrx_word' id='word_1_494' title='bbox 1346 3146 1468 3192; x_wconf 71' lang='lat' dir='ltr'><strong>naturae.</strong></span> <span class='ocrx_word' id='word_1_495' title='bbox 1498 3138 1569 3194; x_wconf 83' lang='lat' dir='ltr'><strong>Cum</strong></span> <span class='ocrx_word' id='word_1_496' title='bbox 1592 3145 1688 3194; x_wconf 92' lang='lat' dir='ltr'><strong>autem</strong></span> <span class='ocrx_word' id='word_1_497' title='bbox 1716 3138 1851 3208; x_wconf 85' lang='lat' dir='ltr'><strong>dicimus,</strong></span> 
     </span>
     <span class='ocr_line' id='line_1_35' title="bbox 110 3224 1850 3301; baseline -0.002 -11"><span class='ocrx_word' id='word_1_498' title='bbox 110 3240 166 3290; x_wconf 90' lang='lat' dir='ltr'><strong>tem</strong></span> <span class='ocrx_word' id='word_1_499' title='bbox 182 3232 248 3298; x_wconf 92' lang='lat' dir='ltr'><strong>dici,</strong></span> <span class='ocrx_word' id='word_1_500' title='bbox 266 3231 337 3301; x_wconf 88' lang='lat' dir='ltr'><strong>quia</strong></span> <span class='ocrx_word' id='word_1_501' title='bbox 367 3227 512 3298; x_wconf 92' lang='lat' dir='ltr'><strong>quidquid</strong></span> <span class='ocrx_word' id='word_1_502' title='bbox 537 3227 601 3282; x_wconf 83' lang='lat' dir='ltr'><strong>vult</strong></span> <span class='ocrx_word' id='word_1_503' title='bbox 631 3234 732 3297; x_wconf 88' lang='lat' dir='ltr'><strong>potest,</strong></span> <span class='ocrx_word' id='word_1_504' title='bbox 755 3228 955 3285; x_wconf 89' lang='lat' dir='ltr'><strong>manilesteita</strong></span> <span class='ocrx_word' id='word_1_505' title='bbox 1009 3224 1144 3294; x_wconf 91' lang='lat' dir='ltr'><strong>possibile</strong></span> <span class='ocrx_word' id='word_1_506' title='bbox 1157 3233 1199 3281; x_wconf 93' lang='lat' dir='ltr'><strong>est</strong></span> <span class='ocrx_word' id='word_1_507' title='bbox 1212 3225 1265 3281; x_wconf 91' lang='lat' dir='ltr'><strong>boo</strong></span> <span class='ocrx_word' id='word_1_508' title='bbox 1278 3225 1323 3281; x_wconf 89' lang='lat' dir='ltr'><strong>vel</strong></span> <span class='ocrx_word' id='word_1_509' title='bbox 1339 3225 1411 3282; x_wconf 93' lang='lat' dir='ltr'><strong>illud</strong></span> <span class='ocrx_word' id='word_1_510' title='bbox 1426 3226 1517 3282; x_wconf 88' lang='lat' dir='ltr'><strong>Deum</strong></span> <span class='ocrx_word' id='word_1_511' title='bbox 1533 3226 1633 3294; x_wconf 91' lang='lat' dir='ltr'><strong>lacere,</strong></span> <span class='ocrx_word' id='word_1_512' title='bbox 1655 3227 1692 3283; x_wconf 93' lang='lat' dir='ltr'><strong>ad</strong></span> <span class='ocrx_word' id='word_1_513' title='bbox 1717 3237 1850 3286; x_wconf 89' lang='lat' dir='ltr'><strong>naturam</strong></span> 
     </span>
     <span class='ocr_line' id='line_1_36' title="bbox 108 3312 1850 3390; baseline 0.001 -16"><span class='ocrx_word' id='word_1_514' title='bbox 108 3320 172 3390; x_wconf 82' lang='lat' dir='ltr'><strong>eins</strong></span> <span class='ocrx_word' id='word_1_515' title='bbox 196 3324 363 3389; x_wconf 81' lang='lat' dir='ltr'><strong>potestatem</strong></span> <span class='ocrx_word' id='word_1_516' title='bbox 383 3323 410 3371; x_wconf 91' lang='grc' dir='ltr'><strong>ει</strong></span> <span class='ocrx_word' id='word_1_517' title='bbox 431 3314 612 3371; x_wconf 85' lang='lat' dir='ltr'><strong>voluntatem</strong></span> <span class='ocrx_word' id='word_1_518' title='bbox 639 3315 815 3384; x_wconf 87' lang='lat' dir='ltr'><strong>consociant,</strong></span> <span class='ocrx_word' id='word_1_519' title='bbox 841 3324 874 3373; x_wconf 93' lang='grc' dir='ltr'><strong>ιιι</strong></span> <span class='ocrx_word' id='word_1_520' title='bbox 903 3318 954 3374; x_wconf 81' lang='lat' dir='ltr'><strong>ubi</strong></span> <span class='ocrx_word' id='word_1_521' title='bbox 1007 3312 1171 3369; x_wconf 85' lang='lat' dir='ltr'><strong>Divinitatis</strong></span> <span class='ocrx_word' id='word_1_522' title='bbox 1192 3314 1287 3383; x_wconf 91' lang='lat' dir='ltr'><strong>potius</strong></span> <span class='ocrx_word' id='word_1_523' title='bbox 1309 3327 1398 3383; x_wconf 90' lang='lat' dir='ltr'><strong>qnam</strong></span> <span class='ocrx_word' id='word_1_524' title='bbox 1421 3323 1622 3371; x_wconf 88' lang='lat' dir='ltr'><strong>creaturarum</strong></span> <span class='ocrx_word' id='word_1_525' title='bbox 1648 3316 1787 3385; x_wconf 89' lang='lat' dir='ltr'><strong>possibile</strong></span> <span class='ocrx_word' id='word_1_526' title='bbox 1801 3332 1850 3375; x_wconf 89' lang='lat' dir='ltr'><strong>su·</strong></span> 
     </span>
     <span class='ocr_line' id='line_1_37' title="bbox 108 3401 1847 3477; baseline 0 -13"><span class='ocrx_word' id='word_1_527' title='bbox 108 3408 186 3464; x_wconf 90' lang='lat' dir='ltr'><strong>deest</strong></span> <span class='ocrx_word' id='word_1_528' title='bbox 211 3407 275 3477; x_wconf 76' lang='lat' dir='ltr'><strong>eius</strong></span> <span class='ocrx_word' id='word_1_529' title='bbox 294 3404 376 3471; x_wconf 88' lang='lat' dir='ltr'><strong>velle,</strong></span> <span class='ocrx_word' id='word_1_530' title='bbox 392 3402 464 3459; x_wconf 91' lang='lat' dir='ltr'><strong>desit</strong></span> <span class='ocrx_word' id='word_1_531' title='bbox 477 3411 503 3458; x_wconf 86' lang='grc' dir='ltr'><strong>ει</strong></span> <span class='ocrx_word' id='word_1_532' title='bbox 521 3416 612 3473; x_wconf 89' lang='lat' dir='ltr'><strong>posse.</strong></span> <span class='ocrx_word' id='word_1_533' title='bbox 644 3402 726 3468; x_wconf 86' lang='lat' dir='ltr'><strong>Quod</strong></span> <span class='ocrx_word' id='word_1_534' title='bbox 751 3413 846 3460; x_wconf 88' lang='lat' dir='ltr'><strong>autem</strong></span> <span class='ocrx_word' id='word_1_535' title='bbox 867 3419 950 3475; x_wconf 87' lang='lat' dir='ltr'><strong>supc-</strong></span> <span class='ocrx_word' id='word_1_536' title='bbox 1007 3401 1123 3457; x_wconf 87' lang='lat' dir='ltr'><strong>mimus.</strong></span> <span class='ocrx_word' id='word_1_537' title='bbox 1139 3401 1191 3458; x_wconf 83' lang='lat' dir='ltr'><strong>Sed</strong></span> <span class='ocrx_word' id='word_1_538' title='bbox 1206 3411 1311 3459; x_wconf 91' lang='lat' dir='ltr'><strong>etcum</strong></span> <span class='ocrx_word' id='word_1_539' title='bbox 1333 3404 1408 3458; x_wconf 89' lang='lat' dir='ltr'><strong>idem</strong></span> <span class='ocrx_word' id='word_1_540' title='bbox 1430 3404 1467 3460; x_wconf 92' lang='lat' dir='ltr'><strong>sit</strong></span> <span class='ocrx_word' id='word_1_541' title='bbox 1479 3404 1606 3474; x_wconf 89' lang='lat' dir='ltr'><strong>jndicem</strong></span> <span class='ocrx_word' id='word_1_542' title='bbox 1621 3404 1727 3475; x_wconf 87' lang='lat' dir='ltr'><strong>punire</strong></span> <span class='ocrx_word' id='word_1_543' title='bbox 1751 3405 1847 3474; x_wconf 90' lang='lat' dir='ltr'><strong>istum,</strong></span> 
     </span>
     <span class='ocr_line' id='line_1_38' title="bbox 106 3491 1847 3567; baseline -0.001 -13"><span class='ocrx_word' id='word_1_544' title='bbox 106 3499 168 3554; x_wconf 91' lang='lat' dir='ltr'><strong>rius</strong></span> <span class='ocrx_word' id='word_1_545' title='bbox 181 3496 324 3567; x_wconf 85' lang='lat' dir='ltr'><strong>objectum</strong></span> <span class='ocrx_word' id='word_1_546' title='bbox 344 3502 397 3559; x_wconf 90' lang='lat' dir='ltr'><strong>est,</strong></span> <span class='ocrx_word' id='word_1_547' title='bbox 418 3506 480 3548; x_wconf 93' lang='lat' dir='ltr'><strong>non</strong></span> <span class='ocrx_word' id='word_1_548' title='bbox 493 3505 573 3563; x_wconf 91' lang='lat' dir='ltr'><strong>posse</strong></span> <span class='ocrx_word' id='word_1_549' title='bbox 586 3491 712 3562; x_wconf 92' lang='lat' dir='ltr'><strong>aliquem</strong></span> <span class='ocrx_word' id='word_1_550' title='bbox 728 3492 834 3550; x_wconf 88' lang='lat' dir='ltr'><strong>salvari</strong></span> <span class='ocrx_word' id='word_1_551' title='bbox 852 3494 950 3562; x_wconf 80' lang='lat' dir='ltr'><strong>abeo,</strong></span> <span class='ocrx_word' id='word_1_552' title='bbox 1004 3496 1032 3546; x_wconf 91' lang='lat' dir='ltr'><strong>et</strong></span> <span class='ocrx_word' id='word_1_553' title='bbox 1045 3491 1131 3546; x_wconf 90' lang='lat' dir='ltr'><strong>istum</strong></span> <span class='ocrx_word' id='word_1_554' title='bbox 1147 3492 1278 3561; x_wconf 84' lang='lat' dir='ltr'><strong>puniris</strong></span> <span class='ocrx_word' id='word_1_555' title='bbox 1303 3491 1411 3562; x_wconf 86' lang='lat' dir='ltr'><strong>jndice,</strong></span> <span class='ocrx_word' id='word_1_556' title='bbox 1437 3506 1494 3549; x_wconf 92' lang='lat' dir='ltr'><strong>non</strong></span> <span class='ocrx_word' id='word_1_557' title='bbox 1510 3500 1607 3549; x_wconf 91' lang='lat' dir='ltr'><strong>tamen</strong></span> <span class='ocrx_word' id='word_1_558' title='bbox 1627 3494 1747 3551; x_wconf 88' lang='lat' dir='ltr'><strong>concedi</strong></span> <span class='ocrx_word' id='word_1_559' title='bbox 1768 3510 1847 3567; x_wconf 89' lang='lat' dir='ltr'><strong>opor·</strong></span> 
     </span>
     <span class='ocr_line' id='line_1_39' title="bbox 105 3580 1847 3654; baseline -0.001 -13"><span class='ocrx_word' id='word_1_560' title='bbox 105 3584 203 3642; x_wconf 91' lang='lat' dir='ltr'><strong>nisiet</strong></span> <span class='ocrx_word' id='word_1_561' title='bbox 228 3585 304 3641; x_wconf 85' lang='lat' dir='ltr'><strong>Deus</strong></span> <span class='ocrx_word' id='word_1_562' title='bbox 331 3582 444 3638; x_wconf 87' lang='lat' dir='ltr'><strong>salvare</strong></span> <span class='ocrx_word' id='word_1_563' title='bbox 471 3594 537 3637; x_wconf 91' lang='lat' dir='ltr'><strong>eum</strong></span> <span class='ocrx_word' id='word_1_564' title='bbox 566 3581 674 3654; x_wconf 89' lang='lat' dir='ltr'><strong>possit;</strong></span> <span class='ocrx_word' id='word_1_565' title='bbox 698 3584 856 3651; x_wconf 79' lang='lat' dir='ltr'><strong>praesertim</strong></span> <span class='ocrx_word' id='word_1_566' title='bbox 883 3597 950 3639; x_wconf 90' lang='lat' dir='ltr'><strong>cum</strong></span> <span class='ocrx_word' id='word_1_567' title='bbox 1003 3586 1043 3635; x_wconf 92' lang='lat' dir='ltr'><strong>tet</strong></span> <span class='ocrx_word' id='word_1_568' title='bbox 1059 3586 1101 3647; x_wconf 92' lang='lat' dir='ltr'><strong>ut,</strong></span> <span class='ocrx_word' id='word_1_569' title='bbox 1118 3580 1141 3635; x_wconf 93' lang='lat' dir='ltr'><strong>si</strong></span> <span class='ocrx_word' id='word_1_570' title='bbox 1159 3582 1272 3650; x_wconf 84' lang='lat' dir='ltr'><strong>justum</strong></span> <span class='ocrx_word' id='word_1_571' title='bbox 1285 3581 1458 3650; x_wconf 90' lang='lat' dir='ltr'><strong>sitjudicem</strong></span> <span class='ocrx_word' id='word_1_572' title='bbox 1483 3582 1587 3653; x_wconf 92' lang='lat' dir='ltr'><strong>punire</strong></span> <span class='ocrx_word' id='word_1_573' title='bbox 1609 3583 1710 3650; x_wconf 87' lang='lat' dir='ltr'><strong>istum,</strong></span> <span class='ocrx_word' id='word_1_574' title='bbox 1737 3583 1847 3654; x_wconf 91' lang='lat' dir='ltr'><strong>justum</strong></span> 
     </span>
     <span class='ocr_line' id='line_1_40' title="bbox 104 3660 1845 3742; baseline 0.001 -12"><span class='ocrx_word' id='word_1_575' title='bbox 104 3674 179 3730; x_wconf 91' lang='lat' dir='ltr'><strong>idem</strong></span> <span class='ocrx_word' id='word_1_576' title='bbox 212 3673 249 3729; x_wconf 92' lang='lat' dir='ltr'><strong>sit</strong></span> <span class='ocrx_word' id='word_1_577' title='bbox 276 3672 403 3742; x_wconf 89' lang='lat' dir='ltr'><strong>aliquem</strong></span> <span class='ocrx_word' id='word_1_578' title='bbox 424 3684 442 3726; x_wconf 97' lang='lat' dir='ltr'><strong>a</strong></span> <span class='ocrx_word' id='word_1_579' title='bbox 466 3670 524 3726; x_wconf 90' lang='lat' dir='ltr'><strong>Deo</strong></span> <span class='ocrx_word' id='word_1_580' title='bbox 550 3660 668 3736; x_wconf 73' lang='lat' dir='ltr'><strong>sal&#39;vari,</strong></span> <span class='ocrx_word' id='word_1_581' title='bbox 685 3678 712 3726; x_wconf 90' lang='lat' dir='ltr'><strong>et</strong></span> <span class='ocrx_word' id='word_1_582' title='bbox 727 3671 818 3726; x_wconf 86' lang='lat' dir='ltr'><strong>ileum</strong></span> <span class='ocrx_word' id='word_1_583' title='bbox 836 3671 950 3728; x_wconf 88' lang='lat' dir='ltr'><strong>salvaro</strong></span> <span class='ocrx_word' id='word_1_584' title='bbox 1002 3668 1087 3725; x_wconf 87' lang='lat' dir='ltr'><strong>etiam</strong></span> <span class='ocrx_word' id='word_1_585' title='bbox 1104 3668 1140 3724; x_wconf 92' lang='lat' dir='ltr'><strong>sit</strong></span> <span class='ocrx_word' id='word_1_586' title='bbox 1152 3668 1264 3738; x_wconf 84' lang='lat' dir='ltr'><strong>J&#39;ustum</strong></span> <span class='ocrx_word' id='word_1_587' title='bbox 1280 3671 1380 3740; x_wconf 90' lang='lat' dir='ltr'><strong>puniri</strong></span> <span class='ocrx_word' id='word_1_588' title='bbox 1402 3685 1419 3726; x_wconf 85' lang='lat' dir='ltr'><strong>a</strong></span> <span class='ocrx_word' id='word_1_589' title='bbox 1430 3671 1539 3740; x_wconf 86' lang='lat' dir='ltr'><strong>judice,</strong></span> <span class='ocrx_word' id='word_1_590' title='bbox 1564 3686 1630 3728; x_wconf 92' lang='lat' dir='ltr'><strong>oum</strong></span> <span class='ocrx_word' id='word_1_591' title='bbox 1645 3673 1779 3731; x_wconf 81' lang='lat' dir='ltr'><strong>uidelicet</strong></span> <span class='ocrx_word' id='word_1_592' title='bbox 1793 3675 1845 3731; x_wconf 92' lang='lat' dir='ltr'><strong>boc</strong></span> 
     </span>
     <span class='ocr_line' id='line_1_41' title="bbox 103 3758 1845 3834; baseline -0.001 -15"><span class='ocrx_word' id='word_1_593' title='bbox 103 3776 181 3831; x_wconf 91' lang='lat' dir='ltr'><strong>eum,</strong></span> <span class='ocrx_word' id='word_1_594' title='bbox 205 3775 263 3818; x_wconf 94' lang='lat' dir='ltr'><strong>non</strong></span> <span class='ocrx_word' id='word_1_595' title='bbox 286 3759 355 3817; x_wconf 89' lang='lat' dir='ltr'><strong>satis</strong></span> <span class='ocrx_word' id='word_1_596' title='bbox 375 3773 427 3815; x_wconf 94' lang='lat' dir='ltr'><strong>nos</strong></span> <span class='ocrx_word' id='word_1_597' title='bbox 454 3759 636 3830; x_wconf 82' lang='lat' dir='ltr'><strong>constringit.</strong></span> <span class='ocrx_word' id='word_1_598' title='bbox 652 3759 730 3814; x_wconf 88' lang='lat' dir='ltr'><strong>idem</strong></span> <span class='ocrx_word' id='word_1_599' title='bbox 745 3761 904 3830; x_wconf 89' lang='lat' dir='ltr'><strong>quippeest</strong></span> <span class='ocrx_word' id='word_1_600' title='bbox 921 3768 949 3817; x_wconf 92' lang='grc' dir='ltr'><strong>ει</strong></span> <span class='ocrx_word' id='word_1_601' title='bbox 1001 3770 1106 3813; x_wconf 92' lang='lat' dir='ltr'><strong>nomen</strong></span> <span class='ocrx_word' id='word_1_602' title='bbox 1118 3758 1242 3827; x_wconf 86' lang='lat' dir='ltr'><strong>justum,</strong></span> <span class='ocrx_word' id='word_1_603' title='bbox 1260 3758 1335 3814; x_wconf 88' lang='lat' dir='ltr'><strong>sicut</strong></span> <span class='ocrx_word' id='word_1_604' title='bbox 1358 3766 1385 3814; x_wconf 91' lang='lat' dir='ltr'><strong>et</strong></span> <span class='ocrx_word' id='word_1_605' title='bbox 1399 3759 1544 3829; x_wconf 91' lang='lat' dir='ltr'><strong>possibile,</strong></span> <span class='ocrx_word' id='word_1_606' title='bbox 1561 3760 1592 3816; x_wconf 92' lang='lat' dir='ltr'><strong>in</strong></span> <span class='ocrx_word' id='word_1_607' title='bbox 1609 3761 1717 3817; x_wconf 91' lang='lat' dir='ltr'><strong>talibus</strong></span> <span class='ocrx_word' id='word_1_608' title='bbox 1732 3761 1845 3834; x_wconf 86' lang='lat' dir='ltr'><strong>signill-</strong></span> 
     </span>
     <span class='ocr_line' id='line_1_42' title="bbox 102 3845 1845 3922; baseline 0.001 -15"><span class='ocrx_word' id='word_1_609' title='bbox 102 3850 265 3922; x_wconf 88' lang='lat' dir='ltr'><strong>loquentem</strong></span> <span class='ocrx_word' id='word_1_610' title='bbox 288 3856 391 3917; x_wconf 77' lang='lat' dir='ltr'><strong>moero,</strong></span> <span class='ocrx_word' id='word_1_611' title='bbox 407 3856 435 3904; x_wconf 93' lang='lat' dir='ltr'><strong>et</strong></span> <span class='ocrx_word' id='word_1_612' title='bbox 460 3862 527 3904; x_wconf 91' lang='lat' dir='ltr'><strong>eum</strong></span> <span class='ocrx_word' id='word_1_613' title='bbox 543 3848 595 3919; x_wconf 93' lang='lat' dir='ltr'><strong>qui</strong></span> <span class='ocrx_word' id='word_1_614' title='bbox 618 3847 751 3918; x_wconf 89' lang='lat' dir='ltr'><strong>loquitur</strong></span> <span class='ocrx_word' id='word_1_615' title='bbox 773 3854 877 3914; x_wconf 87' lang='lat' dir='ltr'><strong>tacere,</strong></span> <span class='ocrx_word' id='word_1_616' title='bbox 896 3862 948 3905; x_wconf 90' lang='lat' dir='ltr'><strong>nec</strong></span> <span class='ocrx_word' id='word_1_617' title='bbox 1001 3845 1143 3903; x_wconf 85' lang='lat' dir='ltr'><strong>ostionem</strong></span> <span class='ocrx_word' id='word_1_618' title='bbox 1157 3846 1259 3903; x_wconf 81' lang='lat' dir='ltr'><strong>variet.</strong></span> <span class='ocrx_word' id='word_1_619' title='bbox 1276 3848 1349 3904; x_wconf 79' lang='lat' dir='ltr'><strong>Cum</strong></span> <span class='ocrx_word' id='word_1_620' title='bbox 1363 3848 1441 3904; x_wconf 93' lang='lat' dir='ltr'><strong>enim</strong></span> <span class='ocrx_word' id='word_1_621' title='bbox 1462 3848 1569 3905; x_wconf 86' lang='lat' dir='ltr'><strong>dicitur</strong></span> <span class='ocrx_word' id='word_1_622' title='bbox 1591 3849 1662 3919; x_wconf 91' lang='lat' dir='ltr'><strong>quia</strong></span> <span class='ocrx_word' id='word_1_623' title='bbox 1675 3850 1791 3920; x_wconf 77' lang='lat' dir='ltr'><strong>Justum</strong></span> <span class='ocrx_word' id='word_1_624' title='bbox 1805 3860 1845 3909; x_wconf 90' lang='lat' dir='ltr'><strong>est</strong></span> 
     </span>
     <span class='ocr_line' id='line_1_43' title="bbox 102 3934 1843 4011; baseline 0.001 -16"><span class='ocrx_word' id='word_1_625' title='bbox 102 3947 197 3996; x_wconf 91' lang='lat' dir='ltr'><strong>lamen</strong></span> <span class='ocrx_word' id='word_1_626' title='bbox 212 3937 331 3996; x_wconf 90' lang='lat' dir='ltr'><strong>fortasse</strong></span> <span class='ocrx_word' id='word_1_627' title='bbox 354 3937 394 3993; x_wconf 90' lang='lat' dir='ltr'><strong>ita</strong></span> <span class='ocrx_word' id='word_1_628' title='bbox 417 3936 551 4008; x_wconf 91' lang='lat' dir='ltr'><strong>possibile</strong></span> <span class='ocrx_word' id='word_1_629' title='bbox 580 3943 623 3992; x_wconf 91' lang='grc' dir='ltr'><strong>εει</strong></span> <span class='ocrx_word' id='word_1_630' title='bbox 652 3937 816 4006; x_wconf 91' lang='lat' dir='ltr'><strong>loquentem</strong></span> <span class='ocrx_word' id='word_1_631' title='bbox 842 3943 945 4005; x_wconf 89' lang='lat' dir='ltr'><strong>tacere,</strong></span> <span class='ocrx_word' id='word_1_632' title='bbox 999 3939 1033 3989; x_wconf 87' lang='lat' dir='ltr'><strong>ut</strong></span> <span class='ocrx_word' id='word_1_633' title='bbox 1048 3934 1141 4003; x_wconf 85' lang='lat' dir='ltr'><strong>judex</strong></span> <span class='ocrx_word' id='word_1_634' title='bbox 1157 3935 1258 4006; x_wconf 90' lang='lat' dir='ltr'><strong>puniat</strong></span> <span class='ocrx_word' id='word_1_635' title='bbox 1285 3936 1383 4005; x_wconf 87' lang='lat' dir='ltr'><strong>istum,</strong></span> <span class='ocrx_word' id='word_1_636' title='bbox 1410 3937 1464 3992; x_wconf 93' lang='lat' dir='ltr'><strong>boc</strong></span> <span class='ocrx_word' id='word_1_637' title='bbox 1487 3935 1669 3995; x_wconf 92' lang='lat' dir='ltr'><strong>institutione</strong></span> <span class='ocrx_word' id='word_1_638' title='bbox 1691 3938 1765 4011; x_wconf 89' lang='lat' dir='ltr'><strong>legis</strong></span> <span class='ocrx_word' id='word_1_639' title='bbox 1778 3954 1843 3998; x_wconf 91' lang='lat' dir='ltr'><strong>eum</strong></span> 
     </span>
     <span class='ocr_line' id='line_1_44' title="bbox 100 4019 1842 4098; baseline 0.002 -13"><span class='ocrx_word' id='word_1_640' title='bbox 100 4029 176 4086; x_wconf 88' lang='lat' dir='ltr'><strong>sicut</strong></span> <span class='ocrx_word' id='word_1_641' title='bbox 203 4027 337 4098; x_wconf 90' lang='lat' dir='ltr'><strong>possibile</strong></span> <span class='ocrx_word' id='word_1_642' title='bbox 363 4033 405 4082; x_wconf 97' lang='grc' dir='ltr'><strong>εει</strong></span> <span class='ocrx_word' id='word_1_643' title='bbox 432 4039 499 4082; x_wconf 93' lang='lat' dir='ltr'><strong>eum</strong></span> <span class='ocrx_word' id='word_1_644' title='bbox 522 4024 574 4095; x_wconf 92' lang='lat' dir='ltr'><strong>qui</strong></span> <span class='ocrx_word' id='word_1_645' title='bbox 606 4024 735 4095; x_wconf 87' lang='lat' dir='ltr'><strong>loquitur</strong></span> <span class='ocrx_word' id='word_1_646' title='bbox 762 4031 865 4082; x_wconf 88' lang='lat' dir='ltr'><strong>tacere.</strong></span> <span class='ocrx_word' id='word_1_647' title='bbox 894 4026 945 4085; x_wconf 81' lang='lat' dir='ltr'><strong>Vel</strong></span> <span class='ocrx_word' id='word_1_648' title='bbox 999 4019 1305 4082; x_wconf 89' lang='lat' dir='ltr'><strong>deberoostendimus.</strong></span> <span class='ocrx_word' id='word_1_649' title='bbox 1328 4026 1378 4082; x_wconf 87' lang='lat' dir='ltr'><strong>Sin</strong></span> <span class='ocrx_word' id='word_1_650' title='bbox 1396 4033 1495 4082; x_wconf 90' lang='lat' dir='ltr'><strong>autem</strong></span> <span class='ocrx_word' id='word_1_651' title='bbox 1519 4025 1650 4082; x_wconf 88' lang='lat' dir='ltr'><strong>dicamus</strong></span> <span class='ocrx_word' id='word_1_652' title='bbox 1677 4027 1768 4086; x_wconf 91' lang='lat' dir='ltr'><strong>istum</strong></span> <span class='ocrx_word' id='word_1_653' title='bbox 1796 4030 1842 4087; x_wconf 92' lang='lat' dir='ltr'><strong>de·</strong></span> 
     </span>
     <span class='ocr_line' id='line_1_45' title="bbox 99 4108 1842 4185; baseline 0.001 -11"><span class='ocrx_word' id='word_1_654' title='bbox 99 4131 167 4174; x_wconf 94' lang='lat' dir='ltr'><strong>cum</strong></span> <span class='ocrx_word' id='word_1_655' title='bbox 182 4108 261 4172; x_wconf 92' lang='lat' dir='ltr'><strong>idem</strong></span> <span class='ocrx_word' id='word_1_656' title='bbox 276 4115 347 4172; x_wconf 90' lang='lat' dir='ltr'><strong>sitid</strong></span> <span class='ocrx_word' id='word_1_657' title='bbox 363 4113 440 4185; x_wconf 93' lang='lat' dir='ltr'><strong>quod</strong></span> <span class='ocrx_word' id='word_1_658' title='bbox 456 4121 498 4169; x_wconf 90' lang='lat' dir='ltr'><strong>est</strong></span> <span class='ocrx_word' id='word_1_659' title='bbox 512 4113 612 4170; x_wconf 91' lang='lat' dir='ltr'><strong>album</strong></span> <span class='ocrx_word' id='word_1_660' title='bbox 627 4126 687 4170; x_wconf 88' lang='lat' dir='ltr'><strong>esse</strong></span> <span class='ocrx_word' id='word_1_661' title='bbox 704 4113 833 4184; x_wconf 90' lang='lat' dir='ltr'><strong>nigrum,</strong></span> <span class='ocrx_word' id='word_1_662' title='bbox 857 4121 884 4171; x_wconf 91' lang='lat' dir='ltr'><strong>et</strong></span> <span class='ocrx_word' id='word_1_663' title='bbox 898 4114 944 4170; x_wconf 92' lang='lat' dir='ltr'><strong>al·</strong></span> <span class='ocrx_word' id='word_1_664' title='bbox 999 4108 1065 4167; x_wconf 91' lang='lat' dir='ltr'><strong>bere</strong></span> <span class='ocrx_word' id='word_1_665' title='bbox 1077 4112 1176 4182; x_wconf 91' lang='lat' dir='ltr'><strong>puniri</strong></span> <span class='ocrx_word' id='word_1_666' title='bbox 1189 4127 1207 4168; x_wconf 93' lang='lat' dir='ltr'><strong>a</strong></span> <span class='ocrx_word' id='word_1_667' title='bbox 1223 4113 1332 4183; x_wconf 88' lang='lat' dir='ltr'><strong>judice,</strong></span> <span class='ocrx_word' id='word_1_668' title='bbox 1350 4115 1486 4171; x_wconf 87' lang='lat' dir='ltr'><strong>boccum</strong></span> <span class='ocrx_word' id='word_1_669' title='bbox 1504 4119 1644 4172; x_wconf 89' lang='lat' dir='ltr'><strong>meruisse</strong></span> <span class='ocrx_word' id='word_1_670' title='bbox 1671 4115 1798 4175; x_wconf 86' lang='lat' dir='ltr'><strong>dicimus</strong></span> <span class='ocrx_word' id='word_1_671' title='bbox 1812 4125 1842 4175; x_wconf 92' lang='lat' dir='ltr'><strong>ut</strong></span> 
     </span>
     <span class='ocr_line' id='line_1_46' title="bbox 98 4199 1842 4289; baseline -0.001 -24"><span class='ocrx_word' id='word_1_672' title='bbox 98 4206 231 4265; x_wconf 90' lang='lat' dir='ltr'><strong>bedinem</strong></span> <span class='ocrx_word' id='word_1_673' title='bbox 257 4213 285 4261; x_wconf 90' lang='lat' dir='ltr'><strong>et</strong></span> <span class='ocrx_word' id='word_1_674' title='bbox 307 4202 489 4273; x_wconf 87' lang='lat' dir='ltr'><strong>nigredinem</strong></span> <span class='ocrx_word' id='word_1_675' title='bbox 514 4203 606 4258; x_wconf 88' lang='lat' dir='ltr'><strong>eidem</strong></span> <span class='ocrx_word' id='word_1_676' title='bbox 635 4202 724 4259; x_wconf 91' lang='lat' dir='ltr'><strong>simul</strong></span> <span class='ocrx_word' id='word_1_677' title='bbox 744 4203 859 4259; x_wconf 89' lang='lat' dir='ltr'><strong>inesse:</strong></span> <span class='ocrx_word' id='word_1_678' title='bbox 884 4218 942 4261; x_wconf 93' lang='lat' dir='ltr'><strong>non</strong></span> <span class='ocrx_word' id='word_1_679' title='bbox 959 4202 981 4258; x_wconf 90' lang='grc' dir='ltr'><strong>ι)</strong></span> <span class='ocrx_word' id='word_1_680' title='bbox 998 4199 1147 4267; x_wconf 86' lang='lat' dir='ltr'><strong>puniatur.</strong></span> <span class='ocrx_word' id='word_1_681' title='bbox 1173 4200 1251 4271; x_wconf 85' lang='lat' dir='ltr'><strong>Saepe</strong></span> <span class='ocrx_word' id='word_1_682' title='bbox 1277 4202 1375 4289; x_wconf 76' lang='lat' dir='ltr'><strong>itaque</strong></span> <span class='ocrx_word' id='word_1_683' title='bbox 1394 4202 1514 4274; x_wconf 89' lang='lat' dir='ltr'><strong>contigit</strong></span> <span class='ocrx_word' id='word_1_684' title='bbox 1529 4211 1562 4260; x_wconf 95' lang='lat' dir='ltr'><strong>ut</strong></span> <span class='ocrx_word' id='word_1_685' title='bbox 1587 4205 1749 4262; x_wconf 86' lang='lat' dir='ltr'><strong>secundum</strong></span> <span class='ocrx_word' id='word_1_686' title='bbox 1771 4205 1842 4279; x_wconf 90' lang='lat' dir='ltr'><strong>legis</strong></span> 
     </span>
     <span class='ocr_line' id='line_1_47' title="bbox 97 4288 1841 4365; baseline 0 -13"><span class='ocrx_word' id='word_1_687' title='bbox 97 4303 196 4353; x_wconf 90' lang='lat' dir='ltr'><strong>tamen</strong></span> <span class='ocrx_word' id='word_1_688' title='bbox 221 4300 252 4351; x_wconf 92' lang='lat' dir='ltr'><strong>ut</strong></span> <span class='ocrx_word' id='word_1_689' title='bbox 275 4290 406 4363; x_wconf 88' lang='lat' dir='ltr'><strong>possibile</strong></span> <span class='ocrx_word' id='word_1_690' title='bbox 421 4297 464 4345; x_wconf 88' lang='lat' dir='ltr'><strong>est</strong></span> <span class='ocrx_word' id='word_1_691' title='bbox 488 4289 517 4345; x_wconf 93' lang='lat' dir='ltr'><strong>id</strong></span> <span class='ocrx_word' id='word_1_692' title='bbox 544 4290 623 4359; x_wconf 92' lang='lat' dir='ltr'><strong>quod</strong></span> <span class='ocrx_word' id='word_1_693' title='bbox 645 4298 686 4346; x_wconf 87' lang='lat' dir='ltr'><strong>est</strong></span> <span class='ocrx_word' id='word_1_694' title='bbox 701 4290 801 4346; x_wconf 93' lang='lat' dir='ltr'><strong>album</strong></span> <span class='ocrx_word' id='word_1_695' title='bbox 822 4304 882 4347; x_wconf 88' lang='lat' dir='ltr'><strong>esse</strong></span> <span class='ocrx_word' id='word_1_696' title='bbox 897 4292 940 4347; x_wconf 91' lang='lat' dir='ltr'><strong>ni·</strong></span> <span class='ocrx_word' id='word_1_697' title='bbox 996 4288 1172 4345; x_wconf 87' lang='lat' dir='ltr'><strong>sanctionem</strong></span> <span class='ocrx_word' id='word_1_698' title='bbox 1186 4289 1277 4360; x_wconf 81' lang='lat' dir='ltr'><strong>judex</strong></span> <span class='ocrx_word' id='word_1_699' title='bbox 1305 4291 1406 4349; x_wconf 90' lang='lat' dir='ltr'><strong>debeat</strong></span> <span class='ocrx_word' id='word_1_700' title='bbox 1423 4292 1551 4364; x_wconf 91' lang='lat' dir='ltr'><strong>aliquem</strong></span> <span class='ocrx_word' id='word_1_701' title='bbox 1579 4294 1695 4364; x_wconf 91' lang='lat' dir='ltr'><strong>punire,</strong></span> <span class='ocrx_word' id='word_1_702' title='bbox 1719 4294 1774 4365; x_wconf 90' lang='lat' dir='ltr'><strong>qui</strong></span> <span class='ocrx_word' id='word_1_703' title='bbox 1800 4303 1841 4352; x_wconf 86' lang='lat' dir='ltr'><strong>ta·</strong></span> 
     </span>
    </p>
   </div>
   <div class='ocr_carea' id='block_1_3' title="bbox 95 4377 1840 4541">
    <p class='ocr_par' dir='ltr' id='par_1_4' title="bbox 95 4377 1840 4541">
     <span class='ocr_line' id='line_1_48' title="bbox 96 4377 1840 4457; baseline 0.001 -16"><span class='ocrx_word' id='word_1_704' title='bbox 96 4398 194 4457; x_wconf 93' lang='lat' dir='ltr'><strong>grum,</strong></span> <span class='ocrx_word' id='word_1_705' title='bbox 218 4383 259 4439; x_wconf 90' lang='lat' dir='ltr'><strong>ita</strong></span> <span class='ocrx_word' id='word_1_706' title='bbox 277 4382 364 4439; x_wconf 89' lang='lat' dir='ltr'><strong>eliam</strong></span> <span class='ocrx_word' id='word_1_707' title='bbox 378 4377 522 4449; x_wconf 82' lang='lat' dir='ltr'><strong>possibile</strong></span> <span class='ocrx_word' id='word_1_708' title='bbox 536 4386 577 4435; x_wconf 88' lang='lat' dir='ltr'><strong>cst</strong></span> <span class='ocrx_word' id='word_1_709' title='bbox 591 4379 755 4435; x_wconf 88' lang='lat' dir='ltr'><strong>albedinem</strong></span> <span class='ocrx_word' id='word_1_710' title='bbox 770 4384 798 4434; x_wconf 90' lang='lat' dir='ltr'><strong>ct</strong></span> <span class='ocrx_word' id='word_1_711' title='bbox 813 4378 939 4451; x_wconf 88' lang='lat' dir='ltr'><strong>nigredi·</strong></span> <span class='ocrx_word' id='word_1_712' title='bbox 995 4389 1062 4432; x_wconf 91' lang='lat' dir='ltr'><strong>men</strong></span> <span class='ocrx_word' id='word_1_713' title='bbox 1076 4391 1262 4449; x_wconf 86' lang='lat' dir='ltr'><strong>nequaquam</strong></span> <span class='ocrx_word' id='word_1_714' title='bbox 1276 4394 1326 4451; x_wconf 87' lang='lat' dir='ltr'><strong>pro</strong></span> <span class='ocrx_word' id='word_1_715' title='bbox 1352 4381 1463 4438; x_wconf 92' lang='lat' dir='ltr'><strong>meritis</strong></span> <span class='ocrx_word' id='word_1_716' title='bbox 1477 4382 1539 4440; x_wconf 86' lang='lat' dir='ltr'><strong>suis</strong></span> <span class='ocrx_word' id='word_1_717' title='bbox 1563 4383 1666 4441; x_wconf 90' lang='lat' dir='ltr'><strong>debeat</strong></span> <span class='ocrx_word' id='word_1_718' title='bbox 1680 4383 1718 4440; x_wconf 94' lang='lat' dir='ltr'><strong>ab</strong></span> <span class='ocrx_word' id='word_1_719' title='bbox 1734 4398 1768 4442; x_wconf 92' lang='lat' dir='ltr'><strong>eo</strong></span> <span class='ocrx_word' id='word_1_720' title='bbox 1785 4398 1840 4456; x_wconf 92' lang='lat' dir='ltr'><strong>pu·</strong></span> 
     </span>
     <span class='ocr_line' id='line_1_49' title="bbox 95 4464 1840 4541; baseline 0 -13"><span class='ocrx_word' id='word_1_721' title='bbox 95 4486 161 4528; x_wconf 92' lang='lat' dir='ltr'><strong>nem</strong></span> <span class='ocrx_word' id='word_1_722' title='bbox 177 4471 263 4528; x_wconf 90' lang='lat' dir='ltr'><strong>simul</strong></span> <span class='ocrx_word' id='word_1_723' title='bbox 278 4470 370 4525; x_wconf 88' lang='lat' dir='ltr'><strong>eidem</strong></span> <span class='ocrx_word' id='word_1_724' title='bbox 386 4468 488 4523; x_wconf 89' lang='lat' dir='ltr'><strong>inesse.</strong></span> <span class='ocrx_word' id='word_1_725' title='bbox 994 4464 1061 4521; x_wconf 91' lang='lat' dir='ltr'><strong>niri.</strong></span> <span class='ocrx_word' id='word_1_726' title='bbox 1089 4465 1186 4523; x_wconf 87' lang='lat' dir='ltr'><strong>Veluti</strong></span> <span class='ocrx_word' id='word_1_727' title='bbox 1212 4480 1280 4523; x_wconf 90' lang='lat' dir='ltr'><strong>cum</strong></span> <span class='ocrx_word' id='word_1_728' title='bbox 1306 4468 1398 4539; x_wconf 90' lang='lat' dir='ltr'><strong>aliqui</strong></span> <span class='ocrx_word' id='word_1_729' title='bbox 1423 4469 1487 4525; x_wconf 86' lang='lat' dir='ltr'><strong>lulsi</strong></span> <span class='ocrx_word' id='word_1_730' title='bbox 1513 4478 1607 4534; x_wconf 87' lang='lat' dir='ltr'><strong>testes,</strong></span> <span class='ocrx_word' id='word_1_731' title='bbox 1628 4472 1681 4541; x_wconf 94' lang='lat' dir='ltr'><strong>qui</strong></span> <span class='ocrx_word' id='word_1_732' title='bbox 1702 4481 1802 4529; x_wconf 87' lang='lat' dir='ltr'><strong>tamen</strong></span> <span class='ocrx_word' id='word_1_733' title='bbox 1824 4484 1840 4528; x_wconf 86' lang='lat' dir='ltr'><strong>a</strong></span> 
     </span>
    </p>
   </div>
   <div class='ocr_carea' id='block_1_4' title="bbox 82 4553 1888 5521">
    <p class='ocr_par' dir='ltr' id='par_1_5' title="bbox 82 4553 1888 5521">
     <span class='ocr_line' id='line_1_50' title="bbox 128 4553 1836 4629; baseline 0.001 -14"><span class='ocrx_word' id='word_1_734' title='bbox 128 4560 202 4625; x_wconf 80' lang='lat' dir='ltr'><strong>Quid</strong></span> <span class='ocrx_word' id='word_1_735' title='bbox 222 4572 291 4629; x_wconf 90' lang='lat' dir='ltr'><strong>ergo</strong></span> <span class='ocrx_word' id='word_1_736' title='bbox 301 4556 418 4624; x_wconf 88' lang='lat' dir='ltr'><strong>mirum,</strong></span> <span class='ocrx_word' id='word_1_737' title='bbox 431 4556 456 4611; x_wconf 91' lang='lat' dir='ltr'><strong>si</strong></span> <span class='ocrx_word' id='word_1_738' title='bbox 477 4568 619 4625; x_wconf 91' lang='lat' dir='ltr'><strong>ponamus</strong></span> <span class='ocrx_word' id='word_1_739' title='bbox 638 4554 711 4609; x_wconf 91' lang='lat' dir='ltr'><strong>idem</strong></span> <span class='ocrx_word' id='word_1_740' title='bbox 723 4567 784 4610; x_wconf 90' lang='lat' dir='ltr'><strong>csse</strong></span> <span class='ocrx_word' id='word_1_741' title='bbox 799 4553 936 4625; x_wconf 87' lang='lat' dir='ltr'><strong>aliquem,</strong></span> <span class='ocrx_word' id='word_1_742' title='bbox 990 4553 1088 4624; x_wconf 86' lang='lat' dir='ltr'><strong>judice</strong></span> <span class='ocrx_word' id='word_1_743' title='bbox 1114 4554 1204 4611; x_wconf 87' lang='lat' dir='ltr'><strong>releili</strong></span> <span class='ocrx_word' id='word_1_744' title='bbox 1228 4570 1285 4612; x_wconf 91' lang='lat' dir='ltr'><strong>non</strong></span> <span class='ocrx_word' id='word_1_745' title='bbox 1303 4565 1432 4628; x_wconf 90' lang='lat' dir='ltr'><strong>possunt,</strong></span> <span class='ocrx_word' id='word_1_746' title='bbox 1455 4567 1557 4615; x_wconf 88' lang='lat' dir='ltr'><strong>contra</strong></span> <span class='ocrx_word' id='word_1_747' title='bbox 1585 4561 1770 4616; x_wconf 90' lang='lat' dir='ltr'><strong>innocentem</strong></span> <span class='ocrx_word' id='word_1_748' title='bbox 1788 4559 1836 4617; x_wconf 91' lang='lat' dir='ltr'><strong>ali·</strong></span> 
     </span>
     <span class='ocr_line' id='line_1_51' title="bbox 93 4643 1838 4720; baseline 0.001 -15"><span class='ocrx_word' id='word_1_749' title='bbox 93 4649 144 4720; x_wconf 94' lang='lat' dir='ltr'><strong>qui</strong></span> <span class='ocrx_word' id='word_1_750' title='bbox 170 4663 229 4706; x_wconf 93' lang='lat' dir='ltr'><strong>non</strong></span> <span class='ocrx_word' id='word_1_751' title='bbox 244 4656 287 4704; x_wconf 91' lang='lat' dir='ltr'><strong>est</strong></span> <span class='ocrx_word' id='word_1_752' title='bbox 299 4647 468 4713; x_wconf 72' lang='lat' dir='ltr'><strong>salvandus</strong></span> <span class='ocrx_word' id='word_1_753' title='bbox 484 4659 501 4701; x_wconf 90' lang='lat' dir='ltr'><strong>a</strong></span> <span class='ocrx_word' id='word_1_754' title='bbox 521 4646 577 4701; x_wconf 85' lang='lat' dir='ltr'><strong>Deo</strong></span> <span class='ocrx_word' id='word_1_755' title='bbox 592 4643 710 4710; x_wconf 86' lang='lat' dir='ltr'><strong>salvari,</strong></span> <span class='ocrx_word' id='word_1_756' title='bbox 729 4649 756 4699; x_wconf 92' lang='lat' dir='ltr'><strong>et</strong></span> <span class='ocrx_word' id='word_1_757' title='bbox 771 4644 863 4700; x_wconf 86' lang='lat' dir='ltr'><strong>Deum</strong></span> <span class='ocrx_word' id='word_1_758' title='bbox 879 4645 933 4701; x_wconf 91' lang='lat' dir='ltr'><strong>sal·</strong></span> <span class='ocrx_word' id='word_1_759' title='bbox 992 4656 1080 4712; x_wconf 90' lang='lat' dir='ltr'><strong>quem</strong></span> <span class='ocrx_word' id='word_1_760' title='bbox 1094 4652 1229 4714; x_wconf 91' lang='lat' dir='ltr'><strong>surgunt,</strong></span> <span class='ocrx_word' id='word_1_761' title='bbox 1248 4652 1276 4700; x_wconf 93' lang='grc' dir='ltr'><strong>ει</strong></span> <span class='ocrx_word' id='word_1_762' title='bbox 1291 4647 1451 4703; x_wconf 91' lang='lat' dir='ltr'><strong>secundum</strong></span> <span class='ocrx_word' id='word_1_763' title='bbox 1472 4646 1550 4717; x_wconf 82' lang='lat' dir='ltr'><strong>leges</strong></span> <span class='ocrx_word' id='word_1_764' title='bbox 1576 4661 1642 4703; x_wconf 88' lang='lat' dir='ltr'><strong>eum</strong></span> <span class='ocrx_word' id='word_1_765' title='bbox 1661 4661 1742 4704; x_wconf 90' lang='lat' dir='ltr'><strong>reum</strong></span> <span class='ocrx_word' id='word_1_766' title='bbox 1772 4663 1838 4706; x_wconf 89' lang='lat' dir='ltr'><strong>con·</strong></span> 
     </span>
     <span class='ocr_line' id='line_1_52' title="bbox 91 4732 1837 4808; baseline 0.001 -15"><span class='ocrx_word' id='word_1_767' title='bbox 91 4752 160 4795; x_wconf 82' lang='lat' dir='ltr'><strong>vare</strong></span> <span class='ocrx_word' id='word_1_768' title='bbox 174 4753 251 4806; x_wconf 92' lang='lat' dir='ltr'><strong>eum,</strong></span> <span class='ocrx_word' id='word_1_769' title='bbox 267 4751 320 4794; x_wconf 90' lang='lat' dir='ltr'><strong>neo</strong></span> <span class='ocrx_word' id='word_1_770' title='bbox 347 4744 444 4792; x_wconf 91' lang='lat' dir='ltr'><strong>tamen</strong></span> <span class='ocrx_word' id='word_1_771' title='bbox 461 4736 523 4791; x_wconf 90' lang='lat' dir='ltr'><strong>ideo</strong></span> <span class='ocrx_word' id='word_1_772' title='bbox 545 4733 716 4802; x_wconf 89' lang='lat' dir='ltr'><strong>recipiamus</strong></span> <span class='ocrx_word' id='word_1_773' title='bbox 745 4733 836 4789; x_wconf 84' lang='lat' dir='ltr'><strong>ileum</strong></span> <span class='ocrx_word' id='word_1_774' title='bbox 856 4748 937 4804; x_wconf 91' lang='lat' dir='ltr'><strong>posse</strong></span> <span class='ocrx_word' id='word_1_775' title='bbox 991 4732 1174 4803; x_wconf 79' lang='lat' dir='ltr'><strong>vincuntqui</strong></span> <span class='ocrx_word' id='word_1_776' title='bbox 1186 4746 1252 4789; x_wconf 89' lang='lat' dir='ltr'><strong>reus</strong></span> <span class='ocrx_word' id='word_1_777' title='bbox 1265 4748 1323 4789; x_wconf 93' lang='lat' dir='ltr'><strong>non</strong></span> <span class='ocrx_word' id='word_1_778' title='bbox 1331 4742 1383 4801; x_wconf 91' lang='grc' dir='ltr'><strong>εει,</strong></span> <span class='ocrx_word' id='word_1_779' title='bbox 1395 4735 1509 4791; x_wconf 88' lang='lat' dir='ltr'><strong>etcredl</strong></span> <span class='ocrx_word' id='word_1_780' title='bbox 1521 4733 1632 4791; x_wconf 88' lang='lat' dir='ltr'><strong>iaciunt</strong></span> <span class='ocrx_word' id='word_1_781' title='bbox 1645 4735 1837 4808; x_wconf 75' lang='lat' dir='ltr'><strong>culpamque</strong></span> 
     </span>
     <span class='ocr_line' id='line_1_53' title="bbox 89 4822 1836 4896; baseline -0.001 -12"><span class='ocrx_word' id='word_1_782' title='bbox 89 4827 202 4884; x_wconf 88' lang='lat' dir='ltr'><strong>salvare</strong></span> <span class='ocrx_word' id='word_1_783' title='bbox 220 4842 298 4894; x_wconf 94' lang='lat' dir='ltr'><strong>eum,</strong></span> <span class='ocrx_word' id='word_1_784' title='bbox 325 4826 398 4882; x_wconf 84' lang='lat' dir='ltr'><strong>sient</strong></span> <span class='ocrx_word' id='word_1_785' title='bbox 426 4822 610 4881; x_wconf 92' lang='lat' dir='ltr'><strong>concedimus</strong></span> <span class='ocrx_word' id='word_1_786' title='bbox 631 4836 697 4878; x_wconf 91' lang='lat' dir='ltr'><strong>eum</strong></span> <span class='ocrx_word' id='word_1_787' title='bbox 726 4835 806 4892; x_wconf 89' lang='lat' dir='ltr'><strong>posse</strong></span> <span class='ocrx_word' id='word_1_788' title='bbox 828 4822 936 4880; x_wconf 85' lang='lat' dir='ltr'><strong>salvari</strong></span> <span class='ocrx_word' id='word_1_789' title='bbox 990 4828 1114 4877; x_wconf 91' lang='lat' dir='ltr'><strong>nonest.</strong></span> <span class='ocrx_word' id='word_1_790' title='bbox 1132 4822 1212 4879; x_wconf 90' lang='lat' dir='ltr'><strong>Unde</strong></span> <span class='ocrx_word' id='word_1_791' title='bbox 1235 4823 1337 4879; x_wconf 89' lang='lat' dir='ltr'><strong>accidit</strong></span> <span class='ocrx_word' id='word_1_792' title='bbox 1371 4830 1413 4890; x_wconf 90' lang='lat' dir='ltr'><strong>ut,</strong></span> <span class='ocrx_word' id='word_1_793' title='bbox 1438 4824 1513 4881; x_wconf 91' lang='lat' dir='ltr'><strong>sicut</strong></span> <span class='ocrx_word' id='word_1_794' title='bbox 1540 4826 1718 4892; x_wconf 90' lang='lat' dir='ltr'><strong>dictumest,</strong></span> <span class='ocrx_word' id='word_1_795' title='bbox 1743 4827 1836 4896; x_wconf 83' lang='lat' dir='ltr'><strong>judex</strong></span> 
     </span>
     <span class='ocr_line' id='line_1_54' title="bbox 88 4908 1835 4986; baseline -0.001 -15"><span class='ocrx_word' id='word_1_796' title='bbox 88 4917 203 4974; x_wconf 83' lang='lat' dir='ltr'><strong>alleo‘l</strong></span> <span class='ocrx_word' id='word_1_797' title='bbox 218 4916 329 4986; x_wconf 89' lang='lat' dir='ltr'><strong>Quippe</strong></span> <span class='ocrx_word' id='word_1_798' title='bbox 352 4927 418 4970; x_wconf 92' lang='lat' dir='ltr'><strong>oum</strong></span> <span class='ocrx_word' id='word_1_799' title='bbox 433 4911 556 4968; x_wconf 90' lang='lat' dir='ltr'><strong>dicimus</strong></span> <span class='ocrx_word' id='word_1_800' title='bbox 577 4925 645 4967; x_wconf 93' lang='lat' dir='ltr'><strong>eum</strong></span> <span class='ocrx_word' id='word_1_801' title='bbox 674 4925 753 4981; x_wconf 91' lang='lat' dir='ltr'><strong>posse</strong></span> <span class='ocrx_word' id='word_1_802' title='bbox 768 4926 784 4966; x_wconf 89' lang='lat' dir='ltr'><strong>a</strong></span> <span class='ocrx_word' id='word_1_803' title='bbox 801 4911 857 4967; x_wconf 87' lang='lat' dir='ltr'><strong>Deo</strong></span> <span class='ocrx_word' id='word_1_804' title='bbox 877 4912 934 4968; x_wconf 91' lang='lat' dir='ltr'><strong>sai·</strong></span> <span class='ocrx_word' id='word_1_805' title='bbox 990 4908 1092 4967; x_wconf 90' lang='lat' dir='ltr'><strong>debeat</strong></span> <span class='ocrx_word' id='word_1_806' title='bbox 1105 4925 1172 4967; x_wconf 90' lang='lat' dir='ltr'><strong>eum</strong></span> <span class='ocrx_word' id='word_1_807' title='bbox 1189 4912 1302 4980; x_wconf 89' lang='lat' dir='ltr'><strong>punire,</strong></span> <span class='ocrx_word' id='word_1_808' title='bbox 1317 4911 1369 4982; x_wconf 92' lang='lat' dir='ltr'><strong>qui</strong></span> <span class='ocrx_word' id='word_1_809' title='bbox 1387 4921 1482 4968; x_wconf 92' lang='lat' dir='ltr'><strong>tamen</strong></span> <span class='ocrx_word' id='word_1_810' title='bbox 1506 4927 1565 4968; x_wconf 94' lang='lat' dir='ltr'><strong>non</strong></span> <span class='ocrx_word' id='word_1_811' title='bbox 1592 4912 1675 4969; x_wconf 89' lang='lat' dir='ltr'><strong>debet</strong></span> <span class='ocrx_word' id='word_1_812' title='bbox 1704 4913 1835 4984; x_wconf 77' lang='lat' dir='ltr'><strong>puniris</strong></span> 
     </span>
     <span class='ocr_line' id='line_1_55' title="bbox 87 4997 1833 5074; baseline -0.003 -11"><span class='ocrx_word' id='word_1_813' title='bbox 87 5007 161 5074; x_wconf 88' lang='lat' dir='ltr'><strong>vari,</strong></span> <span class='ocrx_word' id='word_1_814' title='bbox 178 5007 213 5062; x_wconf 89' lang='lat' dir='ltr'><strong>ad</strong></span> <span class='ocrx_word' id='word_1_815' title='bbox 233 5005 397 5062; x_wconf 87' lang='lat' dir='ltr'><strong>lucilitatem</strong></span> <span class='ocrx_word' id='word_1_816' title='bbox 425 5001 560 5074; x_wconf 84' lang='lat' dir='ltr'><strong>bumanae</strong></span> <span class='ocrx_word' id='word_1_817' title='bbox 575 5008 688 5057; x_wconf 74' lang='lat' dir='ltr'><strong>nature</strong></span> <span class='ocrx_word' id='word_1_818' title='bbox 717 4999 949 5070; x_wconf 85' lang='lat' dir='ltr'><strong>possibilitatem·</strong></span> <span class='ocrx_word' id='word_1_819' title='bbox 987 4997 1093 5069; x_wconf 78' lang='lat' dir='ltr'><strong>iudica,</strong></span> <span class='ocrx_word' id='word_1_820' title='bbox 1115 5007 1142 5058; x_wconf 90' lang='grc' dir='ltr'><strong>ει</strong></span> <span class='ocrx_word' id='word_1_821' title='bbox 1162 5000 1215 5057; x_wconf 92' lang='lat' dir='ltr'><strong>boc</strong></span> <span class='ocrx_word' id='word_1_822' title='bbox 1229 5014 1314 5072; x_wconf 90' lang='lat' dir='ltr'><strong>agere</strong></span> <span class='ocrx_word' id='word_1_823' title='bbox 1330 5001 1442 5071; x_wconf 89' lang='lat' dir='ltr'><strong>justum</strong></span> <span class='ocrx_word' id='word_1_824' title='bbox 1463 5001 1500 5058; x_wconf 93' lang='lat' dir='ltr'><strong>sit</strong></span> <span class='ocrx_word' id='word_1_825' title='bbox 1512 5001 1625 5071; x_wconf 87' lang='lat' dir='ltr'><strong>judici:</strong></span> <span class='ocrx_word' id='word_1_826' title='bbox 1643 5001 1722 5071; x_wconf 91' lang='lat' dir='ltr'><strong>quod</strong></span> <span class='ocrx_word' id='word_1_827' title='bbox 1738 5010 1833 5060; x_wconf 90' lang='lat' dir='ltr'><strong>tamen</strong></span> 
     </span>
     <span class='ocr_line' id='line_1_56' title="bbox 85 5088 1833 5165; baseline -0.002 -11"><span class='ocrx_word' id='word_1_828' title='bbox 85 5097 264 5162; x_wconf 90' lang='lat' dir='ltr'><strong>reducimus,</strong></span> <span class='ocrx_word' id='word_1_829' title='bbox 280 5108 314 5150; x_wconf 94' lang='lat' dir='ltr'><strong>ac</strong></span> <span class='ocrx_word' id='word_1_830' title='bbox 336 5092 360 5149; x_wconf 92' lang='lat' dir='ltr'><strong>si</strong></span> <span class='ocrx_word' id='word_1_831' title='bbox 387 5089 518 5148; x_wconf 83' lang='lat' dir='ltr'><strong>videlicet</strong></span> <span class='ocrx_word' id='word_1_832' title='bbox 532 5091 693 5147; x_wconf 86' lang='lat' dir='ltr'><strong>diceremus</strong></span> <span class='ocrx_word' id='word_1_833' title='bbox 708 5097 821 5147; x_wconf 83' lang='lat' dir='ltr'><strong>naturae</strong></span> <span class='ocrx_word' id='word_1_834' title='bbox 839 5090 930 5146; x_wconf 84' lang='lat' dir='ltr'><strong>homi·</strong></span> <span class='ocrx_word' id='word_1_835' title='bbox 989 5088 1047 5159; x_wconf 91' lang='lat' dir='ltr'><strong>pati</strong></span> <span class='ocrx_word' id='word_1_836' title='bbox 1058 5102 1116 5144; x_wconf 91' lang='lat' dir='ltr'><strong>non</strong></span> <span class='ocrx_word' id='word_1_837' title='bbox 1132 5089 1295 5160; x_wconf 91' lang='lat' dir='ltr'><strong>estjustum</strong></span> <span class='ocrx_word' id='word_1_838' title='bbox 1311 5090 1363 5160; x_wconf 92' lang='lat' dir='ltr'><strong>illi,</strong></span> <span class='ocrx_word' id='word_1_839' title='bbox 1385 5090 1439 5146; x_wconf 93' lang='lat' dir='ltr'><strong>boc</strong></span> <span class='ocrx_word' id='word_1_840' title='bbox 1453 5099 1495 5148; x_wconf 90' lang='lat' dir='ltr'><strong>est</strong></span> <span class='ocrx_word' id='word_1_841' title='bbox 1507 5090 1649 5147; x_wconf 90' lang='lat' dir='ltr'><strong>debitum.</strong></span> <span class='ocrx_word' id='word_1_842' title='bbox 1666 5090 1746 5150; x_wconf 84' lang='lat' dir='ltr'><strong>Sicut</strong></span> <span class='ocrx_word' id='word_1_843' title='bbox 1765 5105 1833 5165; x_wconf 89' lang='lat' dir='ltr'><strong>ergo</strong></span> 
     </span>
     <span class='ocr_line' id='line_1_57' title="bbox 84 5176 1888 5253; baseline -0.003 -12"><span class='ocrx_word' id='word_1_844' title='bbox 84 5184 131 5241; x_wconf 91' lang='lat' dir='ltr'><strong>nis</strong></span> <span class='ocrx_word' id='word_1_845' title='bbox 145 5199 204 5241; x_wconf 92' lang='lat' dir='ltr'><strong>non</strong></span> <span class='ocrx_word' id='word_1_846' title='bbox 219 5183 273 5240; x_wconf 95' lang='lat' dir='ltr'><strong>boc</strong></span> <span class='ocrx_word' id='word_1_847' title='bbox 289 5195 465 5253; x_wconf 88' lang='lat' dir='ltr'><strong>repugnare,</strong></span> <span class='ocrx_word' id='word_1_848' title='bbox 491 5187 524 5237; x_wconf 90' lang='lat' dir='ltr'><strong>ut</strong></span> <span class='ocrx_word' id='word_1_849' title='bbox 551 5180 609 5250; x_wconf 91' lang='lat' dir='ltr'><strong>ipse</strong></span> <span class='ocrx_word' id='word_1_850' title='bbox 629 5179 766 5247; x_wconf 85' lang='lat' dir='ltr'><strong>salvetur,</strong></span> <span class='ocrx_word' id='word_1_851' title='bbox 783 5179 834 5248; x_wconf 91' lang='lat' dir='ltr'><strong>qni</strong></span> <span class='ocrx_word' id='word_1_852' title='bbox 858 5179 890 5236; x_wconf 95' lang='lat' dir='ltr'><strong>in</strong></span> <span class='ocrx_word' id='word_1_853' title='bbox 903 5194 933 5238; x_wconf 90' lang='lat' dir='ltr'><strong>se</strong></span> <span class='ocrx_word' id='word_1_854' title='bbox 988 5176 1035 5235; x_wconf 89' lang='lat' dir='ltr'><strong>bic</strong></span> <span class='ocrx_word' id='word_1_855' title='bbox 1049 5178 1184 5250; x_wconf 82' lang='lat' dir='ltr'><strong>quamvis</strong></span> <span class='ocrx_word' id='word_1_856' title='bbox 1199 5179 1272 5235; x_wconf 92' lang='lat' dir='ltr'><strong>idem</strong></span> <span class='ocrx_word' id='word_1_857' title='bbox 1283 5179 1319 5236; x_wconf 88' lang='lat' dir='ltr'><strong>sit</strong></span> <span class='ocrx_word' id='word_1_858' title='bbox 1329 5178 1456 5250; x_wconf 87' lang='lat' dir='ltr'><strong>judicem</strong></span> <span class='ocrx_word' id='word_1_859' title='bbox 1471 5179 1576 5250; x_wconf 87' lang='lat' dir='ltr'><strong>punire</strong></span> <span class='ocrx_word' id='word_1_860' title='bbox 1590 5179 1689 5246; x_wconf 91' lang='lat' dir='ltr'><strong>istum,</strong></span> <span class='ocrx_word' id='word_1_861' title='bbox 1705 5187 1734 5236; x_wconf 91' lang='lat' dir='ltr'><strong>et</strong></span> <span class='ocrx_word' id='word_1_862' title='bbox 1747 5180 1832 5238; x_wconf 89' lang='lat' dir='ltr'><strong>istum</strong></span> <span class='ocrx_word' id='word_1_863' title='bbox 1885 5192 1888 5201; x_wconf 83' lang='grc'><strong>’</strong></span> 
     </span>
     <span class='ocr_line' id='line_1_58' title="bbox 85 5252 1887 5340; baseline -0.001 -13"><span class='ocrx_word' id='word_1_864' title='bbox 85 5272 352 5338; x_wconf 85' lang='lat' dir='ltr'><strong>itamutabilisest,</strong></span> <span class='ocrx_word' id='word_1_865' title='bbox 372 5278 477 5328; x_wconf 88' lang='lat' dir='ltr'><strong>uttam</strong></span> <span class='ocrx_word' id='word_1_866' title='bbox 499 5268 654 5327; x_wconf 81' lang='lat' dir='ltr'><strong>salvationi</strong></span> <span class='ocrx_word' id='word_1_867' title='bbox 674 5267 931 5340; x_wconf 87' lang='lat' dir='ltr'><strong>suaeqnamdam·</strong></span> <span class='ocrx_word' id='word_1_868' title='bbox 987 5266 1086 5338; x_wconf 92' lang='lat' dir='ltr'><strong>puniri</strong></span> <span class='ocrx_word' id='word_1_869' title='bbox 1111 5267 1252 5338; x_wconf 86' lang='lat' dir='ltr'><strong>ajudioc,</strong></span> <span class='ocrx_word' id='word_1_870' title='bbox 1270 5282 1331 5325; x_wconf 91' lang='lat' dir='ltr'><strong>non</strong></span> <span class='ocrx_word' id='word_1_871' title='bbox 1352 5275 1450 5326; x_wconf 89' lang='lat' dir='ltr'><strong>temen</strong></span> <span class='ocrx_word' id='word_1_872' title='bbox 1479 5268 1542 5326; x_wconf 93' lang='lat' dir='ltr'><strong>ideo</strong></span> <span class='ocrx_word' id='word_1_873' title='bbox 1561 5267 1638 5324; x_wconf 91' lang='lat' dir='ltr'><strong>sicut</strong></span> <span class='ocrx_word' id='word_1_874' title='bbox 1662 5269 1779 5340; x_wconf 79' lang='lat' dir='ltr'><strong>justum</strong></span> <span class='ocrx_word' id='word_1_875' title='bbox 1792 5274 1832 5326; x_wconf 85' lang='lat' dir='ltr'><strong>est</strong></span> <span class='ocrx_word' id='word_1_876' title='bbox 1883 5252 1887 5283; x_wconf 78' lang='lat'>⁵</span> 
     </span>
     <span class='ocr_line' id='line_1_59' title="bbox 82 5354 1829 5428; baseline 0.001 -13"><span class='ocrx_word' id='word_1_877' title='bbox 82 5360 194 5416; x_wconf 90' lang='lat' dir='ltr'><strong>nationi</strong></span> <span class='ocrx_word' id='word_1_878' title='bbox 213 5359 384 5425; x_wconf 88' lang='lat' dir='ltr'><strong>consentiat,</strong></span> <span class='ocrx_word' id='word_1_879' title='bbox 400 5366 503 5416; x_wconf 91' lang='lat' dir='ltr'><strong>ettam</strong></span> <span class='ocrx_word' id='word_1_880' title='bbox 526 5358 581 5416; x_wconf 91' lang='lat' dir='ltr'><strong>hoo</strong></span> <span class='ocrx_word' id='word_1_881' title='bbox 604 5371 695 5428; x_wconf 92' lang='lat' dir='ltr'><strong>qnam</strong></span> <span class='ocrx_word' id='word_1_882' title='bbox 716 5357 746 5414; x_wconf 95' lang='lat' dir='ltr'><strong>in</strong></span> <span class='ocrx_word' id='word_1_883' title='bbox 775 5357 823 5413; x_wconf 93' lang='lat' dir='ltr'><strong>illo</strong></span> <span class='ocrx_word' id='word_1_884' title='bbox 846 5356 930 5414; x_wconf 91' lang='lat' dir='ltr'><strong>modo</strong></span> <span class='ocrx_word' id='word_1_885' title='bbox 983 5354 1112 5426; x_wconf 84' lang='lat' dir='ltr'><strong>judicem</strong></span> <span class='ocrx_word' id='word_1_886' title='bbox 1124 5356 1228 5428; x_wconf 88' lang='lat' dir='ltr'><strong>punire</strong></span> <span class='ocrx_word' id='word_1_887' title='bbox 1243 5357 1341 5426; x_wconf 92' lang='lat' dir='ltr'><strong>istum,</strong></span> <span class='ocrx_word' id='word_1_888' title='bbox 1370 5369 1457 5428; x_wconf 91' lang='lat' dir='ltr'><strong>quem</strong></span> <span class='ocrx_word' id='word_1_889' title='bbox 1483 5356 1569 5428; x_wconf 83' lang='lat' dir='ltr'><strong>juste,</strong></span> <span class='ocrx_word' id='word_1_890' title='bbox 1592 5363 1627 5413; x_wconf 91' lang='lat' dir='ltr'><strong>ut</strong></span> <span class='ocrx_word' id='word_1_891' title='bbox 1652 5355 1766 5414; x_wconf 91' lang='lat' dir='ltr'><strong>dictum</strong></span> <span class='ocrx_word' id='word_1_892' title='bbox 1780 5362 1829 5418; x_wconf 83' lang='lat' dir='ltr'><strong>est.</strong></span> 
     </span>
     <span class='ocr_line' id='line_1_60' title="bbox 82 5440 1830 5521; baseline -0.001 -16"><span class='ocrx_word' id='word_1_893' title='bbox 82 5446 261 5506; x_wconf 85' lang='lat' dir='ltr'><strong>tractabilem</strong></span> <span class='ocrx_word' id='word_1_894' title='bbox 289 5463 319 5506; x_wconf 91' lang='lat' dir='ltr'><strong>se</strong></span> <span class='ocrx_word' id='word_1_895' title='bbox 344 5449 402 5506; x_wconf 86' lang='lat' dir='ltr'><strong>beo</strong></span> <span class='ocrx_word' id='word_1_896' title='bbox 430 5445 566 5516; x_wconf 80' lang='lat' dir='ltr'><strong>prebeat.</strong></span> <span class='ocrx_word' id='word_1_897' title='bbox 589 5444 662 5502; x_wconf 76' lang='lat' dir='ltr'><strong>Cum</strong></span> <span class='ocrx_word' id='word_1_898' title='bbox 686 5451 784 5503; x_wconf 91' lang='lat' dir='ltr'><strong>aulem</strong></span> <span class='ocrx_word' id='word_1_899' title='bbox 804 5443 931 5502; x_wconf 89' lang='lat' dir='ltr'><strong>dicimus</strong></span> <span class='ocrx_word' id='word_1_900' title='bbox 986 5445 1147 5506; x_wconf 75' lang='lat' dir='ltr'><strong>monadum</strong></span> <span class='ocrx_word' id='word_1_901' title='bbox 1164 5443 1257 5520; x_wconf 87' lang='lat' dir='ltr'><strong>legem</strong></span> <span class='ocrx_word' id='word_1_902' title='bbox 1277 5444 1384 5521; x_wconf 89' lang='lat' dir='ltr'><strong>punit;</strong></span> <span class='ocrx_word' id='word_1_903' title='bbox 1400 5445 1441 5505; x_wconf 89' lang='lat' dir='ltr'><strong>lta</strong></span> <span class='ocrx_word' id='word_1_904' title='bbox 1455 5445 1542 5505; x_wconf 82' lang='lat' dir='ltr'><strong>etiam</strong></span> <span class='ocrx_word' id='word_1_905' title='bbox 1560 5444 1676 5517; x_wconf 80' lang='lat' dir='ltr'><strong>justum</strong></span> <span class='ocrx_word' id='word_1_906' title='bbox 1690 5452 1735 5504; x_wconf 89' lang='lat' dir='ltr'><strong>est</strong></span> <span class='ocrx_word' id='word_1_907' title='bbox 1748 5440 1830 5504; x_wconf 81' lang='lat' dir='ltr'><strong>illum</strong></span> 
     </span>
    </p>
   </div>
   <div class='ocr_carea' id='block_1_5' title="bbox 0 0 1906 5962">
    <p class='ocr_par' dir='ltr' id='par_1_6' title="bbox 0 0 1906 5962">
     <span class='ocr_line' id='line_1_61' title="bbox 0 0 1906 5962; baseline 0 17"><span class='ocrx_word' id='word_1_908' title='bbox 0 0 1906 5962; x_wconf 95' lang='lat' dir='ltr'><strong> </strong></span> 
     </span>
    </p>
   </div>
  </div>
 </body>
</html>
