3804 5962
120 218 189 274 tout
386 213 487 269 PETRI
506 211 693 269 numinum
713 212 790 269 OPP.
811 212 901 269 PARS
923 211 1009 270 lll.·-
1019 208 1244 269 tariotooicn
1264 208 1309 267 lsi
1328 165 1595 268 Pflttosorfllca.
1800 213 1866 269 1011

119 345 247 411 diversa,
262 342 334 414 quid
349 342 457 399 mirum
482 341 506 398 si
523 354 583 397 uua
597 348 783 412 permanente
811 339 967 398 diuinaes-
982 339 1009 397 Δ
1023 338 1073 395 illa
1096 352 1212 396 summa
1235 338 1374 394 'l'riuitate
1397 337 1473 393 Deus
1500 338 1584 417 Pater
1598 337 1642 394 vel
1673 350 1738 409 epus
1761 336 1863 407 Filius,

119 432 223 499 sentia,
250 431 372 487 diverse
395 443 460 502 quae
488 429 519 485 in
544 429 592 486 illo
616 429 673 486 sint
699 430 896 500 proprietates,
923 444 964 485 se·
1021 429 1080 486 sive
1113 429 1265 485 amborum
1291 425 1417 497 Spiritus
1440 432 1570 482 sanetus.
1601 423 1681 483 Sient
1707 425 1798 483 etiam
1815 426 1859 484 iol.

118 520 249 580 cundum
263 532 337 589 quas
352 517 492 588 distingui
512 525 568 574 tres
582 531 709 588 personae
731 524 841 589 queant
856 517 870 573 ‘l
888 518 967 575 Sicut
1021 531 1107 573 nemo
1126 517 1380 588 grammaticorum
1405 515 1474 571 dicit
1488 514 1612 586 primam
1639 529 1794 598 personam
1809 529 1864 573 esse

121 608 250 668 enimin
273 621 332 662 uno
357 606 548 677 homineqni
574 606 845 663 simulsubslantia
876 613 918 662 est
939 614 967 663 et
1021 607 1176 662 secundam
1204 612 1254 662 aut
1278 606 1401 671 tertiam,
1426 617 1494 659 cuin
1517 603 1575 659 sint
1617 618 1720 660 earnm
1744 604 1864 661 diverse

121 710 235 768 corpus,
265 695 310 751 vel
334 702 435 751 caetera
457 694 658 766 singulaque
682 696 820 765 predicta
846 700 967 762 sunt,et
1022 693 1219 763 proprietates,
1244 691 1489 759 liceteademres,
1510 697 1543 747 ut
1559 691 1699 761 diximus,
1732 705 1801 764 quae
1827 699 1865 750 est

121 785 251 845 fortassis
265 791 410 855 qnantum
431 782 467 839 ad
490 784 620 840 diversos
635 791 758 854 pateret
787 784 875 851 lilius,
910 784 968 839 alia
1021 781 1116 852 prima
1131 794 1252 851 persona
1273 781 1310 836 sit
1326 779 1455 836 secunda
1468 779 1513 836 vel
1534 783 1628 849 tertia,
1647 780 1688 837 ita
1703 788 1732 838 et
1751 780 1783 838 in
1799 783 1863 850 ileo,

119 885 162 933 est
185 875 345 946 proprietas
373 871 550 937 substantiae,
568 872 626 928 alia
641 872 779 942 corporis,
795 881 822 929 et
849 881 967 929 caetero-
1022 883 1089 926 cnm
1113 871 1214 926 eadem
1240 869 1363 926 essentia
1398 881 1464 940 quae
1480 875 1522 924 est
1549 870 1641 938 Pater,
1670 869 1707 925 sit
1728 868 1822 927 Filius
1841 879 1865 927 et

118 976 196 1032 rum,
210 969 238 1017 et
260 960 318 1016 alia
340 967 382 1017 est
408 959 497 1030 patris
520 965 547 1015 et
574 958 635 1025 lilii,
661 960 746 1016 itaet
773 960 804 1016 in
827 960 884 1016 Deo
903 959 968 1016 licet
1022 957 1144 1028 Spiritus
1158 965 1287 1025 sanctus,
1306 971 1390 1014 nemo
1405 959 1586 1015 orthodoxus
1606 957 1676 1014 dicit
1695 972 1789 1015 unam
1812 973 1865 1030 pcr-

89 1044 92 1050 ’
118 1051 219 1110 eadem
233 1049 357 1106 essentia
380 1048 417 1105 sit
431 1049 516 1105 Pater
529 1055 557 1103 et
584 1048 677 1104 Filius
699 1055 727 1104 et
746 1047 872 1119 Spiritus
899 1062 967 1105 san·
1022 1061 1121 1103 sonam
1150 1061 1210 1104 esse
1234 1047 1365 1103 alteram.
1395 1046 1477 1114 Quod
1509 1046 1533 1103 si
1560 1053 1622 1117 post
1645 1047 1863 1118 grammaticam

118 1148 195 1208 otus,
216 1139 272 1195 alia
300 1146 397 1194 tamen
425 1145 467 1193 est
495 1137 655 1207 proprietas
671 1137 772 1205 Patris,
801 1137 964 1194 secundum
1022 1136 1108 1208 quasi
1133 1136 1274 1206 puerilem
1288 1135 1472 1205 disciplinam
1491 1134 1528 1190 ad
1556 1134 1787 1206 philosophicam
1804 1150 1863 1206 per·

119 1229 196 1302 quod
207 1227 315 1284 scilicet
330 1233 457 1298 generat,
479 1225 537 1281 alia
552 1223 630 1293 Filii,
653 1225 813 1283 secundum
828 1226 906 1297 quod
920 1239 968 1297 ge·
1022 1225 1172 1282 lectionem
1197 1225 1387 1299 conscendore
1416 1224 1510 1295 juvat,
1543 1229 1575 1279 ut
1612 1223 1721 1281 scilicet
1754 1231 1864 1281 tantum

119 1327 251 1384 neratnr,
267 1317 323 1373 alia
338 1316 462 1387 Spiritus
481 1316 584 1384 sancti,
600 1316 761 1372 seeundum
773 1314 853 1386 quod
873 1329 968 1386 proce
1022 1315 1154 1386 aliquam
1168 1314 1204 1370 ad
1225 1314 1403 1384 propositum
1423 1321 1555 1369 nostrum
1568 1311 1702 1370 idoneam
1715 1325 1865 1370 sumemus

119 1406 170 1462 dit.
188 1405 267 1469 Quas
292 1405 410 1475 quidem
425 1405 625 1474 propritetates
641 1404 756 1475 plenius
774 1417 965 1474 exponemus.
1022 1402 1254 1470 similitudinem,
1269 1416 1321 1458 nec
1333 1402 1372 1458 ibi
1399 1402 1483 1459 nobis
1498 1400 1605 1459 divinat
1632 1401 1735 1472 gratiae
1763 1401 1864 1460 suifra-

121 1493 229 1566 Siquis
244 1494 316 1550 torte
332 1493 360 1548 id
374 1493 453 1563 quod
467 1492 502 1548 de
522 1506 622 1549 rerum
651 1492 810 1562 identitate,
827 1492 872 1549 vel
901 1506 966 1562 pro·
1023 1493 1105 1564 glum
1119 1491 1218 1563 deerit,
1240 1491 1363 1546 maxime
1378 1504 1446 1546 cum
1461 1491 1495 1547 de
1513 1488 1581 1560 ipsis
1595 1489 1752 1559 Apostolus
1776 1490 1863 1561 pnite

72 1587 75 1591 ’
121 1583 278 1653 prietatum
303 1581 468 1637 diversitate
501 1588 707 1649 monstramus,
737 1595 793 1637 non
823 1581 893 1637 satis
930 1579 966 1636 ad
1022 1582 1119 1653 sophis
1130 1580 1260 1652 loquens,
1277 1586 1385 1637 asserat
1404 1578 1637 1635 illosocreotura
1650 1576 1816 1649 mundipcr
1835 1594 1864 1634 eo

119 1685 285 1742 remquam
312 1671 514 1741 proposuimus
541 1671 683 1740 pertinere
695 1669 783 1739 dicat,
798 1671 855 1726 nisi
880 1669 965 1726 etiam
982 1686 1004 1743 B
1022 1685 1081 1740 que
1095 1672 1172 1736 scoto
1199 1674 1274 1736 sunt,
1302 1668 1440 1724 intellecto
1455 1668 1674 1738 conspiciuntur,
1702 1670 1864 1739 senpdemo

120 1761 151 1817 in
166 1760 313 1833 aliquibus
335 1760 422 1816 rebus
444 1773 504 1816 una
519 1760 848 1830 permanenteessentia,
870 1758 967 1829 piures
1022 1774 1129 1830 qouque
1158 1759 1217 1828 ejece
1245 1760 1335 1812 uirtus
1355 1762 1380 1812 et
1410 1756 1648 1826 diolcitosfflom.
1673 1773 1694 1828 r,
1725 1757 1785 1830 ²0).
1816 1757 1863 1814 libi

98 1863 243 1921 uquoquo
294 1851 378 1904 modo
417 1861 554 1917 personas
592 1849 683 1904 inesse
726 1849 965 1916 demonstremus,
1021 1848 1139 1920 quidem
1154 1860 1220 1903 cum
1240 1847 1289 1908 ait,
1303 1845 1458 1902 inuisibilia
1471 1848 1569 1916 ipsius,
1596 1848 1679 1905 idest
1700 1846 1767 1915 Dei,
1797 1846 1862 1918 qnia

121 1944 259 2010 agnoscat
273 1937 385 1993 nullam
400 1949 437 1992 ex
452 1936 748 2004 totosimilitudinem,
764 1938 813 1993 sed
832 1951 869 1994 ex
885 1943 966 2008 parte
1021 1938 1110 1994 etiam
1125 1938 1186 2007 ipso
1214 1935 1328 1993 nomine
1356 1935 1487 2006 spiritus,
1505 1935 1660 1992 invisibilis
1684 1942 1794 1992 natura
1820 1935 1863 1991 de·

121 2027 250 2098 aliquam
261 2026 371 2082 induci.
396 2024 535 2096 Alioquin
551 2026 686 2082 identitas
702 2025 798 2096 potius
817 2039 907 2096 quam
927 2024 968 2080 si·
1022 2026 1176 2096 claratur;
1210 2029 1238 2081 et
1267 2024 1425 2095 pluraliter,
1443 2032 1474 2081 ut
1501 2025 1680 2092 dictumest,
1713 2024 1864 2080 invisibilia

120 2115 254 2171 mititudo
279 2115 445 2183 dicoretur3
462 2121 494 2170 ut
519 2121 615 2170 tamen
630 2124 658 2170 et
675 2115 705 2170 in
728 2115 782 2170 noc
801 2114 968 2170 satisfacere
1022 2115 1216 2185 septilormem
1230 2114 1294 2185 ejus
1321 2113 1466 2183 spiritum,
1489 2112 1544 2169 hoc
1571 2121 1613 2170 est
1637 2111 1781 2184 Spiritum
1805 2126 1866 2169 san·

120 2203 280 2269 valeamus,
305 2203 405 2257 divina
421 2203 504 2258 nobis
525 2215 562 2257 ex
591 2203 721 2271 ipsorum
735 2202 849 2259 artibus
874 2202 968 2274 gratia
1021 2211 1111 2271 ctum,
1128 2202 1249 2273 intelligi
1266 2201 1401 2269 arbitror,
1423 2202 1475 2272 qui
1489 2215 1703 2273 nonuunquam
1717 2202 1805 2261 etiam
1818 2216 1865 2272 pro

35 2331 40 2340 .
121 2292 253 2361 providit.
268 2290 341 2345 Nam
355 2298 383 2346 et
408 2290 589 2361 grammatici
605 2304 672 2347 cum
701 2300 757 2346 tres
780 2291 968 2362 distinguunt
1022 2292 1189 2349 diversitate
1223 2292 1366 2347 donorum
1405 2298 1512 2361 septem
1554 2291 1674 2361 spiritns
1701 2290 1863 2363 appellant,

122 2391 269 2450 personas,
299 2378 423 2447 primam
454 2379 585 2433 videlicet
607 2392 673 2448 quae
699 2378 840 2447 loquitur,
862 2394 966 2435 secum
1021 2383 1301 2451 sempiternoautom
1324 2382 1412 2434 uirtus
1441 2380 1492 2435 Dei
1516 2378 1607 2437 Filius
1634 2378 1770 2451 intelligi,
1785 2381 1865 2452 juxta

120 2467 234 2526 damad
249 2480 339 2537 quam
354 2465 493 2536 loquitur,
509 2467 623 2521 tertiam
638 2468 673 2521 de
692 2481 751 2537 qua
766 2476 906 2538 tanquam
931 2466 967 2524 ab
1023 2469 1329 2541 quodaliltiaitidem
1353 2468 1530 2539 Apostolus:
1560 2469 1698 2526 dumetum
1712 2470 1858 2524 Deioirte·

121 2556 253 2626 utrisque
267 2557 380 2610 diversa
395 2557 559 2624 loquuntur
579 2569 776 2624 personarum,
790 2557 878 2628 juxta
895 2570 968 2628 qua·
1022 2563 1075 2614 tem
1096 2562 1185 2614 etller'
1207 2559 1414 2629 aopieirtiomli
1444 2559 1504 2615 dor.
1522 2559 1612 2631 ιιι).
1642 2558 1714 2614 Cum
1743 2558 1859 2617 vercell

121 2660 188 2704 rum
205 2645 391 2716 proprietates
410 2644 607 2701 diversitatem
622 2646 798 2717 intelligunt,
822 2654 856 2703 ut
874 2647 968 2702 eidem
1022 2649 1176 2703 inuisibilia
1190 2651 1278 2720 ipsius
1294 2647 1338 2704 vel
1352 2649 1412 2717 ejus
1427 2650 1527 2717 uirtus,
1544 2663 1594 2720 per
1617 2650 1670 2705 hoc
1685 2649 1767 2721 qnod
1778 2651 1861 2720 ipsius

116 2721 165 2792 rei
177 2735 220 2790 sic
235 2743 292 2790 tres
304 2737 371 2789 istas
388 2747 525 2802 personas
537 2735 629 2790 inesse
651 2735 805 2804 fateantur,
831 2745 863 2792 ut
893 2737 968 2791 idem
1022 2746 1051 2793 et
1064 2739 1123 2808 ejus
1139 2739 1252 2794 Patrem
1269 2738 1384 2802 dixerit,
1407 2738 1499 2807 ipsum
1518 2738 1668 2807 expressit,
1692 2736 1781 2808 onius
1796 2735 1865 2792 vide

120 2825 248 2882 homoet
271 2825 365 2893 prima
381 2822 419 2879 sit
438 2837 559 2894 persona
573 2824 733 2880 secundum
762 2825 840 2895 quod
870 2824 968 2896 loqui·
1023 2826 1087 2882 licet
1102 2834 1159 2883 tam
1189 2828 1248 2896 ipse
1271 2825 1395 2895 Spiritus
1415 2838 1504 2896 qnam
1533 2826 1624 2882 Filius
1648 2838 1711 2881 esso
1741 2824 1865 2881 dicitur:

125 2920 186 2981 tur,
201 2922 228 2969 et
243 2915 371 2968 secunda
389 2920 550 2967 mounuum
571 2913 649 2983 qnod
665 2917 701 2968 ad
715 2928 781 2969 eunt
796 2912 905 2983 aliquis
928 2913 965 2968 lo·
1023 2928 1090 2972 cum
1103 2923 1199 2971 autem
1213 2915 1320 2982 subdit,
1343 2919 1369 2968 et
1395 2915 1540 2983 divinitus,
1565 2913 1708 2971 subaudis
1736 2912 1867 2969 similiter

120 3006 233 3074 quitur,
250 3009 277 3057 et
291 3003 376 3058 tertia
401 3005 562 3056 seeundum
583 3003 662 3070 quod
683 3003 719 3058 de
747 3004 807 3073 ipso
827 3009 902 3058 inter
917 3001 967 3056 ali·
985 3033 1008 3091 c
1024 3003 1167 3061 intellecta
1179 3005 1365 3074 conspicitur,
1382 3005 1524 3060 unitatem
1548 3003 1712 3060 divinitatis
1728 3003 1760 3057 in
1776 3002 1866 3058 tribus

121 3107 196 3164 quas
209 3105 303 3147 sermo
317 3098 369 3146 est.
393 3091 429 3144 Et
459 3090 552 3159 prima
576 3091 694 3159 quidem
731 3105 854 3160 persona
878 3097 964 3146 caete-
1024 3092 1080 3149 illis
1105 3094 1233 3162 persenis
1258 3093 1411 3163 assignari.
1428 3092 1480 3149 Sin
1509 3101 1606 3149 autern
1630 3091 1813 3162 intelligatur
1836 3096 1864 3145 ut

121 3194 223 3238 rarum
236 3180 412 3251 principium
425 3186 467 3233 est
482 3179 640 3248 quoddam,
657 3188 685 3235 et
699 3181 843 3251 origoseu
858 3192 966 3247 causa3
1023 3182 1138 3238 dicatur
1165 3181 1305 3237 divinitas
1329 3181 1421 3250 ipsius
1448 3181 1493 3238 vel
1507 3183 1582 3253 ejus,
1611 3180 1687 3236 sicut
1716 3179 1767 3235 llei
1796 3178 1864 3235 inri-

121 3279 149 3325 ιιι
168 3281 287 3325 rursum
303 3280 395 3336 prima
411 3272 438 3321 et
452 3267 579 3322 secunda
598 3270 697 3323 tertiae.
721 3268 783 3324 Nisi
810 3271 888 3324 euim
911 3268 967 3338 pri·
1023 3270 1119 3326 sibilia
1161 3268 1251 3339 ipsius
1280 3269 1325 3324 vel
1348 3269 1444 3325 virtus
1458 3269 1531 3340 ejus,
1553 3277 1629 3326 recte
1647 3280 1771 3340 quoque
1800 3279 1864 3323 cum

123 3369 171 3412 ma
184 3359 220 3412 sit
257 3369 390 3425 persona,
418 3369 485 3425 quae
513 3354 622 3410 scillcet
652 3356 795 3427 loquitur,
823 3359 968 3427 quomodo
1023 3358 1129 3414 dicitur
1155 3357 1293 3413 divinitas
1325 3357 1425 3426 ipsius,
1450 3357 1478 3413 id
1504 3364 1546 3413 est
1579 3357 1638 3427 ipse
1674 3356 1753 3412 Dens
1786 3355 1867 3426 eujus

122 3444 177 3502 erit
192 3444 330 3512 secunda,
346 3443 382 3497 ad
406 3456 495 3512 quani
515 3442 647 3500 videlicet
680 3458 773 3501 sermo
797 3444 969 3516 loquentis?
1022 3454 1091 3503 sunt
1116 3445 1165 3502 illa
1181 3444 1349 3515 invisibilia,
1365 3454 1392 3503 et
1406 3446 1456 3502 illa
1475 3446 1579 3512 virtus,
1601 3445 1678 3502 Deus
1688 3446 1775 3502 Pater
1790 3443 1868 3500 intel-

122 3521 267 3603 dirigatnr
282 3531 295 3586 i
312 3540 363 3587 aut
379 3531 525 3601 quomodo
547 3532 630 3587 tertia
644 3533 708 3601 erit,
736 3534 772 3589 de
787 3548 847 3604 qua
862 3534 970 3591 scilieet
1023 3535 1136 3607 ligitur.

121 3623 247 3679 invicem
260 3623 430 3691 loquuntur,
461 3620 517 3676 nisi
542 3620 737 3678 invicemillis
770 3623 968 3694 loquentibus.
1058 3625 1205 3690 Quomodo
1220 3632 1316 3681 autem
1340 3624 1503 3696 philosophi
1523 3625 1599 3682 hane
1611 3637 1803 3695 personarum
1814 3623 1868 3679 dis-

122 3708 244 3766 Undeet
258 3709 330 3765 bene
344 3715 489 3780 qnantum
504 3709 647 3779 adipsum
670 3710 831 3768 existentiae
843 3713 968 3783 gradum
1023 3714 1192 3770 tinctionem
1224 3713 1253 3770 in
1272 3728 1332 3771 nna
1354 3714 1515 3771 divinitatis
1538 3715 1672 3783 essentia,
1694 3727 1746 3785 per
1774 3711 1869 3768 simili·

122 3813 173 3855 seu
184 3798 293 3865 modos,
310 3798 359 3854 illa
375 3799 469 3868 prima
483 3798 599 3866 dicitur,
615 3813 652 3855 en
668 3814 729 3871 qua
742 3809 851 3858 caeterae
863 3802 970 3858 habent
1022 3803 1154 3860 tudinem
1167 3802 1293 3874 alicujus
1307 3804 1464 3859 mundanae
1480 3812 1630 3870 creaturae,
1650 3810 1792 3859 eteorum
1807 3814 1871 3871 qua

123 3889 272 3956 bentesse,
285 3895 313 3943 et
333 3888 382 3943 illa
406 3888 534 3944 secunda
557 3895 620 3957 post
637 3890 770 3959 primam,
796 3903 833 3946 ex
848 3904 908 3962 qua
924 3889 962 3946 si·
1022 3888 1055 3945 in
1072 3891 1132 3959 ipsa
1145 3897 1214 3947 sunt
1228 3899 1366 3946 creatura
1394 3891 1537 3963 vestigare
1556 3899 1693 3962 poterunt
1709 3898 1799 3961 atque
1829 3890 1872 3944 in·

123 3979 186 4036 mul
197 3985 225 4035 et
239 3991 276 4034 ex
287 3978 381 4048 prima
397 3979 480 4034 tertia
498 3992 559 4034 esse
574 3978 671 4035 habet.
1023 3979 1132 4048 venire,
1155 3978 1247 4049 facile,
1280 3980 1376 4046 credo,
1391 3980 1496 4049 peterit
1525 3979 1668 4051 assignari
1685 3979 1716 4036 in
1738 3978 1786 4036 his
1807 3990 1872 4049 qua

535 4067 610 4122 lllll.
1023 4069 1234 4126 exmateriaet
1259 4067 1361 4138 torma,
1378 4069 1472 4126 velud
1497 4069 1718 4126 similitudinem
1744 4068 1872 4125 materiae

72 4224 75 4230 ¹
159 4157 252 4221 Quam
296 4155 384 4213 etiam
399 4155 621 4212 similitudinem
652 4156 766 4227 siquis
790 4157 828 4214 ad
863 4156 970 4213 divinae
1024 4167 1052 4215 et
1074 4158 1171 4215 lormae
1199 4158 1339 4215 dixerunt
1363 4159 1528 4227 consistere,
1557 4158 1638 4215 verbi
1680 4171 1771 4214 rausa
1791 4172 1799 4211 t
1823 4156 1872 4212 AEs

122 4247 271 4304 'l'rinitatis
282 4259 418 4317 personas
445 4246 581 4301 inducere
607 4244 687 4313 velit,
722 4260 780 4302 nou
809 4245 969 4317 incongrue
1025 4247 1143 4319 quidem
1161 4255 1203 4304 est
1231 4248 1305 4305 inter
1320 4255 1478 4313 creaturas,
1496 4248 1526 4304 in
1541 4247 1866 4319 quoartiiex-operans,

122 4336 251 4395 tortassis
266 4343 365 4406 aptare
382 4335 494 4405 poterit,
523 4348 592 4391 cum
607 4334 737 4390 videlieet
764 4335 872 4390 calleo
887 4335 971 4390 Patre
986 4317 1009 4372 ⁰
1025 4343 1052 4392 et
1066 4336 1203 4408 imaginis
1217 4337 1304 4407 regiae
1321 4336 1443 4393 lormam
1468 4337 1647 4406 exprimens,
1673 4335 1790 4408 regium
1805 4333 1873 4390 iacit

122 4436 182 4484 tam
196 4427 288 4482 Filius
315 4439 405 4496 quam
425 4423 550 4494 Spiritus
572 4432 700 4493 sanctus,
726 4432 754 4480 et
767 4439 805 4480 ex
821 4426 904 4480 Patre
931 4423 971 4480 si·
1024 4424 1165 4496 sigillum,
1186 4426 1265 4496 quod
1284 4426 1392 4482 scilicet
1410 4426 1446 4481 ad
1459 4426 1630 4498 sigillandas
1659 4424 1781 4488 litteras,
1808 4437 1872 4480 cnm

123 4515 183 4572 mul
198 4523 225 4571 et
251 4513 323 4569 Filio
350 4514 437 4569 simul
467 4513 594 4582 Spiritus
622 4520 740 4568 sanctus
767 4514 872 4568 haheat
895 4526 968 4568 esse.
1025 4528 1097 4584 opus
1121 4512 1220 4582 luerit,
1248 4528 1321 4570 cerae
1356 4515 1540 4584 imprimatur
1556 4514 1622 4586 (51).
1643 4513 1694 4569 Est
1723 4512 1818 4584 igitur
1840 4513 1867 4567 in

123 4604 289 4662 Secundum
328 4615 402 4674 quos
431 4601 524 4657 etiam
550 4601 710 4657 existentiae
738 4601 836 4658 modos
864 4600 966 4657 heatus
1025 4601 1184 4673 sigilloillo
1210 4602 1304 4673 ipsum
1321 4617 1361 4659 aes
1388 4604 1519 4674 materia,
1534 4617 1572 4659 ex
1601 4616 1659 4674 qno
1677 4601 1793 4658 lactum
1820 4608 1871 4667 est,

15 4750 20 4757 ,
88 4684 91 4690 ’
122 4708 241 4766 quoque
263 4691 459 4763 Augustinus,
485 4699 515 4747 ut
538 4692 599 4762 jam
619 4690 687 4746 olim
715 4691 900 4747 meminimus
924 4704 972 4746 su·
1025 4692 1120 4762 figura
1135 4706 1203 4748 vero
1218 4692 1280 4763 ipsa
1299 4693 1434 4764 imaginis
1454 4694 1551 4764 regie,
1567 4692 1660 4748 torma
1673 4691 1873 4761 ejus3ipsum

123 4798 186 4854 pra,
208 4783 368 4840 secundum
393 4795 411 4837 a
438 4781 522 4837 Patre
543 4781 614 4837 dicit
640 4780 755 4848 Filium,
783 4788 810 4837 et
830 4779 971 4850 Spiritum
1026 4795 1093 4838 tero
1107 4781 1238 4852 sigillum
1252 4796 1290 4838 ex
1309 4782 1353 4838 liis
1372 4781 1487 4838 duobus
1513 4781 1698 4837 materiatum
1711 4787 1801 4850 atque
1817 4778 1871 4834 lor·

121 4879 255 4931 sanctuni
274 4871 404 4928 nominat
419 4871 545 4927 tertium.
563 4870 758 4936 Sicutantem,
772 4869 856 4941 juxta
871 4883 971 4940 gram·
1024 4878 1136 4928 matum
1151 4871 1267 4937 dieitur,
1292 4871 1402 4942 quibus
1425 4870 1555 4927 videlieet
1569 4870 1623 4926 sibi
1634 4867 1874 4925 convenientibus

123 4962 244 5019 matioos
268 4975 389 5033 persona
403 4960 457 5017 suli
485 4960 677 5032 disiunctione
694 4958 809 5014 facilius
837 4958 971 5014 describi·
1025 4960 1120 5031 ipsum
1135 4967 1176 5016 est
1191 4960 1382 5029 compositum
1397 4967 1485 5030 atque
1506 4958 1673 5029 perlectum.
1690 4957 1737 5014 llil
1764 4958 1873 5028 qnippe

122 5056 172 5107 tur
197 5050 250 5106 hoo
278 5049 385 5106 modo:
407 5048 532 5104 Persona
559 5047 669 5118 estqui
690 5045 820 5116 loquitur
848 5046 909 5102 sive
934 5046 971 5102 ad
1024 5057 1067 5106 est
1091 5049 1219 5121 sigillum
1235 5063 1325 5121 quam
1349 5063 1389 5106 aes
1406 5049 1445 5104 ita
1468 5048 1634 5105 formatum.
1660 5047 1690 5103 ld
1716 5048 1817 5118 itaqua
1831 5059 1872 5102 es·

98 5152 209 5217 ,quem
232 5139 372 5209 loquitur,
393 5138 438 5194 vel
453 5137 488 5193 de
503 5149 562 5207 quo
582 5143 723 5206 tanquam
746 5135 859 5192 diverso
873 5132 968 5206 loqui·
1025 5138 1186 5196 sentialiter
1200 5146 1242 5195 est
1262 5139 1358 5210 ipsum
1379 5152 1427 5206 aes,
1443 5139 1522 5210 quod
1541 5145 1583 5194 est
1608 5138 1730 5194 matoria
1757 5137 1827 5195 terei
1839 5134 1873 5190 si·

123 5234 182 5296 tur,
197 5228 278 5285 itaet
300 5228 407 5284 divinae
423 5240 551 5298 persona
572 5225 626 5282 suli
654 5224 848 5295 disjunctione
876 5233 973 5294 paten-
1025 5225 1099 5298 gilli,
1113 5233 1142 5284 et
1155 5226 1284 5298 sigillum
1300 5226 1395 5298 ipsum
1420 5225 1506 5298 ouius
1519 5232 1561 5283 est
1588 5225 1723 5289 materia,
1750 5239 1819 5283 cum
1836 5231 1872 5279 ta·

124 5314 184 5373 tius
196 5315 320 5373 describi
353 5316 408 5374 hoc
433 5315 517 5373 modo
532 5315 681 5374 videntur.
705 5314 831 5372 Persona
863 5320 906 5372 est
940 5314 971 5373 in
1024 5328 1092 5374 men
1119 5310 1236 5377 inanis
1261 5315 1485 5389 proprietatibus
1523 5315 1564 5373 ita
1577 5314 1636 5374 sint
1667 5314 1818 5386 distincta,
1843 5318 1872 5370 ut

158 5490 216 5568 (tl)
235 5491 341 5556 Genua
353 5492 430 5553 hane
442 5491 664 5554 similitudinem
678 5490 794 5564 scripsit
808 5489 838 5550 S·
850 5489 1018 5556 mmudua
1030 5503 1080 5568 ep,
1093 5491 1155 5568 110,
