3804 5962
67 108 102 163 qu
741 91 879 153 PETRUS
897 91 1127 151 ABAELARDUS.
1765 94 1817 149 {00

68 231 96 289 ei
120 240 219 286 eoram
252 221 359 298 populo
380 221 498 279 alternae
527 219 682 278 blastemiae
719 219 913 276 characterem
928 220 953 276 Α
968 225 1010 276 set
1024 218 1131 290 dicere,
1147 225 1244 290 utpote
1259 216 1312 292 qui
1326 218 1376 275 vir
1394 234 1430 277 ox
1444 219 1533 278 eiebls
1556 226 1726 299 excesserat.
1753 220 1814 275 lta·

69 297 273 371 impingebant
299 307 461 365 rursusque
492 293 516 350 si
548 292 630 349 Petro
663 303 789 347 amorem
816 290 916 362 popuii
970 304 1028 361 que
1052 289 1114 360 ipse
1140 304 1207 347 oum
1230 291 1265 347 ad
1286 290 1450 359 opulentam
1480 289 1675 360 responsionis
1693 303 1816 347 messem

71 370 229 437 tollebant,
257 366 403 438 quomodo
427 363 571 436 corrigere
594 360 813 443 disponebant?
842 361 914 418 irre·

72 443 149 499 clare
162 440 273 497 dictum
288 445 359 495 esta
376 436 489 494 Prolata
504 451 511 490 :
534 436 703 502 corripietur
712 438 806 502 pintus
822 435 851 488 in
865 435 913 487 mi-

69 511 221 569 sericordie
241 509 327 637 ἉΡεσι.
357 507 434 579 aaa).
452 506 549 568 Parce,
572 505 678 576 inclyte
697 503 837 585 bellator3
857 519 914 560 non

969 362 1111 417 invitatus
1129 369 1210 431 esset,
1237 362 1348 418 culmos
1362 368 1477 419 tantum
1506 360 1585 432 legit,
1606 360 1762 430 statimque
1777 362 1815 418 ab

970 432 1082 502 incepto
1100 432 1217 502 destitit,
1246 433 1276 489 in
1299 433 1354 489 hac
1378 436 1474 503 prima
1498 433 1576 489 lucta
1599 432 1815 502 quodammodo
1848 495 1850 500 ,

968 504 1104 560 excusari
1133 505 1289 574 postulans,
1319 506 1395 575 quod
1431 504 1518 560 nirnio
1545 504 1727 573 praeceptoris
1756 504 1815 560 acio

73 585 226 655 impugnat
263 581 326 636 dem
342 578 429 646 Petri,
445 578 495 649 qui
509 576 635 632 ailrrrnat
655 575 740 631 iidem
760 575 844 632 Petri.
863 575 914 632 Pa·
969 575 1195 631 ardeuslibrum
1217 576 1358 631 adversus
1378 575 1589 632 sanctissimum
1611 574 1814 631 adversarium
1848 588 1850 637 j

72 663 131 712 tera
146 661 241 710 tecum
255 665 316 708 esse
335 649 534 708 Christianum
547 654 575 704 et
590 645 773 703 catholicum.
968 646 1107 714 evomuit,
1124 661 1212 717 quem
1232 652 1265 702 ut
1281 646 1385 716 lapidis
1397 646 1507 719 jactum
1534 646 1657 702 retinere
1682 660 1739 701 uon
1764 660 1814 716 po·
1848 660 1850 667 ·

109 723 341 793 Contemplemur
362 718 504 778 ibaelardi
528 718 611 774 isdem
642 717 673 773 in
689 726 770 789 parta
791 716 916 788 epistole
969 717 1024 773 tuit
1037 725 1144 787 postea,
1167 717 1240 789 quia
1262 720 1325 786 ejus
1345 717 1525 789 exemplaria
1546 716 1642 774 statim
1659 730 1710 787 per
1724 718 1811 773 Fran·

73 797 110 853 ad
144 795 326 852 lieloissam:
353 793 435 849 Soror
455 806 515 844 mea
536 789 670 844 ileloissa:
687 788 825 859 quendam
849 790 916 842 miii
969 789 1044 844 ciam
1060 788 1235 860 italiamque
1258 788 1428 847 volaverant
1444 790 1497 845 :de
1513 802 1570 858 quo
1596 795 1758 845 seerousat
1773 788 1814 843 al-

71 868 211 923 insecuto
234 880 309 931 cara,
332 878 403 918 nune
426 864 457 916 in
479 860 589 915 Christo
612 861 765 928 carissima,
793 860 916 915 odiosum
970 867 1030 917 tera
1044 859 1163 930 epistola
1190 860 1226 916 ad
1250 861 1415 931 episcopum
1443 859 1640 916 iiimatensem
1657 859 1702 916 his
1716 859 1815 916 verbis

70 955 114 995 sne
128 938 249 994 reddidit
265 934 367 990 mundo
387 934 486 1001 logica,
506 935 537 986 in
559 946 614 1002 qua
634 933 714 986 aiuut
731 932 854 1001 puuersi
873 945 916 986 me
968 933 1063 990 Nonne
1077 931 1153 987 bomo
1173 933 1243 988 est?
1270 933 1366 989 Nonne
1389 931 1528 987 enimcum
1554 932 1667 999 naemei
1687 946 1740 1001 per
1766 931 1814 986 lior

70 1008 328 1080 praestantissimum
350 1019 417 1072 esse,
436 1003 529 1059 sedin
550 1004 637 1058 Paulo
656 1003 821 1058 claudicare.
849 1001 916 1058 Noto
968 1018 1182 1071 moremapnum
1211 1007 1237 1057 et
1259 1006 1419 1073 spatiosum,
1452 1004 1525 1057 inter
1554 1004 1664 1072 reptilia
1698 1017 1816 1070 quoru-m

71 1084 111 1136 sic
133 1096 190 1136 esse
212 1079 344 1150 pietatus,
364 1079 395 1129 ut
418 1075 585 1130 recalcitrem
609 1074 715 1144 Paulo;
729 1089 783 1128 non
798 1074 836 1128 sie
859 1087 916 1128 csse
968 1090 1022 1131 non
1035 1080 1074 1129 cst
1087 1076 1214 1129 numerus
1231 1075 1245 1128 i
1260 1074 1343 1143 Cujus
1353 1077 1430 1128 nauis
1445 1078 1471 1128 et
1485 1075 1510 1127 si
1519 1073 1688 1143 prosperiori
1704 1075 1815 1142 teratur

71 1152 244 1214 Aristoteles,
268 1152 299 1203 ut
322 1147 488 1203 secludere
516 1146 631 1202 Christo.
664 1145 701 1200 Et
722 1145 809 1215 paulo
833 1151 913 1214 posi:
968 1146 1089 1214 murima
1110 1152 1199 1200 tamen
1220 1147 1351 1201 securitas
1379 1146 1474 1216 pelagi
1506 1147 1536 1199 in
1560 1145 1642 1199 dubio
1670 1150 1720 1200 ost.
1744 1147 1814 1201 Nam

70 1224 152 1280 Credo
164 1224 194 1276 in
209 1223 327 1286 Patrem,
344 1221 445 1273 Filium
468 1222 493 1271 et
516 1216 651 1287 Spiritum
670 1220 805 1283 sanctum,
831 1229 915 1269 unum
968 1232 1016 1272 nec
1027 1221 1121 1271 auster
1134 1216 1224 1271 adbuc
1248 1216 1366 1286 eifidem
1381 1216 1467 1284 dedit,
1479 1216 1565 1286 juata
1582 1214 1654 1271 iliud
1679 1217 1814 1284 Augusti-

69 1294 236 1348 noiuralitcr
258 1295 283 1345 et
308 1306 403 1344 uerum
422 1291 518 1343 Deurn.
539 1289 572 1341 ln
593 1288 716 1358 personis
733 1288 771 1341 sic
795 1286 915 1356 approbo
968 1292 998 1343 ni
1011 1307 1022 1343 .·
1037 1290 1120 1344 Homo
1142 1286 1273 1358 quamdiu
1295 1289 1364 1343 uiuit
1390 1290 1475 1343 nescit
1502 1289 1546 1342 iro
1574 1302 1609 1342 nn
1634 1287 1696 1342 edio
1711 1288 1814 1356 durrus

74 1367 247 1428 Trinitatem,
274 1365 304 1415 ut
328 1375 432 1431 semper
454 1358 658 1414 insubstantia
681 1358 833 1413 custodium
853 1359 913 1412 urei·
970 1359 1112 1416 habeatur.
1139 1359 1173 1415 Et
1206 1359 1292 1430 paulo
1320 1366 1407 1429 post:
1434 1359 1562 1416 Nondum
1586 1360 1615 1412 in
1644 1362 1814 1429 firmamento

71 1441 165 1492 tatem.
189 1433 273 1491 Credo
296 1433 397 1486 Filium
411 1447 464 1500 per
488 1432 580 1485 omnia
599 1430 678 1484 Petri
691 1445 748 1485 csse
772 1428 914 1498 equalem,
969 1434 1051 1500 fieus,
1076 1432 1125 1496 qai
1138 1445 1196 1486 meo
1213 1430 1320 1500 judicie
1342 1436 1395 1484 tem
1415 1445 1493 1485 orum
1511 1436 1666 1485 nostrorum
1684 1436 1722 1485 est
1742 1432 1815 1485 ilar-

70 1509 234 1572 aeternitete,
271 1507 415 1573 potestate,
453 1502 602 1569 uoluntate,
631 1516 719 1571 opere,
758 1515 805 1555 nec
834 1499 916 1555 audio
932 1503 953 1558 Β
971 1504 1058 1558 ιίιιισσ.
1075 1504 1132 1569 Epo
1146 1504 1189 1556 ito
1211 1503 1298 1556 sentio
1316 1501 1349 1556 de
1373 1446 1477 1567 altpbate,
1495 1501 1566 1572 quod
1588 1503 1624 1555 sit
1640 1503 1813 1556 lueurreor·

71 1579 184 1642 Arium,
205 1575 254 1641 qui
261 1576 342 1644 prius
357 1580 381 1628 et
394 1573 529 1644 posterius
544 1575 574 1627 in
595 1573 729 1627 Trinitate
740 1574 831 1641 ponit.
846 1572 915 1642 Spi-
970 1576 1034 1628 deris
1048 1578 1072 1627 ei
1097 1574 1203 1639 lucense
1219 1573 1266 1627 sed
1285 1577 1375 1627 tamen
1398 1575 1428 1626 in
1450 1579 1519 1627 testa
1541 1577 1590 1627 esi.
1615 1573 1812 1637 Damnauerot,

70 1652 156 1705 ritum
170 1649 252 1703 etiam
277 1650 401 1700 sanetum
429 1645 504 1699 Patri
525 1649 551 1698 et
564 1644 634 1698 Filio
657 1643 915 1699 consubstantialem
968 1646 1071 1714 iuquit,
1093 1643 1270 1699 abaelardum
1297 1651 1490 1714 preceptorem
1508 1659 1605 1709 meum,
1634 1645 1698 1713 fidei
1723 1645 1813 1698 bucci-

72 1725 97 1776 et
116 1717 277 1788 coequalem
296 1733 346 1786 per
372 1717 464 1771 omnio
488 1718 581 1770 testor.
598 1714 684 1770 Credo
710 1716 792 1769 ctiam
812 1714 914 1768 Filium
968 1731 1042 1783 nam,
1059 1716 1125 1783 lepis
1147 1718 1309 1783 armarium,
1325 1717 1355 1769 in
1376 1731 1481 1769 morum
1495 1718 1542 1770 uia
1555 1715 1624 1784 pede
1645 1721 1718 1770 reato
1744 1731 1812 1783 pru-

71 1793 236 1858 Deisuctum
244 1788 343 1842 Filium
363 1788 477 1842 bominis
491 1800 785 1856 unamqucpersonam
800 1800 833 1839 ea
849 1785 916 1840 dua·
969 1787 1097 1842 dientem.
1127 1790 1320 1853 damnauerat,
1348 1788 1472 1855 inquom,
1500 1792 1526 1842 et
1554 1801 1643 1841 uocem
1670 1786 1729 1857 ejus
1755 1787 1815 1841 sine

51 1862 131 1926 ·bus,
154 1867 179 1916 et
193 1865 223 1915 in
242 1859 347 1914 duabus
364 1861 472 1913 naturis
495 1858 650 1925 consistere,
667 1858 716 1927 qui
739 1871 839 1926 passus
862 1860 914 1924 cst,
969 1858 1110 1914 audentia
1137 1856 1366 1925 strangulaverat.
1397 1859 1487 1912 Eram
1512 1873 1544 1914 ca
1575 1862 1730 1927 tempestate
1749 1857 1816 1911 uda·

71 1939 195 1989 mortuus
217 1931 380 1997 resur-seuit,
404 1930 525 1985 ascendit
554 1928 592 1983 cd
611 1929 706 1984 mium
731 1931 916 1996 venturusque
970 1932 1080 1985 lesccns.
1097 1931 1190 1985 Pectus
1207 1929 1303 1999 appuli
1329 1935 1359 1983 ut
1374 1944 1523 1998 purgarem
1549 1928 1744 1983 abaelardum.
1761 1927 1815 1984 Sed

72 2009 112 2060 est
126 2004 254 2075 judicare
267 2003 341 2056 uiros
354 2008 378 2056 et
401 2004 529 2056 mortuos.
550 2000 650 2055 Assera
662 2001 743 2054 ctiam
757 2001 787 2053 in
811 1999 914 2069 baptis·
969 2016 1033 2068 non,
1058 2002 1198 2071 inquiunt,
1220 2015 1237 2053 a
1264 2005 1289 2055 te
1304 2001 1384 2055 talem
1398 2000 1549 2066 iicetepum
1563 2003 1647 2068 arqui
1661 2000 1812 2069 oportebat.
1841 2004 1850 2013 “

71 2092 114 2131 rno
136 2075 240 2129 remitti
254 2073 362 2139 delicta,
391 2074 535 2141 pretioque
549 2085 597 2126 uos
625 2085 710 2138 apere,
727 2086 781 2139 qun
805 2074 831 2125 et
846 2070 915 2124 inei·
968 2073 1001 2127 ln
1015 2087 1067 2141 quo
1095 2071 1177 2127 audet
1191 2069 1304 2125 abbas?
1332 2071 1414 2124 audet
1437 2075 1467 2125 in
1484 2071 1593 2137 litteris,
1610 2070 1694 2125 audeo
1709 2074 1734 2124 et
1753 2085 1811 2138 epo.

69 2149 180 2217 piemus
196 2146 295 2199 bonum
309 2148 335 2199 et
355 2146 540 2214 perficiemus,
565 2144 770 2212 lapsosqueper
781 2143 914 2211 penitere·
969 2143 1101 2200 ,iudetin
1115 2143 1294 2209 theologicis:
1319 2142 1406 2196 audeo
1428 2147 1454 2197 et
1472 2156 1529 2207 epo.
1558 2142 1648 2196 Audet
1663 2143 1692 2196 in
1711 2142 1813 2196 sancti-

71 2220 140 2273 tiom
164 2216 319 2284 resonneri.
347 2216 386 2270 ile
407 2215 497 2270 earnis
520 2219 609 2268 autern
634 2214 829 2269 resurrectione
848 2211 916 2280 quid
971 2218 1036 2282 tate,
1061 2214 1103 2268 liic
1118 2229 1172 2267 non
1196 2212 1292 2267 audeo.
1319 2213 1383 2267 lieo
1409 2221 1451 2268 est
1477 2213 1645 2282 berengarii
1660 2211 1814 2268 excusatio

72 2304 140 2359 epus
159 2292 198 2344 est
221 2288 320 2353 dicere,
339 2300 399 2340 cum
420 2288 527 2353 {rastra
541 2285 644 2353 pioricr
663 2299 705 2338 me
720 2284 913 2350 Cimstienum
970 2284 1015 2341 sui
1041 2283 1226 2354 apologetici,
1243 2298 1301 2353 quo
1315 2282 1486 2339 concludit:
1515 2284 1547 2339 in
1563 2297 1664 2353 campo
1688 2283 1817 2339 uiosoue

72 2363 97 2415 si
110 2375 165 2414 non
186 2358 325 2413 credidero
340 2372 382 2411 me
400 2357 642 2411 resurrecturum?
664 2356 728 2410 iiaac
748 2354 783 2410 de
797 2352 916 2424 epistula
970 2369 1082 2425 semper
1096 2355 1221 2421 licuisse,
1237 2363 1269 2411 ut
1284 2354 1356 2410 alter
1374 2354 1507 2421 alterum,
1524 2353 1594 2409 duro
1613 2369 1660 2410 rna
1683 2355 1705 2409 is
1720 2354 1816 2409 artrica

72 2431 148 2488 Petri
171 2437 317 2501 excerpta,
343 2426 429 2498 cuius
452 2428 590 2497 majorem
610 2432 720 2496 partem
748 2424 824 2480 inira
840 2424 913 2479 inse·
970 2433 1012 2483 est
1026 2426 1142 2493 veritas,
1170 2425 1255 2497 justis
1279 2426 1313 2482 da
1338 2424 1433 2481 causis
1455 2424 1653 2495 reprehendat.
1697 2438 1742 2479 arn
1765 2425 1815 2480 illa

72 2503 198 2568 ruimus,
224 2509 256 2557 ut
270 2499 382 2556 clarum
395 2505 423 2555 σι
441 2499 625 2568 perspicuum
648 2495 756 2553 iaciant
780 2494 917 2552 omnibus
971 2511 1037 2569 quaa
1062 2498 1158 2554 decern
1181 2497 1266 2553 anuis
1293 2505 1353 2567 post
1380 2497 1533 2553 transitum
1557 2495 1584 2552 S.
1616 2495 1754 2552 Beruardi
1769 2510 1813 2552 se·

71 2588 141 2631 eum
156 2573 240 2628 iidem
255 2570 331 2627 Petri
345 2584 402 2625 nou
418 2569 614 2639 impugnasse.
970 2577 1038 2626 cuia
1052 2575 1095 2626 est
1110 2569 1140 2624 in
1155 2581 1294 2625 canonem
1314 2576 1480 2624 sauctorum
1495 2569 1558 2638 ejus
1574 2567 1702 2623 nominis
1717 2575 1808 2623 traus-

108 2643 216 2715 iidjicit
231 2640 332 2699 deinde
345 2639 539 2711 berengarius
563 2653 593 2695 se
618 2638 727 2696 vidisse
755 2636 916 2719 indiculum
971 2639 1049 2708 latio,
1067 2639 1146 2696 testis
1160 2638 1279 2710 quidem
1295 2647 1337 2695 est
1353 2639 1518 2704 sanctitatis,
1536 2639 1584 2695 sed
1600 2653 1658 2694 noo
1683 2637 1813 2695 omnium

72 2716 109 2771 ab
125 2713 249 2770 inimicis
268 2714 331 2784 ejus
347 2720 538 2782 compactum,
555 2709 585 2765 in
609 2724 668 2781 quo
686 2724 744 2766 uon
771 2708 915 2765 abaelardi
970 2711 1034 2783 eJus
1049 2719 1115 2769 aute
1130 2711 1283 2778 dictorum,
1301 2717 1441 2779 actorum,
1466 2717 1516 2767 aut
1538 2710 1711 2779 scriptorum
1736 2724 1810 2766 com·

72 2788 216 2858 dogmata,
239 2790 270 2839 ut
294 2783 337 2839 illi
352 2782 423 2839 laiso
444 2781 624 2855 jactitabant,
644 2781 693 2838 scd
708 2781 824 2837 uelaudi
839 2793 915 2836 oom-
970 2783 1130 2853 prohatrix.
1148 2782 1220 2837 Vere
1233 2781 1312 2837 euim
1330 2783 1377 2838 vir
1389 2782 1498 2852 probus
1511 2789 1538 2837 σι
1565 2789 1684 2837 εσιισιιιε
1707 2779 1762 2837 luit
1777 2780 1811 2836 ii.

71 2858 162 2914 menti
185 2855 312 2926 capitula
327 2854 507 2926 legebantur,
531 2866 659 2924 quorum
684 2853 816 2921 quedam
835 2864 914 2921 pror·
931 2867 954 2925 ρ
971 2854 1146 2920 deneardus,
1160 2866 1228 2909 vera
1246 2852 1292 2908 sui
1315 2853 1451 2923 temporis
1469 2851 1550 2908 velut
1572 2852 1718 2922 quoddam
1733 2851 1813 2909 Orio·

70 2943 123 2985 sus
162 2935 258 2999 negat,
295 2928 426 2996 quedam
473 2924 612 2980 diluenda
650 2928 741 2992 putat,
781 2921 917 2992 quamvis
970 2925 1015 2983 nis
1030 2932 1140 2981 astrum
1155 2922 1449 2995 resplenduit:eujus
1467 2924 1629 2993 purissimis
1644 2923 1732 2979 radiis
1754 2936 1812 2979 uon

72 3005 208 3071 agnoscat
223 2998 338 3052 Petrum
353 3008 450 3051 errare
466 2995 601 3064 potuisse.
623 2992 687 3063 ipse
714 2992 800 3048 etiam
827 2992 916 3049 audet
970 3003 1127 3068 potuerunt
1142 2993 1264 3061 olfacere,
1281 3002 1332 3051 aut
1353 2995 1485 3050 tenebras
1499 2993 1658 3061 offundere,
1686 3008 1721 3051 ue
1745 2994 1811 3065 qui·

71 3084 108 3126 er
131 3066 342 3126 clarevallensi
363 3064 473 3122 iamilia
493 3071 526 3120 ut
541 3063 661 3134 putabat
676 3064 817 3145 scriptum
838 3077 916 3120 erro·
969 3070 1034 3124 dem
1062 3066 1114 3134 illi,
1145 3066 1197 3137 qui
1227 3066 1263 3122 ab
1289 3064 1414 3122 Ecclesia
1447 3066 1588 3123 catholica
1615 3066 1809 3131 desciverunt,

72 3141 113 3199 ris
128 3152 260 3212 arguere,
276 3138 311 3193 de
323 3135 438 3209 origine
453 3135 630 3192 animarum.
645 3134 715 3199 Quae
733 3134 830 3205 opinio
853 3134 915 3191 Ori·

91 3210 164 3275 eriis,
180 3208 276 3266 nescio
301 3207 372 3278 quid
391 3206 604 3278 Pythagoreum
623 3214 650 3264 et
664 3206 842 3263 Platonicum
872 3219 914 3262 re-

72 3227 181 3347 dolens,
198 3278 366 3336 orthodoxe
387 3277 519 3335 veritatis
534 3276 629 3349 gladio
653 3277 831 3348 amputanda
851 3284 913 3333 cst:

72 3366 140 3409 cum
155 3358 254 3407 sancta
280 3349 406 3406 Ecclesia
421 3349 562 3406 catholica
586 3355 681 3404 teneat
706 3349 818 3405 noviter
837 3361 914 3404 crea-

71 3423 109 3479 tis
123 3422 292 3494 corporibus
315 3420 428 3478 noviter
451 3430 563 3478 creatas
587 3420 700 3475 animas
726 3418 855 3491 quotidie
872 3419 915 3474 iu·

72 3493 167 3562 iuudl,
181 3494 268 3564 joma
284 3491 355 3548 illud
368 3506 405 3548 ex
420 3506 468 3548 ore
484 3490 614 3547 Christi:
632 3492 713 3546 Pater
735 3505 809 3546 meus
830 3505 917 3561 usque

71 3566 151 3621 modo
166 3570 297 3636 operatur
310 3567 336 3618 el
349 3578 396 3632 epo
446 3577 507 3617 erer
520 3560 648 3634 (Jecur).

108 3637 148 3692 ile
162 3636 216 3692 hoc
231 3634 404 3706 berengario
438 3634 543 3690 octaris
566 3632 614 3689 sui
637 3632 745 3689 lamam
766 3639 793 3689 σι
811 3645 915 3689 nomen

73 3713 171 3764 tuente
192 3705 347 3762 Petrarcha
371 3706 401 3760 iu
422 3704 561 3776 apologia
584 3703 624 3760 ait
646 3704 740 3774 ipsum
763 3702 852 3760 tuisse
875 3701 914 3758 ia·

72 3779 212 3846 cundum,
228 3791 286 3834 non
310 3777 410 3847 magni
426 3775 564 3846 corporis,
591 3774 640 3831 sed
656 3774 781 3846 ingentis
793 3774 913 3830 acrimo-

71 3850 138 3917 nia,
159 3849 211 3920 qui
235 3851 297 3919 post
319 3847 437 3903 modum
462 3861 491 3903 se
505 3845 654 3903 excusavit
671 3846 748 3916 quod
773 3845 845 3902 tanti
858 3843 916 3901 viri

72 3920 209 3979 sauctitas
223 3919 355 3977 nondum
382 3926 475 3975 totum
490 3917 588 3974 orbern
605 3915 773 3987 repleverat.
790 3915 913 3972 anelar-

72 3994 118 4062 do,
136 3992 245 4063 iuquit,
271 3991 301 4047 in
325 4004 460 4048 somnum
482 3987 526 4045 vel
548 3989 577 4045 in
597 4002 725 4045 errorem
741 3985 915 4068 ,prolabenti

71 4064 150 4121 viam
163 4063 284 4120 comiter
299 4068 460 4118 monstrare
474 4059 614 4116 debebat:
629 4060 652 4115 si
668 4067 815 4116 sauciatus
830 4064 913 4124 esset,

72 4148 140 4191 eum
162 4134 296 4206 jumento
317 4145 370 4202 par
388 4138 450 4188 erat
474 4131 629 4201 imponere,
652 4129 754 4185 vinum
775 4137 802 4185 et
817 4130 921 4186 oleum'

71 4205 137 4276 ejus
155 4204 329 4261 vulneribus
346 4202 508 4270 luluudere,
529 4209 557 4257 σι
571 4201 607 4257 ad
632 4200 825 4257 stabularium
849 4199 915 4255 uui-

970 3151 1098 3210 quorum
1120 3137 1253 3193 nonnulli
1280 3137 1458 3194 bernardum
1482 3137 1588 3194 habeut
1604 3151 1662 3208 pre
1677 3138 1812 3194 manibus

969 3219 996 3266 ei
1013 3209 1042 3265 in
1058 3208 1187 3266 deliciis:
1204 3207 1278 3264 iuter
1291 3223 1365 3280 quos
1384 3209 1530 3265 nominari
1547 3216 1637 3280 potest
1656 3208 1702 3266 vir
1716 3208 1810 3265 arcel-

971 3280 1056 3337 lentis
1070 3279 1181 3351 ingenii
1199 3280 1300 3336 Frauc.
1318 3282 1493 3337 Hotomanus
1507 3283 1530 3336 i.
1546 3283 1576 3336 C.
1609 3280 1661 3350 qui
1676 3279 1813 3351 quamvis

970 3351 1096 3409 alieuoa
1122 3351 1271 3407 urenaehis
1296 3351 1402 3417 auimo,
1419 3351 1499 3409 huno
1521 3357 1668 3408 auctorem
1694 3365 1812 3423 gravem

971 3424 1114 3480 doctorem
1132 3421 1312 3492 precipuum
1336 3422 1461 3480 habebat
1477 3425 1506 3479 in
1521 3429 1676 3489 senectute,
1696 3429 1724 3478 et
1746 3422 1810 3494 ejus

970 3493 1220 3551 lectioneassidua
1235 3494 1422 3563 semestrem,
1438 3503 1465 3551 et
1481 3509 1568 3565 puros
1583 3495 1612 3551 in
1628 3492 1719 3550 sacris
1739 3493 1812 3550 Scri·

970 3565 1063 3637 pturis
1079 3578 1180 3621 seusus
1194 3565 1314 3622 haurire
1327 3565 1480 3622 fatebatur.

1006 3636 1141 3706 Superest
1174 3635 1275 3717 igitur,
1303 3637 1444 3718 quoniam
1477 3636 1548 3693 alios
1582 3644 1636 3710 pro
1663 3635 1813 3692 abaelardo

970 3707 1096 3763 dicentes
1120 3706 1230 3776 placide
1252 3707 1384 3775 audistis,
1413 3709 1438 3765 ei
1458 3722 1510 3778 pro
1536 3722 1565 3764 se
1591 3721 1683 3778 pauca
1707 3707 1812 3764 dicenti

970 3792 1070 3834 aurem
1086 3791 1144 3834 non
1164 3778 1321 3850 denegetis.
1344 3780 1418 3836 Nam
1443 3779 1583 3835 adversus
1598 3778 1680 3836 varia
1695 3778 1811 3848 probra,

970 3863 1036 3921 que
1051 3848 1090 3905 illi
1106 3849 1217 3919 objecta
1239 3859 1318 3918 sunt,
1338 3857 1490 3907 contentus
1512 3850 1568 3906 luit
1583 3848 1730 3906 brevicula
1745 3864 1811 3920 apo·

970 3920 1056 3992 logia,
1080 3933 1130 3976 seu
1154 3918 1339 3990 contessione,
1364 3935 1430 3992 quae
1454 3922 1506 3977 vix
1530 3922 1597 3978 treis
1623 3921 1744 3992 paginas
1766 3934 1814 3976 ex-

969 3992 1046 4048 cedit
1062 4006 1068 4045 :
1086 3991 1115 4045 in
1130 4004 1188 4061 qua
1206 3991 1323 4048 indiculi
1339 3992 1496 4062 superioris
1512 3992 1649 4050 articulos
1664 4001 1695 4047 ut
1712 3992 1811 4048 diabo-

970 4062 1040 4119 lices
1056 4062 1225 4129 demetetur,
1245 4076 1312 4119 oum
1330 4064 1392 4120 suis
1407 4064 1575 4121 auctoribus
1592 4071 1620 4121 et
1639 4064 1812 4131 architectis,

971 4141 1058 4204 negat
1080 4147 1117 4189 ua
1132 4132 1162 4189 iu
1186 4134 1246 4190 suis
1271 4133 1470 4191 voluminibus
1497 4135 1553 4192 tale
1581 4135 1654 4206 quid
1679 4135 1813 4205 reperiri.

970 4204 1042 4260 'iam
1094 4203 1187 4271 ilium,
1212 4220 1301 4276 quam
1329 4205 1474 4277 [Spiritum
1504 4215 1636 4262 sancium
1666 4220 1703 4263 ex
1732 4205 1815 4262 Patre

71 4274 193 4334 versalia
207 4274 339 4330 Ecclesia
360 4272 506 4339 reducere,
529 4285 678 4327 summum
705 4278 775 4342 puta
802 4271 915 4343 pontill-
932 4278 955 4333 ii
972 4277 1123 4347 protltetur
1138 4289 1208 4342 esso,
1226 4286 1258 4334 ut
1273 4277 1401 4348 ejusdem
1416 4279 1474 4333 sint
1487 4291 1554 4334 cum
1570 4277 1657 4334 Patre
1680 4278 1812 4333 substau-

72 4360 144 4415 cem,
161 4359 248 4416 quern
263 4343 315 4416 qui
330 4341 437 4399 Christi
452 4341 606 4410 ricarium,
623 4341 697 4398 Petri
713 4356 914 4406 successorem,

72 4417 273 4488 episcoporum
294 4414 447 4485 primatem
463 4415 601 4485 agnoscit,
618 4421 645 4470 et
659 4413 695 4469 ad
723 4415 786 4485 ejus
808 4421 915 4470 nutum

73 4504 103 4545 se
118 4501 288 4558 componere
304 4492 424 4556 paratus
438 4492 490 4550 est,
506 4485 647 4556 reprobus
662 4483 720 4541 diei
740 4499 798 4541 non
814 4490 914 4555 potest.

73 4562 129 4617 iias
158 4565 186 4615 σι
214 4558 311 4629 plures
341 4555 416 4612 alias
446 4556 533 4612 tricas
556 4557 591 4612 ad
622 4555 735 4612 lectoris
769 4555 916 4612 lastidium

71 4631 160 4689 vertit
188 4629 390 4701 Berongarius,
417 4626 508 4685 nimia
526 4627 555 4682 in
572 4635 772 4698 preceptorem
797 4640 914 4684 venera·

72 4704 161 4771 tione,
179 4702 203 4830 sli
227 4701 320 4757 nimia
334 4713 395 4757 esse
415 4699 512 4771 potuit
531 4698 561 4755 iu
575 4712 608 4755 eo
624 4699 676 4770 qui
698 4696 819 4756 callebat
845 4697 917 4757 illud

72 4776 184 4832 turena
197 4772 220 4829 is
233 4789 242 4828 :

107 4881 153 4936 iiii
164 4879 301 4948 maiorum
310 4875 415 4933 umbris
434 4881 541 4932 tenuem
563 4880 588 4932 et
604 4876 662 4932 sine
671 4874 783 4946 puluere
804 4880 913 4944 iuram,

108 4951 305 5021 Spiruntesque
323 4963 422 5018 crocos,
439 4954 464 5003 ct
477 4949 507 5003 in
520 4963 592 5004 urna
606 4953 767 5019 perpetuum
786 4963 844 5019 uer,

107 5023 367 5150 ggesiepzzeoceptorem
376 5022 467 5077 sancti
478 5018 584 5077 uoluere
594 5024 721 5091 parentis

73 5199 148 5266 Ouid
163 5211 231 5270 ergo
245 5198 260 5251 ‘i
275 5195 532 5255 audacissimusne
558 5197 752 5271 berengarius
773 5212 809 5255 ex
825 5198 913 5256 omni-

72 5271 155 5330 husi
183 5267 314 5324 minime.
330 5270 367 5323 iit
381 5268 472 5324 multo
500 5268 654 5326 oliiciosior
671 5282 741 5341 erga
765 5277 914 5340 precepto-

72 5356 143 5410 rem,
155 5352 244 5414 quam
253 5339 346 5394 caeteri
359 5338 561 5408 condiscipuli.
574 5339 759 5413 Quamquam
767 5354 819 5397 nec
831 5340 917 5398 istius

972 4348 1028 4418 tie,
1043 4346 1174 4418 eiusdem
1189 4349 1303 4417 penitus
1322 4348 1480 4405 voluntatis
1500 4356 1588 4419 atque
1605 4348 1748 4421 potentie.
1765 4347 1812 4404 So·

972 4416 1033 4474 lum
1049 4419 1233 4475 incarnatum
1248 4422 1345 4477 iesum
1359 4419 1516 4484 Christum,
1533 4421 1654 4478 unicum
1670 4428 1697 4477 et
1712 4432 1813 4476 rerum

971 4488 1137 4570 Deiiatris
1157 4490 1274 4563 Filium,
1294 4506 1329 4548 ex
1352 4491 1514 4548 substantia
1530 4491 1622 4549 Patris
1637 4499 1703 4547 ante
1718 4488 1815 4547 secula

970 4566 1102 4687 genitum
1118 4577 1126 4628 3
1147 4560 1187 4617 ita
1203 4562 1338 4632 Spiritum
1358 4575 1475 4632 quoquc
1494 4572 1626 4619 sanctum
1655 4562 1767 4618 tertiam
1784 4561 1815 4616 in

994 4631 1114 4687 r-initate
1128 4645 1290 4702 personam,
1307 4639 1365 4689 tam
1381 4633 1492 4704 abipso
1508 4635 1582 4691 i'ilio
1600 4647 1687 4704 quam
1701 4647 1718 4689 a
1732 4634 1815 4689 Patre

970 4701 1171 4772 procedentem
1198 4705 1317 4761 eredens
1345 4705 1459 4773 asserit,
1487 4713 1515 4762 et
1553 4718 1684 4762 assereus
1712 4703 1813 4761 credit.

970 4773 1097 4830 Gratiam
1113 4773 1163 4829 liei
1179 4775 1219 4830 ita
1238 4774 1371 4831 omuibus
1385 4777 1584 4841 necessariam,
1602 4783 1634 4833 ut
1653 4789 1706 4832 nec
1729 4781 1813 4831 natu·

970 4857 1010 4902 re
1024 4843 1156 4913 incultas,
1179 4858 1232 4901 uec
1255 4846 1367 4903 arbitrii
1394 4848 1509 4905 libertas
1536 4847 1597 4904 siue
1621 4846 1670 4902 illa
1684 4845 1816 4902 sutiicere

970 4915 1061 4986 possit
1079 4916 1263 4972 adsalutem.
1284 4917 1479 4976 Cruoilixores
1505 4917 1610 4976 Christi
1628 4919 1656 4973 in
1672 4918 1734 4988 ipsa
1750 4931 1815 4974 cru·

970 4985 1107 5043 oiirxione
1127 4988 1331 5059 gravissimum
1342 5001 1491 5061 peccatum
1506 4990 1682 5047 commisisse
1697 4989 1815 5045 latetur.

971 5057 1141 5115 Potestatam
1165 5058 1276 5132 ligandi
1304 5066 1390 5132 atque
1418 5062 1545 5120 solvendi
1565 5060 1695 5133 agnoscit
1717 5060 1816 5116 datam

970 5130 1181 5187 successoribus
1204 5131 1401 5201 apostolorum
1421 5134 1565 5202 omuibus,
1592 5139 1623 5189 ut
1649 5131 1719 5202 ipsis
1733 5144 1816 5202 aeque

970 5213 987 5256 a
1011 5199 1118 5264 ostolis,
1136 5210 1194 5258 tam
1209 5202 1307 5275 dignis
1338 5218 1404 5262 uam
1421 5205 1548 5278 indiguis
1562 5202 1714 5274 episcopis.
1740 5202 1817 5267 Quid

970 5215 1056 5342 prusa
1070 5272 1085 5327 i
1099 5287 1169 5330 cum
1184 5274 1220 5330 ad
1237 5218 1353 5348 singuqa
1367 5276 1478 5347 objecta
1506 5276 1631 5332 modeste
1656 5275 1816 5346 paucisque

970 5356 1016 5400 res
1055 5343 1151 5413 rideat,
1185 5355 1329 5418 negatque
1360 5361 1390 5404 se
1414 5346 1523 5404 librum
1544 5347 1771 5412 Sententiarum,
1799 5359 1816 5402 e

72 5415 191 5487 quidem
214 5407 311 5467 laudis
326 5408 366 5466 ita
391 5408 526 5490 cupidus,
549 5414 582 5467 ut
607 5424 672 5468 eam
697 5410 773 5481 aliis,
798 5412 850 5483 qui
864 5426 916 5484 pro
970 5413 1021 5486 qui
1044 5429 1079 5472 us
1099 5416 1227 5488 capitula
1246 5425 1380 5489 excerpta
1400 5426 1468 5475 suut
1494 5427 1594 5475 contra
1618 5431 1648 5474 sa
1667 5430 1718 5489 per
1733 5417 1814 5488 igno·

71 5483 210 5558 magistro
231 5479 376 5561 calamum
399 5485 551 5537 strinxisse
573 5481 721 5553 dicuntur,
745 5492 916 5554 prereptum
969 5485 1106 5557 rentiam,
1120 5487 1167 5545 rel
1183 5502 1234 5559 per
1255 5488 1395 5547 malitiam
1409 5489 1531 5562 prolata,
1547 5488 1705 5560 scripsisse,
1727 5496 1817 5561 atquo

68 5552 205 5617 iuuerit.
231 5551 306 5610 Nam
330 5551 392 5625 ipse
414 5549 521 5610 clectus
543 5564 623 5610 uuus
646 5552 765 5612 ridetur
788 5554 915 5628 asociis,
969 5555 1011 5615 lta
1024 5558 1316 5619 innocontiamsuam
1331 5562 1459 5631 tueatur,
1476 5568 1509 5619 ut
1523 5561 1547 5618 sl
1562 5560 1724 5634 quadabia
1738 5559 1818 5617 ride·

69 5627 125 5704 iil
136 5622 268 5690 timim
281 5622 409 5700 illimis
424 5620 844 5700 nemausumque
856 5638 918 5701 roe
969 5627 1094 5706 buntur,
1108 5629 1140 5694 iu
1155 5630 1302 5695 ncitucar
1316 5639 1428 5706 partem
1440 5631 1538 5696 omnia
1551 5630 1679 5696 isaurus
1700 5629 1817 5693 sicum
