3804 5962
480 223 589 282 EPIST.
609 226 633 294 l,
654 222 720 282 SEU
739 223 903 285 HISTORIA
921 222 1175 281 ethaslrsrnll.
1653 228 1705 286 l74

79 359 115 415 ι,
129 360 196 419 quse
207 346 319 404 celeris
343 355 474 420 preerat,
496 348 637 407 Dominus
649 350 753 409 annuit
768 348 801 409 ut
815 351 840 406 A
855 362 957 408 earum
981 347 1086 420 inopius
1100 347 1198 405 minus
1212 360 1301 420 qnam
1317 360 1428 419 possem
1441 353 1469 405 et
1492 347 1625 408 deberem
1639 364 1707 409 con·

79 436 170 507 iscopi
188 436 273 507 quasi
298 436 395 506 liliam,
423 437 541 495 abbates
563 440 647 511 quasi
668 454 805 509 sororem,
861 438 995 506 solerem,
1021 445 1048 494 ct
1064 436 1146 493 lacilc
1169 436 1198 493 id
1212 443 1310 493 nostra
1324 436 1424 494 saltem
1440 437 1642 509 predicatione
1656 457 1706 500 va·

79 524 127 582 asi
142 533 263 582 matrem
280 525 431 597 diligerent
445 541 452 582 :
468 534 495 583 et
508 541 608 584 omnes
623 529 730 599 pariter
744 529 808 601 ejus
860 525 947 583 lerem
964 541 971 581 ε
996 524 1067 596 coepi
1081 524 1186 595 sapius
1201 524 1237 581 ad
1251 537 1299 581 eas
1312 524 1428 593 reverti,
1458 532 1490 582 nt
1515 527 1557 583 eis
1576 543 1709 602 quoquo·

79 628 137 682 om,
160 614 354 685 prudentiam,
370 622 398 671 ol
427 615 457 671 in
471 616 607 674 omnibus
622 618 807 689 incompara-
860 614 944 671 modo
959 613 1153 671 subvenirem.
1165 613 1198 668 ln
1215 627 1273 684 quo
1288 627 1341 670 nec
1353 613 1468 671 invidiae
1489 614 1561 673 mihi
1573 632 1709 678 murmur

79 701 205 760 stiantiae
225 703 476 761 mansuetudinem
492 705 721 764 admirabantur.
738 706 808 775 Quae
861 701 960 772 deluit,
983 709 1011 759 et
1025 700 1105 772 quod
1131 715 1177 758 me
1195 702 1289 759 lacere
1303 703 1415 759 sincera
1439 702 1565 762 charitas
1580 709 1708 780 compcl—

79 791 179 849 rarius
193 806 224 848 se
237 792 329 849 videri
344 794 536 863 permittebat,
562 804 595 853 ut
609 795 716 854 seilicet
730 796 808 854 clan-
860 791 946 861 lebat,
971 790 1053 848 solita
1067 790 1268 861 derogantium
1306 791 1433 863 pravitas
1460 792 1709 866 impudentissimo

79 880 130 937 ulo
145 881 236 938 sacris
250 881 485 940 meditationibus
512 890 600 956 atque
624 884 807 943 orationibus
860 880 1025 949 accusabat,
1036 879 1135 936 dicens
1154 893 1198 936 me
1213 880 1309 937 adhuc
1332 882 1459 952 quadam
1494 883 1619 942 carnalis
1642 900 1709 944 con-

84 977 219 1039 vacaret,
245 977 327 1028 tanto
357 972 506 1030 ardentius
528 973 592 1045 ejus
624 975 807 1046 presentiam
861 968 1042 1041 cupiscentiae
1064 967 1251 1026 ablactatione
1277 970 1377 1039 teneri,
1411 971 1462 1043 qni
1489 973 1618 1044 pristinae
1641 974 1710 1033 dile-

79 1058 221 1116 liritnalis
234 1057 368 1131 colloquii
388 1061 499 1118 monita
526 1062 556 1119 hi
586 1064 637 1135 qni
652 1063 723 1121 loris
738 1071 807 1121 sunt
861 1067 912 1117 ctae
926 1060 1066 1117 sustinere
1080 1058 1240 1116 absentiam
1263 1059 1313 1116 vix
1331 1068 1381 1117 aut
1409 1075 1563 1134 nunquam
1584 1072 1708 1137 paterer.

80 1147 168 1205 bant.
860 1147 914 1216 Qui
941 1146 1108 1220 frequenter
1125 1146 1203 1204 illam
1226 1148 1301 1205 beati
1317 1149 1483 1221 Hieronymi
1496 1151 1709 1224 querimoniam

79 1236 806 1310 liv.Deintomotioaetuipitudiais.-Cumantem
860 1251 973 1294 mecum
1001 1236 1131 1304 volvens,
1157 1237 1209 1308 qni
1236 1237 1273 1294 ad
1301 1237 1425 1295 Asellam
1457 1239 1491 1296 de
1508 1240 1581 1297 lictis
1608 1241 1709 1300 amicis

79 1340 167 1385 ιιιιιιι
188 1326 276 1384 vicini
291 1328 477 1386 vehementer
491 1344 536 1386 me
548 1330 710 1400 culparent,
727 1330 806 1402 qnod
860 1326 987 1383 scribens
1011 1325 1100 1397 (epist.
1125 1326 1218 1398 xcix),
1247 1325 1286 1383 ait
1303 1342 1339 1381 :r
1369 1325 1447 1384 Nihil
1476 1328 1548 1385 mihi
1573 1329 1710 1403 objicitur

580 1452 734 1512 ANDREAE
754 1453 976 1520 obsfldsrnnl
994 1452 1096 1509 NOTAE

79 1547 175 1617 gensis
200 1547 276 1603 inter
302 1554 429 1615 caeteros,
454 1548 529 1607 libr
551 1553 591 1605 De
614 1551 696 1606 rebus
719 1553 803 1619 pestis
820 1553 840 1607 B
858 1557 920 1606 calo
936 1547 1073 1617 monitus,
1087 1547 1132 1604 vel
1150 1547 1213 1620 jam
1228 1549 1321 1606 sciens
1336 1549 1367 1608 in
1385 1564 1536 1620 personam
1560 1567 1644 1611 suam
1663 1556 1709 1612 ni·

79 1618 128 1686 il,
144 1631 207 1688 cap.
224 1620 282 1674 48:
311 1641 321 1669 ι
346 1617 465 1676 sedente
491 1621 522 1677 in
547 1620 620 1678 urbe
648 1623 738 1678 Roma
753 1622 800 1678 ln·
857 1620 898 1677 hil
913 1619 1069 1692 agendum,
1084 1619 1268 1689 responderet
1286 1628 1344 1677 tam
1372 1621 1461 1679 libere
1483 1637 1572 1694 quam
1597 1639 1709 1698 secure,

79 1707 95 1759 l,
130 1690 161 1744 ιιι
189 1690 312 1745 Francia
326 1703 393 1746 vero
408 1691 553 1749 liudovico
571 1692 693 1749 senioris
710 1693 802 1749 Ludo·
856 1690 1020 1749 audiendus
1048 1697 1173 1759 tantum,
1197 1699 1225 1747 et
1252 1690 1386 1749 lerendns
1410 1693 1440 1749 in
1466 1695 1544 1751 omni
1559 1696 1705 1767 patientia,

79 1773 138 1816 ire
161 1768 259 1826 naute,
280 1760 382 1816 Petrus
406 1762 588 1830 Abaelardus,
612 1763 649 1820 ab
663 1763 757 1834 cpisco
780 1764 802 1821 is
857 1777 915 1820 non
932 1762 1073 1818 sententia
1092 1760 1193 1833 alique
1215 1759 1378 1821 feriendus:
1403 1763 1458 1821 boc
1485 1780 1603 1838 quoque
1618 1770 1710 1826 omni-

79 1844 115 1887 ne
130 1776 278 1888 gamardo
292 1832 387 1912 denuo
407 1833 444 1888 ad
458 1834 635 1891 audientiam
659 1834 735 1904 apud
750 1778 803 1891 se·
857 1833 948 1890 modis
964 1832 1118 1890 recusavit.
1150 1833 1220 1888 Nam
1246 1840 1274 1889 cl
1295 1835 1442 1915 confessus
1468 1845 1510 1892 est
1524 1843 1621 1907 postea
1636 1839 1707 1908 sule,

79 1909 219 1970 ivocalnr,
243 1901 433 1972 presentibus
456 1904 601 1962 hudovico
616 1919 693 1976 rege,
712 1905 803 1962 Theo·
857 1911 889 1962 nt
907 1904 1001 1973 aiunt,
1023 1902 1102 1974 quod
1120 1917 1154 1960 ea
1169 1903 1240 1959 liora
1269 1918 1398 1961 maxima
1421 1905 1541 1976 quidem
1562 1922 1598 1964 ex
1621 1918 1705 1978 parto

79 1985 97 2031 a
125 1974 255 2044 palatino
294 1974 406 2041 comite,
434 1982 462 2030 et
497 1975 561 2032 aliis
589 1976 743 2042 nobilibus,
767 1976 803 2033 de
857 1975 996 2032 memoria
1025 1974 1089 2045 ejus
1113 1974 1230 2031 turbata
1262 1973 1359 2040 luerit,
1391 1975 1465 2032 ratio
1487 1978 1664 2050 caligaverit,
1680 1987 1708 2039 ct

79 2058 119 2101 ne
149 2043 317 2100 innumeris.
350 2044 401 2100 ilbi
429 2044 499 2101 dum
514 2047 549 2102 de
571 2046 691 2103 sidesua
706 2048 802 2103 discu-
858 2048 977 2103 interior
992 2044 1099 2116 ingerit
1113 2059 1225 2102 sensns.
1241 2045 1435 2103 Nihilominus
1460 2054 1555 2104 tamen
1581 2050 1709 2108 Ecclesia

94 2115 267 2171 seditionem
292 2115 388 2184 populi
416 2116 530 2185 timens,
554 2117 804 2186 apostolicaesedis
858 2132 924 2189 quac
943 2123 1117 2173 convenerat
1130 2116 1237 2172 dimisit
1259 2116 1414 2185 hominem,
1445 2118 1580 2176 multavit
1595 2120 1707 2178 abomi-

79 2186 135 2241 iaur
151 2184 316 2257 appellavit.
334 2186 465 2256 Episcopi
478 2202 548 2243 vero
573 2188 659 2245 simul
673 2197 701 2246 et
713 2189 804 2245 abbas
858 2187 1015 2254 nationem,
1033 2202 1050 2243 a
1066 2201 1188 2257 persona
1211 2187 1367 2256 abstinens,
1383 2188 1432 2244 sed
1455 2188 1591 2259 dogmata
1617 2206 1709 2262 prava

79 2256 94 2313 l
108 2256 272 2313 itomanam
288 2257 444 2313 Ecclesiam
469 2258 619 2329 legatione,
637 2273 671 2316 ac
697 2259 738 2315 cis
753 2272 804 2330 pro
858 2259 1062 2317 condemnans.
1075 2257 1198 2325 Quando
1213 2271 1280 2315 vero
1304 2259 1405 2315 Petrus
1435 2258 1481 2315 ille
1498 2260 1644 2333 relugiuin
1660 2264 1706 2321 in·

81 2328 279 2396 impetebatur
299 2328 442 2398 capitulis,
457 2328 650 2387 damnationis
664 2330 727 2402 ejus
741 2344 805 2386 sen·
859 2330 970 2386 veniret
987 2329 1017 2384 in
1040 2330 1106 2385 sede
1136 2329 1211 2385 Petri
1236 2336 1295 2385 tam
1334 2330 1418 2401 longe
1435 2329 1577 2388 dissidens
1604 2346 1621 2388 a
1650 2334 1706 2391 lide

83 2397 117 2453 in
134 2399 240 2454 litteris
251 2407 508 2469 reportaverunt.»
859 2399 961 2457 Petri?
988 2401 1021 2455 lit
1042 2399 1138 2470 ipsum
1166 2414 1235 2471 ergo
1261 2408 1408 2457 auctorem
1434 2400 1534 2458 eadem
1562 2405 1706 2462 sententia

79 2476 202 2526 narrant
219 2471 305 2526 etiam
319 2470 502 2526 continuator
516 2469 680 2542 Sigcberti,
694 2470 805 2528 Rober-
859 2486 926 2528 cnm
946 2470 1093 2527 erroribus
1121 2471 1181 2526 suis
1209 2472 1384 2542 apostolicus
1413 2473 1519 2541 praesnl
1548 2473 1707 2546 involvens,

81 2540 292 2608 issiodorcnsis,
317 2540 490 2597 Guillclmus
514 2541 655 2613 Nangius,
681 2542 804 2599 Vincen·
859 2542 965 2612 scripta
984 2541 1125 2605 incendio,
1143 2541 1309 2611 scriptorem
1336 2541 1447 2599 silentio
1461 2544 1673 2603 condemnavit.
1692 2567 1707 2597 ιι

79 2611 235 2679 lucensis,
265 2612 389 2668 loannes
416 2611 513 2668 Sancti
544 2611 665 2668 Victoris
686 2613 806 2669 canoni·
859 2611 1007 2683 Quidquid
1042 2613 1089 2679 sit,
1119 2613 1310 2681 berengarius
1348 2613 1534 2671 pictaviensis
1566 2617 1708 2675 Abaelardi

79 2683 167 2738 ronici
194 2681 369 2738 Turonensis
392 2687 524 2752 scriptor,
555 2684 654 2738 etalii.
671 2683 724 2740 Sed
753 2684 805 2739 ali·
882 2683 1008 2740 nondam
1033 2681 1157 2748 auditor,
1184 2683 1246 2738 haec
1276 2682 1386 2749 videns,
1411 2697 1515 2740 nomen
1540 2699 1575 2741 ac
1599 2686 1708 2745 lamam

79 2766 98 2807 ιι
123 2766 235 2820 omnes,
260 2753 428 2824 acrioroque
455 2754 552 2809 animo
570 2752 727 2811 Gaulridus
741 2754 802 2810 Cla·
860 2699 985 2811 floctoris
998 2766 1032 2809 ac
1047 2752 1228 2823 praeeeptoris
1248 2753 1293 2810 sui
1306 2759 1377 2809 tnnc
1397 2760 1498 2810 contra
1511 2769 1610 2814 omnes
1633 2757 1707 2814 tueri

79 2824 132 2879 isis
146 2823 308 2879 monachos
323 2823 371 2880 lib.
395 2839 425 2879 ιιι
440 2824 512 2881 Vitae
537 2829 628 2881 sancti
654 2825 949 2892 Bernardi‚causus
985 2827 1037 2879 esi.
1063 2822 1239 2893 scripsitque
1273 2837 1324 2894 pro
1362 2838 1395 2880 eo
1430 2825 1599 2896 Apologlain
1625 2827 1705 2884 illam

79 2893 262 2965 {Patroloqie
289 2902 308 2950 ι.
333 2894 512 2965 CLXXXII),
533 2909 600 2951 cum
628 2897 668 2952 ait
685 2911 691 2950 :
711 2917 721 2944 ι
740 2897 806 2952 ιἰιιι
860 2909 949 2968 quom
974 2894 1047 2951 iuter
1061 2894 1125 2965 ejus
1147 2907 1234 2965 opera
1261 2893 1447 2950 nuncetiam
1471 2910 1508 2952 ox
1536 2896 1708 2955 bibliotheca

79 2963 175 3021 inillis
189 2965 290 3022 Petrus
305 2964 485 3035 Abalardus,
515 2966 651 3037 magister
674 2967 805 3036 insignis,
859 2967 935 3039 regis
967 2964 1201 3022 Christianissimi
1226 2965 1388 3021 cudendam
1425 2967 1595 3025 curavimus
1623 2969 1707 3039 (Vide

79 3037 217 3092 errimus
246 3037 276 3091 in
307 3038 443 3105 opinione
472 3036 608 3105 scientiae,
633 3035 805 3093 seddelide
860 3040 889 3094 in
912 3036 1084 3107 Appendice,
1113 3036 1150 3091 ad
1172 3034 1278 3092 calcem
1299 3035 1477 3106 voluminis),
1504 3039 1556 3094 elsi
1593 3039 1708 3109 plenam

79 3107 285 3186 dogmatizans.
306 3107 478 3177 Cujnscum
511 3107 696 3178 blasphemiis
721 3107 806 3178 plena
860 3107 987 3180 ingentis
1018 3106 1184 3162 acrimoniae
1217 3113 1317 3163 contra
1346 3112 1479 3164 sanctum
1515 3110 1704 3168 bernardum.

79 3191 137 3234 mis
147 3177 268 3233 volitare
289 3180 421 3248 undique
436 3178 544 3249 scripta
560 3180 719 3249 cepissent,
737 3193 806 3248 pro·
858 3179 953 3247 Qiinre
966 3185 994 3234 et
1009 3178 1045 3234 ob
1059 3177 1112 3233 hcc
1126 3185 1223 3248 postea
1241 3178 1375 3247 culpatus
1389 3190 1407 3233 a
1434 3178 1544 3250 multis,
1568 3195 1598 3238 se
1620 3196 1709 3239 excu-

79 3251 193 3304 rritates
210 3257 509 3306 vocumetsonsnum
527 3249 807 3320 virieruditiatquo
861 3250 935 3306 savit
951 3248 1028 3319 quod
1044 3249 1219 3317 adolescens,
1247 3256 1275 3304 ct
1298 3247 1362 3319 jnco
1396 3249 1490 3318 potius
1516 3265 1606 3323 quam
1629 3253 1703 3311 serio

79 3319 107 3375 id
129 3318 352 3387 Deihomineni,
380 3329 514 3376 sanctum
538 3320 728 3382 Bernardum,
752 3322 806 3375 de·
859 3321 1025 3391 scripsisset.
1042 3319 1165 3375 ldenim
1197 3325 1317 3376 testatur
1339 3318 1456 3389 ipsemet
1480 3322 1511 3378 in
1538 3323 1655 3392 epistola
1671 3324 1709 3381 ad

79 3397 111 3446 t:
132 3390 186 3460 qui
201 3390 340 3446 nimirum
370 3392 452 3447 solita
480 3391 607 3446 bonitate
634 3389 808 3460 etbeniqni·
859 3392 1026 3462 episcopum
1053 3390 1259 3456 llimatenseui,
1290 3396 1318 3446 et
1342 3404 1379 3446 ex
1407 3391 1627 3450 eoFranciscus
1654 3395 1705 3452 Pe·

79 3459 206 3517 dderans
230 3475 357 3518 errorem
371 3462 487 3533 corrigi,
503 3461 648 3517 hominem
663 3476 721 3518 non
742 3474 808 3517 con·
860 3462 977 3519 tranche
992 3461 1020 3516 in
1036 3461 1181 3533 Apologia,
1198 3458 1248 3517 nbi
1264 3482 1278 3511 ιι
1294 3459 1390 3517 virum
1405 3476 1463 3518 non
1484 3463 1674 3522 inlacnndum
1692 3486 1707 3516 ι

79 3539 192 3588 secreta
216 3531 298 3588 illum
328 3533 522 3589 admonitione
553 3533 695 3588 convenit.
734 3531 807 3588 Cum
860 3541 953 3599 vocat,
968 3533 1013 3588 his
1034 3532 1148 3588 verbis:
1168 3552 1179 3581 ι
1200 3531 1356 3589 Damnavit
1370 3532 1535 3590 bernardus
1549 3535 1708 3593 claraeval-

79 3610 192 3658 tmtam
212 3603 336 3659 modeste
363 3611 482 3673 tamque
506 3602 716 3659 rationabiliter
737 3602 805 3674 egit,
861 3604 948 3661 lensis
971 3602 1061 3659 abbas
1086 3603 1202 3659 Petrum
1231 3602 1417 3659 hbelardum
1447 3604 1603 3662 litteratum
1618 3621 1709 3677 quon·

81 3686 182 3744 noque
201 3681 390 3742 compunctus
416 3675 452 3729 ad
470 3673 561 3743 ipsius
575 3675 729 3730 arbitrium
743 3686 807 3729 cor·
861 3674 928 3730 dam
942 3674 1050 3730 virum.
1074 3673 1148 3731 lluic
1171 3672 1263 3730 iratus
1290 3673 1481 3746 berengarius
1508 3676 1706 3744 pictaviensis,

79 3756 109 3801 ιιι
132 3746 356 3813 scpromitteret
382 3744 528 3800 universa.
556 3744 708 3811 caetorum,
740 3756 807 3799 cum
861 3746 908 3802 vir
920 3751 948 3801 ιι
962 3746 1023 3815 ipse
1037 3758 1095 3800 non
1110 3744 1285 3800 infacundus
1304 3757 1338 3800 ac
1352 3743 1512 3814 discipulus
1530 3746 1617 3816 Petri,
1642 3763 1710 3805 con·

79 3820 121 3872 ret
143 3813 229 3871 abeo
259 3815 361 3871 Petrus
376 3815 460 3883 idem,
491 3815 616 3871 consiliis
643 3813 809 3871 stimulatus
862 3824 908 3873 tra
941 3815 1119 3871 Bernardum
1143 3814 1250 3871 librum
1281 3828 1374 3870 unum
1389 3816 1501 3885 scripsit
1529 3831 1588 3873 non
1608 3819 1706 3889 magni

96 3884 170 3941 etin
208 3884 249 3940 nii
264 3887 310 3942 sui
324 3886 437 3942 viribus
463 3886 646 3956 plurimoque
671 3884 808 3941 exercitio
863 3887 981 3958 quidem
1001 3885 1139 3955 corporis,
1164 3884 1214 3940 sed
1239 3884 1363 3955 ingentis
1391 3885 1565 3942 acrimonia.
1595 3888 1635 3943 lle
1650 3902 1709 3958 quo

79 3954 128 4012 ndi
140 3956 172 4011 in
184 3955 293 4012 eliciter
307 3956 409 4022 fidens,
432 3957 532 4012 resiliit
555 3970 573 4012 a
601 3955 743 4027 proposito
766 3968 810 4011 sa·
863 3956 1077 4028 postmodnma
1099 3954 1197 4011 moltis
1225 3954 1400 4025 increpatus,
1418 3970 1448 4012 se
1463 3959 1614 4014 excusavit
1629 3959 1707 4029 quod

79 4026 216 4096 inpetens
240 4027 365 4098 denique
391 4027 582 4084 senonensem
618 4025 811 4097 metropolita·
862 4027 1026 4085 adolescens
1046 4025 1216 4096 scripsisset,
1245 4032 1273 4081 ιι
1301 4025 1380 4097 quod
1401 4026 1456 4084 sibi
1486 4027 1542 4086 viri
1572 4028 1710 4088 sanctitas

79 4097 145 4169 qnod
174 4097 204 4155 in
227 4097 292 4168 ejus
305 4098 425 4155 ecclesia
455 4098 659 4154 celebrandum
692 4097 764 4154 ioret
779 4097 809 4152 in
824 4112 847 4167 p
863 4098 994 4156 nondum
1009 4099 1125 4169 penitus
1137 4101 1297 4153 notaesset.
1314 4118 1329 4148 »
1362 4136 1372 4151 .

79 4168 217 4239 oprande
235 4168 401 4236 concilium,
428 4168 675 4225 clarevallensem
703 4182 810 4224 causa·
899 4169 997 4226 Soluto
1024 4175 1119 4225 autem
1144 4167 1192 4225 illo
1223 4174 1377 4235 conventu,
1403 4167 1454 4240 qni
1479 4168 1641 4229 celebratus
1667 4178 1711 4231 est

79 4240 228 4296 stemsuis
243 4239 396 4297 inocculto
425 4239 574 4297 detrahere
603 4239 694 4296 libris.
725 4239 810 4296 llddit
864 4254 941 4297 anno
970 4240 1044 4307 llll),
1071 4239 1171 4295 infelix
1195 4238 1365 4296 abelardus
1393 4239 1520 4297 incertus
1550 4242 1622 4314 quid
1640 4257 1707 4315 age·

88 4319 226 4381 peratum
245 4324 276 4367 se
302 4325 364 4368 esse
380 4312 411 4366 in
434 4310 550 4382 publico
575 4323 630 4367 sua
656 4309 810 4366 defendere
864 4318 919 4380 ret,
933 4310 1104 4367 Cluuianum
1120 4325 1149 4366 se
1163 4311 1294 4378 contulit,
1318 4310 1369 4367 ubi
1387 4310 1553 4370 humaniter
1574 4326 1713 4385 exceptus

90 4392 126 4438 ro
146 4391 201 4438 ans
229 4389 263 4438 nt
277 4382 431 4452 predictus
448 4382 549 4449 abhas,
560 4380 692 4439 dicturus
705 4382 728 4436 si
740 4379 810 4452 quid
864 4388 938 4439 este
966 4382 1049 4438 Petro
1075 4380 1214 4437 llauricio
1235 4380 1311 4437 dicto
1333 4381 1508 4452 Venerabili,
1537 4384 1660 4456 ejusque
1683 4393 1711 4442 et

79 4492 87 4520 ,
152 4451 309 4510 concilium
322 4461 487 4510 vocaretur.
506 4454 624 4509 Factum
649 4459 691 4508 est
707 4459 741 4508 nt
759 4465 808 4522 po-
861 4452 1045 4511 Cistercensis
1066 4450 1178 4509 abbatis
1199 4464 1296 4521 opera,
1326 4452 1413 4523 poulo
1428 4462 1491 4523 post
1505 4453 1581 4511 idem
1595 4463 1623 4510 et
1647 4468 1713 4512 san-

79 4564 87 4578 .
117 4522 172 4580 sed
199 4531 321 4580 vocatus
334 4524 425 4581 abbas
446 4523 546 4581 venire
561 4523 675 4594 penitus
689 4535 807 4580 recusa·
861 4531 925 4581 ctus
939 4523 1105 4580 Bernardns
1130 4521 1264 4579 collocuti
1290 4522 1456 4581 inimicitias
1471 4538 1601 4594 posuere.
1625 4523 1709 4591 Quod

79 4606 116 4651 lm
131 4593 186 4651 hoc
209 4607 268 4651 non
288 4608 350 4652 esse
376 4597 556 4652 renuntians.
584 4595 683 4651 Postea
710 4600 807 4650 tamen
860 4602 888 4651 et
912 4595 973 4665 ipse
988 4593 1187 4651 cluniacensis
1205 4593 1293 4651 abbas
1326 4594 1492 4651 innocentio
1521 4596 1548 4651 ll
1562 4593 1706 4665 signitica-

79 4678 136 4723 um
154 4665 286 4722 virorum
310 4666 426 4724 monitis
452 4665 556 4734 lienus,
572 4679 609 4721 ne
624 4663 756 4721 videlicet
769 4676 808 4719 ιιι
861 4665 913 4722 ιιι.
937 4664 995 4722 Noc
1015 4672 1110 4723 tamen
1134 4671 1268 4735 proptera
1297 4664 1469 4722 rihelardus
1491 4663 1713 4735 Apologeticum

79 4735 195 4795 mentia
208 4737 378 4794 scandalum
411 4736 527 4807 populo,
556 4742 585 4793 et
610 4749 722 4792 cornua
752 4748 809 4792 cre·
862 4749 914 4807 pro
936 4750 997 4793 suae
1023 4736 1193 4792 innocentiae
1221 4737 1407 4793 excusatione
1432 4734 1557 4792 scribere
1591 4735 1708 4794 destitit.

95 4808 276 4874 adversario,
300 4808 418 4865 demum
445 4820 564 4879 pergere
577 4806 733 4878 acquievit,
760 4805 809 4863 tri·
863 4806 945 4873 Quod
967 4821 1032 4864 cum
1048 4807 1219 4864 innotuisset
1241 4805 1393 4863 Guillelmo
1420 4804 1516 4886 sancs
1539 4806 1714 4865 Theudorici

79 4876 156 4946 dem,
180 4892 236 4934 nec
262 4877 325 4935 siue
349 4879 486 4948 lacrymis
511 4891 655 4943 annuens,
675 4877 750 4934 sicut
779 4877 809 4933 in
863 4877 970 4946 abbati,
1000 4878 1051 4949 qui
1080 4885 1212 4935 sanctum
1240 4875 1420 4934 Bernardnm
1450 4877 1550 4934 intimo
1576 4878 1715 4951 diligebat

89 4948 458 5020 adpapamlnnocentinm
473 4950 533 5020 ipse
546 4954 679 5015 testatur,
701 4948 731 5003 in
750 4959 811 5019 qua
863 4948 978 5017 allecto,
1004 4962 1092 5021 seque
1119 4949 1305 5006 transtulerat
1332 4945 1369 5002 ad
1392 4945 1521 5004 ordinem
1549 4948 1715 5008 cistercien-

102 5019 289 5090 lucidinsqne
317 5021 466 5093 negotium
493 5032 578 5076 omne
608 5017 808 5100 prosequitur.
863 5034 924 5077 sem
952 5020 1029 5089 apud
1052 5020 1231 5091 signiacum,
1260 5017 1327 5099 ubi¹
1341 5015 1461 5074 feliciter
1492 5018 1573 5088 obiit,
1604 5020 1714 5079 Cantici

79 5088 147 5160 lies,
179 5090 338 5150 etecclesia
366 5092 480 5161 mplosa
494 5097 640 5160 convenit,
653 5088 705 5146 nbi
727 5088 812 5146 allei
865 5092 1043 5149 canticorum
1067 5091 1184 5162 reliquit
1207 5088 1425 5159 expositionem,
1441 5095 1474 5146 ul
1492 5089 1632 5149 adversus
1645 5106 1714 5151 enm

81 5162 163 5221 Petri
177 5161 257 5220 illins
270 5162 441 5219 inmedium
467 5162 573 5232 scripta
617 5161 709 5219 rolata
730 5167 810 5226 sunt,
865 5161 931 5233 styli
958 5161 1004 5219 sui
1032 5175 1153 5218 acumen
1179 5160 1325 5231 dirigeret.
1353 5159 1411 5215 lloc
1424 5161 1501 5216 enim
1517 5161 1662 5221 declarati
1684 5178 1715 5221 se

79 5234 111 5293 is
125 5232 255 5306 capitula
279 5232 430 5305 designata
443 5232 565 5289 Domum
584 5175 627 5289 ifle
647 5234 725 5302 optio
738 5231 812 5314 'data
865 5232 1036 5290 Guillelmus
1052 5234 1081 5287 ιιι
1096 5230 1216 5303 epistola
1245 5231 1281 5287 ad
1297 5230 1399 5312 iratres
1423 5231 1459 5288 de
1475 5230 1571 5291 Monte
1590 5235 1652 5304 liei,
1665 5178 1714 5293 gis

79 5314 87 5363 t
114 5319 172 5363 sna
189 5318 251 5362 esso
274 5305 411 5376 negandi,
437 5310 489 5361 aut
513 5316 641 5360 ιιιοιιιιι
664 5303 812 5360 humiliter
865 5303 1015 5361 verbis:‹
1046 5302 1118 5359 snut
1146 5308 1268 5373 praetera
1295 5309 1323 5358 et
1352 5301 1410 5358 alis
1438 5303 1577 5374 opuscula
1604 5313 1713 5376 nostra,

79 5376 139 5445 ndi,
168 5383 221 5434 ant
248 5374 450 5446 respondendi,
476 5374 501 5431 si
525 5382 629 5445 posset,
645 5373 814 5444 obiiciendis
866 5374 982 5432 libellus
1008 5374 1049 5430 De
1076 5378 1254 5429 sacramento
1279 5372 1389 5440 altaris,
1421 5373 1602 5433 lleditalione
1630 5380 1714 5437 novi·

79 5446 215 5509 tionibus
244 5449 352 5518 paritor
381 5452 410 5503 et
441 5453 608 5502 sanctornm
642 5444 813 5502 testimoniis
866 5445 914 5503 tiis
936 5445 974 5502 ad
1001 5444 1144 5503 orandum
1170 5441 1332 5501 formandis
1354 5443 1507 5528 spiritibus
1533 5461 1713 5521 nouusque·

79 5520 155 5581 .At
168 5517 228 5589 illc,
244 5530 299 5576 ncc
326 5516 426 5575 rolens
444 5516 621 5586 resipiscere,
636 5530 690 5573 nec
711 5516 814 5573 valens
887 5529 986 5589 naque
998 5514 1123 5585 inutiles,
1146 5521 1176 5572 ct
1195 5529 1232 5572 sn
1253 5527 1285 5572 er
1298 5514 1451 5574 Canticum
1471 5517 1652 5577 canticorum
1676 5519 1713 5578 ad

79 5604 93 5653 r
172 5588 269 5649 ιιιιιιιι
294 5595 323 5648 at
346 5587 463 5661 spiritui
483 5587 537 5660 qui
559 5585 759 5658 loquebatur3
780 5592 814 5644 ut
866 5586 950 5645 ium
979 5585 1085 5658 locum,
1102 5585 1210 5669 «paul
1245 5598 1296 5644 um
1318 5600 1387 5645 cum
1400 5587 1630 5659 pertransissem,
1645 5603 1715 5648 snm

106 5603 272 5730 amet,
301 5658 400 5719 radam
424 5658 613 5732 amstolicam
637 5671 656 5715 a
676 5656 812 5730 pellarlt.
866 5656 966 5716 inranl
987 5670 1076 5729 quem
1103 5655 1198 5733 diltyn
1220 5655 1320 5717 anima
1340 5670 1416 5715 mea
1431 5656 1534 5719 »riam
1545 5661 1716 5721 mansee

79 5732 224 5811 ιοιιιιιιι
241 5730 359 5811 caresta
385 5726 603 5794 ιιιιιιιιιιιιιιι
628 5670 697 5795 ιιῙιι
726 5727 812 5796 adro.
865 5724 1156 5807 muctarem,
1175 5726 1415 5810 qnlprrylllelnm
1439 5740 1515 5807 opus
1538 5728 1717 5822 aemam
