3804 5962
754 259 873 318 subdo
891 257 978 313 xxix.
1685 258 1737 312 562

82 385 223 456 scriptum
246 391 288 441 est
310 397 317 441 :
334 386 420 440 From
442 384 567 440 matteas
580 387 729 442 meretricis
746 387 824 453 facto
839 384 863 440 Α
879 380 1073 455 propulsanda
1087 379 1219 450 curabat,
1235 383 1268 436 ut
1287 377 1349 435 suis
1363 378 1459 450 patius
1485 391 1574 450 quarn
1594 377 1648 436 sibi
1663 393 1735 436 aan-

79 479 96 539 i,
120 473 521 544 mamistierobeslerefierem.
539 489 582 539 ιιι,
604 476 641 546 3).
660 473 738 531 lleul
756 474 827 545 quid
881 472 998 530 soleret.
1042 469 1182 526 Dominus
1216 471 1324 537 aulem,
1347 467 1395 524 cui
1432 467 1608 524 couscientia
1645 468 1736 542 magis

79 565 201 630 avimus,
217 564 261 620 vel
277 563 443 620 audivimus
459 563 603 627 intereas,
623 579 687 635 qua
706 578 756 634 per
775 565 826 619 ba·
881 574 969 633 quam
985 559 1086 631 lingua
1106 558 1245 630 loquitur,
1259 572 1318 614 nan
1331 557 1425 615 solum
1439 556 1476 613 ab
1496 557 1624 625 iufamia,
1634 572 1736 616 verum

91 662 225 709 sanctum
253 654 310 708 Dea
332 652 522 719 mentiuntur,
544 667 601 710 non
624 653 827 723 salumturpi-
881 650 998 707 etiama
1017 652 1107 706 morte
1123 648 1214 719 ipsam
1239 649 1360 705 liberare
1381 660 1439 703 non
1465 646 1610 715 differens,
1642 649 1670 704 in
1703 662 1736 705 eo

79 759 113 799 ιιι
136 743 233 799 carnis
257 743 413 805 incurrere,
434 741 483 797 sed
504 756 556 798 uec
586 741 710 799 infamiae
726 750 827 798 uotam
881 753 980 797 vacem
997 739 1061 810 eius
1080 737 1240 806 exaudivit,
1265 737 1344 809 quad
1370 736 1554 794 confessionis
1577 751 1637 799 suae
1660 737 1735 794 veri·

79 831 279 896 terebamus
307 831 363 886 boc
386 830 480 900 ipsum
506 845 555 901 pra
584 831 676 903 gloria
703 831 826 896 videtur,
883 837 968 887 tatem
981 828 1066 885 certis
1094 827 1208 885 indiciis
1235 826 1443 897 comprobavit.
1476 826 1556 883 Unde
1587 833 1615 883 ct
1637 825 1736 884 subdi-

95 919 208 975 Cbristo
239 917 407 974 dedecorato
440 918 555 974 amasias
582 919 744 986 bominum,
770 919 827 974 imo
881 925 947 976 tur:
974 919 1095 987 cumque
1119 916 1266 973 duceretur
1292 916 1330 971 ad
1353 920 1476 982 martem,
1503 917 1645 971 suscitavit
1662 917 1760 972 Deos·

79 1008 147 1064 tuda
166 1007 440 1064 scortadaemouum
459 1006 828 1078 praedicantur.aquibus
881 1011 1009 1078 spiritam
1047 1012 1171 1062 sanetum
1187 1007 1269 1078 poeta·
1293 1007 1427 1075 iunioris,
1452 1006 1497 1060 cui
1522 1021 1618 1062 acmen
1639 1006 1737 1062 Daniel

82 1097 164 1154 nulla
186 1095 361 1161 munuscula
384 1096 561 1167 quandoque
580 1096 752 1166 suscipiunt,
768 1103 826 1152 tam
886 1097 980 1167 libid,
1001 1095 1058 1166 45).
1094 1095 1244 1168 Spiritum,
1276 1093 1493 1166 inquit,patius
1513 1108 1603 1165 quam
1631 1108 1736 1164 corpus

79 1189 191 1258 iquam
211 1186 256 1242 sui
276 1183 371 1241 oblita
386 1186 579 1240 miserandam
600 1192 826 1250 mortemsuam,
881 1185 1044 1254 suscitavit,
1065 1200 1132 1256 cum
1163 1192 1275 1243 aetatem
1297 1183 1379 1255 pueri
1409 1183 1537 1255 iunioris
1565 1182 1736 1240 mirabiliter

79 1290 182 1334 tumme
199 1276 336 1332 dedecore
350 1275 396 1330 sui
417 1274 525 1345 quibus
540 1276 649 1332 audent
671 1282 826 1341 ostentant,
882 1275 1029 1344 exaltavit,
1042 1281 1075 1332 ut
1089 1274 1211 1345 Spiritus
1226 1280 1356 1338 sauctus,
1373 1273 1424 1345 qui
1440 1272 1469 1328 in
1484 1287 1517 1329 ea
1534 1271 1592 1344 jam
1609 1279 1670 1329 erat
1683 1286 1737 1345 per

90 1380 149 1424 uon
177 1365 257 1436 parvi
282 1378 312 1421 se
340 1364 524 1432 aestimantes,
541 1378 607 1435 vrrrae
632 1378 662 1420 sc
676 1363 825 1435 aliquibus
883 1365 1020 1437 gratiam,
1047 1378 1097 1435 per
1127 1363 1283 1435 prephetia
1309 1368 1529 1435 cognosceretur
1562 1361 1759 1435 efficaciam,

79 1471 106 1513 ro
133 1456 258 1526 possint3
285 1453 371 1524 plura
396 1462 491 1510 tamen
528 1453 656 1510 fortassis
678 1453 828 1526 largiturae
882 1461 910 1511 et
926 1468 976 1525 per
990 1453 1132 1525 virginem
1148 1467 1270 1524 puerum
1283 1451 1428 1523 padicitiae
1441 1451 1619 1508 defensorem
1636 1451 1736 1522 impu·

83 1552 253 1615 accepturo.
271 1544 380 1600 Paucos
400 1544 663 1614 quippeemptares
679 1545 828 1614 reperiunt
882 1543 939 1601 dici
963 1558 1045 1601 senes
1070 1543 1193 1615 iudicati
1216 1542 1435 1599 damnarentur.
1462 1542 1507 1597 Ex
1531 1555 1590 1611 qua
1619 1540 1737 1612 quidem

79 1635 259 1706 ,isdamnum
274 1646 361 1704 quam
379 1632 492 1689 lucrum
508 1632 747 1704 conspiciun13et
761 1647 865 1725 quaeB
884 1632 1003 1705 spiritus
1025 1631 1211 1689 suscitatione
1226 1630 1262 1689 ad
1290 1630 1412 1703 pudicae,
1429 1636 1462 1687 ut
1486 1630 1664 1693 dictumest,
1680 1628 1733 1685 de-

98 1730 275 1794 appetuntur
299 1736 415 1789 meroes,
440 1721 556 1779 facilius
584 1722 827 1794 omuibusexpo-
844 1671 1040 1779 Bfensiouem
1058 1729 1207 1788 matronae,
1224 1728 1252 1777 et
1281 1719 1550 1777 condemnationem
1575 1717 1733 1789 impudico·

78 1827 103 1877 ι,
118 1819 147 1869 et
157 1811 310 1883 publicatae
330 1812 415 1867 citius
430 1811 607 1868 obtinentur
883 1825 1072 1880 rumsenum,
1087 1811 1114 1867 id
1130 1825 1187 1868 non
1203 1810 1344 1867 immerito
1356 1823 1480 1881 puerum
1503 1808 1582 1865 bunc
1597 1807 1736 1864 meruisse

79 1910 212 1960 autema
251 1901 395 1971 proposita
418 1900 466 1972 [ad
487 1901 677 1973 propositum]
702 1910 828 1959 reverta·
884 1901 1041 1958 credimus.
1070 1907 1104 1958 ut
1123 1906 1267 1971 perpetue
1283 1899 1456 1971 virginitatis
1471 1898 1569 1956 florem
1584 1896 1734 1954 obtineret.

79 1991 146 2048 atde
174 2003 288 2047 summa
304 1989 462 2061 ignominia
477 1989 583 2046 Christi
607 1991 642 2046 ad
656 1991 769 2049 laudem
787 1991 825 2048 fe·
882 1991 955 2047 Hinc
981 2003 1099 2063 quaque
1124 2003 1183 2047 nan
1206 1989 1365 2062 incongrue
1395 1987 1540 2045 credimus
1567 1986 1596 2044 in
1625 1992 1735 2043 tantam

96 2079 244 2137 saecularis
281 2078 445 2144 redeamus,
474 2093 541 2135 curn
567 2078 638 2136 falso
665 2080 826 2137 testimonio
884 2092 1008 2150 puerum
1033 2078 1139 2134 famam
1159 2092 1195 2135 ax
1222 2078 1277 2135 boc
1306 2085 1365 2134 tam
1396 2076 1524 2133 mirabili
1547 2075 1658 2149 judicio
1681 2089 1734 2132 suo

79 2192 83 2225 ι
110 2167 237 2239 populus
250 2167 425 2235 credidisset,
439 2174 466 2223 et
481 2181 544 2222 eam
565 2168 600 2224 ad
614 2176 733 2225 martem
755 2183 827 2225 con·
882 2168 1016 2237 crevisse,
1033 2175 1066 2225 ut
1081 2169 1141 2239 ipse
1160 2181 1278 2239 quaque
1300 2166 1576 2234 Nabuchodonosor,
1590 2165 1642 2238 qui
1660 2177 1729 2222 eum

79 2265 170 2325 ssem,
191 2256 364 2313 exclamavit
379 2270 448 2312 vace
471 2269 588 2328 magna,
611 2258 736 2314 etdirit:
757 2262 826 2314 fieus
880 2258 1087 2329 captivaverat,
1111 2271 1178 2315 cum
1205 2257 1315 2314 ceteris
1335 2270 1402 2315 eum
1427 2254 1573 2327 precipue
1587 2254 1638 2311 toti
1655 2260 1742 2310 terrae'

78 2387 86 2415 ,
116 2349 165 2416 qui
193 2345 413 2400 absconditarum
444 2359 472 2400 es
504 2348 636 2415 cognitor,
673 2349 723 2419 qui
755 2350 826 2403 nasta·
880 2362 940 2405 suae
956 2347 1038 2419 quasi
1057 2347 1184 2419 jndicem
1200 2346 1367 2423 praeficeret.

89 2445 239 2505 antequam
264 2438 344 2505 fiant,
374 2439 403 2488 lu
432 2437 485 2491 seis
514 2438 642 2506 quaat’om
669 2443 762 2492 cantra
784 2453 827 2493 me
916 2438 1089 2492 declamauit
1119 2441 1210 2492 autem
1241 2451 1304 2492 voce
1325 2449 1434 2504 magua,
1460 2438 1486 2489 ei
1506 2433 1594 2488 dieat:
1618 2431 1737 2488 Mandas

108 2526 223 2582 tulerint
267 2527 458 2590 testimonium,
487 2529 512 2580 et
545 2541 603 2581 ecce
631 2529 740 2594 moriar,
766 2543 826 2582 com
881 2540 928 2593 eqo
950 2530 1191 2596 sarmosanqm'ne
1216 2526 1309 2596 bajus.
1326 2529 1361 2581 m
1382 2539 1526 2581 careamus
1541 2525 1628 2579 amnis
1650 2538 1737 2594 papu-

80 2631 160 2672 arttm
174 2617 287 2682 fecerim
301 2614 386 2685 (lion.
408 2628 468 2682 ιιιιι,
488 2615 543 2681 45).
567 2614 725 2686 injudicio
746 2615 827 2686 prius
880 2617 923 2670 las
943 2616 981 2670 ad
995 2631 1064 2682 eam,
1081 2616 1169 2670 droit:
1197 2612 1263 2682 Quis
1289 2621 1328 2669 ast
1353 2617 1406 2670 iste
1429 2627 1516 2669 sermo
1536 2627 1615 2682 quem
1630 2612 1736 2667 loculus

79 2713 147 2774 uta,
167 2718 233 2761 cum
260 2703 302 2759 rili
324 2703 353 2758 in
378 2703 588 2760 accusationem
608 2704 673 2775 ejus
692 2705 824 2761 testifica·
880 2704 926 2760 es?
950 2704 1004 2772 Qui
1020 2717 1088 2760 cum
1107 2711 1194 2761 staret
1211 2703 1240 2758 in
1269 2702 1361 2760 madia
1383 2716 1485 2760 eorum
1501 2701 1556 2757 ait:
1586 2700 1630 2757 Sic
1646 2701 1733 2768 fatui,

79 2837 89 2864 ,
104 2808 164 2851 non
179 2793 270 2864 loqui,
299 2792 348 2848 sed
363 2790 441 2860 llere,
462 2800 490 2849 et
512 2793 541 2849 in
555 2794 660 2850 coelum
679 2795 825 2864 suspicere
881 2796 937 2849 oiri
951 2793 1047 2858 lsrael,
1061 2808 1115 2848 aaa
1141 2792 1311 2862 judicantes,
1333 2807 1421 2862 aeque
1441 2790 1513 2862 quad
1524 2805 1617 2845 aeram
1629 2793 1669 2844 est
1683 2804 1731 2844 aa·

79 2896 127 2951 ur,
158 2889 191 2940 ut
223 2883 286 2954 ejus
314 2881 450 2952 patientia
488 2882 613 2953 primum
654 2883 825 2954 probaretur
883 2886 1050 2951 enascentes,
1085 2882 1283 2937 condemnastis
1313 2881 1398 2952 tiliam
1424 2878 1735 2936 lsraetilieaertimimi

86 2980 116 3029 ct
130 2973 161 3027 iu
173 2970 285 3029 cbristo
306 2970 448 3040 propbeta
462 2971 635 3042 praedixerat
659 2971 703 3028 bis
717 2972 827 3029 verbis:
847 2958 922 3026 (lad
950 2971 1101 3042 judiciam,
1130 2973 1197 3041 quia
1226 2971 1331 3040 falsum
1364 2969 1549 3025 testimonium
1574 2968 1736 3023 lacatisuai

79 3076 124 3116 sm
138 3058 196 3115 acis
219 3060 258 3115 ad
279 3060 436 3114 occisionem
465 3058 590 3128 ducetur,
607 3065 631 3115 ei
646 3063 727 3129 quasi
741 3075 829 3129 agnata
884 3061 1016 3116 aduersus
1031 3076 1100 3116 eam.
1118 3062 1249 3116 fleamus
1274 3063 1314 3116 est
1328 3059 1518 3130 erqapapolus
1533 3073 1595 3113 cum
1611 3059 1734 3125 festina·

97 3150 262 3206 faadmiese
283 3148 496 3217 obmutescata
524 3152 830 3219 aanaperr‘etassuam
885 3153 958 3205 lione
982 3149 1072 3220 (ibid,
1106 3148 1209 3221 46-48),
1239 3149 1319 3218 Quod
1349 3162 1418 3206 vcro
1438 3156 1496 3204 tam
1528 3143 1735 3213 mirabile,ch

79 3254 133 3309 uu,
157 3239 196 3310 7).
229 3236 420 3308 Exspectabat
452 3236 490 3294 ibi
525 3238 610 3294 tacita
638 3238 830 3294 damnationis
884 3246 943 3296 tam
958 3238 1064 3296 divinas
1080 3238 1195 3295 virtutis
1218 3238 1402 3296 manifestum
1418 3237 1546 3309 signum,
1561 3238 1593 3293 ut
1607 3243 1666 3292 tam
1679 3233 1735 3291 cita

79 3328 243 3393 amentiam,
262 3334 289 3384 et
305 3333 400 3383 tacens
414 3324 592 3391 bominibus,
608 3326 662 3383 sali
680 3328 738 3383 Deo
759 3326 829 3384 lietu
885 3329 921 3385 ad
937 3328 1026 3385 nnius
1046 3328 1127 3398 pueri
1157 3328 1284 3385 subitam
1306 3327 1530 3398 increpationem
1545 3331 1623 3383 totus
1639 3322 1735 3381 subsi-

79 3425 161 3475 atur.
196 3417 282 3475 Nunc
306 3432 375 3474 vera
400 3415 597 3472 damnationis
621 3424 738 3486 accepta
763 3431 828 3473 sen·
884 3424 969 3474 steret
986 3417 1120 3488 papulus,
1135 3423 1163 3472 et
1191 3431 1224 3473 eo
1240 3415 1392 3488 diligenter
1409 3414 1518 3481 audito,
1539 3413 1734 3486 adjudicium

117 3506 155 3563 ad
188 3507 405 3563 excusationem
439 3504 495 3574 sui,
533 3519 591 3562 nun
619 3504 827 3575 liberationem,
883 3505 1050 3563 festinanter
1073 3503 1383 3571 rediret'lQuidinea
1402 3504 1545 3573 cernebat,
1563 3517 1649 3575 quem
1665 3510 1735 3560 aetas

86 3597 282 3655 innocentiam
310 3603 475 3668 protestata,
501 3593 586 3652 famae
617 3597 712 3666 patius
738 3612 827 3668 quam
884 3603 1039 3675 parvulum
1056 3602 1244 3671 monstrabat,
1260 3609 1288 3658 et
1307 3600 1520 3672 despicabilem,
1543 3615 1597 3658 nec
1615 3600 1734 3658 omnino

79 3685 194 3743 lecrevit
223 3686 383 3752 consulere,
419 3693 531 3742 etsuos
554 3685 655 3753 saltam
678 3687 713 3742 de
738 3695 828 3744 morte
883 3693 918 3749 ad
936 3699 1049 3748 tautum
1066 3690 1214 3762 negotium
1240 3689 1429 3747 subicientem
1451 3688 1640 3747 ostendebat?
1670 3691 1735 3745 l’ra·

79 3789 137 3833 nus
163 3773 299 3832 sollicitos
314 3775 432 3830 reddare
455 3788 544 3846 quam
569 3775 688 3831 minime
714 3775 827 3832 dubita·
882 3781 954 3838 fecta
977 3793 1036 3836 non
1061 3786 1104 3835 est
1123 3778 1330 3852 ambigendum
1356 3793 1425 3835 eum
1452 3793 1512 3850 qua
1528 3777 1656 3848 repletus
1682 3784 1733 3842 est,

79 3864 109 3921 td
155 3863 311 3922 feliciorem
343 3864 434 3920 vitam
465 3863 596 3920 transire.
629 3863 827 3921 certissimum
882 3868 1016 3941 spiritum
1031 3867 1130 3939 aliqua
1151 3867 1302 3924 manifesto
1315 3865 1397 3938 signo
1413 3866 1443 3923 iu
1462 3880 1566 3923 coesse
1586 3866 1692 3931 visum,
1705 3872 1733 3921 et

79 3969 85 4009 t
106 3953 151 4010 vel
179 3951 358 4017 innocentiae.
375 3951 419 4008 vel
444 3951 537 4022 culpa
554 3951 749 4009 testimonium
774 3960 825 4020 ast,
882 3958 1022 4030 quiddam
1049 3957 1181 4013 divinum
1196 3956 1227 4012 in
1251 3955 1336 4012 vultu
1355 3954 1419 4026 ejus
1447 3952 1492 4013 vel
1519 3954 1633 4020 babitu¹
1648 3968 1734 4025 appa·

78 4042 255 4101 Ιδθθῦῐθδὲἰθ
281 4042 496 4110 damnatorum,
513 4041 640 4098 maximi
655 4056 722 4099 ⁰0⁰1
738 4042 824 4113 littid-
882 4048 985 4116 ruisse,
1011 4045 1086 4103 sicut
1114 4045 1149 4102 de
1172 4045 1292 4101 Domina
1324 4043 1463 4111 creditur,
1485 4057 1553 4101 cum
1575 4043 1635 4114 ipss
1654 4044 1733 4100 solus

79 4146 122 4190 tm
141 4131 257 4189 dicatur
280 4131 358 4201 apud
381 4132 522 4201 homiues,
555 4131 608 4188 sibi
641 4131 826 4202 profuturum
882 4150 981 4194 amnas
1004 4135 1111 4207 pariter
1140 4142 1199 4192 tam
1235 4141 1361 4190 ementes
1398 4146 1487 4204 quam
1516 4131 1672 4189 vendentes
1697 4132 1732 4189 de

79 4226 136 4288 snt,
163 4224 192 4278 et
221 4228 301 4278 tanta
324 4220 451 4290 amplius
487 4220 522 4276 de
541 4221 683 4278 servanda
707 4221 826 4278 veritate
843 4223 987 4317 Dtempla
1007 4224 1134 4297 ejiceret.
1154 4224 1277 4280 Reverso
1293 4231 1389 4280 autem
1406 4221 1598 4293 adjudicium
1615 4220 1731 4293 populo,

79 4308 185 4376 illiciti,
198 4314 311 4379 quanto
326 4323 356 4365 se
372 4322 465 4381 magis
485 4309 520 4365 ad
534 4309 667 4366 drvruum
681 4264 864 4381 judiciumD
881 4328 971 4386 quam
1006 4320 1180 4381 constanter,
1216 4326 1305 4384 quam
1343 4311 1487 4384 sapienter
1508 4311 1601 4384 iudex
1629 4326 1733 4369 senum

80 4411 174 4471 quare
203 4397 359 4468 trepidant.
381 4398 457 4454 Bene
480 4406 577 4455 autem
599 4399 705 4456 dieitur
726 4399 827 4455 excia—
883 4417 965 4475 puer,
995 4402 1052 4460 ima
1073 4402 1104 4459 ia
1123 4416 1213 4474 puero
1239 4400 1363 4473 Spiritus
1386 4409 1505 4459 sanctus
1524 4401 1661 4472 loquatur
1676 4415 1732 4457 au-

78 4501 149 4544 rose
162 4500 268 4559 magna
284 4500 363 4554 ,nou
378 4501 444 4559 quae
460 4486 553 4544 salum
573 4501 658 4545 aures
678 4488 828 4546 bominum
881 4494 1012 4550 diamus:
1042 4492 1174 4563 Separote
1197 4506 1240 4548 eas
1266 4491 1301 4546 ab
1316 4493 1430 4547 inuicem
1448 4491 1556 4562 praeut,
1573 4494 1599 4545 et
1626 4489 1732 4559 dijudi-

106 4577 156 4634 sed
178 4591 245 4649 quas
273 4577 310 4633 ad
330 4575 471 4647 piissimas
486 4591 572 4634 aures
597 4579 644 4634 bei
674 4578 828 4650 perfectius
881 4582 946 4638 caba
975 4596 1018 4638 eas
1042 4580 1136 4652 (ibid,
1151 4580 1206 4653 bl).
1229 4581 1266 4636 Et
1287 4580 1380 4651 primo
1408 4580 1526 4652 quidam
1545 4579 1674 4651 graviter
1690 4577 1733 4633 in·

79 4679 137 4724 oca
155 4672 214 4723 tam
231 4673 338 4723 terram
356 4679 445 4737 quam
472 4666 577 4723 coelum
595 4666 725 4738 replevit.
746 4667 826 4736 Quod
880 4669 1024 4741 crepando
1043 4677 1131 4741 atque
1159 4668 1307 4742 arguendo
1321 4682 1369 4725 eos
1382 4668 1509 4725 dixerat:
1526 4667 1663 4735 Staseam,
1679 4667 1732 4738 pta

118 4754 291 4813 subsecutus
315 4755 423 4811 iudicat
455 4754 584 4822 effectus,
614 4770 681 4813 cum
702 4757 826 4815 dicitur:
880 4759 976 4827 lsrael,
996 4775 1052 4815 aaa
1070 4759 1239 4828 judicantes,
1269 4758 1553 4830 nequaquaquam
1575 4760 1616 4812 est
1636 4770 1732 4824 cagna-

79 4842 186 4901 mdtatt
222 4844 353 4898 Dominus
381 4857 472 4898 vacem
496 4844 555 4914 ejus
579 4845 660 4915 (baa.
680 4859 743 4914 xnr,
769 4845 826 4914 44).
880 4854 993 4918 saeates,
1012 4856 1066 4906 eta.
1086 4847 1156 4916 Qua
1171 4855 1214 4905 est
1239 4847 1301 4915 ista,
1317 4846 1444 4915 obsecra,
1468 4844 1641 4903 confidentia
1655 4844 1730 4917 ejus,

93 4932 224 4999 obsecro,
254 4945 352 4988 vacem
371 4931 435 5003 ejus
457 4933 579 5000 audivit,
611 4933 677 5002 imo,
694 4941 726 4990 ut
747 4935 829 4992 audi·
881 4938 933 5011 qui
948 4952 1007 4994 non
1022 4938 1116 4995 salum
1136 4948 1226 5008 puer,
1250 4936 1299 4993 sed
1324 4945 1353 4994 et
1374 4935 1474 5008 junior
1492 4942 1679 5003 memoratur,
1699 4942 1731 4992 ut

79 5019 216 5080 audivit?
229 5019 304 5090 Quid
323 5020 401 5078 enim
419 5021 513 5077 aravit
527 5022 604 5079 unde
620 5022 726 5080 meruit
739 5037 829 5081 exau·
881 5041 959 5085 unus
969 5027 1043 5084 duos
1059 5035 1118 5084 tam
1134 5026 1369 5097 acriterarguat‚
1387 5032 1445 5081 tam
1466 5023 1581 5096 publice
1596 5036 1669 5096 puer
1683 5023 1731 5079 in-

79 5112 120 5181 tu,
136 5113 258 5179 bomine,
274 5109 379 5180 inquit,
392 5112 485 5165 amnia
497 5113 568 5166 nasta·
582 5118 729 5179 antequam
743 5117 825 5183 aaa&
880 5123 974 5187 crepet
1000 5115 1137 5185 seniores,
1153 5121 1180 5172 et
1204 5121 1264 5171 tam
1279 5113 1334 5171 cito
1356 5113 1502 5185 iudicium
1526 5112 1584 5183 ipse
1598 5127 1732 5171 causum·

94 5215 181 5271 quam
204 5199 309 5268 falsum
329 5203 424 5254 cantra
449 5215 491 5254 me
505 5200 618 5255 tulerint
633 5204 825 5258 testimoniam.
879 5206 956 5262 met?
975 5203 1104 5261 Audistis
1120 5204 1202 5275 pueri
1218 5203 1422 5270 constantiam,
1438 5204 1487 5261 sed
1504 5202 1651 5260 miramini
1664 5217 1731 5274 pru·

79 5287 118 5347 tid
133 5287 242 5345 aranda
257 5287 363 5360 adjecit
385 5296 416 5346 ut
430 5288 629 5347 liberaretura
644 5305 727 5362 poena
738 5306 827 5365 quam
879 5293 1016 5361 dentiam,
1045 5293 1081 5349 de
1106 5306 1166 5365 qua
1182 5293 1211 5350 iu
1227 5292 1429 5350 examinandis
1456 5291 1577 5351 testibus
1593 5287 1744 5370 universa

79 5385 207 5435 caruerat
221 5391 258 5433 ex
273 5375 381 5447 culpa?
401 5392 589 5451 nequaquam
610 5380 637 5437 id
659 5395 762 5453 rogare
779 5382 826 5438 de·
879 5397 929 5454 per
944 5381 1042 5439 arbem
1056 5381 1183 5439 Ecclesia
1201 5381 1324 5452 sumpsit
1343 5382 1552 5441 auctoritatem.
1565 5382 1640 5439 Puer
1658 5388 1731 5450 erat,

79 5473 117 5535 at,
131 5465 254 5538 quasia
277 5479 308 5522 se
333 5465 370 5522 ad
387 5467 477 5537 vitam
490 5469 612 5525 transire
634 5469 726 5541 magis
738 5484 827 5542 quam
878 5479 906 5530 et
920 5472 1064 5543 captivus,
1089 5472 1177 5530 etiam
1192 5470 1323 5529 Ecclesia
1349 5470 1443 5545 legem
1466 5486 1526 5530 non
1541 5471 1658 5542 scripta,
1682 5464 1732 5526 sed

79 5553 243 5624 ‚tundebat
258 5567 312 5613 aaa
326 5554 433 5614 tamde
450 5565 640 5629 mortequam
658 5558 694 5616 de
709 5558 828 5619 infamia
880 5561 955 5621 facto
981 5561 1196 5636 promulgabat.
1229 5558 1304 5630 Quid
1332 5568 1385 5630 est,
1421 5573 1505 5634 puer,
1535 5559 1613 5633 quad
1642 5557 1733 5618 audes
