3804 5962
751 196 861 256 errsr.
880 199 942 260 xv.
1679 196 1763 288 arog
1804 199 1806 204 ·

79 326 115 384 :ui
143 324 222 384 tenui
236 330 342 382 conatu
363 324 564 395 praesumendo
586 322 771 383 solitudinem
802 324 830 383 ei
844 329 869 383 Α
883 337 926 387 ret
940 328 1018 402 quod
1035 328 1185 397 nonlicet,
1201 327 1327 386 sedideo
1344 341 1404 383 non
1420 325 1498 396 lacit,
1522 324 1594 397 quia
1616 324 1737 397 impunc

79 414 192 473 aritatis
224 414 401 484 adscribens,
430 428 500 486 ergo
532 421 629 473 autem
661 415 831 474 divinarum
883 432 942 477 non
956 426 1047 491 potest
1062 435 1071 491 ;
1085 425 1229 491 quantum
1252 416 1328 475 enim
1350 415 1455 487 inipso
1479 421 1531 483 est,
1555 422 1652 472 manet
1679 428 1737 472 nou

79 519 196 562 irarum
230 504 379 563 sententiis
409 512 540 562 armatus
573 504 771 564 similitudinis
802 514 831 565 et
883 509 1118 580 essejustitiam.
1142 505 1269 575 Quodsi
1298 505 1396 562 mallet
1413 519 1474 561 ιιοιι
1498 517 1559 561 esse
1580 502 1736 577 iustitiam,

79 595 156 653 itatis
171 593 311 652 unitatem
326 593 491 651 delendens.
884 597 998 666 laceret,
1024 597 1049 654 si
1070 603 1171 669 posset,
1198 603 1231 651 ιιι
1255 609 1313 652 non
1330 602 1403 652 esset
1432 593 1556 666 iustitia.
1589 591 1737 660 Quomodo

79 699 119 743 ‚oe
140 692 238 742 umen
263 683 417 742 convenire
441 697 494 740 nos
521 685 657 741 convenit
683 691 717 742 nt
739 687 830 743 ileum
884 701 952 759 ergo
964 686 1062 759 justus
1076 693 1117 744 est
1141 685 1206 742 talis
1218 684 1337 755 justitia
1364 681 1528 740 inimicus?
1546 682 1665 739 Amicus
1680 696 1736 741 au·

79 789 125 832 vus
145 774 241 832 trinus
254 781 305 841 est,
322 786 441 843 quoquo
464 771 549 829 modo
569 772 642 829 illud
668 772 831 847 iutelligeu-
885 781 943 831 tem
959 775 1079 847 justitie
1102 780 1186 841 esset,
1209 772 1232 829 si
1258 785 1355 829 amore
1379 770 1499 843 justitia
1513 784 1571 828 non
1596 778 1735 841 peccaret.

79 863 110 931 it,
126 862 308 920 unanimiter
331 860 527 932 deprecemur,
544 868 690 933 quatenus
704 863 733 918 in
748 862 832 920 nobis
885 863 939 931 Qui
955 863 1117 934 gebennam
1142 860 1245 918 metuit
1265 874 1324 917 non
1352 860 1455 918 metuit
1474 873 1600 931 peccare,
1618 860 1667 917 sed
1687 874 1734 916 ar-

79 952 152 1009 nti‘ae
175 951 307 1009 tenebras
331 950 483 1017 illuminet,
509 964 560 1007 sen
581 950 759 1008 infidelitatis
774 965 832 1008 ma·
885 953 961 1009 dere.
977 950 1028 1009 llle
1042 959 1138 1009 autem
1163 963 1280 1021 peccare
1294 948 1397 1006 metuit
1418 949 1471 1020 qui
1491 955 1641 1020 peccatum
1661 951 1736 1006 sicut

96 1040 177 1098 lavet
196 1040 361 1111 nostrisque
384 1039 530 1096 mentibus
551 1038 742 1110 coguitionem
771 1054 832 1097 sum
886 1040 1049 1112 gebennam
1067 1039 1137 1097 odit.
1167 1059 1181 1088 v
1205 1037 1281 1096 Audi
1307 1037 1469 1096 eumdem:
1495 1057 1510 1088 ιι
1537 1038 1601 1094 Non
1629 1036 1738 1095 irustra

79 1130 107 1186 is
131 1128 279 1198 inlundat,
302 1137 330 1185 et
348 1142 400 1184 nos
426 1128 517 1199 sopito
544 1129 734 1186 contentionis
754 1129 832 1186 desi·
886 1129 965 1201 apud
988 1137 1151 1200 peccatores
1176 1128 1309 1186 instituta
1329 1136 1398 1185 sunt
1428 1135 1552 1199 potestas
1575 1128 1662 1199 regis,
1687 1127 1737 1200 jus

81 1220 203 1291 dipsum
220 1218 343 1274 invicem
359 1217 465 1274 sentire
480 1216 615 1274 concedat
635 1218 717 1275 iesus
736 1217 833 1277 Chris·
887 1217 985 1291 gladii,
1000 1218 1120 1290 ungulae
1144 1217 1298 1285 carnificis,
1315 1231 1397 1273 arma
1412 1216 1521 1273 militis.
1548 1217 1615 1273 ilaec
1630 1215 1736 1273 etenim

79 1308 181 1366 minus
195 1314 302 1364 noster.
318 1306 422 1363 Amen.
886 1309 1034 1379 timentur,
1051 1317 1079 1366 et
1094 1308 1220 1380 quietius
1235 1307 1309 1365 inter
1321 1306 1411 1364 malos
1426 1307 1532 1363 vivunt
1542 1306 1608 1363 boui
1625 1320 1735 1377 ;quan·

82 1397 159 1469 qnia
174 1395 210 1453 ad
226 1394 339 1453 labulas
354 1403 460 1453 nostrae
475 1396 668 1465 detractionis,
684 1408 758 1467 quas
772 1394 833 1467 ipso
887 1411 978 1470 quam
994 1397 1062 1456 boni
1077 1397 1190 1454 dicendi
1202 1412 1260 1454 non
1275 1397 1333 1453 sint
1347 1396 1399 1467 qui
1414 1395 1483 1453 talia
1509 1394 1662 1452 metuendo
1676 1409 1735 1452 nou

79 1487 180 1544 deuter
194 1485 313 1554 finxisti,
331 1484 415 1556 quasi
431 1485 468 1540 ad
482 1484 759 1555 epularnmdelioias
772 1493 834 1543 tan·
888 1493 1017 1557 peccant,
1032 1487 1103 1558 quia
1125 1500 1184 1543 non
1198 1493 1241 1542 est
1262 1485 1355 1543 bonus
1376 1485 1534 1557 qnisquam
1555 1483 1657 1539 timore
1676 1497 1735 1554 poe·

81 1583 187 1646 potens
203 1573 370 1644 crapulatus
384 1588 402 1630 a
416 1573 485 1631 vino
511 1573 622 1632 diutins
637 1574 776 1643 resedisti,
800 1574 830 1631 in
847 1611 869 1667 B
887 1589 943 1644 ne,
975 1575 1025 1633 sed
1057 1588 1154 1634 amore
1176 1574 1306 1647 justitie.
1329 1573 1383 1630 Sed
1403 1581 1474 1630 esto.
1510 1571 1604 1629 valeat
1635 1572 1737 1629 timore

79 1671 212 1721 ruostrre
234 1662 418 1720 detractionis
443 1662 629 1720 immunditia
643 1663 727 1720 suino
752 1677 832 1720 more
887 1665 1046 1734 conversio,
1080 1664 1129 1722 sed
1162 1671 1257 1721 tamen
1285 1663 1309 1720 si
1342 1663 1418 1720 bona
1448 1669 1589 1733 sequatur
1619 1674 1737 1720 eonver-

79 1761 127 1810 tus
144 1767 185 1819 es,
209 1766 262 1808 nos
275 1765 392 1823 quoque
406 1765 490 1808 versa
508 1751 581 1820 vice,
600 1766 659 1808 non
674 1751 734 1809 odii
749 1752 834 1809 dente
886 1752 968 1811 satio.
986 1775 998 1803 ι

79 1842 137 1899 ndo
160 1855 215 1898 nec
239 1838 358 1898 ultionis
382 1839 485 1898 baculo
514 1841 652 1909 ierieudo,
680 1840 730 1897 sed
755 1839 833 1897 litte-
923 1843 1075 1900 vidcamus
1107 1848 1205 1898 autern
1236 1854 1273 1897 ex
1310 1854 1369 1912 quo
1399 1853 1558 1898 conversus
1590 1853 1629 1910 es,
1664 1852 1738 1912 quo·

103 1937 225 1988 tuarum
251 1929 403 1986 latratibus
436 1928 595 1987 arridentes
618 1929 653 1986 de
683 1929 750 1987 vitae
775 1937 832 1987 tuae
887 1931 972 1989 modo
986 1938 1173 1989 conversatus
1193 1944 1232 1987 es.
1250 1930 1283 1986 ιιι
1307 1929 1480 1987 monasterio
1503 1928 1647 2000 siquidem
1662 1927 1739 1986 beati

79 2027 111 2077 ta
125 2019 256 2076 novitate
269 2019 460 2089 disputemus,
475 2025 505 2075 et
530 2018 565 2075 ad
585 2023 726 2089 quantam
748 2019 834 2091 igno·
888 2019 1026 2092 Dionysii,
1041 2018 1092 2076 ubi
1114 2032 1173 2075 non
1190 2026 1248 2075 tam
1270 2033 1307 2075 ex
1331 2018 1440 2090 regulae
1462 2017 1622 2086 severitate,
1648 2029 1738 2088 quam

79 2124 98 2166 n
122 2108 227 2165 merito
251 2114 309 2164 tuae
332 2107 524 2164 immunditie
552 2107 683 2179 dilapsus
706 2107 754 2176 sis,
781 2107 834 2165 de·
886 2124 924 2167 ex
947 2107 1150 2179 sapientissimi
1173 2107 1285 2165 abbatis
1304 2106 1509 2175 misericordia,
1526 2105 1738 2177 dispensatione

79 2212 184 2256 umus.
204 2197 305 2269 Neque
326 2211 395 2254 vero
419 2203 596 2268 opusestut
615 2196 748 2254 adinum
765 2211 834 2255 eon·
888 2211 938 2271 pro
957 2197 1092 2255 laenitate
1115 2197 1301 2270 singulorum
1325 2195 1423 2252 omnia
1446 2202 1657 2267 temperantur,
1678 2208 1739 2251 mo-

79 2301 128 2344 am
150 2300 230 2344 more
262 2294 312 2343 tuo
336 2285 447 2358 aliquid
471 2285 684 2358 contingamus,
709 2286 759 2343 sed
788 2292 833 2344 ta·
886 2285 947 2343 rari
970 2301 1029 2343 nou
1050 2286 1206 2353 sustinens,
1230 2283 1420 2341 Ecclesiama
1446 2282 1585 2341 iratribus
1608 2282 1664 2340 sub
1689 2295 1739 2338 no

79 2376 141 2434 uod
166 2389 183 2432 a
204 2375 266 2431 bau
290 2388 385 2446 nsque
409 2375 547 2432 Bersabee
563 2381 665 2432 notum
683 2382 726 2433 est
749 2374 834 2448 repli-
887 2377 964 2434 mine
979 2375 1159 2444 obedientior,
1177 2374 1227 2431 nbi
1241 2373 1385 2433 voluntati
1407 2373 1607 2444 voluptatique
1621 2379 1679 2429 tua
1693 2370 1740 2428 de·

80 2464 225 2521 ‚lliseria
243 2463 387 2535 siquidem
410 2470 462 2521 tua
473 2465 534 2535 jam
549 2463 702 2521 manifesta
728 2473 781 2533 est,
806 2471 834 2522 et
888 2466 1020 2536 servires,
1038 2464 1183 2535 accepisti,
1207 2477 1297 2536 quarn
1319 2478 1386 2520 cnm
1411 2462 1468 2520 tuis
1489 2460 1739 2535 superfluitatibus

79 2554 119 2611 ris
130 2567 194 2610 eam
211 2553 312 2625 lingua
329 2561 430 2622 taceat,
447 2560 544 2610 tamen
558 2567 622 2610 eam
637 2567 684 2611 res
698 2553 761 2624 ipsa
775 2553 834 2611 ela·
888 2554 1004 2626 tuisque
1027 2553 1178 2611 desideriis
1201 2552 1333 2610 suilloere
1358 2565 1416 2609 non
1443 2565 1525 2623 posse
1548 2550 1738 2623 conspiceres,

79 2643 131 2700 lidi
156 2642 300 2714 siquidem
318 2643 446 2699 Parisius
462 2642 540 2715 quod
566 2644 687 2715 quidam
711 2643 835 2701 clericus
888 2644 973 2700 aliam
993 2642 1029 2699 ad
1043 2656 1158 2699 omnem
1174 2641 1350 2699 voluntatem
1376 2649 1457 2700 tuam
1479 2642 1610 2701 idoneam
1629 2641 1739 2714 eligens

79 2732 278 2790 el'ulberlns
298 2739 325 2788 te
345 2738 378 2789 ιιι
398 2731 540 2803 hospitem
565 2733 594 2789 in
610 2733 693 2789 domo
712 2746 766 2789 sua
789 2746 835 2790 re·
888 2746 905 2790 a
933 2732 1050 2790 domino
1089 2731 1193 2789 abbate
1221 2745 1258 2788 ex
1290 2731 1418 2803 generali
1444 2730 1569 2789 iratrum
1595 2743 1738 2789 consensu

83 2828 115 2879 te
141 2821 172 2877 in
191 2833 292 2877 mensa
314 2834 368 2878 sua
391 2828 424 2877 ut
456 2822 583 2879 amicum
608 2822 779 2878 familiarem
804 2827 833 2880 et
887 2821 1034 2894 accepisti,
1057 2821 1119 2889 ubi,
1145 2827 1178 2878 ιιι
1202 2827 1306 2878 caetera
1333 2828 1491 2904 taceamus,
1518 2820 1649 2891 undique
1673 2833 1739 2877 ron-

79 2910 173 2968 tieum
200 2908 355 2966 honorifico
383 2912 472 2981 pavit,
502 2910 610 2982 neptim
631 2911 717 2967 etiam
749 2924 833 2968 snam
849 2909 871 2968 C
887 2919 1006 2987 gregata
1036 2911 1228 2969 barbarorum
1261 2909 1456 2978 multitudine,
1484 2909 1634 2968 veritatem
1667 2909 1738 2967 artis

79 3013 107 3057 m
126 2998 381 3070 prudentissimam
399 3006 427 3056 et
451 2999 555 3057 indolis
569 3000 693 3072 egregiae
721 3000 757 3057 ad
782 3000 833 3057 do·
888 3003 993 3074 partim
1017 3015 1053 3058 ea
1078 2999 1243 3074 ignorantia
1267 3000 1373 3072 partim
1396 3014 1434 3058 ex
1461 2999 1597 3072 superbia
1623 2999 1654 3056 in
1677 3013 1737 3056 uu-

79 3087 274 3145 meommisit.
298 3089 493 3146 'luveroriri
509 3089 588 3147 illins
611 3089 757 3146 nobiliset
776 3087 831 3146 ole-
888 3104 938 3163 gas
968 3098 1160 3171 commutans,
1193 3103 1251 3147 uon
1285 3089 1413 3149 docenda
1445 3089 1548 3149 dooere
1580 3103 1639 3146 non
1682 3087 1735 3146 de-

79 3177 243 3235 ?arisiensis
268 3178 354 3234 etiam
379 3178 510 3235 Ecclesia
540 3179 681 3248 canonici,
714 3177 833 3248 hospitis
887 3179 968 3247 sinis,
1006 3193 1074 3237 cnm
1110 3185 1139 3236 et
1175 3178 1304 3236 docenda
1339 3178 1441 3238 docere
1477 3193 1536 3236 non
1582 3177 1734 3247 debueras,

79 3281 99 3324 r
114 3267 157 3324 tui
174 3265 336 3335 acdomini,
351 3274 379 3325 et
392 3268 482 3341 gratis
496 3275 524 3326 el
539 3267 696 3325 honorilice
722 3275 750 3324 te
769 3280 833 3338 pro·
886 3274 975 3340 atquo
994 3268 1110 3325 collecto
1139 3267 1269 3324 ialsitatis
1292 3282 1380 3339 quam
1410 3267 1494 3325 doces
1518 3267 1619 3339 pretio,
1644 3269 1735 3324 scoria

79 3357 112 3413 is
130 3369 190 3412 non
211 3355 370 3426 immernor,
392 3359 441 3415 sed
461 3364 649 3428 contemptor,
673 3355 832 3413 commisse
885 3364 935 3413 tuo
973 3356 1003 3412 ln
1040 3356 1134 3428 stupri
1171 3356 1323 3428 premium
1358 3371 1546 3430 nequaquam
1585 3356 1735 3414 transmit-

79 3445 228 3519 rgininon
243 3458 374 3516 parcens,
389 3460 478 3517 quam
498 3460 669 3504 conservare
695 3454 726 3503 ιιι
751 3460 832 3503 eom·
887 3446 931 3515 tis,
965 3444 1014 3502 sed
1043 3445 1102 3516 ipse
1131 3446 1263 3516 deportas
1295 3453 1323 3503 et
1354 3447 1437 3518 quid,
1467 3447 1536 3505 dnm
1558 3453 1682 3519 poteras,
1704 3443 1736 3501 iu

79 3550 109 3599 n.
141 3534 242 3590 dooere
273 3541 306 3591 ut
331 3534 506 3607 discipulam
537 3535 689 3605 debueras,
723 3534 831 3594 elireno
886 3533 1010 3605 pretium
1024 3541 1195 3606 exspectate
1219 3534 1374 3606 voluptatis
1405 3536 1505 3600 dabas,
1521 3536 1606 3593 modo
1628 3535 1680 3592 das
1702 3534 1733 3591 in

79 3640 103 3681 ιι
120 3623 224 3693 spiritu
240 3623 366 3695 agitatus
380 3638 439 3681 non
454 3624 679 3697 argumentaris,
705 3625 831 3683 sedeam
886 3621 1049 3694 premium,
1062 3625 1128 3694 plus
1143 3625 1245 3696 utique
1268 3625 1482 3682 remunerando
1510 3633 1645 3696 stuprum
1658 3636 1734 3695 prae-

79 3711 115 3770 iri
131 3712 267 3777 docuisti,
283 3713 313 3769 in
328 3726 386 3770 uno
401 3713 475 3770 laeto
490 3713 648 3771 multorum
663 3714 830 3783 eriminum,
886 3712 1006 3770 mritnm
1032 3726 1162 3783 peccam,
1188 3725 1277 3784 quam
1301 3713 1421 3771 emendo
1448 3713 1592 3783 iuturum,
1616 3721 1644 3771 et
1673 3726 1733 3784 qua

79 3803 150 3860 onis
164 3800 272 3858 scilieet
293 3808 321 3859 et
344 3802 541 3860 fornicationis
563 3817 640 3872 reus,
663 3810 691 3859 et
706 3803 832 3876 virginei
886 3800 1046 3873 priuscum
1066 3801 1213 3872 voluptate
1229 3801 1404 3871 abutebaris,
1425 3801 1522 3859 adbuc
1534 3816 1571 3859 ex
1585 3801 1734 3860 voluntate

79 3889 236 3949 aviolator
258 3891 473 3962 spurcissimus.
493 3892 547 3949 Sed
575 3894 651 3949 bens
675 3892 830 3960 ultionum,
886 3889 1037 3947 abuteris:
1061 3889 1109 3946 sed
1132 3889 1181 3947 Dei
1203 3890 1297 3961 gratia
1317 3904 1354 3947 ex
1382 3890 1551 3948 necessitate
1576 3905 1635 3947 non
1658 3903 1734 3962 prae-

79 3980 829 4054 usbensultionum,libereegit,quieaquatantum
884 3978 973 4036 vales.
991 3978 1068 4035 Audi
1081 3993 1149 4051 ergo
1169 3977 1245 4036 beati
1260 3979 1417 4052 Augustini
1439 3978 1609 4036 sententiam
1625 3995 1632 4034 :
1648 3999 1661 4030 ι
1679 3977 1735 4035 Vo

79 4069 829 4142 erraverasveprirarbuaenimdeparredivesin
885 4067 962 4125 luisti
987 4067 1107 4140 aliquid,
1131 4068 1180 4125 sed
1206 4083 1265 4125 non
1288 4068 1417 4139 potuisti,
1438 4068 1479 4126 sic
1498 4071 1620 4126 annotat
1647 4068 1734 4134 Dens,

79 4158 310 4229 »sepultusque
336 4159 402 4230 plus
417 4168 585 4230 peccaverat
607 4160 674 4230 plns
699 4160 828 4230 ardebat,
885 4158 969 4230 quasi
994 4157 1095 4214 leceris
1115 4157 1192 4228 quod
1213 4157 1340 4215 voluisti.
1368 4178 1379 4207 ι
1408 4160 1488 4217 Teste
1507 4158 1564 4215 lieo
1588 4165 1615 4215 et
1639 4155 1735 4214 electis

79 4258 193 4318 ngaam
208 4260 293 4303 suam
308 4254 390 4317 gutta
404 4260 489 4318 aquae
504 4246 669 4317 refrigerari
687 4248 829 4318 poscebat.
845 4235 868 4290 Ῑ)
885 4245 995 4320 angelis
1026 4245 1141 4319 loquor,
1177 4245 1247 4319 qnia
1281 4247 1503 4306 commonachos
1535 4255 1601 4305 tuos
1641 4246 1735 4319 perhi-

79 4348 115 4392 re
130 4334 220 4406 igitur
234 4343 292 4392 tam
317 4336 452 4406 pudentis
465 4335 596 4393 vulneris
621 4337 758 4393 anxiatus
773 4351 830 4394 me·
884 4337 982 4395 bentes
997 4336 1105 4404 audivi,
1122 4335 1202 4407 quia,
1223 4350 1288 4394 curn
1312 4351 1376 4395 sero
1400 4337 1437 4394 ad
1460 4337 1669 4396 monasterium
1692 4350 1735 4395 re.

88 4423 194 4481 mortis
216 4423 393 4482 imminentis
418 4439 470 4496 pro
485 4425 552 4481 vitae
576 4425 679 4496 prioris
705 4425 830 4484 loeditate
883 4426 937 4493 dis,
961 4425 1158 4496 undecunque
1181 4433 1387 4499 congregatam
1409 4427 1562 4499 pecuniam
1585 4427 1620 4484 de
1644 4426 1735 4498 pretio

80 4511 144 4569 lens
158 4512 289 4569 habitum
307 4513 435 4583 mutasti,
449 4522 478 4570 et
498 4514 584 4585 quasi
607 4517 767 4573 monachus
790 4515 830 4572 ei·
882 4514 1016 4573 falsitatis
1038 4527 1128 4586 qnam
1158 4515 1253 4582 doces,
1280 4515 1389 4572 calcato
1412 4516 1522 4587 pudore
1546 4515 1583 4573 ad
1606 4514 1734 4572 meretri·

88 4612 132 4657 es.
158 4597 210 4655 Sed
230 4599 298 4656 audi
322 4600 438 4657 beatum
461 4600 632 4673 Gregorium
647 4602 681 4659 de
710 4602 756 4660 his
778 4600 829 4674 qui
883 4617 944 4661 cem
963 4603 1146 4660 transvolans
1168 4603 1311 4674 deportas,
1338 4611 1530 4676 stuprumque
1554 4603 1733 4676 praeteritum

90 4686 313 4758 adrellgionem
338 4689 511 4762 oonlngiunt
525 4690 690 4761 loquentem
707 4707 714 4746 :
734 4713 745 4741 ‹
774 4691 830 4760 Qui
882 4692 1064 4763 impudenter
1075 4707 1255 4750 remuneras.
1268 4691 1342 4761 Quia
1352 4693 1592 4766 igitur,suscepto
1618 4691 1733 4760 babitu,

92 4777 173 4833 bona
186 4776 257 4846 agit,
282 4777 390 4834 amalo
403 4779 518 4848 penitus
537 4793 595 4835 non
617 4780 743 4848 recessit,
759 4781 830 4852 quia
883 4781 1008 4839 doctoris
1019 4781 1149 4840 nldcium
1172 4782 1324 4840 mendacia
1347 4783 1474 4841 docendo
1500 4782 1658 4855 usurpasti,
1681 4779 1736 4839 uti·

79 4879 86 4920 ι
110 4871 219 4935 peceat,
244 4866 323 4936 quod
349 4880 466 4937 peccare
483 4866 579 4934 vellet,
608 4868 631 4923 si
646 4882 764 4939 peecare
779 4869 830 4925 im·
885 4885 943 4945 que
965 4873 1126 4930 monachus
1143 4887 1204 4930 esse
1228 4873 1353 4944 cessati,
1376 4872 1446 4946 qnia
1470 4873 1572 4931 beatus
1598 4871 1735 4944 Hierony·

79 4951 218 5009 vetuisset.
246 4954 350 5011 -Audi
372 4955 459 5012 etiam
474 4955 592 5013 beatum
607 4958 802 5029 augustinum
821 4975 827 5014 :
882 4974 949 5018 mus
968 4962 1157 5033 monachum,
1173 4963 1334 5021 monachus
1353 4962 1424 5035 ipse,
1451 4962 1620 5021 dilllniens:
1643 4961 1735 5019 ‹llo-

79 5040 141 5099 riter
177 5055 208 5099 se
234 5051 318 5113 putat
339 5045 479 5102 victorem
508 5060 569 5102 esse
588 5047 698 5118 peccati
722 5047 773 5118 qui
794 5047 828 5105 ti·
882 5051 1006 5119 narbas,
1030 5050 1136 5123 inquit,
1157 5065 1216 5109 non
1241 5051 1376 5122 doctoris,
1398 5051 1446 5111 sed
1471 5051 1634 5125 plangentis
1647 5051 1734 5110 habet

79 5129 367 5202 nortienonpeceat,
391 5133 461 5204 quia
479 5133 531 5191 etsi
550 5133 677 5191 exierius
698 5135 830 5208 nonagi·
883 5137 1022 5208 cilicium,
1053 5139 1104 5211 qui
1139 5139 1246 5197 scilicet
1277 5141 1422 5199 muudum
1447 5141 1547 5215 lugeat
1568 5149 1596 5199 et
1619 5139 1733 5199 Domini

79 5217 211 5292 egotium
243 5221 418 5292 cupiditatis,
456 5223 536 5280 intus
563 5229 658 5279 tamen
690 5224 751 5295 ipsa
786 5233 830 5283 est
883 5227 1007 5299 pavidus
1039 5228 1182 5299 praenotet
1214 5231 1382 5288 adventum.
1416 5231 1504 5288 -Sed
1526 5245 1621 5304 neque
1646 5230 1732 5288 cleri-

79 5314 141 5377 ;et
155 5310 300 5380 quomodo
314 5325 411 5369 eoram
438 5313 494 5370 Deo
516 5312 654 5370 innocens
679 5313 830 5385 apparebit
882 5330 948 5375 cnm
977 5323 1005 5374 te
1019 5330 1081 5375 esse
1095 5317 1214 5376 habitus
1239 5318 1334 5377 cleriei
1365 5319 1509 5378 convincit
1523 5319 1657 5393 abjectio,
1682 5320 1732 5378 sed

79 5404 158 5456 neret
179 5400 258 5470 qnod
285 5408 408 5471 vetetur,
433 5403 458 5458 si
477 5401 632 5460 subtrahas
658 5403 735 5474 quod
751 5405 829 5462 time
883 5405 1083 5464 multominus
1101 5407 1246 5476 laicuses,
1262 5409 1340 5482 quod
1355 5423 1468 5468 eoronae
1491 5417 1549 5470 tuae
1576 5410 1644 5469 satis
1668 5424 1732 5483 pro

79 5486 174 5549 tideo
192 5487 255 5561 jam
282 5488 344 5563 ipsa
362 5491 511 5552 voluntate
529 5505 597 5551 reus
621 5493 729 5565 estqui
753 5493 827 5554 lace·
883 5496 933 5555 bat
945 5496 1079 5556 ostensio.
1095 5496 1124 5556 si
1142 5496 1234 5571 igitur
1258 5512 1354 5572 neque
1378 5496 1500 5559 clericus
1520 5514 1616 5574 neque
1639 5497 1731 5560 laievrs
