3804 5962
759 159 964 222 erisnvm.
1691 128 1746 238 ιη’

85 328 94 356 ,
122 292 201 359 parte
226 292 286 344 tam
314 283 382 352 inis,
407 298 496 356 quam
507 283 702 355 spiritualium
728 293 846 344 tuarum
863 289 887 342 Α
902 294 980 344 trum
1009 286 1188 347 documentis
1208 291 1418 353 exuberantem
1448 298 1559 369 copiam
1593 302 1743 376 babentes,

82 389 125 432 tm
147 375 295 432 desideriis
323 374 500 445 complendis
519 389 633 446 operam
654 375 732 433 dare.
748 377 845 434 Restat
898 377 1011 434 auxilio
1026 378 1089 435 ireti
1118 379 1215 437 divino
1231 383 1381 452 perlectius
1407 386 1670 458 vebisopuseulum
1698 409 1744 450 re-

82 465 204 536 ejuxta
218 464 362 536 praedictae
372 464 689 536 vestregpostutatienis
702 465 842 535 ordinem,
897 467 1028 537 linquere
1056 483 1114 525 neu
1147 469 1361 540 desperamus:
1392 489 1449 545 quo
1483 479 1519 533 ad
1546 488 1651 537 sertem
1698 482 1745 540 vel

82 569 127 611 am
149 555 231 611 vebis
260 554 480 620 institutionem,
505 552 845 626 quasiquamdampro-
897 556 1117 627 descriptionem
1134 558 1251 616 illarum
1277 562 1409 634 quinque
1433 566 1620 635 prudentium
1655 570 1745 643 virgi-

93 644 184 701 vestri
212 643 344 715 regulam
359 656 377 698 a
392 643 475 700 nobis
490 643 587 712 sreibi,
605 652 632 726 et
648 643 729 700 robis
747 644 845 711 tradi,
898 659 969 701 num
994 647 1156 717 pertingere
1181 650 1315 719 valeatis,
1330 665 1403 721 quas
1428 654 1456 708 in
1478 655 1662 728 depingenda
1682 660 1744 717 vir-

82 733 157 790 ttius
175 747 212 790 en
227 733 478 803 scriptoqnamex
493 731 842 789 consuetudineltabeatis
898 734 965 806 gine
988 733 1093 792 Christi
1118 736 1260 794 Dominus
1278 739 1361 795 nobis
1381 741 1411 797 in
1429 744 1588 814 Evangelio
1613 749 1745 819 proponit

82 836 135 879 vos
148 822 233 893 sequi
248 820 479 878 conveniatllos
489 822 588 892 itaque
603 821 706 892 partim
727 835 846 877 eonsue-
899 825 1009 894 (ldottb.
1029 838 1101 893 xxv,
1121 826 1147 894 8)
1163 867 1169 879 .
1185 825 1267 892 Qttod
1283 837 1315 884 ut
1334 831 1475 898 possimus
1502 834 1576 891 sicut
1598 838 1742 909 volomus,

81 910 148 968 ibns
164 911 256 977 benis,
264 909 367 981 partim
377 909 594 981 Scripturarum
612 909 781 966 testimoniis
800 908 844 965 vel
898 912 1001 968 vestris
1027 913 1205 971 orationibus
1229 915 1438 986 impetremus.
1455 922 1547 979 valete
1563 925 1592 982 in
1607 926 1743 1000 Christo,

81 1015 143 1058 inm
167 1002 291 1059 nitentes
313 1001 494 1065 fulcimentis.
510 1000 572 1057 baec
595 1000 692 1056 emnia
708 999 736 1054 in
752 1011 843 1055 unum
898 1014 1010 1071 sponsae
1026 1001 1142 1060 Christi.

81 1103 125 1147 tre
150 1090 342 1158 decrevimus
381 1098 413 1148 ut
436 1089 577 1161 sprituele
606 1088 655 1144 Dei
686 1086 844 1158 templum,
937 1089 1123 1160 tripertitum
1148 1091 1345 1151 instructionis
1376 1105 1479 1156 vestrae
1501 1107 1655 1160 tractatum
1680 1105 1743 1163 lieri

99 1179 169 1236 estis
189 1195 241 1238 vos
272 1181 306 1252 (ll
328 1180 432 1249 Gouvt,
467 1178 520 1250 tu),
555 1177 665 1233 babens
697 1176 843 1244 deuorare,
898 1178 1101 1248 decrevimus,
1133 1181 1161 1236 in
1178 1181 1366 1240 describenda
1386 1194 1473 1258 atque
1497 1191 1654 1248 munienda
1681 1195 1744 1251 reli-

101 1269 280 1339 quibusdam
308 1269 431 1342 egregiis
454 1280 597 1325 exornare
615 1264 735 1336 picturis
748 1263 844 1320 valea·
899 1268 983 1340 gione
1010 1277 1116 1338 vestra,
1132 1278 1160 1326 et
1188 1270 1279 1327 divini
1295 1274 1426 1345 obsequii
1439 1277 1629 1337 celebratione
1651 1281 1743 1354 dispo-

81 1360 137 1414 ‚et
164 1350 356 1422 expluribus
384 1351 557 1423 imperfectis
591 1354 669 1426 quod
702 1351 845 1424 pessimus
898 1357 1003 1425 nenda,
1027 1357 1057 1413 in
1086 1358 1194 1429 quibus
1222 1361 1370 1432 religionis
1404 1367 1568 1424 monastice
1597 1384 1741 1429 summam

81 1455 89 1499 t
118 1441 294 1512 opuseulum
318 1455 543 1498 consummare.
582 1441 615 1497 ln
646 1455 705 1512 que
727 1441 845 1512 quidem
898 1446 1024 1502 arbitrer
1036 1448 1263 1517 consistere,ut
1278 1449 1408 1508 videlieet
1425 1455 1667 1525 continenter,et
1681 1461 1743 1518 sine

108 1530 231 1588 Zeuxim
246 1531 386 1602 pictorem
409 1531 574 1599 imitantes,
591 1531 631 1587 ita
645 1530 739 1587 lacere
765 1528 845 1586 insti·
899 1535 1071 1604 proprietate
1099 1537 1234 1608 vivatur,
1252 1552 1285 1594 ae
1311 1540 1426 1597 silentio
1441 1545 1567 1600 maxime
1582 1547 1742 1606 studeatur.

80 1633 105 1677 ts
125 1619 155 1676 in
181 1622 286 1692 templo
305 1621 442 1693 spiritali,
470 1621 543 1677 sieut
569 1620 618 1677 ille
632 1619 773 1691 disposuit
799 1619 842 1676 la·
861 1597 881 1651 B
898 1623 1105 1695 Quodquidem
1121 1627 1230 1698 ,Juxta
1249 1629 1426 1686 Dominicam
1442 1634 1616 1705 evangelice
1632 1638 1741 1709 regulae

81 1709 178 1766 emin
199 1710 351 1780 corporali.
382 1709 632 1777 lluneenim,ut
656 1707 844 1765 inrbetoriea
898 1712 1113 1782 disciplinam,
1143 1715 1257 1773 lumbos
1284 1719 1458 1791 praecingere
1489 1723 1563 1793 (lue.
1589 1739 1645 1793 nrt,
1670 1729 1771 1800 33),Ι

83 1798 125 1856 ib.
140 1801 163 1870 t)
178 1799 290 1856 Tullius
312 1800 441 1857 meminit
459 1839 466 1867 ,
483 1797 653 1856 Crotoniatae
672 1796 845 1866 ,asciverunt
900 1800 1038 1858 omnibus
1060 1805 1229 1861 renuntiare
1240 1806 1315 1876 (lue.
1333 1823 1395 1878 ιιι,
1412 1811 1453 1881 33)
1471 1813 1611 1879 ,otiosum
1623 1816 1744 1873 verbum

80 1888 204 1946 ceddam
237 1889 395 1960 templum,
421 1889 499 1960 quod
524 1886 735 1959 religiosissime
767 1884 845 1941 eele-
899 1903 1000 1946 eavere
1019 1893 1127 1952 ιιιιιιιιι.
1142 1909 1193 1962 ιιι,
1222 1897 1289 1963 36).
1317 1896 1498 1955 Continentia
1525 1905 1744 1963 vereeastitatis

80 2018 88 2047 ,
119 1978 371 2037 excellentissimis
395 1977 516 2048 picturis
533 1975 744 2032 decorandum.
762 1972 843 2041 Quod
899 1977 948 2033 illa
962 1986 1004 2035 est
1020 1995 1129 2051 ,qoam
1156 1982 1280 2039 suadens
1301 1985 1453 2056 apostotus
1469 2030 1477 2056 ,
1493 1989 1554 2045 ait:
1575 2011 1584 2040 ι
1611 1990 1680 2059 Quae
1695 1994 1743 2049 in-

80 2066 228 2140 iligentius
250 2068 368 2136 laceret,
396 2066 528 2140 quinque
548 2064 600 2122 sibi
634 2063 762 2135 virgines
783 2062 845 2133 pul·
898 2075 991 2136 nupta
1003 2076 1045 2124 est
1066 2078 1092 2125 et
1107 2069 1333 2143 virgo,cegitat
1348 2089 1414 2144 quae
1429 2077 1543 2133 Domini
1556 2088 1692 2148 sunt,ut
1707 2082 1743 2140 sit

79 2156 155 2212 imas
179 2157 214 2214 de
236 2157 342 2228 populo
361 2155 408 2212 illo
421 2155 530 2226 elegit,
558 2166 633 2225 quas
647 2151 702 2208 sibi
714 2149 845 2223 pingenti
898 2165 997 2212 sancta
1011 2171 1129 2228 corpere
1152 2167 1180 2215 et
1198 2161 1301 2231 spiritu
1327 2163 1347 2234 (l
1362 2164 1421 2218 Cer.
1439 2180 1490 2233 ιιι,
1506 2166 1561 2239 34).
1580 2189 1590 2217 ι
1608 2169 1742 2242 Corpore,

80 2254 160 2302 entes
171 2246 289 2305 intuens
302 2288 310 2317 ,
322 2261 424 2304 earum
440 2242 684 2316 pulchritudinem
701 2239 845 2312 pingendo
898 2244 1004 2316 inquit,
1028 2253 1095 2314 teto,
1112 2258 1239 2305 non'uno
1255 2252 1392 2321 membre,
1409 2260 1442 2310 ιιι
1456 2256 1491 2311 ad
1507 2257 1617 2313 nullent
1636 2261 1742 2318 seilicet

80 2343 168 2393 retur.
186 2336 267 2404 Quod
293 2335 409 2393 duabus
422 2335 457 2391 de
479 2332 574 2390 causis
589 2330 696 2387 laetum
709 2343 768 2385 esse
780 2342 844 2385 ere-
897 2333 1046 2391 lasciviam
1058 2334 1087 2391 in
1111 2335 1193 2393 lactis
1211 2338 1253 2394 vel
1280 2340 1310 2395 iu
1325 2341 1408 2397 dietis
1431 2343 1495 2413 ejus
1514 2346 1633 2416 aliquod
1650 2364 1744 2407 mem·

80 2429 147 2482 est
174 2426 248 2483 Tum
271 2426 402 2483 videlieet
424 2424 515 2496 quia,
531 2430 563 2479 ut
576 2420 729 2492 predictus
741 2416 843 2474 melni-
899 2423 984 2481 brum
1000 2424 1131 2482 declinet.
1147 2426 1256 2498 Spiritu
1270 2444 1338 2486 vere
1353 2437 1422 2488 tune
1435 2440 1534 2490 saneta
1548 2444 1603 2492 est⁰
1627 2439 1744 2509 quando

79 2523 153 2571 ‘⁰¹⁰¹'
176 2514 269 2586 (ibid.)
282 2556 290 2582 ι
305 2514 465 2572 maximam
489 2511 621 2583 peritiam
637 2509 667 2564 in
688 2504 843 2578 depIngen·
898 2512 962 2584 ejus
986 2523 1110 2571 mentem
1125 2530 1177 2573 nee
1191 2532 1347 2577 consensus
1372 2520 1516 2592 inquinat,
1535 2539 1586 2581 nee
1610 2527 1745 2597 snperbia

79 2602 328 2675 inlieribuspieter
340 2605 387 2661 llle
401 2604 523 2674 adeptus
536 2601 629 2658 luerat
646 2639 654 2666 ,
669 2606 730 2654 tum
746 2597 842 2664 etiam,
900 2603 992 2670 inllat,
1017 2605 1091 2661 sieut
1105 2605 1220 2663 illarum
1256 2608 1387 2680 quinque
1405 2608 1554 2668 fatuarum
1571 2615 1718 2686 virginum
1735 2658 1743 2687 ,

87 2691 264 2749 naturaliter
286 2692 426 2764 puellaris
451 2690 544 2748 terma
557 2687 715 2761 elegantior
734 2692 762 2743 et
777 2684 845 2741 deli·
899 2706 966 2763 qnae
981 2693 1050 2749 dum
1066 2694 1102 2749 ad
1117 2697 1273 2753 vendentes
1287 2698 1591 2769 elenmreenrrerent,
1607 2711 1690 2760 extre
1702 2705 1741 2775 ja·

79 2793 84 2810 ’
107 2780 188 2838 virili
212 2782 418 2852 compositione
443 2781 493 2852 [ot.
514 2776 723 2847 compactione]
748 2788 844 2831 cense-
900 2795 990 2837 nuam
1013 2792 1233 2841 remanserunt.
1254 2784 1365 2852 Quibus
1375 2787 1435 2857 jam
1450 2788 1549 2845 clauso
1572 2790 1665 2861 janua
1679 2793 1744 2850 lru-

79 2868 176 2927 Plures
197 2879 295 2927 autem
319 2870 448 2943 virgines
469 2869 505 2925 ab
534 2882 568 2925 ee
593 2866 659 2938 eligi
678 2878 767 2935 supra
787 2877 845 2920 me·
861 2896 882 2952 C
899 2870 1151 2941 strapnlsantibus
1166 2880 1194 2930 et
1216 2875 1406 2932 clamantibus
1423 2894 1428 2930 :
1447 2896 1461 2928 e
1478 2877 1744 2947 numinenumine

78 2965 129 3017 tns
152 2959 390 3030 philosophusait
412 2999 419 3026 ,
441 2958 510 3030 quia
530 2953 845 3027 nequaquameredidit
899 2959 978 3028 aperi
1006 2960 1098 3029 nobis,
1122 2983 1132 3010 ι
1163 2963 1329 3020 terribiliter
1349 2979 1469 3035 sponsus
1494 2966 1553 3037 ipse
1572 2971 1740 3039 respondet:

80 3063 100 3106 a
136 3063 166 3106 se
191 3049 316 3121 reperire
348 3062 427 3119 posse
460 3046 566 3117 puella,
599 3043 729 3102 membra
747 3042 846 3099 omnia
900 3047 1744 3126 «timendicovobis,neseioves(Mettt.xxv,tt).»Tunc

79 3138 151 3197 liter
166 3139 303 3211 lermesa,
324 3139 457 3210 nullique
472 3151 604 3209 unquam
623 3142 759 3192 enatura
781 3142 843 3190 tan·
899 3144 997 3194 autem
1020 3137 1128 3196 relictis
1154 3139 1290 3196 omnibus
1304 3140 1417 3203 nudum
1443 3141 1591 3200 Christum
1606 3145 1677 3200 nudi
1697 3160 1745 3202 se-

79 3229 302 3301 pnlebritudinis
318 3228 441 3301 gratiam
459 3242 521 3285 esse
534 3225 668 3283 collatam
684 3267 692 3294 ,
706 3231 737 3280 nl
752 3235 847 3295 aequa·
900 3226 1031 3297 quimur,
1056 3227 1131 3284 sieut
1149 3230 1240 3285 saneti
1252 3229 1381 3286 lecerunt
1395 3230 1525 3300 apostoli,
1540 3247 1607 3289 eum
1629 3241 1745 3305 prepter

78 3333 99 3375 n
120 3318 257 3375 omnibns
271 3316 409 3374 membris
432 3315 675 3388 pulchritudinem
701 3313 843 3379 baberet,
899 3328 966 3370 eum
995 3330 1053 3372 nen
1083 3316 1178 3373 selum
1197 3326 1326 3375 terrenas
1342 3318 1530 3390 possessiones
1545 3328 1596 3378 aut
1619 3321 1744 3380 earnalis

79 3406 261 3465 bilexemni
287 3415 368 3478 parte
393 3406 549 3477 perlectum
584 3405 614 3460 in
640 3401 846 3474 compositione
899 3403 1126 3474 propinquitatis
1154 3405 1326 3477 affectiones,
1362 3422 1463 3465 verum
1494 3411 1580 3466 etiam
1614 3412 1745 3482 proprias

78 3509 151 3553 rrum
178 3495 240 3565 ipsa
261 3494 416 3567 expoliret,
447 3503 595 3565 tamqtmm
615 3492 667 3549 uni
686 3491 726 3548 sic
749 3489 846 3547 emnia
900 3492 1098 3562 postponimus
1130 3496 1318 3565 voluntates,
1344 3505 1457 3555 utnon
1482 3508 1578 3555 nostre
1611 3500 1744 3559 vivamus

78 3584 151 3642 noda
174 3584 339 3651 conterret,
359 3592 391 3641 ut
416 3597 473 3639 non
504 3582 621 3638 baberet
635 3579 713 3652 qued
735 3578 846 3637 caeteris
899 3580 1021 3638 arbitrie
1037 3621 1046 3651 ,
1063 3583 1112 3640 sed
1142 3584 1249 3654 prelati
1265 3586 1354 3641 nestri
1379 3600 1515 3657 regamur
1528 3587 1660 3658 imperio,
1675 3593 1702 3645 et
1718 3589 1744 3646 ei

78 3683 163 3731 retur.
196 3675 280 3729 Sicet
299 3687 351 3730 nes
370 3672 406 3729 ad
434 3672 645 3743 depingendam
662 3666 844 3739 animaepul·
899 3675 949 3740 qui
976 3671 1058 3727 nobis
1084 3672 1145 3729 loeo
1175 3673 1279 3730 Christi
1306 3674 1437 3744 praesidet
1462 3682 1603 3747 tanquam
1631 3678 1743 3735 Cbristo

78 3763 263 3830 ndinem‚et
282 3776 393 3832 sponse
422 3760 527 3818 Christi
543 3758 761 3816 describendam
776 3771 845 3828 per-
899 3758 1014 3829 penitns
1042 3774 1094 3832 pro
1126 3761 1237 3819 Christo
1265 3762 1456 3834 subjiciamur
1486 3805 1492 3817 .
1521 3766 1638 3822 Talibus
1667 3767 1744 3823 enim

78 3865 170 3921 inem,
191 3850 296 3921 inqua
321 3863 371 3907 vos
400 3857 540 3920 tanquam
565 3847 681 3919 speculo
717 3845 844 3918 quodam
900 3848 1020 3919 ipsemet
1043 3848 1136 3907 dicit:
1160 3872 1171 3901 ι
1197 3850 1251 3917 Qui
1274 3851 1440 3917 veseudit,
1463 3854 1600 3910 meaedit
1617 3871 1624 3921 ;
1640 3862 1667 3911 et
1693 3855 1744 3927 qui

78 3938 249 4010 sspiritalis
276 3938 397 4011 virginis
412 3952 525 4008 semper
540 3950 600 4007 prae
612 3935 704 3993 oeulis
719 3933 843 4002 habitae,
898 3939 1176 4010 vosspernit,ipse
1204 3954 1248 3996 me
1277 3939 1386 4009 spernit
1414 3940 1490 4009 (lec.
1521 3954 1552 4007 x,
1568 3942 1659 4011 t6)‚›
1690 3943 1744 4008 Qui

78 4043 129 4087 em
154 4036 281 4086 restrum
297 4029 340 4085 vel
371 4027 581 4099 turpitudinem
597 4024 819 4096 deprehendatis
836 4065 843 4093 ,
899 4027 923 4084 si
938 4028 1036 4094 etiam,
1053 4029 1130 4099 qnetl
1151 4028 1245 4084 absit!
1263 4028 1337 4084 male
1352 4027 1430 4083 vivat
1447 4069 1454 4095 ,
1471 4042 1536 4084 eum
1553 4029 1625 4094 bene
1642 4031 1744 4101 preci-

78 4119 203 4176 suimus
217 4132 253 4175 ex
283 4117 382 4174 multis
412 4122 578 4173 sanctorum
607 4115 724 4171 Patrem
756 4114 844 4171 decu·
899 4117 978 4188 piat,
1018 4133 1076 4175 nien
1102 4125 1143 4174 est
1169 4125 1264 4173 tamen
1287 4131 1323 4172 ert
1350 4116 1419 4172 ritio
1447 4116 1574 4173 bominis
1602 4121 1743 4178 sententia

78 4207 169 4280 isssvel
189 4206 447 4264 consuetudinibus
471 4205 713 4262 monasteriorum
729 4203 1109 4287 eptimisDcontemnenda
1147 4206 1218 4262 bei.
1255 4204 1425 4276 Dequolibet
1452 4205 1571 4277 ipsemet
1604 4209 1743 4282 praecipit,

77 4310 125 4353 am
140 4297 281 4353 instruere
305 4295 562 4361 conversationem,
581 4293 698 4365 singula
719 4306 844 4364 qumque
898 4295 995 4352 dicens
1010 4312 1017 4351 :
1035 4318 1049 4347 «ι
1077 4295 1146 4363 Quae
1174 4295 1311 4353 dixerunt
1332 4294 1416 4351 vobis
1440 4305 1561 4364 servate,
1584 4304 1611 4354 et
1636 4298 1741 4357 laeite:

78 4385 248 4444 tmemoriae
269 4386 450 4443 occurrerint
477 4383 631 4441 delibando
646 4424 654 4452 ,
670 4389 698 4439 et
714 4383 798 4453 quusi
813 4381 843 4437 in
898 4385 1058 4442 secundum
1078 4400 1146 4442 vere
1165 4398 1252 4456 opera
1275 4399 1377 4441 eorum
1401 4385 1489 4441 nolite
1512 4384 1604 4444 lacere
1631 4388 1741 4458 (blettb.

77 4490 93 4532 n
116 4473 291 4532 fasciculum
320 4475 533 4547 congregando,
551 4488 617 4544 quae
632 4472 720 4528 vestri
745 4485 845 4542 propo
897 4488 980 4541 ιιιιιιι,
997 4474 1034 4545 3).
1052 4494 1066 4527 »
1087 4474 1168 4530 llane
1190 4481 1285 4530 antem
1306 4473 1343 4529 ad
1369 4474 1458 4529 ileum
1474 4473 1629 4544 spiritalem
1654 4490 1743 4532 asae-

77 4564 206 4621 auctitati
220 4579 381 4636 congruere
396 4564 519 4622 videbo.
538 4563 595 4621 Nee
619 4561 712 4620 selum
728 4575 793 4631 quae
808 4560 843 4616 de
896 4563 961 4621 culo
996 4563 1212 4619 conversionem
1244 4563 1362 4633 ipsemet
1394 4562 1544 4634 diligenter
1580 4564 1739 4634 describit,

77 4654 337 4725 tebabus,verum
357 4654 442 4710 etiam
467 4649 841 4725 quaedemonaebisinsti-
896 4651 1013 4709 dicens:
1033 4674 1046 4702 e
1064 4650 1125 4708 Nisi
1160 4653 1226 4722 quis
1263 4649 1473 4707 renuntiaverit
1503 4652 1638 4709 omnibus
1674 4668 1740 4724 qnae

77 4742 208 4814 ‚Quippe
234 4743 309 4800 sieut
334 4743 451 4800 nomine
477 4750 504 4799 et
524 4741 706 4798 continentie
735 4739 841 4810 proies·
897 4741 1031 4812 possidet,
1057 4755 1115 4798 non
1151 4748 1241 4811 petest
1266 4755 1348 4796 meus
1381 4754 1442 4795 esse
1475 4739 1634 4810 discipulus
1660 4742 1738 4814 (dee.

92 4831 178 4889 nobis
195 4832 263 4889 estis
277 4832 449 4903 conjunctae,
462 4831 501 4888 ita
515 4839 542 4887 et
556 4829 616 4887 leve
632 4829 729 4887 omnia
742 4835 843 4885 nostra
895 4845 957 4898 xtv,
985 4832 1040 4903 33).
1052 4851 1067 4880 »
1097 4829 1249 4887 utiterum
1266 4846 1272 4885 :
1295 4850 1309 4879 «
1326 4828 1354 4885 Si
1382 4829 1448 4899 quis
1471 4829 1594 4886 renitod
1618 4844 1683 4896 me,
1713 4838 1741 4887 et

102 4929 270 4991 competunt
285 4921 425 4978 instituta.
440 4920 481 4975 Ex
496 4919 541 4976 bis
561 4934 640 4991 ergo,
657 4926 689 4975 ut
703 4917 841 4984 diximus,
896 4935 954 4979 nen
969 4920 1030 4978 odit
1041 4927 1151 4991 patrem
1167 4933 1253 4977 suum
1270 4960 1277 4986 ,
1294 4924 1345 4974 aut
1360 4925 1480 4973 matrem
1499 4960 1506 4986 ,
1522 4925 1549 4974 et
1563 4933 1696 4986 uxerem,
1713 4927 1741 4978 et

76 5024 124 5068 ma
145 5010 230 5080 quasi
254 5010 395 5082 quosdam
410 5010 494 5066 lieres
521 5006 843 5079 decerpende‚quibus
896 5009 980 5078 lilios,
995 5017 1023 5066 et
1051 5011 1165 5077 iratres,
1193 5016 1222 5066 et
1247 5020 1358 5064 sereres
1372 5045 1379 5072 ‚
1395 5005 1491 5063 adbuc
1519 5014 1616 5064 autem
1632 5015 1660 5065 et
1681 5008 1742 5065 ani-

76 5115 98 5160 e
138 5098 201 5157 lilia
230 5099 369 5157 castitatis
402 5099 586 5167 adornemus,
616 5097 707 5154 multe
734 5096 843 5167 maiore
895 5112 973 5154 mam
1012 5112 1117 5167 suam,
1142 5112 1201 5154 nen
1240 5102 1331 5169 petest
1364 5109 1447 5151 meus
1486 5111 1546 5154 esse
1582 5097 1741 5170 discipulus

76 5189 266 5248 sdeseribere
279 5189 429 5259 ,debemus
444 5187 588 5259 virginem
607 5186 712 5244 Cbristi
730 5229 737 5254 ,
753 5199 842 5257 quam
896 5187 990 5260 (ibid,
1004 5187 1063 5258 te).
1082 5210 1092 5237 ‹
1115 5188 1174 5244 Hee
1199 5194 1294 5242 autem
1321 5191 1362 5240 est
1389 5183 1467 5240 odire
1494 5195 1602 5257 patrem
1625 5189 1741 5247 velme-

76 5280 150 5336 ictus
161 5278 266 5336 Zeuma
288 5277 444 5350 depingere
472 5276 661 5334 simulacrum
687 5275 776 5332 idoli.
808 5274 842 5331 Et
896 5283 980 5343 trem,
1009 5273 1173 5331 allectiones
1201 5271 1365 5328 carnalium
1393 5273 1643 5346 propinquitatum
1668 5279 1743 5337 nelle

76 5368 174 5428 uidem
190 5367 322 5439 quinque
337 5367 485 5440 virgines,
505 5362 842 5439 quarumspeeiemimi-
895 5363 989 5436 sequi,
1008 5363 1084 5420 sicut
1107 5361 1226 5433 ettodire
1246 5359 1372 5415 animam
1388 5374 1471 5419 suam
1491 5372 1542 5433 est,
1563 5366 1745 5432 voluntatem

76 5473 124 5532 tr,
148 5456 281 5517 suldeere
303 5456 443 5517 credidit.
466 5455 526 5516 Nes
548 5469 618 5514 vere
638 5454 772 5527 pluribus
786 5454 843 5510 Pa·
895 5453 1042 5527 propriam
1057 5451 1139 5524 sequi
1164 5449 1250 5508 nolle.
1277 5448 1359 5516 Quod
1379 5450 1447 5507 alibi
1469 5467 1587 5524 querire
1602 5464 1745 5543 precipit,
