3804 5962
130 153 197 210 uer
590 151 692 206 cumi
711 148 899 208 aseneum
918 151 996 209 am.
1016 151 1108 208 usus
1124 152 1171 210 iv.
1189 180 1225 196 -
1243 151 1412 211 munius.
1646 134 1651 141 '
1828 155 1873 208 no

125 275 273 348 etreliqua
282 288 367 329 manu
380 272 496 344 propria
510 272 670 342 descripsit.
684 271 763 338 Quod
781 273 880 329 duride
889 277 1079 346 apoprapltum
1088 275 1165 347 justo
1176 278 1267 347 pretio
1280 276 1407 332 vendidit
1420 277 1459 334 dl.
1480 279 1510 335 V.
1528 277 1648 335 Gousin.

157 367 266 420 Interea
295 365 424 432 temporis
451 363 576 418 AEmilius
605 362 706 419 dacbet
726 364 819 433 Belpa,
840 366 882 418 rei
907 364 1135 435 palecopraplsicae
1159 380 1213 420 non
1226 367 1380 434 infaustam
1399 365 1470 421 dans
1484 381 1607 438 operam,
1632 367 1794 420 universas
1816 367 1870 420 illics

123 453 222 510 codicis
236 457 329 523 partes
352 453 492 522 esposuit,
519 452 679 523 primusque
704 455 817 509 initium
835 454 978 508 Abelardi
995 453 1127 524 epistole,
1151 455 1220 523 ipsis
1237 454 1346 526 hymnis
1366 459 1550 524 premissum,
1575 470 1642 510 cum
1665 452 1794 509 erudffis
1821 469 1870 509 cm

123 544 273 597 manicavit
287 539 337 612 (1),
354 541 438 594 simul
464 541 595 596 nuntians
625 541 664 597 ct.
689 543 721 598 V.
741 543 841 599 Gousin
854 545 1007 614 postulasse
1031 559 1048 598 a
1073 544 1204 613 puberum
1226 544 1334 612 Belpico
1348 544 1540 601 Brucellenscs
1568 544 1760 600 membranas
1775 544 1872 613 quibua·

124 646 183 686 cum
199 630 307 688 OEbleri
318 631 454 697 conterret
467 631 667 700 apoprapbum.
1527 643 1528 647 ¹

158 721 208 774 Hic
226 722 308 784 enim,
325 734 407 785 quum
431 735 528 774 novam
550 719 690 775 Abaelordi
710 721 827 790 Operum
854 722 996 777 moliretur
1020 722 1173 791 editionem,
1190 739 1205 775 c
1221 723 1306 792 oflicii
1321 724 1365 778 sui
1382 727 1460 779 ratus
1475 727 1536 779 erat
1556 723 1666 779 codicis
1696 723 1870 779 Bntaellensis

121 811 207 865 veluti
220 810 366 877 imapinem
382 810 529 879 quamdam
548 808 710 880 fidelissime
721 810 842 875 reddere,
858 826 1017 882 quumopus
1036 811 1110 866 illud
1118 811 1238 866 nondum
1251 812 1352 880 luisset
1365 812 1477 867 editum.
1494 832 1509 863 s

156 901 249 971 Atque
271 899 326 956 lisca
350 900 411 971 iarn
433 901 539 967 aliquot
567 915 652 955 annos
672 901 757 956 lucem
781 901 853 956 vidit
871 901 966 969 editio,
995 916 1077 971 quom
1098 901 1310 969 abnuatissime,
1336 903 1361 956 si
1385 903 1548 971 praefationi
1575 902 1694 958 creden
1725 903 1779 970 sit,
1806 903 1868 972 jueta

121 989 326 1045 Rntaellensem
351 990 469 1045 codicem
491 993 658 1068 comparata.
685 1010 696 1039 ‹
723 990 868 1061 Perpauoa
901 994 1017 1057 tantum,
1041 991 1082 1044 ait
1111 990 1145 1044 cl.
1175 990 1273 1056 editor,
1306 993 1482 1059 mutavimus,
1506 991 1556 1047 ubi
1594 997 1704 1063 aperta
1743 994 1867 1064 scriptun

120 1078 190 1133 vitia
203 1077 392 1145 occurrebant,
406 1080 491 1134 vomis
505 1080 587 1134 etiam
599 1079 756 1133 lectionibus
768 1080 798 1133 in
805 1083 886 1148 parte
902 1083 1071 1149 popinarum
1086 1079 1216 1146 interiore
1231 1079 1392 1148 subjunctis.
1404 1099 1419 1128 »

155 1169 249 1238 Neque
273 1166 351 1224 nabis
376 1168 447 1223 alias
469 1167 539 1235 lepes
565 1169 783 1238 prestituimus3
808 1167 856 1222 sed
881 1167 1037 1223 curabimus
1063 1168 1117 1223 alio
1130 1183 1177 1223 eas
1191 1168 1333 1224 observare
1348 1167 1435 1224 mado.
1460 1171 1593 1240 Quocirca
1614 1186 1708 1241 quum
1723 1171 1866 1226 Bruaellrs

121 1256 159 1311 sis
181 1256 266 1312 coclea
292 1257 392 1328 ubique
415 1256 514 1312 babeat
531 1257 645 1324 caelum,
670 1256 799 1326 celestis,
820 1261 882 1321 ete,
897 1256 929 1311 id
942 1273 996 1312 non
1010 1257 1176 1312 mutabimus
1200 1260 1230 1313 in
1254 1256 1370 1324 coelum,
1393 1248 1524 1315 scelestis.
1542 1260 1580 1314 ite
1601 1259 1724 1329 quidem
1744 1261 1864 1330 veracli

120 1348 258 1402 ctionarla
285 1345 390 1413 aliquot
416 1346 510 1402 docent
525 1344 629 1402 calum
650 1344 823 1401 scribendum
851 1360 916 1415 csse,
947 1350 1027 1416 quasi
1040 1345 1125 1402 radic
1149 1346 1233 1416 buius
1254 1347 1379 1403 vocabuli
1399 1351 1468 1403 esset
1486 1346 1613 1405 dravum
1641 1349 1754 1417 κοΐεοη
1771 1351 1820 1406 sed
1833 1367 1865 1405 u

119 1441 216 1507 putem
241 1451 332 1491 eorum
356 1437 546 1491 auctoritatem
561 1439 667 1490 tontarn
692 1450 749 1490 csse
780 1440 812 1490 ut
834 1436 984 1506 praevaleat
1011 1439 1213 1508 antiquissimis
1238 1438 1416 1492 monumentis
1431 1437 1549 1507 lapideis
1564 1443 1591 1494 et
1619 1441 1816 1510 perpamenis,
1831 1456 1864 1494 na

118 1523 227 1580 Latinis
244 1530 364 1593 tantum,
377 1540 471 1579 verum
486 1526 567 1579 etiam
582 1523 692 1591 Graccis,
702 1528 732 1579 in
753 1524 852 1595 quibus
866 1540 892 1578 v.
910 1541 938 1592 p.
954 1526 1074 1581 itacismi
1087 1526 1198 1581 vitandi
1219 1541 1302 1582 causa
1324 1524 1472 1588 ustrinae
1488 1527 1602 1595 dicitur,
1620 1531 1675 1598 qui
1694 1529 1865 1593 Βοηιαηίεει

119 1611 297 1670 Caelcstinus.
323 1613 456 1668 Similiter
474 1628 579 1668 necesse
592 1628 645 1668 non
672 1612 792 1668 arbitror
813 1613 973 1669 vocabulum
987 1614 1072 1671 ceteri
1094 1613 1335 1687 (quemadmodum
1363 1618 1392 1670 in
1408 1615 1498 1671 codice
1516 1617 1657 1673 scribitur
1681 1619 1808 1690 semper)
1825 1635 1864 1673 ms·

119 1705 178 1757 tare
191 1702 221 1756 in
244 1703 359 1770 caetcri3
375 1718 430 1757 non
456 1705 529 1758 euim
550 1708 682 1772 apertum
698 1701 847 1772 scripturae
870 1701 972 1759 vitium
1000 1705 1135 1773 appellari
1157 1708 1249 1774 potest
1261 1704 1292 1759 id
1306 1703 1339 1758 de
1363 1721 1414 1774 quo
1430 1706 1579 1761 etiamnum
1605 1708 1729 1777 litipanl
1745 1725 1865 1777 premnt·

118 1791 176 1846 tici.
193 1789 268 1845 idem
299 1790 417 1846 illenim
435 1791 469 1846 de
500 1806 563 1846 voce
588 1789 728 1859 seculum,
744 1790 818 1857 quod
842 1793 873 1846 in
886 1791 1027 1849 saeculuns
1041 1794 1202 1849 vertendum
1229 1795 1376 1849 estimavit
1399 1795 1439 1851 cl.
1458 1795 1491 1851 V.
1522 1795 1647 1867 Gousin3
1664 1813 1737 1852 sarie
1766 1815 1863 1854 canna

117 1880 180 1935 nius
195 1880 290 1935 dicere
302 1881 419 1936 Romani
433 1884 533 1935 ueteres
546 1879 694 1948 saeoulum,
707 1879 780 1949 quod
794 1885 820 1934 ct
836 1881 927 1935 Greci
951 1879 1091 1933 carucatas
1119 1884 1271 1952 scripsere:
1287 1888 1473 1938 verumtamen
1495 1886 1574 1952 ntcre
1594 1886 1649 1953 qui
1671 1902 1728 1956 pro
1753 1887 1864 1945 sccnlun

115 1970 281 2038 pupnarint,
304 1968 436 2024 arbitrali
461 1968 491 2022 id
513 1969 671 2023 vocabulum
686 1985 704 2022 a
727 1982 873 2025 senescere
901 1969 1055 2041 deductum,
1077 1972 1150 2027 vela
1174 1984 1270 2029 secare
1290 1986 1298 2026 :
1318 1971 1439 2027 ridicula
1452 1973 1549 2043 utiquc
1571 1973 1739 2040 derivatio,·
1766 1977 1814 2031 sed
1826 1991 1863 2033 na

117 2057 152 2112 de
165 2074 207 2127 ea,
223 2074 317 2114 verum
350 2057 384 2113 de
405 2060 478 2113 vocis
501 2057 632 2115 seculum
648 2057 844 2128 ortltoprapbia
863 2059 906 2113 liic
933 2063 1075 2130 quaritur.
1094 2063 1228 2117 Praeterea
1249 2062 1279 2115 in
1293 2061 1383 2116 codice
1409 2062 1580 2117 brusellensi
1606 2064 1719 2135 ubique
1732 2065 1864 2124 sollemni·

117 2152 171 2214 tas,
187 2144 335 2204 sollemnis
361 2148 481 2216 topicae:
497 2163 555 2218 quae
569 2149 599 2202 in
623 2148 800 2217 solemnitas,
814 2148 961 2218 solemnis,
977 2151 1113 2207 mutanda
1135 2152 1195 2206 visa
1210 2156 1273 2206 sunt
1300 2150 1339 2207 cl.
1362 2152 1396 2207 V.
1412 2151 1520 2208 cousin.
1546 2152 1691 2221 Equidem
1706 2158 1809 2209 itemm
1828 2171 1862 2210 ar·

115 2249 202 2290 serae
210 2251 265 2291 non
279 2239 369 2291 ausim
382 2235 567 2303 sollemnitas,
584 2236 743 2303 sollemnis,
760 2252 816 2291 esse
842 2245 941 2307 aperta
956 2239 1109 2311 scriptura
1137 2239 1219 2297 vitia.
1247 2241 1365 2308 Etenim,
1380 2243 1411 2294 nt
1425 2254 1461 2295 ec
1489 2245 1601 2295 senatus
1618 2243 1751 2298 consulto
1767 2242 1800 2297 de
1814 2243 1863 2297 bac·

116 2324 277 2380 cbanalibus
300 2325 416 2395 aliisque
443 2324 644 2395 antiquissimis
669 2327 849 2381 monumentis
876 2333 992 2397 constat,
1021 2344 1076 2383 non
1093 2329 1216 2384 solebant
1240 2330 1356 2384 Romani
1378 2333 1479 2384 veteres
1504 2329 1655 2399 duplicare
1688 2336 1862 2401 nomenante,

115 2412 212 2466 Postea
220 2412 293 2467 alius
302 2427 368 2467 usus
385 2413 522 2483 paulatim
536 2412 665 2479 invaluit,
678 2413 762 2468 nullis
786 2419 875 2468 tamen
900 2417 981 2470 certis
1000 2417 1149 2474 observatis
1165 2419 1278 2487 lapibus.
1304 2421 1374 2475 ilinc
1399 2420 1560 2487 factumest
1574 2423 1608 2475 ut
1637 2421 1693 2477 alii
1706 2424 1863 2489 pentinarest

115 2506 292 2557 consonantes
306 2502 336 2555 in
361 2501 403 2556 bis
418 2501 514 2565 verbis,
541 2501 592 2557 alii
618 2503 648 2557 in
673 2501 741 2558 illis.
762 2504 799 2558 Dc
824 2503 952 2559 vacabulo
977 2503 1124 2561 sollemnis
1148 2505 1236 2560 multa
1264 2505 1440 2576 disputatio:
1457 2505 1588 2574 analopia
1605 2509 1703 2562 tamen
1718 2507 1786 2563 buic
1803 2509 1863 2577 [aar

115 2590 211 2659 tonnae
230 2606 343 2662 eamque
363 2590 514 2647 doctissimi
527 2593 703 2659 prammatioi
725 2591 889 2662 plerumque
914 2597 1034 2649 tuentur.
1050 2596 1174 2663 Demum,
1195 2595 1302 2649 utalia
1322 2594 1410 2649 multa
1435 2598 1653 2664 praetereantur,
1682 2598 1761 2652 inter
1780 2604 1863 2667 spera

114 2679 265 2750 scripturae
299 2680 371 2737 vitia
389 2681 490 2748 reterri
515 2683 611 2750 nequit
627 2694 694 2737 cum
722 2681 886 2751 conjunctio,
903 2697 1073 2752 quamquam
1088 2683 1128 2740 et.
1155 2684 1187 2740 V.
1216 2684 1314 2740 cousin
1330 2688 1426 2739 contra
1438 2683 1519 2753 ndens
1542 2682 1648 2741 codicis
1663 2686 1771 2755 ubique
1784 2699 1863 2757 quun

114 2769 288 2825 scribendum
315 2773 428 2826 censuit.
466 2771 673 2840 Antiquissima
701 2769 756 2825 laec
781 2774 880 2826 iterum
907 2773 1149 2841 prammaticorum
1174 2772 1219 2827 lis.
1247 2772 1323 2828 Certe
1350 2786 1442 2843 quum
1470 2772 1593 2843 ejusdem
1620 2777 1745 2843 oripinis
1774 2781 1813 2830 cst
1838 2789 1863 2829 cc

115 2858 242 2931 quando,
259 2859 319 2930 qui,
332 2858 410 2930 quis,
436 2864 485 2914 etc.
502 2879 510 2927 ;
525 2857 573 2914 sed
597 2858 629 2913 id
646 2874 702 2914 non
721 2862 829 2929 prmum
856 2865 1055 2930 arpumcntum,
1081 2876 1164 2932 quum
1190 2859 1293 2927 sicubi,
1310 2859 1428 2928 alicubi,
1447 2859 1593 2928 alicunde,
1625 2867 1693 2929 etc,
1723 2863 1861 2919 scribonius

114 2963 213 3004 omncs.
237 2948 367 3020 Adeoque
387 2950 417 3004 in
435 2950 537 3018 priscis
558 2948 820 3006 marmoriburcum
845 2965 921 3020 aque
944 2952 1045 3019 lepitur
1068 2965 1100 3004 ac
1115 2962 1218 3020 quum.
1239 2949 1390 3006 subtiliora
1417 2949 1543 3020 quadam
1565 2955 1817 3018 prammaticorum
1828 2954 1860 3005 irt-

112 3039 193 3106 penia
211 3043 265 3093 tres
285 3039 389 3105 tonnas
410 3040 577 3105 eacopitassc
609 3053 681 3110 qum
699 3053 766 3095 cum
781 3044 807 3093 et
827 3052 930 3109 quum,
961 3041 1037 3095 testis
1062 3043 1102 3094 est
1126 3039 1324 3108 Quintilianus,
1354 3054 1471 3105 quarum
1496 3040 1591 3109 prima
1612 3046 1737 3112 tempus,
1753 3041 1860 3097 secundo

112 3129 266 3196 comitatus,
297 3129 379 3182 tertia
403 3129 604 3198 siqniytcaretur
630 3143 714 3183 causa
732 3132 939 3185 :verumtamen
964 3130 1023 3198 ipsc
1044 3128 1243 3194 Quintilianus,
1262 3143 1316 3183 non
1334 3142 1410 3183 secus
1436 3144 1468 3183 ac
1490 3127 1576 3184 codes
1595 3131 1800 3193 Bruxeliensis,
1822 3131 1859 3184 illo

112 3214 270 3271 discrimine
283 3231 337 3270 non
351 3215 489 3285 utebatur,
513 3216 613 3281 ubique
628 3216 747 3271 scribens
761 3230 839 3272 cum.
856 3237 871 3268 n
894 3216 1054 3285 Fripidioru
1075 3215 1117 3271 bis
1132 3216 1200 3284 alia,
1217 3218 1309 3282 inquit
1337 3217 1410 3272 mem
1431 3219 1631 3285 prammaticus
1650 3235 1659 3274 :
1679 3225 1711 3274 at
1737 3219 1858 3288 quidquia
1895 3220 1898 3235 '

112 3300 272 3373 Cquartam
297 3303 466 3372 haberetne
489 3305 658 3373 interropore
673 3305 712 3360 bis
732 3304 894 3360 videremur.
910 3306 947 3360 Et
973 3304 1111 3376 quotidie,
1140 3319 1194 3359 non
1210 3303 1314 3361 cotidie
1329 3320 1336 3359 :
1350 3308 1382 3359 ut
1407 3306 1444 3360 sit
1458 3310 1523 3375 quot
1550 3306 1648 3363 diebus
1667 3323 1786 3363 :verum
1809 3306 1855 3360 ltec

109 3389 169 3460 jam
186 3392 257 3444 inter
274 3391 349 3461 ipsas
378 3392 484 3461 ineptia
505 3395 684 3447 evanuerunt.
709 3413 720 3441 »
743 3391 821 3448 Unde
839 3393 922 3447 simul
940 3397 1018 3463 patet
1034 3396 1168 3459 quantum
1183 3395 1308 3463 temporis
1337 3392 1418 3448 duret
1438 3400 1573 3449 certamen
1597 3393 1855 3463 prammaticrandt

112 3477 274 3551 qualidiset
291 3478 394 3536 cotidie
409 3494 416 3535 ὲ
434 3480 507 3547 quod
519 3481 615 3536 ultimo
630 3480 873 3536 animadvertimus
882 3482 947 3550 loco,
969 3484 1107 3551 quoniam,
1124 3497 1209 3549 quum
1223 3486 1253 3536 in
1267 3481 1356 3538 codice
1367 3481 1540 3538 brusellensi
1554 3483 1660 3550 ubique
1679 3484 1789 3554 lepatrn
1803 3491 1854 3538 oot-

111 3565 191 3635 tidie,
206 3566 390 3638 cottidianus,
414 3570 445 3625 iol
466 3571 496 3624 in
510 3569 649 3641 quotidie,
666 3569 856 3642 quotidianus
868 3570 1032 3627 mutandum
1054 3573 1145 3627 visam
1159 3575 1200 3627 est
1221 3570 1263 3627 vl.
1289 3572 1323 3628 V.
1339 3570 1449 3628 cousin.
1470 3573 1564 3628 Minus
1580 3577 1851 3638 rectu-recenseas,
1895 3584 1898 3589 ·

110 3656 137 3711 si
154 3655 238 3726 lubet,
264 3657 440 3717 cottidianus
458 3659 532 3717 inter
549 3661 626 3730 ipsas
651 3662 782 3730 ineptias,
808 3660 852 3714 nil
870 3660 1093 3729 repupnabimus,
1119 3675 1286 3730 quamquam
1315 3656 1504 3724 Quintilianus
1529 3660 1601 3716 banc
1628 3667 1725 3718 notant
1747 3663 1850 3716 mund

110 3744 192 3801 alteri
211 3749 326 3817 {omnm
342 3752 368 3803 si
387 3750 460 3804 inter
487 3758 587 3820 aperta
611 3749 762 3821 scripture
776 3748 857 3818 vitia,
884 3749 982 3804 durius
1003 3753 1072 3805 esset
1090 3748 1239 3819 iudicium.
1271 3750 1364 3817 Neque
1390 3749 1495 3822 daplm
1513 3749 1715 3822 tculpandum
1736 3751 1850 3814 maius,

44 3848 52 3862 ¹
111 3849 196 3906 quum
207 3837 331 3896 catullus
345 3839 481 3907 cecinerit,
495 3839 578 3910 lepem
589 3841 729 3896 metricam
742 3840 812 3895 satis
826 3842 919 3894 notam
932 3841 1060 3895 senatus:

321 4007 460 4081 Conjngis
474 4007 505 4065 in
520 4007 607 4080 culpa
618 4008 751 4081 flamevil
762 4009 953 4081 quottidiana.

146 4148 200 4207 Sed
214 4149 298 4208 debis
313 4150 472 4222 quisquiliis
483 4155 672 4222 pneumaticis
685 4154 754 4209 satis
764 4168 909 4225 superque.

143 4240 221 4308 Pipet
243 4240 344 4296 addere
357 4243 388 4296 in
410 4241 561 4312 majoribus
584 4257 787 4312 nonnumquam
812 4243 892 4299 rebus
913 4242 1059 4314 cespitasse
1080 4242 1114 4299 ol.
1140 4242 1281 4314 editorem,
1303 4243 1392 4300 verbis
1410 4242 1550 4299 interdum
1572 4246 1695 4314 omissis,
1716 4243 1851 4303 vocabule

108 4343 182 4399 rum,
200 4331 362 4400 quinetiam
381 4346 508 4386 vacuum
531 4330 627 4387 ordine
643 4333 794 4403 aliquando
809 4334 927 4401 inverso,
951 4347 1008 4388 una
1020 4349 1082 4389 voce
1101 4333 1252 4390 substituta
1274 4333 1365 4405 alteri,
1384 4335 1412 4390 el
1421 4333 1453 4390 id
1472 4347 1560 4404 penus
1575 4335 1667 4391 aliis:
1691 4351 1761 4404 quos
1774 4349 1852 4392 nava

108 4419 240 4477 adimam
252 4423 403 4490 marpinern
415 4420 607 4490 indicabimus,
624 4422 733 4491 quando
747 4437 836 4493 opere
848 4420 987 4478 videbitur
994 4425 1125 4493 pretium.

146 4511 311 4566 Mutationes
332 4511 403 4566 alias
429 4512 478 4566 via
499 4525 553 4566 non
573 4510 722 4581 probamus
746 4526 845 4566 omnes.
872 4510 959 4578 Quum
974 4513 1045 4568 enim
1065 4513 1096 4567 in
1111 4510 1286 4567 Bruacllmsi
1298 4512 1388 4568 codice
1412 4510 1598 4582 dipbtltoapus
1614 4525 1652 4571 ac
1667 4514 1752 4570 litera
1771 4528 1854 4572 occu

108 4598 178 4655 data
203 4603 310 4671 passim
332 4600 479 4667 scribatur,
503 4598 596 4655 eadem
613 4599 801 4670 dipbtltonqus
825 4604 896 4657 recte
920 4606 1030 4657 servata
1056 4604 1096 4657 est
1110 4600 1158 4655 ubi
1173 4599 1264 4656 cauda
1285 4601 1369 4657 illac
1391 4602 1503 4658 librario
1526 4605 1629 4659 omissa
1643 4606 1714 4672 [1111.
1730 4607 1854 4661 Prema

108 4690 196 4747 codsa
209 4705 264 4746 non
289 4691 365 4745 novit
385 4689 583 4761 dipbtltonpum
607 4704 644 4759 oe,
664 4690 712 4744 sed
731 4690 832 4760 ubique
848 4691 929 4746 ltabet
959 4690 1051 4758 ledus,
1067 4703 1151 4761 pena,
1174 4690 1261 4761 cepit,
1287 4693 1351 4756 etc.;
1379 4692 1483 4761 placuit
1498 4691 1538 4749 cl.
1567 4692 1600 4748 V.
1624 4693 1731 4750 cousin
1750 4695 1854 4750 scribent

108 4779 210 4851 ubique
231 4777 335 4848 foedus,
362 4792 457 4849 poena,
484 4778 568 4849 coepit
584 4794 591 4834 :
609 4779 718 4849 placuit
739 4783 764 4834 et
782 4779 868 4835 nobis.
893 4780 974 4836 Alius
993 4781 1100 4849 pencris
1116 4785 1156 4836 cst
1176 4782 1292 4848 fortuna
1316 4780 1401 4837 litere
1419 4795 1437 4852 y
1455 4795 1515 4850 que
1536 4781 1569 4835 in
1593 4785 1699 4851 paucis
1715 4784 1854 4846 vocabulis

107 4886 131 4926 v.
148 4886 176 4940 p.
199 4869 327 4940 hymnus
350 4883 398 4924 seu
423 4882 540 4939 ymnus,
563 4868 684 4938 lepitur;
704 4869 771 4924 alibi
785 4870 846 4939 ejus
861 4870 946 4924 locum
972 4873 1119 4939 occupante
1133 4870 1259 4926 elemento
1282 4870 1380 4926 Latino
1398 4869 1420 4926 i.
1438 4869 1566 4925 Praetulit
1583 4868 1617 4924 ol.
1640 4871 1739 4928 editor
1750 4873 1854 4929 scribent
1889 4832 1894 4935 i

108 4960 252 5031 mysteria,
283 4966 403 5030 martyr,
419 4963 470 5012 etc.
487 4973 494 5013 ι
513 4973 567 5013 non
585 4958 770 5029 improbamus
795 4974 804 5030 ;
826 4964 1011 5014 verumtamen
1037 4959 1184 5014 maluimus
1211 4974 1271 5015 cum
1288 4959 1379 5014 codice
1396 4957 1483 5014 dicem
1506 4957 1649 5027 misteria,
1664 4961 1784 5031 martir,
1810 4967 1851 5015 etc.
1890 4954 1895 5069 l

108 5050 239 5117 quoniam
263 5048 306 5104 bic
323 5050 421 5103 iterum
443 5048 580 5117 inlapsum
603 5053 722 5117 sqstcrna
748 5050 956 5118 prammaticum
979 5048 1055 5103 latet.
1080 5049 1150 5117 Lepe
1173 5063 1233 5120 qun
1260 5051 1418 5104 recentiores
1447 5049 1623 5117 prammatici
1643 5047 1854 5120 scripseruntdr

106 5137 243 5197 vocabulis
263 5139 370 5212 aliquot
392 5135 491 5195 Graecu
511 5137 576 5208 jure
597 5139 669 5195 Latii
694 5138 814 5209 donatis,
830 5153 857 5196 v.
881 5154 910 5208 p.
931 5136 1025 5201 στυλος
1049 5136 1152 5210 stylus,
1177 5137 1270 5196 stilus.
1292 5139 1325 5194 ln
1346 5137 1527 5210 aspirationis
1547 5137 1637 5208 sipnis
1663 5139 1756 5196 codes
1772 5140 1853 5196 vanu
1892 5134 1895 5143 '

107 5329 411 5460 et(sigivcompterendu
431 5331 478 5391 des
497 5331 606 5391 uacca
623 5331 659 5390 dc
676 5331 706 5390 la
720 5331 1003 5407 commissionropale
1028 5329 1180 5401 dbistoirc,
1201 5329 1261 5390 tl
1283 5329 1310 5406 (³
1323 5330 1420 5406 juillet
1446 5332 1544 5392 libid
1558 5333 1629 5395 aaut
1661 5335 1854 5412 luitpaldi
1895 5294 1898 5301 ι
