<?xml version="1.0" encoding="UTF-8"?>
<!DOCTYPE html PUBLIC "-//W3C//DTD XHTML 1.0 Transitional//EN"
    "http://www.w3.org/TR/xhtml1/DTD/xhtml1-transitional.dtd">
<html xmlns="http://www.w3.org/1999/xhtml" xml:lang="en" lang="en">
 <head>
  <title>
</title>
<meta http-equiv="Content-Type" content="text/html;charset=utf-8" />
  <meta name='ocr-system' content='tesseract 3.04.00' />
  <meta name='ocr-capabilities' content='ocr_page ocr_carea ocr_par ocr_line ocrx_word'/>
</head>
<body>
  <div class='ocr_page' id='page_1' title='image "./patrologiaecurs53unkngoog/patrologiaecurs53unkngoog_0175.png"; bbox 0 0 3804 5962; ppageno 0'>
   <div class='ocr_carea' id='block_1_1' title="bbox 69 233 1357 311">
    <p class='ocr_par' dir='ltr' id='par_1_1' title="bbox 69 233 1357 311">
     <span class='ocr_line' id='line_1_1' title="bbox 69 233 1357 311; baseline -0.011 -6"><span class='ocrx_word' id='word_1_1' title='bbox 69 250 121 305; x_wconf 79' lang='grc'><strong>339</strong></span> <span class='ocrx_word' id='word_1_2' title='bbox 530 245 648 311; x_wconf 81' lang='lat' dir='ltr'><strong>¹PETRI</strong></span> <span class='ocrx_word' id='word_1_3' title='bbox 667 243 856 303; x_wconf 72' lang='lat' dir='ltr'><strong>ABAELARDI</strong></span> <span class='ocrx_word' id='word_1_4' title='bbox 874 244 950 304; x_wconf 79' lang='lat' dir='ltr'><strong>OPP.</strong></span> <span class='ocrx_word' id='word_1_5' title='bbox 969 237 1060 298; x_wconf 77' lang='lat' dir='ltr'><strong>Palis</strong></span> <span class='ocrx_word' id='word_1_6' title='bbox 1078 239 1099 295; x_wconf 95' lang='lat' dir='ltr'><strong>l.</strong></span> <span class='ocrx_word' id='word_1_7' title='bbox 1119 233 1357 294; x_wconf 72' lang='lat' dir='ltr'><strong>-nrlsi&#39;obdh</strong></span> 
     </span>
    </p>
   </div>
   <div class='ocr_carea' id='block_1_2' title="bbox 70 357 1734 708">
    <p class='ocr_par' dir='ltr' id='par_1_2' title="bbox 70 357 1734 708">
     <span class='ocr_line' id='line_1_2' title="bbox 71 357 1731 445; baseline -0.008 -17"><span class='ocrx_word' id='word_1_8' title='bbox 71 371 184 445; x_wconf 91' lang='lat' dir='ltr'><strong>ligicsa,</strong></span> <span class='ocrx_word' id='word_1_9' title='bbox 202 387 269 444; x_wconf 82' lang='lat' dir='ltr'><strong>quae</strong></span> <span class='ocrx_word' id='word_1_10' title='bbox 287 378 365 430; x_wconf 89' lang='lat' dir='ltr'><strong>recta</strong></span> <span class='ocrx_word' id='word_1_11' title='bbox 378 377 446 429; x_wconf 91' lang='lat' dir='ltr'><strong>sunt</strong></span> <span class='ocrx_word' id='word_1_12' title='bbox 467 369 551 442; x_wconf 87' lang='lat' dir='ltr'><strong>elige,</strong></span> <span class='ocrx_word' id='word_1_13' title='bbox 563 376 591 427; x_wconf 90' lang='lat' dir='ltr'><strong>et</strong></span> <span class='ocrx_word' id='word_1_14' title='bbox 610 370 671 427; x_wconf 76' lang='lat' dir='ltr'><strong>haec</strong></span> <span class='ocrx_word' id='word_1_15' title='bbox 685 369 768 441; x_wconf 81' lang='lat' dir='ltr'><strong>quasi</strong></span> <span class='ocrx_word' id='word_1_16' title='bbox 787 370 818 426; x_wconf 93' lang='lat' dir='ltr'><strong>in</strong></span> <span class='ocrx_word' id='word_1_17' title='bbox 836 368 917 428; x_wconf 87' lang='lat' dir='ltr'><strong>lasei-</strong></span> <span class='ocrx_word' id='word_1_18' title='bbox 931 376 955 430; x_wconf 80' lang='grc' dir='ltr'><strong>Α</strong></span> <span class='ocrx_word' id='word_1_19' title='bbox 970 366 1209 427; x_wconf 86' lang='lat' dir='ltr'><strong>consuetudinem</strong></span> <span class='ocrx_word' id='word_1_20' title='bbox 1233 362 1349 436; x_wconf 89' lang='lat' dir='ltr'><strong>penitus</strong></span> <span class='ocrx_word' id='word_1_21' title='bbox 1373 357 1540 419; x_wconf 89' lang='lat' dir='ltr'><strong>abstulistis.</strong></span> <span class='ocrx_word' id='word_1_22' title='bbox 1559 359 1613 417; x_wconf 87' lang='lat' dir='ltr'><strong>Ubi</strong></span> <span class='ocrx_word' id='word_1_23' title='bbox 1635 365 1664 416; x_wconf 94' lang='lat' dir='ltr'><strong>et</strong></span> <span class='ocrx_word' id='word_1_24' title='bbox 1681 358 1731 415; x_wconf 82' lang='lat' dir='ltr'><strong>inv</strong></span> 
     </span>
     <span class='ocr_line' id='line_1_3' title="bbox 70 447 1734 532; baseline -0.01 -14"><span class='ocrx_word' id='word_1_25' title='bbox 70 461 170 518; x_wconf 91' lang='lat' dir='ltr'><strong>culum</strong></span> <span class='ocrx_word' id='word_1_26' title='bbox 187 460 305 517; x_wconf 88' lang='lat' dir='ltr'><strong>collecta</strong></span> <span class='ocrx_word' id='word_1_27' title='bbox 324 459 402 531; x_wconf 91' lang='lat' dir='ltr'><strong>apud</strong></span> <span class='ocrx_word' id='word_1_28' title='bbox 421 459 583 532; x_wconf 80' lang='lat' dir='ltr'><strong>Anglomm</strong></span> <span class='ocrx_word' id='word_1_29' title='bbox 607 466 715 516; x_wconf 83' lang='lat' dir='ltr'><strong>mentes</strong></span> <span class='ocrx_word' id='word_1_30' title='bbox 739 458 769 515; x_wconf 93' lang='lat' dir='ltr'><strong>in</strong></span> <span class='ocrx_word' id='word_1_31' title='bbox 792 472 915 517; x_wconf 89' lang='lat' dir='ltr'><strong>eonsue-</strong></span> <span class='ocrx_word' id='word_1_32' title='bbox 969 457 1046 515; x_wconf 90' lang='lat' dir='ltr'><strong>rium</strong></span> <span class='ocrx_word' id='word_1_33' title='bbox 1060 464 1088 514; x_wconf 92' lang='lat' dir='ltr'><strong>et</strong></span> <span class='ocrx_word' id='word_1_34' title='bbox 1114 456 1256 527; x_wconf 90' lang='lat' dir='ltr'><strong>hymnum</strong></span> <span class='ocrx_word' id='word_1_35' title='bbox 1283 466 1349 509; x_wconf 93' lang='lat' dir='ltr'><strong>cnm</strong></span> <span class='ocrx_word' id='word_1_36' title='bbox 1378 450 1473 508; x_wconf 83' lang='lat' dir='ltr'><strong>tribus</strong></span> <span class='ocrx_word' id='word_1_37' title='bbox 1503 456 1614 506; x_wconf 89' lang='lat' dir='ltr'><strong>tantum</strong></span> <span class='ocrx_word' id='word_1_38' title='bbox 1645 447 1734 504; x_wconf 82' lang='lat' dir='ltr'><strong>lectior</strong></span> 
     </span>
     <span class='ocr_line' id='line_1_4' title="bbox 72 537 1734 621; baseline -0.01 -13"><span class='ocrx_word' id='word_1_39' title='bbox 72 550 201 608; x_wconf 81' lang='lat' dir='ltr'>tudinem</span> <span class='ocrx_word' id='word_1_40' title='bbox 217 549 333 619; x_wconf 91' lang='lat' dir='ltr'><strong>depone.</strong></span> <span class='ocrx_word' id='word_1_41' title='bbox 351 547 458 615; x_wconf 80' lang='lat' dir='ltr'><strong>»Quod</strong></span> <span class='ocrx_word' id='word_1_42' title='bbox 475 549 497 604; x_wconf 93' lang='lat' dir='ltr'><strong>si</strong></span> <span class='ocrx_word' id='word_1_43' title='bbox 512 548 541 604; x_wconf 94' lang='lat' dir='ltr'><strong>in</strong></span> <span class='ocrx_word' id='word_1_44' title='bbox 553 548 659 605; x_wconf 90' lang='lat' dir='ltr'><strong>talibus</strong></span> <span class='ocrx_word' id='word_1_45' title='bbox 672 556 699 604; x_wconf 92' lang='lat' dir='ltr'><strong>el</strong></span> <span class='ocrx_word' id='word_1_46' title='bbox 714 547 797 605; x_wconf 91' lang='lat' dir='ltr'><strong>nobis</strong></span> <span class='ocrx_word' id='word_1_47' title='bbox 810 546 915 621; x_wconf 78' lang='lat' dir='ltr'>eligere</span> <span class='ocrx_word' id='word_1_48' title='bbox 969 552 997 604; x_wconf 90' lang='lat' dir='ltr'><strong>et</strong></span> <span class='ocrx_word' id='word_1_49' title='bbox 1013 540 1201 617; x_wconf 84' lang='lat' dir='ltr'><strong>responsoriis</strong></span> <span class='ocrx_word' id='word_1_50' title='bbox 1224 555 1291 599; x_wconf 90' lang='lat' dir='ltr'><strong>cnm</strong></span> <span class='ocrx_word' id='word_1_51' title='bbox 1311 542 1415 608; x_wconf 78' lang='lat' dir='ltr'><strong><em>Gloria,</em></strong></span> <span class='ocrx_word' id='word_1_52' title='bbox 1437 546 1538 596; x_wconf 90' lang='lat' dir='ltr'><strong>contra</strong></span> <span class='ocrx_word' id='word_1_53' title='bbox 1555 552 1669 594; x_wconf 94' lang='lat' dir='ltr'><strong>omnem</strong></span> <span class='ocrx_word' id='word_1_54' title='bbox 1686 537 1734 592; x_wconf 81' lang='lat' dir='ltr'><strong>Ecc</strong></span> 
     </span>
     <span class='ocr_line' id='line_1_5' title="bbox 71 624 1734 708; baseline -0.01 -11"><span class='ocrx_word' id='word_1_55' title='bbox 71 640 155 697; x_wconf 91' lang='lat' dir='ltr'><strong>liceat</strong></span> <span class='ocrx_word' id='word_1_56' title='bbox 173 652 210 694; x_wconf 86' lang='lat' dir='ltr'><strong>ex</strong></span> <span class='ocrx_word' id='word_1_57' title='bbox 225 636 481 694; x_wconf 89' lang='lat' dir='ltr'><strong>consuetudinibus</strong></span> <span class='ocrx_word' id='word_1_58' title='bbox 502 637 705 705; x_wconf 90' lang='lat' dir='ltr'><strong>Ecclesiarnm,</strong></span> <span class='ocrx_word' id='word_1_59' title='bbox 721 651 779 693; x_wconf 93' lang='lat' dir='ltr'><strong>non</strong></span> <span class='ocrx_word' id='word_1_60' title='bbox 805 637 916 708; x_wconf 93' lang='lat' dir='ltr'><strong>impro-</strong></span> <span class='ocrx_word' id='word_1_61' title='bbox 969 647 1090 701; x_wconf 90' lang='lat' dir='ltr'><strong>morem,</strong></span> <span class='ocrx_word' id='word_1_62' title='bbox 1102 640 1139 702; x_wconf 90' lang='lat' dir='ltr'><strong>et,</strong></span> <span class='ocrx_word' id='word_1_63' title='bbox 1156 639 1189 689; x_wconf 90' lang='lat' dir='ltr'><strong>ut</strong></span> <span class='ocrx_word' id='word_1_64' title='bbox 1212 630 1328 697; x_wconf 91' lang='lat' dir='ltr'><strong>dicitur,</strong></span> <span class='ocrx_word' id='word_1_65' title='bbox 1348 628 1490 684; x_wconf 78' lang='lat' dir='ltr'><strong>rationem</strong></span> <span class='ocrx_word' id='word_1_66' title='bbox 1505 640 1558 683; x_wconf 90' lang='lat' dir='ltr'><strong>ros</strong></span> <span class='ocrx_word' id='word_1_67' title='bbox 1576 625 1671 682; x_wconf 83' lang='lat' dir='ltr'><strong>dicem</strong></span> <span class='ocrx_word' id='word_1_68' title='bbox 1694 624 1734 681; x_wconf 89' lang='lat' dir='ltr'><strong>ins</strong></span> 
     </span>
    </p>
   </div>
   <div class='ocr_carea' id='block_1_3' title="bbox 70 713 1734 972">
    <p class='ocr_par' dir='ltr' id='par_1_3' title="bbox 70 713 1734 972">
     <span class='ocr_line' id='line_1_6' title="bbox 73 713 1734 796; baseline -0.01 -11"><span class='ocrx_word' id='word_1_69' title='bbox 73 725 509 785; x_wconf 82' lang='lat' dir='ltr'><strong>bandauosrrariuerureleotio</strong></span> <span class='ocrx_word' id='word_1_70' title='bbox 521 724 728 796; x_wconf 87' lang='lat' dir='ltr'><strong>providentiam</strong></span> <span class='ocrx_word' id='word_1_71' title='bbox 739 723 914 794; x_wconf 83' lang='lat' dir='ltr'><strong>Graecorum,</strong></span> <span class='ocrx_word' id='word_1_72' title='bbox 969 723 1031 781; x_wconf 89' lang='lat' dir='ltr'><strong>stis.</strong></span> <span class='ocrx_word' id='word_1_73' title='bbox 1045 721 1208 779; x_wconf 80' lang='lat' dir='ltr'><strong>cumcuim</strong></span> <span class='ocrx_word' id='word_1_74' title='bbox 1223 719 1277 776; x_wconf 93' lang='lat' dir='ltr'><strong>hoc</strong></span> <span class='ocrx_word' id='word_1_75' title='bbox 1292 717 1423 775; x_wconf 91' lang='lat' dir='ltr'><strong>triduum</strong></span> <span class='ocrx_word' id='word_1_76' title='bbox 1444 723 1584 786; x_wconf 80' lang='lat' dir='ltr'><strong>tanquam</strong></span> <span class='ocrx_word' id='word_1_77' title='bbox 1603 713 1734 785; x_wconf 77' lang='lat' dir='ltr'><strong>exsequia</strong></span> 
     </span>
     <span class='ocr_line' id='line_1_7' title="bbox 72 804 1734 883; baseline -0.005 -15"><span class='ocrx_word' id='word_1_78' title='bbox 72 825 90 868; x_wconf 89' lang='lat' dir='ltr'><strong>a</strong></span> <span class='ocrx_word' id='word_1_79' title='bbox 116 809 224 883; x_wconf 94' lang='lat' dir='ltr'><strong>quibus</strong></span> <span class='ocrx_word' id='word_1_80' title='bbox 245 809 399 881; x_wconf 78' lang='lat' dir='ltr'><strong>plurimam</strong></span> <span class='ocrx_word' id='word_1_81' title='bbox 427 809 592 878; x_wconf 89' lang='lat' dir='ltr'><strong>accepimus</strong></span> <span class='ocrx_word' id='word_1_82' title='bbox 612 808 783 877; x_wconf 80' lang='lat' dir='ltr'><strong>doctrinam,</strong></span> <span class='ocrx_word' id='word_1_83' title='bbox 809 809 839 865; x_wconf 93' lang='lat' dir='ltr'><strong>in</strong></span> <span class='ocrx_word' id='word_1_84' title='bbox 862 807 917 864; x_wconf 91' lang='lat' dir='ltr'><strong>hoo</strong></span> <span class='ocrx_word' id='word_1_85' title='bbox 971 812 1081 870; x_wconf 80' lang='lat' dir='ltr'><strong>minicae</strong></span> <span class='ocrx_word' id='word_1_86' title='bbox 1096 811 1126 869; x_wconf 93' lang='lat' dir='ltr'><strong>in</strong></span> <span class='ocrx_word' id='word_1_87' title='bbox 1139 811 1220 868; x_wconf 92' lang='lat' dir='ltr'><strong>luctu</strong></span> <span class='ocrx_word' id='word_1_88' title='bbox 1235 815 1403 881; x_wconf 83' lang='lat' dir='ltr'><strong>peragatur,</strong></span> <span class='ocrx_word' id='word_1_89' title='bbox 1424 805 1694 878; x_wconf 83' lang='lat' dir='ltr'><strong>atquehincvuigo</strong></span> <span class='ocrx_word' id='word_1_90' title='bbox 1710 804 1734 859; x_wconf 81' lang='lat' dir='ltr'><strong>lu</strong></span> 
     </span>
     <span class='ocr_line' id='line_1_8' title="bbox 70 891 1734 972; baseline -0.005 -14"><span class='ocrx_word' id='word_1_91' title='bbox 70 900 157 959; x_wconf 91' lang='lat' dir='ltr'><strong>etiam</strong></span> <span class='ocrx_word' id='word_1_92' title='bbox 172 899 293 967; x_wconf 86' lang='lat' dir='ltr'><strong>imitata,</strong></span> <span class='ocrx_word' id='word_1_93' title='bbox 309 905 342 956; x_wconf 91' lang='lat' dir='ltr'><strong>ut</strong></span> <span class='ocrx_word' id='word_1_94' title='bbox 365 913 417 955; x_wconf 92' lang='lat' dir='ltr'><strong>nec</strong></span> <span class='ocrx_word' id='word_1_95' title='bbox 438 898 593 954; x_wconf 88' lang='lat' dir='ltr'><strong>auctoritas</strong></span> <span class='ocrx_word' id='word_1_96' title='bbox 607 897 826 955; x_wconf 90' lang='lat' dir='ltr'><strong>consuetudinis</strong></span> <span class='ocrx_word' id='word_1_97' title='bbox 846 895 917 954; x_wconf 91' lang='lat' dir='ltr'><strong>desit</strong></span> <span class='ocrx_word' id='word_1_98' title='bbox 970 902 1084 960; x_wconf 88' lang='lat' dir='ltr'><strong>dicrum</strong></span> <span class='ocrx_word' id='word_1_99' title='bbox 1118 899 1223 972; x_wconf 81' lang='lat' dir='ltr'><strong>vigilia</strong></span> <span class='ocrx_word' id='word_1_100' title='bbox 1255 903 1463 968; x_wconf 79' lang='lat' dir='ltr'><strong>nuncupentur</strong></span> <span class='ocrx_word' id='word_1_101' title='bbox 1498 893 1633 961; x_wconf 79' lang='lat' dir='ltr'><strong>tenebrae,</strong></span> <span class='ocrx_word' id='word_1_102' title='bbox 1661 891 1734 963; x_wconf 92' lang='lat' dir='ltr'><strong>quod</strong></span> 
     </span>
    </p>
   </div>
   <div class='ocr_carea' id='block_1_4' title="bbox 72 983 1734 5224">
    <p class='ocr_par' dir='ltr' id='par_1_4' title="bbox 72 983 1734 1238">
     <span class='ocr_line' id='line_1_9' title="bbox 73 983 1734 1057; baseline -0.008 -11"><span class='ocrx_word' id='word_1_103' title='bbox 73 996 133 1046; x_wconf 92' lang='lat' dir='ltr'><strong>tam</strong></span> <span class='ocrx_word' id='word_1_104' title='bbox 146 987 304 1045; x_wconf 81' lang='lat' dir='ltr'><strong>manilestae</strong></span> <span class='ocrx_word' id='word_1_105' title='bbox 319 986 433 1044; x_wconf 91' lang='lat' dir='ltr'><strong>rationi.</strong></span> <span class='ocrx_word' id='word_1_106' title='bbox 453 987 545 1053; x_wconf 86' lang='lat' dir='ltr'><strong>Quam</strong></span> <span class='ocrx_word' id='word_1_107' title='bbox 568 986 699 1044; x_wconf 84' lang='lat' dir='ltr'><strong>videlicet</strong></span> <span class='ocrx_word' id='word_1_108' title='bbox 718 987 858 1044; x_wconf 89' lang='lat' dir='ltr'><strong>rationem</strong></span> <span class='ocrx_word' id='word_1_109' title='bbox 871 985 918 1057; x_wconf 80' lang='lat' dir='ltr'><strong>lita</strong></span> <span class='ocrx_word' id='word_1_110' title='bbox 970 989 1082 1048; x_wconf 75' lang='lat' dir='ltr'><strong>samoris</strong></span> <span class='ocrx_word' id='word_1_111' title='bbox 1105 987 1145 1046; x_wconf 82' lang='lat' dir='ltr'><strong>ibi</strong></span> <span class='ocrx_word' id='word_1_112' title='bbox 1168 986 1364 1045; x_wconf 83' lang='lat' dir='ltr'><strong>luminaribus</strong></span> <span class='ocrx_word' id='word_1_113' title='bbox 1400 997 1506 1041; x_wconf 81' lang='lat' dir='ltr'><strong>moeror</strong></span> <span class='ocrx_word' id='word_1_114' title='bbox 1539 983 1587 1040; x_wconf 82' lang='lat' dir='ltr'><strong>hio</strong></span> <span class='ocrx_word' id='word_1_115' title='bbox 1618 983 1734 1052; x_wconf 72' lang='lat' dir='ltr'><strong>exprim.</strong></span> 
     </span>
     <span class='ocr_line' id='line_1_10' title="bbox 72 1070 1734 1146; baseline -0.011 -1"><span class='ocrx_word' id='word_1_116' title='bbox 72 1091 125 1135; x_wconf 74' lang='lat' dir='ltr'><strong>VOS</strong></span> <span class='ocrx_word' id='word_1_117' title='bbox 138 1075 795 1146; x_wconf 58' lang='lat' dir='ltr'><strong>VidemusissSiSlelQellsseiVehemesslesessb</strong></span> <span class='ocrx_word' id='word_1_118' title='bbox 806 1081 916 1132; x_wconf 69' lang='grc'><strong>111001]-</strong></span> <span class='ocrx_word' id='word_1_119' title='bbox 971 1093 1030 1137; x_wconf 93' lang='lat' dir='ltr'><strong>non</strong></span> <span class='ocrx_word' id='word_1_120' title='bbox 1046 1076 1227 1134; x_wconf 85' lang='lat' dir='ltr'><strong>mediocriter</strong></span> <span class='ocrx_word' id='word_1_121' title='bbox 1241 1073 1407 1131; x_wconf 90' lang='lat' dir='ltr'><strong>mirandum</strong></span> <span class='ocrx_word' id='word_1_122' title='bbox 1419 1072 1535 1129; x_wconf 87' lang='lat' dir='ltr'><strong>videtur</strong></span> <span class='ocrx_word' id='word_1_123' title='bbox 1548 1071 1594 1128; x_wconf 88' lang='lat' dir='ltr'><strong>vol</strong></span> <span class='ocrx_word' id='word_1_124' title='bbox 1606 1070 1734 1128; x_wconf 86' lang='lat' dir='ltr'><strong>invitator</strong></span> 
     </span>
     <span class='ocr_line' id='line_1_11' title="bbox 72 1158 1710 1238; baseline -0.005 -15"><span class='ocrx_word' id='word_1_125' title='bbox 72 1173 118 1224; x_wconf 90' lang='lat' dir='ltr'><strong>tra</strong></span> <span class='ocrx_word' id='word_1_126' title='bbox 136 1165 266 1222; x_wconf 94' lang='lat' dir='ltr'><strong>omnium</strong></span> <span class='ocrx_word' id='word_1_127' title='bbox 282 1163 520 1222; x_wconf 86' lang='lat' dir='ltr'><strong>consuetudinem</strong></span> <span class='ocrx_word' id='word_1_128' title='bbox 541 1163 746 1233; x_wconf 89' lang='lat' dir='ltr'><strong>Ecclesiarnm,</strong></span> <span class='ocrx_word' id='word_1_129' title='bbox 761 1171 793 1221; x_wconf 94' lang='grc' dir='ltr'><strong>ιιι</strong></span> <span class='ocrx_word' id='word_1_130' title='bbox 812 1162 918 1221; x_wconf 84' lang='lat' dir='ltr'><strong>divinis</strong></span> <span class='ocrx_word' id='word_1_131' title='bbox 970 1167 1016 1226; x_wconf 69' lang='lat' dir='ltr'><strong>vel</strong></span> <span class='ocrx_word' id='word_1_132' title='bbox 1031 1168 1183 1238; x_wconf 80' lang='lat' dir='ltr'><strong>hymnum,</strong></span> <span class='ocrx_word' id='word_1_133' title='bbox 1208 1164 1253 1221; x_wconf 81' lang='lat' dir='ltr'><strong>vel</strong></span> <span class='ocrx_word' id='word_1_134' title='bbox 1276 1164 1381 1232; x_wconf 72' lang='lat' dir='ltr'><strong>daria,</strong></span> <span class='ocrx_word' id='word_1_135' title='bbox 1406 1176 1473 1234; x_wconf 86' lang='lat' dir='ltr'><strong>quae</strong></span> <span class='ocrx_word' id='word_1_136' title='bbox 1497 1161 1593 1231; x_wconf 85' lang='lat' dir='ltr'><strong>potius</strong></span> <span class='ocrx_word' id='word_1_137' title='bbox 1612 1158 1710 1232; x_wconf 88' lang='lat' dir='ltr'><strong>gaudii</strong></span> 
     </span>
    </p>

    <p class='ocr_par' dir='ltr' id='par_1_5' title="bbox 72 1247 1734 2474">
     <span class='ocr_line' id='line_1_12' title="bbox 72 1247 1734 1324; baseline -0.007 -12"><span class='ocrx_word' id='word_1_138' title='bbox 72 1254 181 1320; x_wconf 91' lang='lat' dir='ltr'><strong>oillciis,</strong></span> <span class='ocrx_word' id='word_1_139' title='bbox 196 1267 260 1312; x_wconf 88' lang='lat' dir='ltr'><strong>eam</strong></span> <span class='ocrx_word' id='word_1_140' title='bbox 276 1261 373 1310; x_wconf 91' lang='lat' dir='ltr'><strong>tenere</strong></span> <span class='ocrx_word' id='word_1_141' title='bbox 387 1265 421 1309; x_wconf 93' lang='lat' dir='ltr'><strong>ac</strong></span> <span class='ocrx_word' id='word_1_142' title='bbox 431 1251 582 1309; x_wconf 77' lang='lat' dir='ltr'><strong>defendere</strong></span> <span class='ocrx_word' id='word_1_143' title='bbox 591 1252 731 1309; x_wconf 89' lang='lat' dir='ltr'><strong>audeatis.</strong></span> <span class='ocrx_word' id='word_1_144' title='bbox 744 1251 801 1309; x_wconf 85' lang='lat' dir='ltr'><strong>Vos</strong></span> <span class='ocrx_word' id='word_1_145' title='bbox 811 1252 918 1324; x_wconf 87' lang='lat' dir='ltr'><strong>quippe</strong></span> <span class='ocrx_word' id='word_1_146' title='bbox 971 1263 1051 1321; x_wconf 90' lang='lat' dir='ltr'><strong>sunt,</strong></span> <span class='ocrx_word' id='word_1_147' title='bbox 1066 1254 1107 1312; x_wconf 92' lang='lat' dir='ltr'><strong>ibi</strong></span> <span class='ocrx_word' id='word_1_148' title='bbox 1127 1252 1283 1311; x_wconf 91' lang='lat' dir='ltr'><strong>decantari.</strong></span> <span class='ocrx_word' id='word_1_149' title='bbox 1312 1250 1382 1318; x_wconf 81' lang='lat' dir='ltr'><strong>Qua</strong></span> <span class='ocrx_word' id='word_1_150' title='bbox 1410 1250 1507 1306; x_wconf 91' lang='lat' dir='ltr'><strong>omnia</strong></span> <span class='ocrx_word' id='word_1_151' title='bbox 1532 1262 1600 1306; x_wconf 88' lang='lat' dir='ltr'><strong>cum</strong></span> <span class='ocrx_word' id='word_1_152' title='bbox 1629 1247 1734 1305; x_wconf 81' lang='lat' dir='ltr'><strong>omuihr</strong></span> 
     </span>
     <span class='ocr_line' id='line_1_13' title="bbox 72 1336 1734 1416; baseline -0.005 -16"><span class='ocrx_word' id='word_1_153' title='bbox 72 1343 156 1414; x_wconf 91' lang='lat' dir='ltr'><strong>quasi</strong></span> <span class='ocrx_word' id='word_1_154' title='bbox 171 1343 285 1399; x_wconf 92' lang='lat' dir='ltr'><strong>noviter</strong></span> <span class='ocrx_word' id='word_1_155' title='bbox 298 1340 401 1408; x_wconf 85' lang='lat' dir='ltr'><strong>exorti,</strong></span> <span class='ocrx_word' id='word_1_156' title='bbox 417 1353 450 1396; x_wconf 90' lang='lat' dir='ltr'><strong>ac</strong></span> <span class='ocrx_word' id='word_1_157' title='bbox 469 1339 504 1396; x_wconf 91' lang='lat' dir='ltr'><strong>de</strong></span> <span class='ocrx_word' id='word_1_158' title='bbox 524 1339 652 1397; x_wconf 87' lang='lat' dir='ltr'><strong>novitate</strong></span> <span class='ocrx_word' id='word_1_159' title='bbox 670 1338 829 1411; x_wconf 90' lang='lat' dir='ltr'><strong>plurimum</strong></span> <span class='ocrx_word' id='word_1_160' title='bbox 842 1354 918 1413; x_wconf 90' lang='lat' dir='ltr'><strong>gau·</strong></span> <span class='ocrx_word' id='word_1_161' title='bbox 971 1356 1108 1416; x_wconf 90' lang='lat' dir='ltr'><strong>maguam</strong></span> <span class='ocrx_word' id='word_1_162' title='bbox 1139 1340 1357 1398; x_wconf 84' lang='lat' dir='ltr'><strong>admirationem</strong></span> <span class='ocrx_word' id='word_1_163' title='bbox 1382 1337 1510 1406; x_wconf 89' lang='lat' dir='ltr'><strong>veniant,</strong></span> <span class='ocrx_word' id='word_1_164' title='bbox 1541 1351 1595 1394; x_wconf 88' lang='lat' dir='ltr'><strong>eur</strong></span> <span class='ocrx_word' id='word_1_165' title='bbox 1621 1336 1683 1394; x_wconf 86' lang='lat' dir='ltr'><strong>haec</strong></span> <span class='ocrx_word' id='word_1_166' title='bbox 1712 1349 1734 1392; x_wconf 80' lang='grc' dir='ltr'><strong>ιι</strong></span> 
     </span>
     <span class='ocr_line' id='line_1_14' title="bbox 72 1425 1733 1501; baseline -0.004 -13"><span class='ocrx_word' id='word_1_167' title='bbox 72 1430 181 1499; x_wconf 89' lang='lat' dir='ltr'><strong>dentes,</strong></span> <span class='ocrx_word' id='word_1_168' title='bbox 197 1436 301 1501; x_wconf 85' lang='lat' dir='ltr'><strong>praeter</strong></span> <span class='ocrx_word' id='word_1_169' title='bbox 323 1427 562 1486; x_wconf 90' lang='lat' dir='ltr'><strong>consuetudinem</strong></span> <span class='ocrx_word' id='word_1_170' title='bbox 590 1442 704 1486; x_wconf 89' lang='lat' dir='ltr'><strong>omnem</strong></span> <span class='ocrx_word' id='word_1_171' title='bbox 720 1435 778 1486; x_wconf 88' lang='lat' dir='ltr'><strong>tam</strong></span> <span class='ocrx_word' id='word_1_172' title='bbox 798 1427 919 1486; x_wconf 91' lang='lat' dir='ltr'><strong>clerico·</strong></span> <span class='ocrx_word' id='word_1_173' title='bbox 972 1431 1191 1489; x_wconf 81' lang='lat' dir='ltr'><strong>restranoritas</strong></span> <span class='ocrx_word' id='word_1_174' title='bbox 1204 1427 1294 1487; x_wconf 87' lang='lat' dir='ltr'><strong>iotius</strong></span> <span class='ocrx_word' id='word_1_175' title='bbox 1313 1427 1447 1485; x_wconf 74' lang='lat' dir='ltr'><strong>Ecclesia</strong></span> <span class='ocrx_word' id='word_1_176' title='bbox 1467 1425 1533 1483; x_wconf 92' lang='lat' dir='ltr'><strong>usui</strong></span> <span class='ocrx_word' id='word_1_177' title='bbox 1547 1425 1624 1497; x_wconf 91' lang='lat' dir='ltr'><strong>apud</strong></span> <span class='ocrx_word' id='word_1_178' title='bbox 1647 1437 1733 1495; x_wconf 85' lang='lat' dir='ltr'><strong>vosp</strong></span> 
     </span>
     <span class='ocr_line' id='line_1_15' title="bbox 73 1514 1724 1590; baseline -0.004 -15"><span class='ocrx_word' id='word_1_179' title='bbox 73 1533 139 1576; x_wconf 90' lang='lat' dir='ltr'><strong>rum</strong></span> <span class='ocrx_word' id='word_1_180' title='bbox 163 1531 252 1589; x_wconf 90' lang='lat' dir='ltr'><strong>quam</strong></span> <span class='ocrx_word' id='word_1_181' title='bbox 274 1517 482 1574; x_wconf 90' lang='lat' dir='ltr'><strong>monachornm</strong></span> <span class='ocrx_word' id='word_1_182' title='bbox 517 1514 603 1588; x_wconf 85' lang='lat' dir='ltr'><strong>longe</strong></span> <span class='ocrx_word' id='word_1_183' title='bbox 628 1524 695 1574; x_wconf 85' lang='lat' dir='ltr'><strong>ante</strong></span> <span class='ocrx_word' id='word_1_184' title='bbox 720 1516 859 1585; x_wconf 86' lang='lat' dir='ltr'><strong>habitam,</strong></span> <span class='ocrx_word' id='word_1_185' title='bbox 890 1523 919 1572; x_wconf 89' lang='lat' dir='ltr'><strong>et</strong></span> <span class='ocrx_word' id='word_1_186' title='bbox 973 1527 1065 1590; x_wconf 89' lang='lat' dir='ltr'><strong>ratur,</strong></span> <span class='ocrx_word' id='word_1_187' title='bbox 1087 1532 1140 1576; x_wconf 92' lang='lat' dir='ltr'><strong>nec</strong></span> <span class='ocrx_word' id='word_1_188' title='bbox 1162 1527 1259 1576; x_wconf 83' lang='lat' dir='ltr'><strong>lamen</strong></span> <span class='ocrx_word' id='word_1_189' title='bbox 1288 1517 1324 1574; x_wconf 91' lang='lat' dir='ltr'><strong>ab</strong></span> <span class='ocrx_word' id='word_1_190' title='bbox 1348 1515 1527 1572; x_wconf 92' lang='lat' dir='ltr'><strong>institutione</strong></span> <span class='ocrx_word' id='word_1_191' title='bbox 1549 1522 1644 1571; x_wconf 85' lang='lat' dir='ltr'><strong>vestra</strong></span> <span class='ocrx_word' id='word_1_192' title='bbox 1663 1514 1724 1570; x_wconf 92' lang='lat' dir='ltr'><strong>ideo</strong></span> 
     </span>
     <span class='ocr_line' id='line_1_16' title="bbox 73 1602 1734 1680; baseline -0.003 -18"><span class='ocrx_word' id='word_1_193' title='bbox 73 1620 153 1663; x_wconf 94' lang='lat' dir='ltr'><strong>nunc</strong></span> <span class='ocrx_word' id='word_1_194' title='bbox 174 1619 291 1676; x_wconf 89' lang='lat' dir='ltr'><strong>quoquc</strong></span> <span class='ocrx_word' id='word_1_195' title='bbox 319 1611 544 1676; x_wconf 85' lang='lat' dir='ltr'><strong>permanentem,</strong></span> <span class='ocrx_word' id='word_1_196' title='bbox 566 1604 648 1661; x_wconf 91' lang='lat' dir='ltr'><strong>novis</strong></span> <span class='ocrx_word' id='word_1_197' title='bbox 665 1603 842 1675; x_wconf 91' lang='lat' dir='ltr'><strong>quibusdam</strong></span> <span class='ocrx_word' id='word_1_198' title='bbox 868 1603 917 1661; x_wconf 89' lang='lat' dir='ltr'><strong>dc·</strong></span> <span class='ocrx_word' id='word_1_199' title='bbox 935 1625 956 1680; x_wconf 75' lang='lat' dir='ltr'><strong>g</strong></span> <span class='ocrx_word' id='word_1_200' title='bbox 973 1607 1050 1678; x_wconf 86' lang='lat' dir='ltr'><strong>ditis,</strong></span> <span class='ocrx_word' id='word_1_201' title='bbox 1066 1622 1119 1666; x_wconf 88' lang='lat' dir='ltr'><strong>nec</strong></span> <span class='ocrx_word' id='word_1_202' title='bbox 1138 1607 1209 1679; x_wconf 81' lang='lat' dir='ltr'><strong>quid</strong></span> <span class='ocrx_word' id='word_1_203' title='bbox 1232 1606 1280 1663; x_wconf 89' lang='lat' dir='ltr'><strong>alii</strong></span> <span class='ocrx_word' id='word_1_204' title='bbox 1301 1611 1485 1662; x_wconf 91' lang='lat' dir='ltr'><strong>murmurent</strong></span> <span class='ocrx_word' id='word_1_205' title='bbox 1500 1603 1619 1670; x_wconf 89' lang='lat' dir='ltr'><strong>curatis,</strong></span> <span class='ocrx_word' id='word_1_206' title='bbox 1637 1602 1734 1673; x_wconf 86' lang='lat' dir='ltr'><strong>quial</strong></span> 
     </span>
     <span class='ocr_line' id='line_1_17' title="bbox 72 1690 1734 1764; baseline -0.004 -13"><span class='ocrx_word' id='word_1_207' title='bbox 72 1693 158 1751; x_wconf 91' lang='lat' dir='ltr'><strong>eretis</strong></span> <span class='ocrx_word' id='word_1_208' title='bbox 172 1693 255 1750; x_wconf 88' lang='lat' dir='ltr'><strong>aliter</strong></span> <span class='ocrx_word' id='word_1_209' title='bbox 268 1694 346 1764; x_wconf 90' lang='lat' dir='ltr'><strong>apud</strong></span> <span class='ocrx_word' id='word_1_210' title='bbox 368 1706 421 1751; x_wconf 80' lang='lat' dir='ltr'><strong>ros</strong></span> <span class='ocrx_word' id='word_1_211' title='bbox 442 1693 578 1750; x_wconf 87' lang='lat' dir='ltr'><strong>divinum</strong></span> <span class='ocrx_word' id='word_1_212' title='bbox 605 1693 732 1750; x_wconf 90' lang='lat' dir='ltr'><strong>cilicium</strong></span> <span class='ocrx_word' id='word_1_213' title='bbox 756 1693 919 1751; x_wconf 84' lang='lat' dir='ltr'><strong>instituistis</strong></span> <span class='ocrx_word' id='word_1_214' title='bbox 972 1697 1147 1754; x_wconf 92' lang='lat' dir='ltr'><strong>ticnabiliter</strong></span> <span class='ocrx_word' id='word_1_215' title='bbox 1164 1708 1212 1751; x_wconf 84' lang='lat' dir='ltr'><strong>ros</strong></span> <span class='ocrx_word' id='word_1_216' title='bbox 1233 1692 1328 1750; x_wconf 83' lang='lat' dir='ltr'><strong>iacere</strong></span> <span class='ocrx_word' id='word_1_217' title='bbox 1348 1691 1502 1759; x_wconf 75' lang='lat' dir='ltr'><strong>confiditis,</strong></span> <span class='ocrx_word' id='word_1_218' title='bbox 1519 1706 1594 1762; x_wconf 93' lang='lat' dir='ltr'><strong>quos</strong></span> <span class='ocrx_word' id='word_1_219' title='bbox 1615 1690 1734 1747; x_wconf 88' lang='lat' dir='ltr'><strong>instituti</strong></span> 
     </span>
     <span class='ocr_line' id='line_1_18' title="bbox 73 1779 1717 1858; baseline -0.003 -19"><span class='ocrx_word' id='word_1_220' title='bbox 73 1783 144 1854; x_wconf 85' lang='lat' dir='ltr'><strong>agi:</strong></span> <span class='ocrx_word' id='word_1_221' title='bbox 168 1796 221 1839; x_wconf 86' lang='lat' dir='ltr'><strong>nec</strong></span> <span class='ocrx_word' id='word_1_222' title='bbox 243 1790 338 1839; x_wconf 90' lang='lat' dir='ltr'><strong>tamen</strong></span> <span class='ocrx_word' id='word_1_223' title='bbox 367 1783 434 1838; x_wconf 90' lang='lat' dir='ltr'><strong>inde</strong></span> <span class='ocrx_word' id='word_1_224' title='bbox 459 1795 511 1839; x_wconf 85' lang='lat' dir='ltr'><strong>ros</strong></span> <span class='ocrx_word' id='word_1_225' title='bbox 538 1780 716 1838; x_wconf 88' lang='lat' dir='ltr'><strong>accusandos</strong></span> <span class='ocrx_word' id='word_1_226' title='bbox 737 1781 866 1839; x_wconf 92' lang='lat' dir='ltr'><strong>censetis.</strong></span> <span class='ocrx_word' id='word_1_227' title='bbox 890 1782 918 1839; x_wconf 87' lang='lat' dir='ltr'><strong>Si</strong></span> <span class='ocrx_word' id='word_1_228' title='bbox 973 1784 1050 1858; x_wconf 80' lang='lat' dir='ltr'><strong>gulae</strong></span> <span class='ocrx_word' id='word_1_229' title='bbox 1064 1797 1174 1841; x_wconf 86' lang='lat' dir='ltr'><strong>norum</strong></span> <span class='ocrx_word' id='word_1_230' title='bbox 1189 1796 1263 1853; x_wconf 92' lang='lat' dir='ltr'><strong>opus</strong></span> <span class='ocrx_word' id='word_1_231' title='bbox 1287 1781 1321 1838; x_wconf 89' lang='lat' dir='ltr'><strong>dc</strong></span> <span class='ocrx_word' id='word_1_232' title='bbox 1347 1780 1435 1837; x_wconf 85' lang='lat' dir='ltr'><strong>veteri</strong></span> <span class='ocrx_word' id='word_1_233' title='bbox 1452 1780 1544 1836; x_wconf 85' lang='lat' dir='ltr'><strong>lacere</strong></span> <span class='ocrx_word' id='word_1_234' title='bbox 1564 1779 1717 1850; x_wconf 89' lang='lat' dir='ltr'><strong>compellit,</strong></span> 
     </span>
     <span class='ocr_line' id='line_1_19' title="bbox 73 1867 1732 1943; baseline -0.004 -14"><span class='ocrx_word' id='word_1_235' title='bbox 73 1872 135 1929; x_wconf 82' lang='lat' dir='ltr'><strong>haee</strong></span> <span class='ocrx_word' id='word_1_236' title='bbox 159 1878 254 1928; x_wconf 82' lang='lat' dir='ltr'><strong>vestra</strong></span> <span class='ocrx_word' id='word_1_237' title='bbox 274 1871 385 1928; x_wconf 86' lang='lat' dir='ltr'><strong>novitas</strong></span> <span class='ocrx_word' id='word_1_238' title='bbox 407 1879 456 1928; x_wconf 89' lang='lat' dir='ltr'><strong>ant</strong></span> <span class='ocrx_word' id='word_1_239' title='bbox 475 1870 662 1943; x_wconf 78' lang='lat' dir='ltr'><strong>singularitas</strong></span> <span class='ocrx_word' id='word_1_240' title='bbox 682 1871 718 1927; x_wconf 89' lang='lat' dir='ltr'><strong>ab</strong></span> <span class='ocrx_word' id='word_1_241' title='bbox 746 1871 919 1943; x_wconf 86' lang='lat' dir='ltr'><strong>antiquitate</strong></span> <span class='ocrx_word' id='word_1_242' title='bbox 973 1874 1008 1931; x_wconf 91' lang='lat' dir='ltr'><strong>dc</strong></span> <span class='ocrx_word' id='word_1_243' title='bbox 1020 1874 1170 1942; x_wconf 90' lang='lat' dir='ltr'><strong>semetipso</strong></span> <span class='ocrx_word' id='word_1_244' title='bbox 1186 1873 1376 1940; x_wconf 84' lang='lat' dir='ltr'><strong>Hieronymus</strong></span> <span class='ocrx_word' id='word_1_245' title='bbox 1389 1867 1529 1925; x_wconf 89' lang='lat' dir='ltr'><strong>meminit.</strong></span> <span class='ocrx_word' id='word_1_246' title='bbox 1543 1868 1606 1924; x_wconf 89' lang='lat' dir='ltr'><strong>Nou</strong></span> <span class='ocrx_word' id='word_1_247' title='bbox 1621 1867 1732 1924; x_wconf 88' lang='lat' dir='ltr'><strong>enimv</strong></span> 
     </span>
     <span class='ocr_line' id='line_1_20' title="bbox 73 1957 1734 2031; baseline -0.004 -14"><span class='ocrx_word' id='word_1_248' title='bbox 73 1959 187 2017; x_wconf 87' lang='lat' dir='ltr'><strong>recedat</strong></span> <span class='ocrx_word' id='word_1_249' title='bbox 213 1959 348 2028; x_wconf 89' lang='lat' dir='ltr'><strong>aliorum,</strong></span> <span class='ocrx_word' id='word_1_250' title='bbox 371 1973 461 2031; x_wconf 92' lang='lat' dir='ltr'><strong>quam</strong></span> <span class='ocrx_word' id='word_1_251' title='bbox 480 1958 583 2017; x_wconf 89' lang='lat' dir='ltr'><strong>rationi</strong></span> <span class='ocrx_word' id='word_1_252' title='bbox 603 1959 763 2030; x_wconf 89' lang='lat' dir='ltr'><strong>plurimum</strong></span> <span class='ocrx_word' id='word_1_253' title='bbox 777 1967 805 2018; x_wconf 91' lang='lat' dir='ltr'><strong>et</strong></span> <span class='ocrx_word' id='word_1_254' title='bbox 828 1959 919 2017; x_wconf 82' lang='grc' dir='ltr'>ιιιοιι</span> <span class='ocrx_word' id='word_1_255' title='bbox 973 1961 1124 2023; x_wconf 82' lang='lat' dir='ltr'><strong>novitates,</strong></span> <span class='ocrx_word' id='word_1_256' title='bbox 1148 1960 1197 2016; x_wconf 92' lang='lat' dir='ltr'><strong>sed</strong></span> <span class='ocrx_word' id='word_1_257' title='bbox 1216 1958 1353 2029; x_wconf 76' lang='lat' dir='ltr'><strong>profanas</strong></span> <span class='ocrx_word' id='word_1_258' title='bbox 1381 1964 1494 2014; x_wconf 80' lang='lat' dir='ltr'><strong>tansum</strong></span> <span class='ocrx_word' id='word_1_259' title='bbox 1517 1964 1544 2012; x_wconf 90' lang='lat' dir='ltr'><strong>et</strong></span> <span class='ocrx_word' id='word_1_260' title='bbox 1569 1957 1633 2012; x_wconf 84' lang='lat' dir='ltr'><strong>fidei</strong></span> <span class='ocrx_word' id='word_1_261' title='bbox 1660 1962 1734 2012; x_wconf 87' lang='lat' dir='ltr'><strong>contr</strong></span> 
     </span>
     <span class='ocr_line' id='line_1_21' title="bbox 74 2045 1734 2121; baseline -0.004 -16"><span class='ocrx_word' id='word_1_262' title='bbox 74 2048 182 2121; x_wconf 83' lang='lat' dir='ltr'><strong>regula</strong></span> <span class='ocrx_word' id='word_1_263' title='bbox 205 2047 319 2105; x_wconf 88' lang='lat' dir='ltr'><strong>creditis</strong></span> <span class='ocrx_word' id='word_1_264' title='bbox 351 2048 526 2106; x_wconf 89' lang='lat' dir='ltr'><strong>concordare</strong></span> <span class='ocrx_word' id='word_1_265' title='bbox 553 2064 560 2103; x_wconf 92' lang='lat'>:</span> <span class='ocrx_word' id='word_1_266' title='bbox 584 2061 636 2105; x_wconf 97' lang='grc' dir='ltr'><strong>ιιι</strong></span> <span class='ocrx_word' id='word_1_267' title='bbox 659 2050 768 2106; x_wconf 88' lang='lat' dir='ltr'><strong>curatis</strong></span> <span class='ocrx_word' id='word_1_268' title='bbox 795 2056 918 2119; x_wconf 87' lang='lat' dir='ltr'><strong>quama-</strong></span> <span class='ocrx_word' id='word_1_269' title='bbox 972 2049 1126 2120; x_wconf 82' lang='lat' dir='ltr'><strong>Apostolus</strong></span> <span class='ocrx_word' id='word_1_270' title='bbox 1146 2047 1299 2104; x_wconf 83' lang='lat' dir='ltr'><strong>interdicit.</strong></span> <span class='ocrx_word' id='word_1_271' title='bbox 1323 2046 1462 2116; x_wconf 76' lang='lat' dir='ltr'><strong>Alioquin</strong></span> <span class='ocrx_word' id='word_1_272' title='bbox 1492 2059 1598 2100; x_wconf 88' lang='lat' dir='ltr'><strong>novam</strong></span> <span class='ocrx_word' id='word_1_273' title='bbox 1616 2045 1704 2115; x_wconf 84' lang='lat' dir='ltr'><strong>legem</strong></span> <span class='ocrx_word' id='word_1_274' title='bbox 1729 2059 1734 2079; x_wconf 64' lang='grc' dir='ltr'><strong>ι</strong></span> 
     </span>
     <span class='ocr_line' id='line_1_22' title="bbox 73 2134 1734 2208; baseline -0.004 -14"><span class='ocrx_word' id='word_1_275' title='bbox 73 2151 190 2208; x_wconf 90' lang='lat' dir='ltr'><strong>cunque</strong></span> <span class='ocrx_word' id='word_1_276' title='bbox 209 2137 398 2194; x_wconf 88' lang='lat' dir='ltr'><strong>admiratione</strong></span> <span class='ocrx_word' id='word_1_277' title='bbox 416 2151 503 2208; x_wconf 84' lang='lat' dir='ltr'><strong>super</strong></span> <span class='ocrx_word' id='word_1_278' title='bbox 530 2138 584 2194; x_wconf 93' lang='lat' dir='ltr'><strong>hoo</strong></span> <span class='ocrx_word' id='word_1_279' title='bbox 614 2137 662 2194; x_wconf 88' lang='lat' dir='ltr'><strong>elii</strong></span> <span class='ocrx_word' id='word_1_280' title='bbox 682 2144 863 2205; x_wconf 85' lang='lat' dir='ltr'><strong>moveantur,</strong></span> <span class='ocrx_word' id='word_1_281' title='bbox 885 2150 919 2193; x_wconf 89' lang='lat' dir='ltr'><strong>ac</strong></span> <span class='ocrx_word' id='word_1_282' title='bbox 973 2152 1031 2195; x_wconf 92' lang='lat' dir='ltr'><strong>non</strong></span> <span class='ocrx_word' id='word_1_283' title='bbox 1047 2139 1257 2208; x_wconf 87' lang='lat' dir='ltr'><strong>praeierremus,</strong></span> <span class='ocrx_word' id='word_1_284' title='bbox 1270 2143 1297 2191; x_wconf 91' lang='lat' dir='ltr'><strong>et</strong></span> <span class='ocrx_word' id='word_1_285' title='bbox 1312 2142 1373 2206; x_wconf 91' lang='lat' dir='ltr'><strong>post</strong></span> <span class='ocrx_word' id='word_1_286' title='bbox 1388 2134 1541 2191; x_wconf 90' lang='lat' dir='ltr'><strong>canonicas</strong></span> <span class='ocrx_word' id='word_1_287' title='bbox 1555 2135 1734 2205; x_wconf 75' lang='lat' dir='ltr'><strong>scriptumst</strong></span> 
     </span>
     <span class='ocr_line' id='line_1_23' title="bbox 74 2224 1734 2296; baseline -0.004 -14"><span class='ocrx_word' id='word_1_288' title='bbox 74 2232 269 2293; x_wconf 88' lang='lat' dir='ltr'><strong>murmurent,</strong></span> <span class='ocrx_word' id='word_1_289' title='bbox 295 2225 450 2283; x_wconf 88' lang='lat' dir='ltr'><strong>dummodo</strong></span> <span class='ocrx_word' id='word_1_290' title='bbox 478 2233 591 2292; x_wconf 84' lang='lat' dir='ltr'><strong>vestrae,</strong></span> <span class='ocrx_word' id='word_1_291' title='bbox 615 2239 705 2296; x_wconf 92' lang='lat' dir='ltr'><strong>quam</strong></span> <span class='ocrx_word' id='word_1_292' title='bbox 730 2225 848 2296; x_wconf 88' lang='lat' dir='ltr'><strong>putatis,</strong></span> <span class='ocrx_word' id='word_1_293' title='bbox 868 2238 918 2281; x_wconf 91' lang='lat' dir='ltr'><strong>ra·</strong></span> <span class='ocrx_word' id='word_1_294' title='bbox 973 2226 1142 2284; x_wconf 82' lang='lat' dir='ltr'><strong>ildeiyerba</strong></span> <span class='ocrx_word' id='word_1_295' title='bbox 1166 2225 1325 2283; x_wconf 88' lang='lat' dir='ltr'><strong>necessario</strong></span> <span class='ocrx_word' id='word_1_296' title='bbox 1352 2225 1479 2289; x_wconf 87' lang='lat' dir='ltr'><strong>iuventa,</strong></span> <span class='ocrx_word' id='word_1_297' title='bbox 1505 2224 1704 2280; x_wconf 71' lang='lat' dir='ltr'><strong>hereticorum</strong></span> <span class='ocrx_word' id='word_1_298' title='bbox 1731 2237 1734 2276; x_wconf 87' lang='grc' dir='ltr'><strong>ι</strong></span> 
     </span>
     <span class='ocr_line' id='line_1_24' title="bbox 74 2311 1734 2387; baseline -0.002 -17"><span class='ocrx_word' id='word_1_299' title='bbox 74 2312 144 2370; x_wconf 90' lang='lat' dir='ltr'><strong>licui</strong></span> <span class='ocrx_word' id='word_1_300' title='bbox 172 2314 304 2383; x_wconf 88' lang='lat' dir='ltr'><strong>pareatis.</strong></span> <span class='ocrx_word' id='word_1_301' title='bbox 334 2315 463 2380; x_wconf 87' lang='lat' dir='ltr'><strong>Quorum</strong></span> <span class='ocrx_word' id='word_1_302' title='bbox 497 2321 530 2372; x_wconf 91' lang='lat' dir='ltr'><strong>ut</strong></span> <span class='ocrx_word' id='word_1_303' title='bbox 567 2326 661 2384; x_wconf 88' lang='lat' dir='ltr'><strong>pauca</strong></span> <span class='ocrx_word' id='word_1_304' title='bbox 688 2325 918 2381; x_wconf 89' lang='lat' dir='ltr'><strong>commemorem,</strong></span> <span class='ocrx_word' id='word_1_305' title='bbox 973 2329 1185 2387; x_wconf 87' lang='lat' dir='ltr'><strong>respueremus.</strong></span> <span class='ocrx_word' id='word_1_306' title='bbox 1201 2314 1245 2372; x_wconf 84' lang='lat' dir='ltr'><strong>lid</strong></span> <span class='ocrx_word' id='word_1_307' title='bbox 1267 2311 1734 2384; x_wconf 84' lang='lat' dir='ltr'><strong>conlutandamquippenovaml</strong></span> 
     </span>
     <span class='ocr_line' id='line_1_25' title="bbox 74 2392 1707 2474; baseline -0.002 -17"><span class='ocrx_word' id='word_1_308' title='bbox 74 2409 261 2472; x_wconf 88' lang='lat' dir='ltr'><strong>pacevestra,</strong></span> <span class='ocrx_word' id='word_1_309' title='bbox 286 2392 409 2472; x_wconf 87' lang='lat' dir='ltr'><strong>hymnos</strong></span> <span class='ocrx_word' id='word_1_310' title='bbox 436 2402 532 2459; x_wconf 89' lang='lat' dir='ltr'><strong>solitos</strong></span> <span class='ocrx_word' id='word_1_311' title='bbox 551 2401 708 2471; x_wconf 89' lang='lat' dir='ltr'><strong>respuistis,</strong></span> <span class='ocrx_word' id='word_1_312' title='bbox 723 2408 751 2458; x_wconf 91' lang='lat' dir='ltr'><strong>et</strong></span> <span class='ocrx_word' id='word_1_313' title='bbox 777 2401 918 2472; x_wconf 90' lang='lat' dir='ltr'><strong>quosdam</strong></span> <span class='ocrx_word' id='word_1_314' title='bbox 972 2403 1027 2460; x_wconf 92' lang='lat' dir='ltr'><strong>sim</strong></span> <span class='ocrx_word' id='word_1_315' title='bbox 1053 2418 1162 2460; x_wconf 83' lang='lat' dir='ltr'><strong>novum</strong></span> <span class='ocrx_word' id='word_1_316' title='bbox 1186 2403 1360 2460; x_wconf 89' lang='lat' dir='ltr'><strong>vocabulum</strong></span> <span class='ocrx_word' id='word_1_317' title='bbox 1394 2402 1533 2474; x_wconf 74' lang='lat' dir='ltr'><strong>opootoaoo</strong></span> <span class='ocrx_word' id='word_1_318' title='bbox 1562 2409 1707 2471; x_wconf 88' lang='lat' dir='ltr'><strong>repertum</strong></span> 
     </span>
    </p>

    <p class='ocr_par' dir='ltr' id='par_1_6' title="bbox 73 2489 1734 2918">
     <span class='ocr_line' id='line_1_26' title="bbox 74 2489 1734 2562; baseline -0.002 -15"><span class='ocrx_word' id='word_1_319' title='bbox 74 2489 152 2560; x_wconf 90' lang='lat' dir='ltr'><strong>apud</strong></span> <span class='ocrx_word' id='word_1_320' title='bbox 175 2505 228 2546; x_wconf 90' lang='lat' dir='ltr'><strong>nos</strong></span> <span class='ocrx_word' id='word_1_321' title='bbox 252 2491 407 2559; x_wconf 88' lang='lat' dir='ltr'><strong>inauditos,</strong></span> <span class='ocrx_word' id='word_1_322' title='bbox 423 2499 451 2548; x_wconf 92' lang='lat' dir='ltr'><strong>et</strong></span> <span class='ocrx_word' id='word_1_323' title='bbox 471 2490 529 2547; x_wconf 88' lang='lat' dir='ltr'><strong>iere</strong></span> <span class='ocrx_word' id='word_1_324' title='bbox 552 2489 687 2547; x_wconf 91' lang='lat' dir='ltr'><strong>omuibus</strong></span> <span class='ocrx_word' id='word_1_325' title='bbox 718 2489 851 2547; x_wconf 86' lang='lat' dir='ltr'><strong>Ecclesiis</strong></span> <span class='ocrx_word' id='word_1_326' title='bbox 878 2490 919 2548; x_wconf 91' lang='lat' dir='ltr'><strong>in·</strong></span> <span class='ocrx_word' id='word_1_327' title='bbox 973 2507 1028 2550; x_wconf 87' lang='lat' dir='ltr'><strong>noc</strong></span> <span class='ocrx_word' id='word_1_328' title='bbox 1041 2492 1096 2549; x_wconf 95' lang='lat' dir='ltr'><strong>hoc</strong></span> <span class='ocrx_word' id='word_1_329' title='bbox 1109 2505 1214 2549; x_wconf 89' lang='lat' dir='ltr'><strong>nomeu</strong></span> <span class='ocrx_word' id='word_1_330' title='bbox 1230 2494 1352 2547; x_wconf 67' lang='lat' dir='ltr'><strong>ibinilas</strong></span> <span class='ocrx_word' id='word_1_331' title='bbox 1366 2496 1392 2546; x_wconf 86' lang='grc' dir='ltr'><strong>ιι</strong></span> <span class='ocrx_word' id='word_1_332' title='bbox 1402 2506 1520 2562; x_wconf 75' lang='lat' dir='ltr'><strong>pacoro</strong></span> <span class='ocrx_word' id='word_1_333' title='bbox 1539 2489 1687 2546; x_wconf 90' lang='lat' dir='ltr'><strong>canonicis</strong></span> <span class='ocrx_word' id='word_1_334' title='bbox 1701 2502 1734 2544; x_wconf 89' lang='lat' dir='ltr'><strong>sc:</strong></span> 
     </span>
     <span class='ocr_line' id='line_1_27' title="bbox 74 2577 1729 2652; baseline -0.002 -16"><span class='ocrx_word' id='word_1_335' title='bbox 74 2579 213 2650; x_wconf 89' lang='lat' dir='ltr'><strong>cognitos,</strong></span> <span class='ocrx_word' id='word_1_336' title='bbox 242 2594 276 2636; x_wconf 91' lang='lat' dir='ltr'><strong>ao</strong></span> <span class='ocrx_word' id='word_1_337' title='bbox 295 2580 393 2637; x_wconf 91' lang='lat' dir='ltr'><strong>minus</strong></span> <span class='ocrx_word' id='word_1_338' title='bbox 411 2579 595 2649; x_wconf 81' lang='lat' dir='ltr'><strong>sufficientes,</strong></span> <span class='ocrx_word' id='word_1_339' title='bbox 612 2579 821 2638; x_wconf 84' lang='lat' dir='ltr'><strong>introduxistis.</strong></span> <span class='ocrx_word' id='word_1_340' title='bbox 838 2580 919 2638; x_wconf 92' lang='lat' dir='ltr'><strong>Unde</strong></span> <span class='ocrx_word' id='word_1_341' title='bbox 974 2582 1014 2640; x_wconf 91' lang='lat' dir='ltr'><strong>ris</strong></span> <span class='ocrx_word' id='word_1_342' title='bbox 1042 2583 1182 2639; x_wconf 88' lang='lat' dir='ltr'><strong>insertum</strong></span> <span class='ocrx_word' id='word_1_343' title='bbox 1207 2589 1259 2638; x_wconf 89' lang='lat' dir='ltr'><strong>est.</strong></span> <span class='ocrx_word' id='word_1_344' title='bbox 1292 2581 1422 2652; x_wconf 88' lang='lat' dir='ltr'><strong>Denique</strong></span> <span class='ocrx_word' id='word_1_345' title='bbox 1446 2579 1477 2635; x_wconf 94' lang='lat' dir='ltr'><strong>in</strong></span> <span class='ocrx_word' id='word_1_346' title='bbox 1499 2579 1606 2635; x_wconf 89' lang='lat' dir='ltr'><strong>divinis</strong></span> <span class='ocrx_word' id='word_1_347' title='bbox 1629 2577 1729 2634; x_wconf 85' lang='lat' dir='ltr'><strong>officiis</strong></span> 
     </span>
     <span class='ocr_line' id='line_1_28' title="bbox 73 2666 1734 2743; baseline -0.002 -17"><span class='ocrx_word' id='word_1_348' title='bbox 73 2676 102 2726; x_wconf 93' lang='lat' dir='ltr'><strong>et</strong></span> <span class='ocrx_word' id='word_1_349' title='bbox 116 2682 165 2739; x_wconf 91' lang='lat' dir='ltr'><strong>per</strong></span> <span class='ocrx_word' id='word_1_350' title='bbox 184 2676 275 2726; x_wconf 90' lang='lat' dir='ltr'><strong>toturn</strong></span> <span class='ocrx_word' id='word_1_351' title='bbox 290 2683 402 2726; x_wconf 92' lang='lat' dir='ltr'><strong>annum</strong></span> <span class='ocrx_word' id='word_1_352' title='bbox 426 2668 577 2740; x_wconf 90' lang='lat' dir='ltr'><strong>invigiliis</strong></span> <span class='ocrx_word' id='word_1_353' title='bbox 600 2677 659 2726; x_wconf 90' lang='lat' dir='ltr'><strong>tam</strong></span> <span class='ocrx_word' id='word_1_354' title='bbox 675 2668 813 2725; x_wconf 81' lang='lat' dir='ltr'><strong>feriarum</strong></span> <span class='ocrx_word' id='word_1_355' title='bbox 829 2682 919 2740; x_wconf 90' lang='lat' dir='ltr'><strong>quam</strong></span> <span class='ocrx_word' id='word_1_356' title='bbox 974 2673 1086 2743; x_wconf 85' lang='lat' dir='ltr'><strong>ignoret</strong></span> <span class='ocrx_word' id='word_1_357' title='bbox 1102 2671 1232 2728; x_wconf 86' lang='lat' dir='ltr'><strong>diversas</strong></span> <span class='ocrx_word' id='word_1_358' title='bbox 1252 2678 1280 2726; x_wconf 92' lang='lat' dir='ltr'><strong>et</strong></span> <span class='ocrx_word' id='word_1_359' title='bbox 1294 2671 1463 2726; x_wconf 89' lang='lat' dir='ltr'><strong>innumeras</strong></span> <span class='ocrx_word' id='word_1_360' title='bbox 1484 2666 1617 2725; x_wconf 72' lang='lat' dir='ltr'><strong>Ecclesiae</strong></span> <span class='ocrx_word' id='word_1_361' title='bbox 1638 2681 1734 2723; x_wconf 77' lang='lat' dir='ltr'><strong>consuo</strong></span> 
     </span>
     <span class='ocr_line' id='line_1_29' title="bbox 74 2756 1731 2829; baseline -0.001 -16"><span class='ocrx_word' id='word_1_362' title='bbox 74 2756 261 2815; x_wconf 87' lang='lat' dir='ltr'><strong>iestivilalum</strong></span> <span class='ocrx_word' id='word_1_363' title='bbox 286 2772 344 2815; x_wconf 94' lang='lat' dir='ltr'><strong>uno</strong></span> <span class='ocrx_word' id='word_1_364' title='bbox 374 2758 482 2829; x_wconf 86' lang='lat' dir='ltr'><strong>hymno</strong></span> <span class='ocrx_word' id='word_1_365' title='bbox 510 2765 538 2814; x_wconf 90' lang='grc' dir='ltr'><strong>ιι</strong></span> <span class='ocrx_word' id='word_1_366' title='bbox 564 2757 662 2814; x_wconf 90' lang='lat' dir='ltr'><strong>eodem</strong></span> <span class='ocrx_word' id='word_1_367' title='bbox 691 2758 814 2815; x_wconf 88' lang='lat' dir='ltr'><strong>conteuti</strong></span> <span class='ocrx_word' id='word_1_368' title='bbox 840 2757 917 2826; x_wconf 88' lang='lat' dir='ltr'><strong>estis,</strong></span> <span class='ocrx_word' id='word_1_369' title='bbox 975 2774 1025 2817; x_wconf 88' lang='lat' dir='ltr'><strong>nes</strong></span> <span class='ocrx_word' id='word_1_370' title='bbox 1040 2760 1114 2815; x_wconf 88' lang='lat' dir='ltr'><strong>inler</strong></span> <span class='ocrx_word' id='word_1_371' title='bbox 1130 2758 1307 2829; x_wconf 87' lang='lat' dir='ltr'><strong>ipsosetiarn</strong></span> <span class='ocrx_word' id='word_1_372' title='bbox 1328 2757 1470 2814; x_wconf 81' lang='lat' dir='ltr'><strong>clericos?</strong></span> <span class='ocrx_word' id='word_1_373' title='bbox 1495 2758 1653 2828; x_wconf 82' lang='lat' dir='ltr'><strong>Antiquam</strong></span> <span class='ocrx_word' id='word_1_374' title='bbox 1673 2761 1731 2812; x_wconf 90' lang='lat' dir='ltr'><strong>cert</strong></span> 
     </span>
     <span class='ocr_line' id='line_1_30' title="bbox 74 2845 1713 2918; baseline -0.001 -16"><span class='ocrx_word' id='word_1_375' title='bbox 74 2860 140 2903; x_wconf 90' lang='lat' dir='ltr'><strong>cum</strong></span> <span class='ocrx_word' id='word_1_376' title='bbox 160 2846 285 2904; x_wconf 84' lang='lat' dir='ltr'><strong>Ecclesia</strong></span> <span class='ocrx_word' id='word_1_377' title='bbox 306 2861 356 2918; x_wconf 93' lang='lat' dir='ltr'><strong>pro</strong></span> <span class='ocrx_word' id='word_1_378' title='bbox 380 2847 546 2903; x_wconf 87' lang='lat' dir='ltr'><strong>diversitate</strong></span> <span class='ocrx_word' id='word_1_379' title='bbox 561 2847 700 2903; x_wconf 79' lang='lat' dir='ltr'><strong>feriarum</strong></span> <span class='ocrx_word' id='word_1_380' title='bbox 717 2846 760 2903; x_wconf 92' lang='grc' dir='ltr'><strong>ιιι</strong></span> <span class='ocrx_word' id='word_1_381' title='bbox 782 2845 919 2904; x_wconf 82' lang='grc' dir='ltr'>ιιιιιιιιι-</span> <span class='ocrx_word' id='word_1_382' title='bbox 975 2862 1068 2904; x_wconf 85' lang='lat' dir='ltr'><strong>maaae</strong></span> <span class='ocrx_word' id='word_1_383' title='bbox 1087 2847 1162 2903; x_wconf 88' lang='lat' dir='ltr'><strong>sedis</strong></span> <span class='ocrx_word' id='word_1_384' title='bbox 1190 2845 1428 2903; x_wconf 91' lang='lat' dir='ltr'><strong>consuetudinem</strong></span> <span class='ocrx_word' id='word_1_385' title='bbox 1457 2860 1509 2902; x_wconf 92' lang='lat' dir='ltr'><strong>nec</strong></span> <span class='ocrx_word' id='word_1_386' title='bbox 1530 2846 1593 2916; x_wconf 89' lang='lat' dir='ltr'><strong>ipsa</strong></span> <span class='ocrx_word' id='word_1_387' title='bbox 1612 2845 1713 2901; x_wconf 84' lang='lat' dir='ltr'><strong>civitas</strong></span> 
     </span>
    </p>

    <p class='ocr_par' dir='ltr' id='par_1_7' title="bbox 72 2921 1734 5224">
     <span class='ocr_line' id='line_1_31' title="bbox 75 2921 1734 3007; baseline -0.001 -17"><span class='ocrx_word' id='word_1_388' title='bbox 75 2941 135 2990; x_wconf 88' lang='lat' dir='ltr'><strong>tum</strong></span> <span class='ocrx_word' id='word_1_389' title='bbox 160 2934 282 2992; x_wconf 86' lang='lat' dir='ltr'><strong>diversis</strong></span> <span class='ocrx_word' id='word_1_390' title='bbox 306 2941 407 2992; x_wconf 88' lang='lat' dir='ltr'><strong>utatur</strong></span> <span class='ocrx_word' id='word_1_391' title='bbox 426 2934 551 3006; x_wconf 86' lang='lat' dir='ltr'><strong>hymnis,</strong></span> <span class='ocrx_word' id='word_1_392' title='bbox 568 2934 643 2990; x_wconf 90' lang='lat' dir='ltr'><strong>sicut</strong></span> <span class='ocrx_word' id='word_1_393' title='bbox 665 2941 694 2991; x_wconf 90' lang='grc' dir='ltr'><strong>ιι</strong></span> <span class='ocrx_word' id='word_1_394' title='bbox 726 2933 853 3005; x_wconf 89' lang='lat' dir='ltr'><strong>psalmis,</strong></span> <span class='ocrx_word' id='word_1_395' title='bbox 875 2935 920 2992; x_wconf 84' lang='lat' dir='ltr'><strong>vel</strong></span> <span class='ocrx_word' id='word_1_396' title='bbox 937 2921 958 2975; x_wconf 72' lang='lat'>0</span> <span class='ocrx_word' id='word_1_397' title='bbox 975 2937 1024 2993; x_wconf 92' lang='lat' dir='ltr'><strong>sed</strong></span> <span class='ocrx_word' id='word_1_398' title='bbox 1038 2935 1099 2992; x_wconf 91' lang='lat' dir='ltr'><strong>sola</strong></span> <span class='ocrx_word' id='word_1_399' title='bbox 1117 2935 1246 2992; x_wconf 86' lang='lat' dir='ltr'><strong>Ecclesia</strong></span> <span class='ocrx_word' id='word_1_400' title='bbox 1264 2933 1473 3000; x_wconf 79' lang='lat' dir='ltr'><strong>lateranensis,</strong></span> <span class='ocrx_word' id='word_1_401' title='bbox 1497 2949 1563 3007; x_wconf 78' lang='lat' dir='ltr'><strong>quae</strong></span> <span class='ocrx_word' id='word_1_402' title='bbox 1588 2942 1679 2990; x_wconf 89' lang='lat' dir='ltr'><strong>mater</strong></span> <span class='ocrx_word' id='word_1_403' title='bbox 1698 2943 1734 2991; x_wconf 88' lang='lat' dir='ltr'><strong>est</strong></span> 
     </span>
     <span class='ocr_line' id='line_1_32' title="bbox 72 3021 1734 3097; baseline 0.001 -20"><span class='ocrx_word' id='word_1_404' title='bbox 72 3023 194 3090; x_wconf 74' lang='lat' dir='ltr'><strong>caeteris,</strong></span> <span class='ocrx_word' id='word_1_405' title='bbox 210 3036 276 3094; x_wconf 84' lang='lat' dir='ltr'><strong>quae</strong></span> <span class='ocrx_word' id='word_1_406' title='bbox 296 3021 341 3078; x_wconf 92' lang='lat' dir='ltr'><strong>his</strong></span> <span class='ocrx_word' id='word_1_407' title='bbox 356 3021 505 3093; x_wconf 86' lang='lat' dir='ltr'><strong>lpertiuere</strong></span> <span class='ocrx_word' id='word_1_408' title='bbox 519 3029 696 3079; x_wconf 88' lang='lat' dir='ltr'><strong>noscuntur:</strong></span> <span class='ocrx_word' id='word_1_409' title='bbox 714 3023 790 3093; x_wconf 93' lang='lat' dir='ltr'><strong>quod</strong></span> <span class='ocrx_word' id='word_1_410' title='bbox 815 3031 843 3081; x_wconf 91' lang='lat' dir='ltr'><strong>et</strong></span> <span class='ocrx_word' id='word_1_411' title='bbox 858 3036 920 3080; x_wconf 88' lang='lat' dir='ltr'><strong>rna·</strong></span> <span class='ocrx_word' id='word_1_412' title='bbox 975 3026 1067 3091; x_wconf 92' lang='lat' dir='ltr'><strong>nium,</strong></span> <span class='ocrx_word' id='word_1_413' title='bbox 1081 3025 1237 3097; x_wconf 90' lang='lat' dir='ltr'><strong>antiquum</strong></span> <span class='ocrx_word' id='word_1_414' title='bbox 1258 3031 1334 3081; x_wconf 89' lang='lat' dir='ltr'><strong>tenet</strong></span> <span class='ocrx_word' id='word_1_415' title='bbox 1357 3024 1496 3092; x_wconf 90' lang='lat' dir='ltr'><strong>cilicium,</strong></span> <span class='ocrx_word' id='word_1_416' title='bbox 1512 3025 1595 3081; x_wconf 90' lang='lat' dir='ltr'><strong>nulla</strong></span> <span class='ocrx_word' id='word_1_417' title='bbox 1611 3022 1734 3081; x_wconf 90' lang='lat' dir='ltr'><strong>illiarnm</strong></span> 
     </span>
     <span class='ocr_line' id='line_1_33' title="bbox 73 3108 1734 3184; baseline 0.001 -18"><span class='ocrx_word' id='word_1_418' title='bbox 73 3110 177 3167; x_wconf 88' lang='lat' dir='ltr'><strong>niiesta</strong></span> <span class='ocrx_word' id='word_1_419' title='bbox 195 3109 269 3167; x_wconf 88' lang='lat' dir='ltr'><strong>ratio</strong></span> <span class='ocrx_word' id='word_1_420' title='bbox 283 3108 384 3181; x_wconf 83' lang='lat' dir='ltr'><strong>exigit.</strong></span> <span class='ocrx_word' id='word_1_421' title='bbox 401 3110 482 3168; x_wconf 90' lang='lat' dir='ltr'><strong>Unde</strong></span> <span class='ocrx_word' id='word_1_422' title='bbox 498 3118 525 3167; x_wconf 91' lang='lat' dir='ltr'><strong>et</strong></span> <span class='ocrx_word' id='word_1_423' title='bbox 543 3111 595 3183; x_wconf 94' lang='lat' dir='ltr'><strong>qui</strong></span> <span class='ocrx_word' id='word_1_424' title='bbox 610 3125 661 3168; x_wconf 86' lang='lat' dir='ltr'><strong>vos</strong></span> <span class='ocrx_word' id='word_1_425' title='bbox 674 3110 720 3168; x_wconf 89' lang='lat' dir='ltr'><strong>die</strong></span> <span class='ocrx_word' id='word_1_426' title='bbox 733 3112 851 3180; x_wconf 85' lang='lat' dir='ltr'><strong>Natalis,</strong></span> <span class='ocrx_word' id='word_1_427' title='bbox 869 3126 920 3169; x_wconf 92' lang='lat' dir='ltr'><strong>seu</strong></span> <span class='ocrx_word' id='word_1_428' title='bbox 974 3128 1040 3171; x_wconf 94' lang='lat' dir='ltr'><strong>rum</strong></span> <span class='ocrx_word' id='word_1_429' title='bbox 1056 3113 1086 3169; x_wconf 91' lang='lat' dir='ltr'><strong>in</strong></span> <span class='ocrx_word' id='word_1_430' title='bbox 1102 3113 1154 3170; x_wconf 92' lang='lat' dir='ltr'><strong>hoo</strong></span> <span class='ocrx_word' id='word_1_431' title='bbox 1179 3127 1242 3170; x_wconf 89' lang='lat' dir='ltr'><strong>eam</strong></span> <span class='ocrx_word' id='word_1_432' title='bbox 1267 3119 1414 3184; x_wconf 90' lang='lat' dir='ltr'><strong>sequente,</strong></span> <span class='ocrx_word' id='word_1_433' title='bbox 1432 3127 1484 3170; x_wconf 92' lang='lat' dir='ltr'><strong>nec</strong></span> <span class='ocrx_word' id='word_1_434' title='bbox 1509 3113 1570 3183; x_wconf 91' lang='lat' dir='ltr'><strong>ipsa</strong></span> <span class='ocrx_word' id='word_1_435' title='bbox 1592 3114 1678 3169; x_wconf 89' lang='lat' dir='ltr'><strong>etiam</strong></span> <span class='ocrx_word' id='word_1_436' title='bbox 1699 3113 1734 3169; x_wconf 86' lang='lat' dir='ltr'><strong>Ro</strong></span> 
     </span>
     <span class='ocr_line' id='line_1_34' title="bbox 72 3197 1734 3271; baseline 0.002 -19"><span class='ocrx_word' id='word_1_437' title='bbox 72 3197 202 3265; x_wconf 79' lang='lat' dir='ltr'><strong>Paschae,</strong></span> <span class='ocrx_word' id='word_1_438' title='bbox 223 3198 269 3255; x_wconf 87' lang='grc' dir='ltr'><strong>ιιι</strong></span> <span class='ocrx_word' id='word_1_439' title='bbox 290 3198 480 3266; x_wconf 89' lang='lat' dir='ltr'><strong>Pentecostes,</strong></span> <span class='ocrx_word' id='word_1_440' title='bbox 499 3206 527 3257; x_wconf 91' lang='lat' dir='ltr'><strong>et</strong></span> <span class='ocrx_word' id='word_1_441' title='bbox 559 3200 670 3257; x_wconf 83' lang='lat' dir='ltr'><strong>caeteris</strong></span> <span class='ocrx_word' id='word_1_442' title='bbox 692 3200 921 3257; x_wconf 88' lang='lat' dir='ltr'><strong>solemnitatibus</strong></span> <span class='ocrx_word' id='word_1_443' title='bbox 976 3201 1074 3271; x_wconf 88' lang='lat' dir='ltr'><strong>palatii</strong></span> <span class='ocrx_word' id='word_1_444' title='bbox 1092 3201 1209 3258; x_wconf 90' lang='lat' dir='ltr'><strong>basilica</strong></span> <span class='ocrx_word' id='word_1_445' title='bbox 1235 3199 1451 3257; x_wconf 80' lang='lat' dir='ltr'><strong>Mediolanensis</strong></span> <span class='ocrx_word' id='word_1_446' title='bbox 1475 3200 1639 3271; x_wconf 88' lang='lat' dir='ltr'><strong>metropolis</strong></span> <span class='ocrx_word' id='word_1_447' title='bbox 1663 3200 1703 3256; x_wconf 88' lang='lat' dir='ltr'><strong>ita</strong></span> <span class='ocrx_word' id='word_1_448' title='bbox 1723 3199 1734 3255; x_wconf 92' lang='lat' dir='ltr'><strong>i</strong></span> 
     </span>
     <span class='ocr_line' id='line_1_35' title="bbox 73 3285 1734 3358; baseline 0.001 -17"><span class='ocrx_word' id='word_1_449' title='bbox 73 3285 218 3357; x_wconf 92' lang='lat' dir='ltr'><strong>hymnum</strong></span> <span class='ocrx_word' id='word_1_450' title='bbox 240 3300 352 3357; x_wconf 86' lang='lat' dir='ltr'><strong>semper</strong></span> <span class='ocrx_word' id='word_1_451' title='bbox 375 3287 509 3344; x_wconf 91' lang='lat' dir='ltr'><strong>eumdem</strong></span> <span class='ocrx_word' id='word_1_452' title='bbox 535 3287 687 3345; x_wconf 89' lang='lat' dir='ltr'><strong>decantare</strong></span> <span class='ocrx_word' id='word_1_453' title='bbox 709 3288 844 3358; x_wconf 85' lang='lat' dir='ltr'><strong>audiani,</strong></span> <span class='ocrx_word' id='word_1_454' title='bbox 861 3289 921 3346; x_wconf 86' lang='lat' dir='ltr'><strong>¹sci·</strong></span> <span class='ocrx_word' id='word_1_455' title='bbox 974 3289 1052 3347; x_wconf 90' lang='lat' dir='ltr'><strong>libus</strong></span> <span class='ocrx_word' id='word_1_456' title='bbox 1065 3290 1102 3347; x_wconf 93' lang='lat' dir='ltr'><strong>ab</strong></span> <span class='ocrx_word' id='word_1_457' title='bbox 1125 3290 1261 3347; x_wconf 91' lang='lat' dir='ltr'><strong>omnihus</strong></span> <span class='ocrx_word' id='word_1_458' title='bbox 1281 3289 1409 3355; x_wconf 89' lang='lat' dir='ltr'><strong>dissidet,</strong></span> <span class='ocrx_word' id='word_1_459' title='bbox 1426 3296 1458 3345; x_wconf 90' lang='lat' dir='ltr'><strong>ut</strong></span> <span class='ocrx_word' id='word_1_460' title='bbox 1478 3289 1558 3346; x_wconf 88' lang='lat' dir='ltr'><strong>nulla</strong></span> <span class='ocrx_word' id='word_1_461' title='bbox 1574 3291 1659 3345; x_wconf 91' lang='lat' dir='ltr'><strong>etiam</strong></span> <span class='ocrx_word' id='word_1_462' title='bbox 1679 3289 1734 3346; x_wconf 82' lang='lat' dir='ltr'><strong>sud</strong></span> 
     </span>
     <span class='ocr_line' id='line_1_36' title="bbox 74 3373 1734 3448; baseline 0.002 -17"><span class='ocrx_word' id='word_1_463' title='bbox 74 3373 149 3441; x_wconf 89' lang='lat' dir='ltr'><strong>licet,</strong></span> <span class='ocrx_word' id='word_1_464' title='bbox 172 3376 281 3430; x_wconf 66' lang='lat' dir='ltr'><strong>Elaeae</strong></span> <span class='ocrx_word' id='word_1_465' title='bbox 299 3390 391 3431; x_wconf 84' lang='lat' dir='ltr'><strong>reram</strong></span> <span class='ocrx_word' id='word_1_466' title='bbox 412 3376 544 3445; x_wconf 82' lang='lat' dir='ltr'><strong>conditor,</strong></span> <span class='ocrx_word' id='word_1_467' title='bbox 572 3390 686 3434; x_wconf 89' lang='lat' dir='ltr'><strong>summo</strong></span> <span class='ocrx_word' id='word_1_468' title='bbox 711 3385 828 3448; x_wconf 89' lang='lat' dir='ltr'><strong>stupore</strong></span> <span class='ocrx_word' id='word_1_469' title='bbox 850 3385 921 3435; x_wconf 86' lang='lat' dir='ltr'><strong>alto·</strong></span> <span class='ocrx_word' id='word_1_470' title='bbox 974 3393 1096 3437; x_wconf 90' lang='lat' dir='ltr'><strong>nearum</strong></span> <span class='ocrx_word' id='word_1_471' title='bbox 1117 3393 1240 3436; x_wconf 92' lang='lat' dir='ltr'><strong>suarum</strong></span> <span class='ocrx_word' id='word_1_472' title='bbox 1266 3377 1365 3434; x_wconf 93' lang='lat' dir='ltr'><strong>matris</strong></span> <span class='ocrx_word' id='word_1_473' title='bbox 1387 3376 1597 3434; x_wconf 89' lang='lat' dir='ltr'><strong>institutionem</strong></span> <span class='ocrx_word' id='word_1_474' title='bbox 1617 3378 1734 3434; x_wconf 84' lang='lat' dir='ltr'><strong>imitetur</strong></span> 
     </span>
     <span class='ocr_line' id='line_1_37' title="bbox 74 3461 1734 3540; baseline 0.002 -22"><span class='ocrx_word' id='word_1_475' title='bbox 74 3461 127 3518; x_wconf 93' lang='lat' dir='ltr'><strong>niti</strong></span> <span class='ocrx_word' id='word_1_476' title='bbox 148 3464 386 3535; x_wconf 64' lang='lat' dir='ltr'><strong>suspendentem</strong></span> <span class='ocrx_word' id='word_1_477' title='bbox 405 3478 458 3522; x_wconf 91' lang='lat' dir='ltr'><strong>nec</strong></span> <span class='ocrx_word' id='word_1_478' title='bbox 480 3473 539 3521; x_wconf 90' lang='lat' dir='ltr'><strong>tam</strong></span> <span class='ocrx_word' id='word_1_479' title='bbox 563 3464 753 3524; x_wconf 86' lang='lat' dir='ltr'><strong>admiratione</strong></span> <span class='ocrx_word' id='word_1_480' title='bbox 771 3479 861 3537; x_wconf 88' lang='lat' dir='ltr'><strong>qnam</strong></span> <span class='ocrx_word' id='word_1_481' title='bbox 875 3466 922 3522; x_wconf 83' lang='lat' dir='ltr'><strong>de</strong></span> <span class='ocrx_word' id='word_1_482' title='bbox 974 3475 1002 3525; x_wconf 92' lang='lat' dir='ltr'><strong>et</strong></span> <span class='ocrx_word' id='word_1_483' title='bbox 1016 3467 1218 3540; x_wconf 78' lang='lat' dir='ltr'><strong>Lugdunensis</strong></span> <span class='ocrx_word' id='word_1_484' title='bbox 1240 3467 1333 3539; x_wconf 90' lang='lat' dir='ltr'><strong>prima</strong></span> <span class='ocrx_word' id='word_1_485' title='bbox 1354 3466 1435 3522; x_wconf 89' lang='lat' dir='ltr'><strong>sedes</strong></span> <span class='ocrx_word' id='word_1_486' title='bbox 1456 3465 1612 3524; x_wconf 77' lang='lat' dir='ltr'><strong>Galliarum</strong></span> <span class='ocrx_word' id='word_1_487' title='bbox 1631 3467 1692 3523; x_wconf 89' lang='lat' dir='ltr'><strong>sula</strong></span> <span class='ocrx_word' id='word_1_488' title='bbox 1718 3467 1734 3523; x_wconf 87' lang='lat' dir='ltr'><strong>ir</strong></span> 
     </span>
     <span class='ocr_line' id='line_1_38' title="bbox 74 3552 1733 3627; baseline 0.003 -20"><span class='ocrx_word' id='word_1_489' title='bbox 74 3552 180 3609; x_wconf 89' lang='lat' dir='ltr'><strong>risione</strong></span> <span class='ocrx_word' id='word_1_490' title='bbox 203 3561 368 3612; x_wconf 85' lang='lat' dir='ltr'><strong>morentur.</strong></span> <span class='ocrx_word' id='word_1_491' title='bbox 391 3555 491 3611; x_wconf 88' lang='lat' dir='ltr'><strong>Preces</strong></span> <span class='ocrx_word' id='word_1_492' title='bbox 513 3569 578 3626; x_wconf 85' lang='lat' dir='ltr'><strong>quae</strong></span> <span class='ocrx_word' id='word_1_493' title='bbox 606 3562 668 3626; x_wconf 92' lang='lat' dir='ltr'><strong>post</strong></span> <span class='ocrx_word' id='word_1_494' title='bbox 683 3555 920 3625; x_wconf 89' lang='lat' dir='ltr'><strong>supplicationem</strong></span> <span class='ocrx_word' id='word_1_495' title='bbox 974 3557 1101 3627; x_wconf 91' lang='lat' dir='ltr'><strong>persistit</strong></span> <span class='ocrx_word' id='word_1_496' title='bbox 1121 3556 1223 3614; x_wconf 87' lang='lat' dir='ltr'><strong>oideio.</strong></span> <span class='ocrx_word' id='word_1_497' title='bbox 1237 3557 1272 3613; x_wconf 88' lang='lat' dir='ltr'><strong>Et</strong></span> <span class='ocrx_word' id='word_1_498' title='bbox 1293 3570 1361 3612; x_wconf 90' lang='lat' dir='ltr'><strong>cnm</strong></span> <span class='ocrx_word' id='word_1_499' title='bbox 1382 3562 1462 3612; x_wconf 91' lang='lat' dir='ltr'><strong>tanta</strong></span> <span class='ocrx_word' id='word_1_500' title='bbox 1486 3555 1516 3611; x_wconf 92' lang='lat' dir='ltr'><strong>in</strong></span> <span class='ocrx_word' id='word_1_501' title='bbox 1538 3554 1598 3611; x_wconf 90' lang='lat' dir='ltr'><strong>istis</strong></span> <span class='ocrx_word' id='word_1_502' title='bbox 1622 3555 1733 3612; x_wconf 86' lang='lat' dir='ltr'><strong>laetas</strong></span> 
     </span>
     <span class='ocr_line' id='line_1_39' title="bbox 74 3641 1729 3715; baseline 0.001 -19"><span class='ocrx_word' id='word_1_503' title='bbox 74 3647 102 3696; x_wconf 91' lang='lat' dir='ltr'><strong>et</strong></span> <span class='ocrx_word' id='word_1_504' title='bbox 125 3641 281 3699; x_wconf 91' lang='lat' dir='ltr'><strong>orationem</strong></span> <span class='ocrx_word' id='word_1_505' title='bbox 301 3643 481 3700; x_wconf 86' lang='lat' dir='ltr'><strong>Dominicam</strong></span> <span class='ocrx_word' id='word_1_506' title='bbox 504 3643 541 3700; x_wconf 90' lang='lat' dir='ltr'><strong>ab</strong></span> <span class='ocrx_word' id='word_1_507' title='bbox 564 3642 691 3700; x_wconf 88' lang='lat' dir='ltr'><strong>Ecclesia</strong></span> <span class='ocrx_word' id='word_1_508' title='bbox 712 3643 823 3715; x_wconf 90' lang='lat' dir='ltr'><strong>ubique</strong></span> <span class='ocrx_word' id='word_1_509' title='bbox 851 3645 921 3701; x_wconf 90' lang='lat' dir='ltr'><strong>cele·</strong></span> <span class='ocrx_word' id='word_1_510' title='bbox 974 3644 1061 3701; x_wconf 85' lang='lat' dir='ltr'><strong>rictas</strong></span> <span class='ocrx_word' id='word_1_511' title='bbox 1071 3644 1214 3715; x_wconf 88' lang='lat' dir='ltr'><strong>quidquid</strong></span> <span class='ocrx_word' id='word_1_512' title='bbox 1225 3659 1285 3702; x_wconf 93' lang='lat' dir='ltr'><strong>una</strong></span> <span class='ocrx_word' id='word_1_513' title='bbox 1301 3651 1363 3715; x_wconf 92' lang='lat' dir='ltr'><strong>post</strong></span> <span class='ocrx_word' id='word_1_514' title='bbox 1373 3644 1458 3700; x_wconf 90' lang='lat' dir='ltr'><strong>aliam</strong></span> <span class='ocrx_word' id='word_1_515' title='bbox 1473 3645 1585 3701; x_wconf 86' lang='lat' dir='ltr'><strong>noviler</strong></span> <span class='ocrx_word' id='word_1_516' title='bbox 1595 3642 1729 3710; x_wconf 80' lang='lat' dir='ltr'><strong>instituit,</strong></span> 
     </span>
     <span class='ocr_line' id='line_1_40' title="bbox 74 3725 1734 3804; baseline 0.002 -20"><span class='ocrx_word' id='word_1_517' title='bbox 74 3725 208 3798; x_wconf 87' lang='lat' dir='ltr'><strong>brantur,</strong></span> <span class='ocrx_word' id='word_1_518' title='bbox 228 3737 255 3787; x_wconf 91' lang='lat' dir='ltr'><strong>et</strong></span> <span class='ocrx_word' id='word_1_519' title='bbox 281 3744 315 3787; x_wconf 90' lang='lat' dir='ltr'><strong>ea</strong></span> <span class='ocrx_word' id='word_1_520' title='bbox 337 3745 403 3802; x_wconf 78' lang='lat' dir='ltr'><strong>quae</strong></span> <span class='ocrx_word' id='word_1_521' title='bbox 424 3732 564 3803; x_wconf 81' lang='lat' dir='ltr'><strong>sullragia</strong></span> <span class='ocrx_word' id='word_1_522' title='bbox 587 3739 752 3788; x_wconf 91' lang='lat' dir='ltr'><strong>sanctorum</strong></span> <span class='ocrx_word' id='word_1_523' title='bbox 772 3733 919 3800; x_wconf 90' lang='lat' dir='ltr'><strong>dicuntur,</strong></span> <span class='ocrx_word' id='word_1_524' title='bbox 974 3733 1156 3803; x_wconf 90' lang='lat' dir='ltr'><strong>reprehensio</strong></span> <span class='ocrx_word' id='word_1_525' title='bbox 1181 3734 1316 3790; x_wconf 86' lang='lat' dir='ltr'><strong>novitatis</strong></span> <span class='ocrx_word' id='word_1_526' title='bbox 1343 3733 1451 3802; x_wconf 89' lang='lat' dir='ltr'><strong>incidit,</strong></span> <span class='ocrx_word' id='word_1_527' title='bbox 1476 3733 1546 3804; x_wconf 90' lang='lat' dir='ltr'><strong>quia</strong></span> <span class='ocrx_word' id='word_1_528' title='bbox 1569 3732 1650 3789; x_wconf 91' lang='lat' dir='ltr'><strong>nulla</strong></span> <span class='ocrx_word' id='word_1_529' title='bbox 1670 3731 1734 3788; x_wconf 85' lang='lat' dir='ltr'><strong>ildei</strong></span> 
     </span>
     <span class='ocr_line' id='line_1_41' title="bbox 74 3817 1734 3892; baseline 0.002 -19"><span class='ocrx_word' id='word_1_530' title='bbox 74 3817 222 3875; x_wconf 90' lang='lat' dir='ltr'><strong>omninoa</strong></span> <span class='ocrx_word' id='word_1_531' title='bbox 241 3819 324 3876; x_wconf 82' lang='lat' dir='ltr'><strong>vobis</strong></span> <span class='ocrx_word' id='word_1_532' title='bbox 348 3819 409 3876; x_wconf 89' lang='lat' dir='ltr'><strong>lieri</strong></span> <span class='ocrx_word' id='word_1_533' title='bbox 431 3819 628 3885; x_wconf 83' lang='lat' dir='ltr'><strong>interdixistis,</strong></span> <span class='ocrx_word' id='word_1_534' title='bbox 649 3821 733 3891; x_wconf 91' lang='lat' dir='ltr'><strong>quasi</strong></span> <span class='ocrx_word' id='word_1_535' title='bbox 757 3820 801 3877; x_wconf 89' lang='lat' dir='ltr'><strong>rel</strong></span> <span class='ocrx_word' id='word_1_536' title='bbox 831 3821 920 3892; x_wconf 89' lang='lat' dir='ltr'><strong>preci·</strong></span> <span class='ocrx_word' id='word_1_537' title='bbox 974 3821 1107 3879; x_wconf 88' lang='lat' dir='ltr'><strong>trarietas</strong></span> <span class='ocrx_word' id='word_1_538' title='bbox 1130 3821 1193 3878; x_wconf 89' lang='lat' dir='ltr'><strong>luit.</strong></span> <span class='ocrx_word' id='word_1_539' title='bbox 1217 3821 1394 3879; x_wconf 86' lang='lat' dir='ltr'><strong>Nonnullam</strong></span> <span class='ocrx_word' id='word_1_540' title='bbox 1422 3821 1498 3877; x_wconf 90' lang='lat' dir='ltr'><strong>euim</strong></span> <span class='ocrx_word' id='word_1_541' title='bbox 1521 3821 1734 3878; x_wconf 89' lang='lat' dir='ltr'><strong>oblectationem</strong></span> 
     </span>
     <span class='ocr_line' id='line_1_42' title="bbox 74 3905 1734 3982; baseline 0.001 -20"><span class='ocrx_word' id='word_1_542' title='bbox 74 3905 129 3963; x_wconf 92' lang='lat' dir='ltr'><strong>bus</strong></span> <span class='ocrx_word' id='word_1_543' title='bbox 152 3907 255 3964; x_wconf 86' lang='lat' dir='ltr'><strong>vestris</strong></span> <span class='ocrx_word' id='word_1_544' title='bbox 279 3908 417 3975; x_wconf 91' lang='lat' dir='ltr'><strong>muudus,</strong></span> <span class='ocrx_word' id='word_1_545' title='bbox 441 3910 485 3965; x_wconf 89' lang='grc' dir='ltr'><strong>ιιι</strong></span> <span class='ocrx_word' id='word_1_546' title='bbox 507 3924 558 3967; x_wconf 82' lang='grc' dir='ltr'><strong>ιιι</strong></span> <span class='ocrx_word' id='word_1_547' title='bbox 581 3908 729 3981; x_wconf 86' lang='lat' dir='ltr'><strong>suliragiis</strong></span> <span class='ocrx_word' id='word_1_548' title='bbox 755 3917 921 3967; x_wconf 86' lang='lat' dir='ltr'><strong>sanctorum</strong></span> <span class='ocrx_word' id='word_1_549' title='bbox 975 3909 1066 3966; x_wconf 85' lang='lat' dir='ltr'><strong>divini</strong></span> <span class='ocrx_word' id='word_1_550' title='bbox 1080 3910 1176 3968; x_wconf 91' lang='lat' dir='ltr'><strong>cultus</strong></span> <span class='ocrx_word' id='word_1_551' title='bbox 1190 3912 1316 3967; x_wconf 76' lang='lat' dir='ltr'><strong>varietas</strong></span> <span class='ocrx_word' id='word_1_552' title='bbox 1333 3911 1430 3976; x_wconf 84' lang='lat' dir='ltr'><strong>habet,</strong></span> <span class='ocrx_word' id='word_1_553' title='bbox 1446 3910 1526 3982; x_wconf 92' lang='lat' dir='ltr'><strong>quia,</strong></span> <span class='ocrx_word' id='word_1_554' title='bbox 1543 3918 1575 3967; x_wconf 88' lang='grc' dir='ltr'><strong>ιι</strong></span> <span class='ocrx_word' id='word_1_555' title='bbox 1588 3910 1701 3967; x_wconf 82' lang='lat' dir='ltr'><strong>Tullius</strong></span> <span class='ocrx_word' id='word_1_556' title='bbox 1719 3923 1734 3964; x_wconf 94' lang='lat' dir='ltr'><strong>n</strong></span> 
     </span>
     <span class='ocr_line' id='line_1_43' title="bbox 75 3995 1734 4069; baseline 0.001 -17"><span class='ocrx_word' id='word_1_557' title='bbox 75 3995 172 4053; x_wconf 92' lang='lat' dir='ltr'><strong>minus</strong></span> <span class='ocrx_word' id='word_1_558' title='bbox 191 3997 307 4068; x_wconf 89' lang='lat' dir='ltr'><strong>egeatis.</strong></span> <span class='ocrx_word' id='word_1_559' title='bbox 332 3999 374 4066; x_wconf 90' lang='lat' dir='ltr'><strong>Et,</strong></span> <span class='ocrx_word' id='word_1_560' title='bbox 402 3999 480 4069; x_wconf 94' lang='lat' dir='ltr'><strong>quod</strong></span> <span class='ocrx_word' id='word_1_561' title='bbox 507 3998 637 4055; x_wconf 87' lang='lat' dir='ltr'><strong>mirabile</strong></span> <span class='ocrx_word' id='word_1_562' title='bbox 663 4006 714 4065; x_wconf 91' lang='lat' dir='ltr'><strong>est,</strong></span> <span class='ocrx_word' id='word_1_563' title='bbox 733 4013 800 4055; x_wconf 86' lang='lat' dir='ltr'><strong>curn</strong></span> <span class='ocrx_word' id='word_1_564' title='bbox 822 3999 920 4055; x_wconf 88' lang='lat' dir='ltr'><strong>omnia</strong></span> <span class='ocrx_word' id='word_1_565' title='bbox 975 3997 1028 4065; x_wconf 91' lang='lat' dir='ltr'><strong>nit,</strong></span> <span class='ocrx_word' id='word_1_566' title='bbox 1055 3999 1187 4056; x_wconf 89' lang='lat' dir='ltr'><strong>identitas</strong></span> <span class='ocrx_word' id='word_1_567' title='bbox 1203 3999 1232 4056; x_wconf 92' lang='lat' dir='ltr'><strong>in</strong></span> <span class='ocrx_word' id='word_1_568' title='bbox 1258 3999 1394 4056; x_wconf 90' lang='lat' dir='ltr'><strong>omnibus</strong></span> <span class='ocrx_word' id='word_1_569' title='bbox 1418 4007 1510 4055; x_wconf 90' lang='lat' dir='ltr'><strong>mater</strong></span> <span class='ocrx_word' id='word_1_570' title='bbox 1533 4007 1575 4056; x_wconf 92' lang='lat' dir='ltr'><strong>est</strong></span> <span class='ocrx_word' id='word_1_571' title='bbox 1601 3997 1734 4055; x_wconf 84' lang='lat' dir='ltr'><strong>satietatis</strong></span> 
     </span>
     <span class='ocr_line' id='line_1_44' title="bbox 74 4084 1734 4159; baseline 0.002 -20"><span class='ocrx_word' id='word_1_572' title='bbox 74 4084 199 4140; x_wconf 87' lang='lat' dir='ltr'><strong>oratoria</strong></span> <span class='ocrx_word' id='word_1_573' title='bbox 220 4094 316 4142; x_wconf 84' lang='lat' dir='ltr'><strong>vestra</strong></span> <span class='ocrx_word' id='word_1_574' title='bbox 338 4086 369 4142; x_wconf 92' lang='lat' dir='ltr'><strong>in</strong></span> <span class='ocrx_word' id='word_1_575' title='bbox 390 4086 527 4143; x_wconf 89' lang='lat' dir='ltr'><strong>memoria</strong></span> <span class='ocrx_word' id='word_1_576' title='bbox 551 4088 655 4143; x_wconf 91' lang='lat' dir='ltr'><strong>matris</strong></span> <span class='ocrx_word' id='word_1_577' title='bbox 679 4085 835 4143; x_wconf 77' lang='lat' dir='ltr'><strong>[lominica</strong></span> <span class='ocrx_word' id='word_1_578' title='bbox 853 4086 920 4143; x_wconf 91' lang='lat' dir='ltr'><strong>lun·</strong></span> <span class='ocrx_word' id='word_1_579' title='bbox 974 4099 1044 4158; x_wconf 92' lang='lat' dir='ltr'><strong>ergo</strong></span> <span class='ocrx_word' id='word_1_580' title='bbox 1058 4087 1187 4144; x_wconf 93' lang='lat' dir='ltr'><strong>omnium</strong></span> <span class='ocrx_word' id='word_1_581' title='bbox 1205 4087 1373 4159; x_wconf 85' lang='lat' dir='ltr'><strong>linguarum</strong></span> <span class='ocrx_word' id='word_1_582' title='bbox 1384 4087 1538 4158; x_wconf 85' lang='lat' dir='ltr'><strong>generibus</strong></span> <span class='ocrx_word' id='word_1_583' title='bbox 1554 4087 1734 4156; x_wconf 87' lang='lat' dir='ltr'><strong>praedioarir</strong></span> 
     </span>
     <span class='ocr_line' id='line_1_45' title="bbox 74 4172 1734 4262; baseline 0.002 -34"><span class='ocrx_word' id='word_1_584' title='bbox 74 4172 157 4241; x_wconf 77' lang='lat' dir='ltr'><strong>detiS,</strong></span> <span class='ocrx_word' id='word_1_585' title='bbox 191 4173 302 4230; x_wconf 91' lang='lat' dir='ltr'><strong>nullam</strong></span> <span class='ocrx_word' id='word_1_586' title='bbox 331 4174 395 4246; x_wconf 86' lang='lat' dir='ltr'><strong>ey&#39;ns</strong></span> <span class='ocrx_word' id='word_1_587' title='bbox 416 4175 724 4242; x_wconf 87' lang='lat' dir='ltr'><strong>commemorationem,</strong></span> <span class='ocrx_word' id='word_1_588' title='bbox 756 4175 831 4233; x_wconf 93' lang='lat' dir='ltr'><strong>sicut</strong></span> <span class='ocrx_word' id='word_1_589' title='bbox 866 4174 1034 4262; x_wconf 73' lang='lat' dir='ltr'><strong>necDipse</strong></span> <span class='ocrx_word' id='word_1_590' title='bbox 1067 4175 1187 4232; x_wconf 89' lang='lat' dir='ltr'><strong>diversis</strong></span> <span class='ocrx_word' id='word_1_591' title='bbox 1214 4174 1376 4233; x_wconf 90' lang='lat' dir='ltr'><strong>ciliciorum</strong></span> <span class='ocrx_word' id='word_1_592' title='bbox 1404 4175 1496 4231; x_wconf 92' lang='lat' dir='ltr'><strong>modis</strong></span> <span class='ocrx_word' id='word_1_593' title='bbox 1522 4176 1656 4234; x_wconf 80' lang='lat' dir='ltr'><strong>venerari</strong></span> <span class='ocrx_word' id='word_1_594' title='bbox 1683 4175 1734 4232; x_wconf 88' lang='lat' dir='ltr'><strong>deo</strong></span> 
     </span>
     <span class='ocr_line' id='line_1_46' title="bbox 75 4260 1720 4335; baseline 0.003 -19"><span class='ocrx_word' id='word_1_595' title='bbox 75 4268 246 4318; x_wconf 85' lang='lat' dir='ltr'><strong>caetemrum</strong></span> <span class='ocrx_word' id='word_1_596' title='bbox 272 4270 452 4329; x_wconf 89' lang='lat' dir='ltr'><strong>sanctorum,</strong></span> <span class='ocrx_word' id='word_1_597' title='bbox 477 4263 516 4320; x_wconf 89' lang='lat' dir='ltr'><strong>ibi</strong></span> <span class='ocrx_word' id='word_1_598' title='bbox 542 4262 740 4335; x_wconf 90' lang='lat' dir='ltr'><strong>lrequontatis.</strong></span> <span class='ocrx_word' id='word_1_599' title='bbox 764 4264 920 4321; x_wconf 87' lang='lat' dir='ltr'><strong>Processio-</strong></span> <span class='ocrx_word' id='word_1_600' title='bbox 976 4260 1029 4328; x_wconf 84' lang='lat' dir='ltr'><strong>Qui</strong></span> <span class='ocrx_word' id='word_1_601' title='bbox 1045 4263 1131 4320; x_wconf 88' lang='lat' dir='ltr'><strong>etiam</strong></span> <span class='ocrx_word' id='word_1_602' title='bbox 1153 4278 1220 4320; x_wconf 91' lang='lat' dir='ltr'><strong>oum</strong></span> <span class='ocrx_word' id='word_1_603' title='bbox 1240 4265 1399 4321; x_wconf 87' lang='lat' dir='ltr'><strong>orationem</strong></span> <span class='ocrx_word' id='word_1_604' title='bbox 1417 4264 1585 4334; x_wconf 80' lang='lat' dir='ltr'><strong>praedictam</strong></span> <span class='ocrx_word' id='word_1_605' title='bbox 1599 4264 1720 4321; x_wconf 83' lang='lat' dir='ltr'><strong>diversis</strong></span> 
     </span>
     <span class='ocr_line' id='line_1_47' title="bbox 75 4348 1734 4424; baseline 0.003 -21"><span class='ocrx_word' id='word_1_606' title='bbox 75 4361 146 4405; x_wconf 92' lang='lat' dir='ltr'><strong>num</strong></span> <span class='ocrx_word' id='word_1_607' title='bbox 168 4348 226 4406; x_wconf 80' lang='lat' dir='ltr'><strong>lere</strong></span> <span class='ocrx_word' id='word_1_608' title='bbox 247 4357 337 4408; x_wconf 91' lang='lat' dir='ltr'><strong>totam</strong></span> <span class='ocrx_word' id='word_1_609' title='bbox 359 4351 570 4408; x_wconf 88' lang='lat' dir='ltr'><strong>venerationem</strong></span> <span class='ocrx_word' id='word_1_610' title='bbox 594 4352 617 4424; x_wconf 71' lang='lat' dir='ltr'><strong>[a</strong></span> <span class='ocrx_word' id='word_1_611' title='bbox 642 4351 918 4411; x_wconf 78' lang='lat' dir='ltr'><strong>robisenclusistis.</strong></span> <span class='ocrx_word' id='word_1_612' title='bbox 978 4351 1105 4422; x_wconf 90' lang='lat' dir='ltr'><strong>posuerit</strong></span> <span class='ocrx_word' id='word_1_613' title='bbox 1123 4352 1222 4420; x_wconf 88' lang='lat' dir='ltr'><strong>modis,</strong></span> <span class='ocrx_word' id='word_1_614' title='bbox 1246 4359 1274 4410; x_wconf 92' lang='lat' dir='ltr'><strong>et</strong></span> <span class='ocrx_word' id='word_1_615' title='bbox 1301 4353 1331 4409; x_wconf 93' lang='lat' dir='ltr'><strong>in</strong></span> <span class='ocrx_word' id='word_1_616' title='bbox 1358 4367 1393 4410; x_wconf 94' lang='lat' dir='ltr'><strong>ea</strong></span> <span class='ocrx_word' id='word_1_617' title='bbox 1416 4361 1540 4424; x_wconf 91' lang='lat' dir='ltr'><strong>utroque</strong></span> <span class='ocrx_word' id='word_1_618' title='bbox 1566 4354 1649 4410; x_wconf 90' lang='lat' dir='ltr'><strong>modo</strong></span> <span class='ocrx_word' id='word_1_619' title='bbox 1679 4365 1734 4409; x_wconf 76' lang='lat' dir='ltr'><strong>orat</strong></span> 
     </span>
     <span class='ocr_line' id='line_1_48' title="bbox 74 4434 1732 4511; baseline 0.002 -19"><span class='ocrx_word' id='word_1_620' title='bbox 74 4434 196 4493; x_wconf 75' lang='lat' dir='ltr'><strong>Albinia</strong></span> <span class='ocrx_word' id='word_1_621' title='bbox 226 4452 279 4496; x_wconf 89' lang='lat' dir='ltr'><strong>nec</strong></span> <span class='ocrx_word' id='word_1_622' title='bbox 310 4438 340 4495; x_wconf 92' lang='grc' dir='ltr'><strong>ιι</strong></span> <span class='ocrx_word' id='word_1_623' title='bbox 369 4440 580 4511; x_wconf 88' lang='lat' dir='ltr'><strong>septuagesima</strong></span> <span class='ocrx_word' id='word_1_624' title='bbox 613 4441 759 4498; x_wconf 91' lang='lat' dir='ltr'><strong>communi</strong></span> <span class='ocrx_word' id='word_1_625' title='bbox 787 4439 920 4498; x_wconf 77' lang='lat' dir='ltr'><strong>Ecclesia</strong></span> <span class='ocrx_word' id='word_1_626' title='bbox 977 4439 1151 4509; x_wconf 76' lang='lat' dir='ltr'><strong>preceperit,</strong></span> <span class='ocrx_word' id='word_1_627' title='bbox 1175 4440 1319 4510; x_wconf 92' lang='lat' dir='ltr'><strong>quomodo</strong></span> <span class='ocrx_word' id='word_1_628' title='bbox 1338 4448 1513 4510; x_wconf 78' lang='lat' dir='ltr'><strong>praecepium</strong></span> <span class='ocrx_word' id='word_1_629' title='bbox 1540 4439 1604 4511; x_wconf 89' lang='lat' dir='ltr'><strong>ejus</strong></span> <span class='ocrx_word' id='word_1_630' title='bbox 1627 4437 1732 4508; x_wconf 89' lang='lat' dir='ltr'><strong>lmplcb</strong></span> 
     </span>
     <span class='ocr_line' id='line_1_49' title="bbox 75 4526 1720 4603; baseline 0 -21"><span class='ocrx_word' id='word_1_631' title='bbox 75 4539 154 4584; x_wconf 89' lang='lat' dir='ltr'><strong>more</strong></span> <span class='ocrx_word' id='word_1_632' title='bbox 168 4526 365 4597; x_wconf 79' lang='lat' dir='ltr'><strong>intermittitis,</strong></span> <span class='ocrx_word' id='word_1_633' title='bbox 382 4530 430 4586; x_wconf 92' lang='lat' dir='ltr'><strong>sed</strong></span> <span class='ocrx_word' id='word_1_634' title='bbox 451 4543 544 4600; x_wconf 91' lang='lat' dir='ltr'><strong>usque</strong></span> <span class='ocrx_word' id='word_1_635' title='bbox 561 4529 591 4585; x_wconf 94' lang='lat' dir='ltr'><strong>in</strong></span> <span class='ocrx_word' id='word_1_636' title='bbox 606 4530 860 4603; x_wconf 78' lang='lat' dir='ltr'><strong>quadragesimam</strong></span> <span class='ocrx_word' id='word_1_637' title='bbox 878 4544 921 4588; x_wconf 90' lang='lat' dir='ltr'><strong>re·</strong></span> <span class='ocrx_word' id='word_1_638' title='bbox 976 4528 1131 4585; x_wconf 85' lang='lat' dir='ltr'><strong>sirerbnm</strong></span> <span class='ocrx_word' id='word_1_639' title='bbox 1145 4528 1261 4599; x_wconf 90' lang='lat' dir='ltr'><strong>aliquod</strong></span> <span class='ocrx_word' id='word_1_640' title='bbox 1278 4528 1448 4598; x_wconf 85' lang='lat' dir='ltr'><strong>subtrahere</strong></span> <span class='ocrx_word' id='word_1_641' title='bbox 1464 4529 1677 4598; x_wconf 74' lang='lat' dir='ltr'><strong>presumimus,</strong></span> <span class='ocrx_word' id='word_1_642' title='bbox 1692 4533 1720 4583; x_wconf 90' lang='lat' dir='ltr'><strong>et</strong></span> 
     </span>
     <span class='ocr_line' id='line_1_50' title="bbox 74 4615 1734 4691; baseline -0.002 -17"><span class='ocrx_word' id='word_1_643' title='bbox 74 4615 179 4674; x_wconf 88' lang='lat' dir='ltr'><strong>tinctis.</strong></span> <span class='ocrx_word' id='word_1_644' title='bbox 204 4616 382 4687; x_wconf 88' lang='lat' dir='ltr'><strong>Symbolum,</strong></span> <span class='ocrx_word' id='word_1_645' title='bbox 398 4618 475 4689; x_wconf 94' lang='lat' dir='ltr'><strong>quod</strong></span> <span class='ocrx_word' id='word_1_646' title='bbox 495 4619 602 4675; x_wconf 88' lang='lat' dir='ltr'><strong>dicitur</strong></span> <span class='ocrx_word' id='word_1_647' title='bbox 615 4619 821 4690; x_wconf 87' lang='lat' dir='ltr'><strong>apostolorum,</strong></span> <span class='ocrx_word' id='word_1_648' title='bbox 842 4619 920 4691; x_wconf 90' lang='lat' dir='ltr'><strong>quod</strong></span> <span class='ocrx_word' id='word_1_649' title='bbox 977 4630 1066 4688; x_wconf 90' lang='lat' dir='ltr'><strong>quam</strong></span> <span class='ocrx_word' id='word_1_650' title='bbox 1083 4630 1146 4673; x_wconf 85' lang='lat' dir='ltr'><strong>eam</strong></span> <span class='ocrx_word' id='word_1_651' title='bbox 1166 4631 1199 4674; x_wconf 90' lang='lat' dir='ltr'><strong>eo</strong></span> <span class='ocrx_word' id='word_1_652' title='bbox 1223 4617 1319 4684; x_wconf 89' lang='lat' dir='ltr'><strong>modo,</strong></span> <span class='ocrx_word' id='word_1_653' title='bbox 1336 4632 1393 4688; x_wconf 91' lang='lat' dir='ltr'><strong>quo</strong></span> <span class='ocrx_word' id='word_1_654' title='bbox 1415 4618 1505 4688; x_wconf 88' lang='lat' dir='ltr'><strong>ipsam</strong></span> <span class='ocrx_word' id='word_1_655' title='bbox 1523 4617 1598 4673; x_wconf 82' lang='lat' dir='ltr'><strong>dixit</strong></span> <span class='ocrx_word' id='word_1_656' title='bbox 1619 4616 1734 4687; x_wconf 80' lang='lat' dir='ltr'><strong>prolem:</strong></span> 
     </span>
     <span class='ocr_line' id='line_1_51' title="bbox 74 4705 1734 4779; baseline -0.001 -18"><span class='ocrx_word' id='word_1_657' title='bbox 74 4711 166 4762; x_wconf 88' lang='lat' dir='ltr'><strong>tama</strong></span> <span class='ocrx_word' id='word_1_658' title='bbox 192 4705 304 4763; x_wconf 86' lang='lat' dir='ltr'><strong>clericis</strong></span> <span class='ocrx_word' id='word_1_659' title='bbox 323 4721 411 4778; x_wconf 87' lang='lat' dir='ltr'><strong>quarn</strong></span> <span class='ocrx_word' id='word_1_660' title='bbox 435 4721 453 4764; x_wconf 89' lang='lat' dir='ltr'><strong>a</strong></span> <span class='ocrx_word' id='word_1_661' title='bbox 477 4708 624 4764; x_wconf 90' lang='lat' dir='ltr'><strong>monachis</strong></span> <span class='ocrx_word' id='word_1_662' title='bbox 645 4709 675 4765; x_wconf 95' lang='lat' dir='ltr'><strong>in</strong></span> <span class='ocrx_word' id='word_1_663' title='bbox 700 4708 793 4779; x_wconf 85' lang='lat' dir='ltr'><strong>prinu</strong></span> <span class='ocrx_word' id='word_1_664' title='bbox 814 4709 921 4779; x_wconf 90' lang='lat' dir='ltr'><strong>pariter</strong></span> <span class='ocrx_word' id='word_1_665' title='bbox 977 4705 1117 4775; x_wconf 89' lang='lat' dir='ltr'><strong>Denique,</strong></span> <span class='ocrx_word' id='word_1_666' title='bbox 1145 4711 1177 4762; x_wconf 92' lang='grc' dir='ltr'><strong>ιιι</strong></span> <span class='ocrx_word' id='word_1_667' title='bbox 1199 4705 1333 4763; x_wconf 90' lang='lat' dir='ltr'><strong>omnibus</strong></span> <span class='ocrx_word' id='word_1_668' title='bbox 1355 4706 1540 4772; x_wconf 88' lang='lat' dir='ltr'><strong>satislaciam,</strong></span> <span class='ocrx_word' id='word_1_669' title='bbox 1567 4719 1648 4762; x_wconf 92' lang='lat' dir='ltr'><strong>nuuc</strong></span> <span class='ocrx_word' id='word_1_670' title='bbox 1669 4705 1734 4761; x_wconf 89' lang='lat' dir='ltr'><strong>etiar</strong></span> 
     </span>
     <span class='ocr_line' id='line_1_52' title="bbox 74 4794 1734 4868; baseline 0 -18"><span class='ocrx_word' id='word_1_671' title='bbox 74 4806 109 4850; x_wconf 88' lang='lat' dir='ltr'><strong>ac</strong></span> <span class='ocrx_word' id='word_1_672' title='bbox 128 4795 315 4865; x_wconf 89' lang='lat' dir='ltr'><strong>completorio</strong></span> <span class='ocrx_word' id='word_1_673' title='bbox 336 4811 373 4853; x_wconf 88' lang='grc' dir='ltr'><strong>ιιι</strong></span> <span class='ocrx_word' id='word_1_674' title='bbox 397 4797 517 4868; x_wconf 91' lang='lat' dir='ltr'><strong>antiquo</strong></span> <span class='ocrx_word' id='word_1_675' title='bbox 544 4797 757 4868; x_wconf 88' lang='lat' dir='ltr'><strong>ircqnentatur,</strong></span> <span class='ocrx_word' id='word_1_676' title='bbox 786 4805 920 4854; x_wconf 83' lang='lat' dir='ltr'><strong>svestra</strong></span> <span class='ocrx_word' id='word_1_677' title='bbox 976 4794 1110 4864; x_wconf 91' lang='lat' dir='ltr'><strong>superius</strong></span> <span class='ocrx_word' id='word_1_678' title='bbox 1133 4794 1205 4862; x_wconf 91' lang='lat' dir='ltr'><strong>dico,</strong></span> <span class='ocrx_word' id='word_1_679' title='bbox 1227 4795 1355 4851; x_wconf 84' lang='lat' dir='ltr'><strong>abundet</strong></span> <span class='ocrx_word' id='word_1_680' title='bbox 1369 4794 1584 4865; x_wconf 78' lang='lat' dir='ltr'><strong>:unusquisque</strong></span> <span class='ocrx_word' id='word_1_681' title='bbox 1603 4794 1632 4849; x_wconf 96' lang='lat' dir='ltr'><strong>in</strong></span> <span class='ocrx_word' id='word_1_682' title='bbox 1659 4808 1734 4850; x_wconf 85' lang='lat' dir='ltr'><strong>suos</strong></span> 
     </span>
     <span class='ocr_line' id='line_1_53' title="bbox 74 4882 1734 4957; baseline 0.001 -20"><span class='ocrx_word' id='word_1_683' title='bbox 74 4889 216 4940; x_wconf 79' lang='lat' dir='ltr'><strong>remorum</strong></span> <span class='ocrx_word' id='word_1_684' title='bbox 243 4892 285 4941; x_wconf 94' lang='lat' dir='ltr'><strong>est</strong></span> <span class='ocrx_word' id='word_1_685' title='bbox 313 4885 533 4952; x_wconf 91' lang='lat' dir='ltr'><strong>consuetudine,</strong></span> <span class='ocrx_word' id='word_1_686' title='bbox 560 4886 612 4957; x_wconf 93' lang='lat' dir='ltr'><strong>qui</strong></span> <span class='ocrx_word' id='word_1_687' title='bbox 636 4892 732 4943; x_wconf 91' lang='lat' dir='ltr'><strong>tamen</strong></span> <span class='ocrx_word' id='word_1_688' title='bbox 756 4884 921 4955; x_wconf 91' lang='lat' dir='ltr'><strong>symbolum</strong></span> <span class='ocrx_word' id='word_1_689' title='bbox 976 4883 1129 4939; x_wconf 90' lang='lat' dir='ltr'><strong>dicateam</strong></span> <span class='ocrx_word' id='word_1_690' title='bbox 1149 4883 1294 4954; x_wconf 84' lang='lat' dir='ltr'><strong>quomodo</strong></span> <span class='ocrx_word' id='word_1_691' title='bbox 1318 4883 1449 4941; x_wconf 87' lang='lat' dir='ltr'><strong>voluerit.</strong></span> <span class='ocrx_word' id='word_1_692' title='bbox 1478 4883 1589 4940; x_wconf 84' lang='lat' dir='ltr'><strong>Nemini</strong></span> <span class='ocrx_word' id='word_1_693' title='bbox 1613 4882 1734 4954; x_wconf 90' lang='lat' dir='ltr'><strong>persuad</strong></span> 
     </span>
     <span class='ocr_line' id='line_1_54' title="bbox 74 4968 1729 5044; baseline 0.001 -18"><span class='ocrx_word' id='word_1_694' title='bbox 74 4968 225 5027; x_wconf 69' lang='lat' dir='ltr'><strong>Athanasii</strong></span> <span class='ocrx_word' id='word_1_695' title='bbox 250 4972 350 5031; x_wconf 92' lang='lat' dir='ltr'><strong>diebus</strong></span> <span class='ocrx_word' id='word_1_696' title='bbox 377 4981 490 5033; x_wconf 88' lang='lat' dir='ltr'><strong>tantum</strong></span> <span class='ocrx_word' id='word_1_697' title='bbox 516 4973 672 5032; x_wconf 83' lang='lat' dir='ltr'><strong>Dominicis</strong></span> <span class='ocrx_word' id='word_1_698' title='bbox 693 4972 921 5031; x_wconf 77' lang='lat' dir='ltr'><strong>recitaredecre</strong></span> <span class='ocrx_word' id='word_1_699' title='bbox 977 4986 1022 5028; x_wconf 91' lang='lat' dir='ltr'><strong>me</strong></span> <span class='ocrx_word' id='word_1_700' title='bbox 1046 4971 1076 5027; x_wconf 94' lang='lat' dir='ltr'><strong>in</strong></span> <span class='ocrx_word' id='word_1_701' title='bbox 1109 4971 1163 5028; x_wconf 90' lang='lat' dir='ltr'><strong>hoc</strong></span> <span class='ocrx_word' id='word_1_702' title='bbox 1191 4981 1341 5044; x_wconf 88' lang='lat' dir='ltr'><strong>sequatur,</strong></span> <span class='ocrx_word' id='word_1_703' title='bbox 1384 4972 1475 5030; x_wconf 87' lang='lat' dir='ltr'><strong>variet</strong></span> <span class='ocrx_word' id='word_1_704' title='bbox 1507 4972 1597 5029; x_wconf 89' lang='lat' dir='ltr'><strong>rerba</strong></span> <span class='ocrx_word' id='word_1_705' title='bbox 1623 4972 1729 5030; x_wconf 81' lang='lat' dir='ltr'><strong>Christi</strong></span> 
     </span>
     <span class='ocr_line' id='line_1_55' title="bbox 74 5055 1734 5135; baseline -0.001 -21"><span class='ocrx_word' id='word_1_706' title='bbox 74 5055 167 5114; x_wconf 83' lang='lat' dir='ltr'><strong>vistis.</strong></span> <span class='ocrx_word' id='word_1_707' title='bbox 190 5060 289 5117; x_wconf 82' lang='lat' dir='ltr'><strong>Gloria</strong></span> <span class='ocrx_word' id='word_1_708' title='bbox 313 5077 380 5120; x_wconf 92' lang='lat' dir='ltr'><strong>oum</strong></span> <span class='ocrx_word' id='word_1_709' title='bbox 403 5063 589 5135; x_wconf 89' lang='lat' dir='ltr'><strong>responsoriis</strong></span> <span class='ocrx_word' id='word_1_710' title='bbox 613 5062 781 5134; x_wconf 83' lang='lat' dir='ltr'><strong>vigiliarum</strong></span> <span class='ocrx_word' id='word_1_711' title='bbox 806 5068 921 5119; x_wconf 84' lang='lat' dir='ltr'><strong>lautum</strong></span> <span class='ocrx_word' id='word_1_712' title='bbox 976 5059 1109 5118; x_wconf 79' lang='lat' dir='ltr'><strong>uoluerit.</strong></span> <span class='ocrx_word' id='word_1_713' title='bbox 1132 5061 1194 5133; x_wconf 88' lang='lat' dir='ltr'><strong>Ego</strong></span> <span class='ocrx_word' id='word_1_714' title='bbox 1210 5070 1305 5120; x_wconf 87' lang='lat' dir='ltr'><strong>autem</strong></span> <span class='ocrx_word' id='word_1_715' title='bbox 1320 5062 1361 5120; x_wconf 90' lang='lat' dir='ltr'><strong>sio</strong></span> <span class='ocrx_word' id='word_1_716' title='bbox 1383 5062 1433 5118; x_wconf 89' lang='lat' dir='ltr'><strong>illa</strong></span> <span class='ocrx_word' id='word_1_717' title='bbox 1447 5060 1522 5119; x_wconf 89' lang='lat' dir='ltr'><strong>sicul</strong></span> <span class='ocrx_word' id='word_1_718' title='bbox 1535 5068 1564 5118; x_wconf 88' lang='lat' dir='ltr'><strong>et</strong></span> <span class='ocrx_word' id='word_1_719' title='bbox 1585 5075 1734 5125; x_wconf 53' lang='lat' dir='ltr'><strong>sensum„</strong></span> 
     </span>
     <span class='ocr_line' id='line_1_56' title="bbox 75 5143 1602 5224; baseline 0.005 -23"><span class='ocrx_word' id='word_1_720' title='bbox 75 5143 232 5204; x_wconf 89' lang='lat' dir='ltr'><strong>decantatis</strong></span> <span class='ocrx_word' id='word_1_721' title='bbox 253 5148 356 5210; x_wconf 89' lang='lat' dir='ltr'><strong>diebus</strong></span> <span class='ocrx_word' id='word_1_722' title='bbox 385 5152 538 5212; x_wconf 82' lang='lat' dir='ltr'><strong>homiuicc</strong></span> <span class='ocrx_word' id='word_1_723' title='bbox 561 5151 741 5224; x_wconf 81' lang='lat' dir='ltr'><strong>sepultura:</strong></span> <span class='ocrx_word' id='word_1_724' title='bbox 767 5149 921 5222; x_wconf 88' lang='lat' dir='ltr'><strong>antiquam</strong></span> <span class='ocrx_word' id='word_1_725' title='bbox 977 5155 1040 5208; x_wconf 90' lang='lat' dir='ltr'><strong>tum</strong></span> <span class='ocrx_word' id='word_1_726' title='bbox 1057 5149 1318 5221; x_wconf 87' lang='lat' dir='ltr'><strong>potero,inrariata</strong></span> <span class='ocrx_word' id='word_1_727' title='bbox 1329 5151 1459 5210; x_wconf 86' lang='lat' dir='ltr'><strong>servabo.</strong></span> <span class='ocrx_word' id='word_1_728' title='bbox 1596 5149 1602 5158; x_wconf 86' lang='lat'>&#39;</span> 
     </span>
    </p>
   </div>
   <div class='ocr_carea' id='block_1_5' title="bbox 0 0 1911 5962">
    <p class='ocr_par' dir='ltr' id='par_1_8' title="bbox 0 0 1911 5962">
     <span class='ocr_line' id='line_1_57' title="bbox 0 0 1911 5962; baseline 0 0"><span class='ocrx_word' id='word_1_729' title='bbox 0 0 1911 5962; x_wconf 95' lang='lat' dir='ltr'><strong> </strong></span> 
     </span>
    </p>
   </div>
  </div>
 </body>
</html>
