3804 5962
123 203 176 257 87l

395 197 493 253 vnvm
513 193 703 253 ABAELARDI
722 195 796 252 OPP.
821 193 907 251 calls
925 193 973 251 111.
990 222 1025 233 -
1037 189 1257 247 rauonootda
1275 188 1318 245 ΕΤ
1335 186 1600 246 omnesomnes.

1817 186 1869 241 872

126 328 221 399 magis
235 327 400 397 compuncti
419 325 463 382 vol
478 325 677 395 resipiscentes
704 323 879 390 ellieiantur,
895 336 962 379 cum
977 321 1002 375 Α
1017 321 1119 377 ιειίιιιιι
1139 334 1223 390 poena
1250 327 1310 383 tam
1336 319 1404 388 ipsis
1431 329 1520 388 quarn
1545 315 1609 372 aliis
1636 329 1694 370 non
1723 314 1867 375 inutiliter

126 425 185 473 tam
201 430 331 472 severam
345 415 375 470 in
387 414 523 484 parvulos
543 428 579 469 ex
597 413 839 483 concupiscentia,
868 412 969 482 inqua

126 518 224 561 omnes
246 510 419 574 genuerunt,
456 501 581 558 viderint
622 502 801 557 sententiam.
834 502 878 556 Ex
911 511 969 569 quo

127 592 275 649 etiamad
303 591 485 646 continentiae
518 590 628 645 bonum
667 590 762 660 potius
797 589 968 652 invitamur,

127 682 206 752 quod
229 687 287 736 tam
309 678 475 750 periculosae
514 679 698 749 indulgemus
719 676 968 748 concupiscentia.

126 782 279 839 perquam
306 775 346 823 tot
372 767 477 822 animae
502 767 679 823 incessanter
708 766 806 822 inieris
821 763 967 822 transmit·

126 864 239 914 tuntur.
260 876 272 904 n
298 855 349 911 His
364 855 408 910 vel
422 854 621 910 consimilibus
645 853 807 910 rationibus
832 865 969 922 apparere

125 945 251 1004 arbitror
274 944 429 1000 Dominum
455 943 489 999 de
521 943 671 998 mitissima
714 942 762 998 illa
786 941 970 997 damnatione

127 1033 320 1106 parvulorum
337 1046 395 1088 nou
420 1030 514 1087 solum
536 1030 650 1100 injuriae
676 1045 732 1085 non
759 1044 820 1085 osse
847 1042 971 1100 arguen-

127 1124 207 1191 dum,
228 1121 437 1177 verumetiam
458 1134 494 1175 ex
505 1118 646 1175 nonnulla
660 1118 760 1190 gratim
783 1130 844 1173 suae
866 1115 969 1173 tamin

125 1210 274 1282 parvulos,
292 1217 324 1265 ut
335 1210 445 1265 dictum
457 1216 508 1276 εει,
530 1221 620 1279 quam
642 1208 671 1262 in
685 1214 802 1263 oaeteros
817 1204 970 1261 collatione

127 1299 359 1372 glorificandum.

162 1390 212 1444 Est
227 1401 296 1457 ergo
309 1383 449 1456 originale
462 1392 619 1454 peccatum,
644 1398 710 1441 cum
737 1398 795 1455 quo
809 1381 968 1449 nascimur,

127 1478 223 1547 ipsum
239 1475 433 1531 damnationis
454 1473 583 1529 debitum
607 1487 666 1543 quo
696 1472 870 1543 obligamur,
903 1483 970 1525 eum

127 1565 244 1621 obnoxii
266 1571 381 1620 aeternae
406 1576 497 1632 poena
529 1562 671 1617 allicimur
704 1568 817 1631 proptor
855 1558 971 1628 culpam

1024 409 1126 476 utitur,
1156 416 1189 465 ut
1203 421 1291 478 supra
1312 407 1460 478 aliquibus
1478 420 1536 461 nou
1554 404 1799 475 improbabilibus
1823 418 1868 460 as-

1023 498 1204 568 signavimus
1226 496 1424 566 opinionibus,
1453 503 1485 552 ut
1509 495 1601 564 magis
1619 494 1654 550 ad
1682 495 1808 562 gratiam
1822 495 1867 551 liri

1024 600 1113 658 quam
1129 586 1164 641 ad
1177 585 1317 657 justitiam
1339 585 1400 640 lucc
1427 583 1579 640 mitissima
1602 583 1792 653 parvulorum
1810 597 1868 653 pm-

1023 689 1063 731 ua
1086 675 1235 731 referenda
1253 675 1399 741 videatur,
1411 682 1439 729 et
1455 673 1484 728 in
1498 687 1557 742 quo
1576 671 1706 727 maxima
1728 671 1780 726 Dei
1794 672 1867 728 vide-

1025 771 1073 820 tur
1103 762 1268 829 crudelitas,
1302 776 1414 832 magnae
1434 759 1609 830 dispensatio
1637 759 1739 831 gratiae
1769 760 1867 830 praedi·

1024 852 1126 909 canda.
1895 830 1898 893 l

1059 941 1116 997 Nec
1139 940 1194 995 boc
1233 938 1338 995 rationi
1351 936 1530 994 contrarium
1551 945 1602 1004 est,
1624 936 1647 992 si
1672 935 1751 1007 qnod
1771 936 1868 992 dimis-
1895 926 1898 983 ἶ

1025 1043 1089 1085 sum
1105 1037 1146 1084 εει
1183 1029 1212 1082 iu
1240 1027 1420 1097 parentibus,
1449 1026 1589 1096 puniatur
1625 1026 1654 1081 in
1679 1025 1755 1092 liliis,
1808 1026 1869 1080 licet

1025 1118 1081 1174 boc
1095 1117 1144 1172 lilii
1159 1130 1217 1172 non
1232 1130 1269 1171 ex
1279 1115 1366 1186 eulpa
1380 1115 1556 1171 contrahunt
1581 1120 1743 1184 parentum.
1766 1113 1869 1184 Aliqua

1024 1208 1175 1276 enim’pro
1209 1205 1377 1274 parentibus
1404 1203 1559 1260 satisfactio
1593 1202 1753 1271 intercedit,
1787 1205 1870 1258 eteis

1024 1301 1139 1350 tantum
1150 1292 1296 1350 sulliciens
1311 1301 1363 1361 est,
1379 1307 1436 1348 non
1461 1293 1549 1349 etiam
1564 1291 1638 1347 filiis.
1663 1291 1750 1347 Verbi
1766 1292 1868 1363 gratia,

1024 1391 1147 1453 egerunt
1159 1382 1251 1437 Adam
1271 1382 1365 1437 ctEva
1379 1381 1461 1450 eiecti
1491 1380 1525 1436 de
1558 1378 1690 1449 paradiso
1713 1381 1743 1434 iu
1764 1380 1865 1436 sudore

1025 1473 1126 1529 vultus
1147 1480 1175 1527 ει
1200 1471 1297 1526 dolore
1321 1478 1422 1540 partus
1452 1468 1498 1525 vel
1523 1468 1634 1524 caeteris
1668 1467 1869 1524 afflictionibus

1026 1559 1224 1631 poenitentiam
1240 1560 1275 1615 de
1294 1559 1446 1615 commissa
1465 1556 1702 1627 transgressione,
1736 1563 1764 1612 et
1781 1557 1869 1627 propi·

127 1661 231 1708 nostrae
249 1648 378 1722 originis,
391 1650 418 1706 id
434 1658 475 1705 est
499 1650 657 1720 primorum
684 1652 847 1720 parentum,
871 1661 888 1702 a
908 1646 1010 1716 qui-13
1027 1650 1115 1706 tiatus
1138 1656 1180 1705 εει
1204 1648 1243 1704 cis
1259 1649 1335 1704 Deus
1359 1647 1476 1716 propria
1512 1646 1641 1716 ipsorum
1669 1644 1866 1702 salisiactione.

128 1741 183 1798 bus
208 1749 306 1796 nostra
320 1740 437 1809 incoepit
456 1739 545 1810 origo.
567 1739 600 1793 ln
626 1738 674 1795 illo
706 1738 795 1806 enim,
829 1743 971 1805 utsupra
1027 1740 1116 1796 Morte
1140 1737 1265 1806 denique
1282 1735 1433 1805 temporali
1455 1748 1521 1791 cum
1538 1734 1595 1790 sint
1624 1747 1676 1804 pro
1701 1733 1751 1790 illa
1774 1736 1868 1790 trans·

127 1829 257 1884 meminit
272 1826 431 1896 apostolus,
455 1825 645 1897 peccavimus,
670 1826 699 1882 id
722 1834 764 1882 est
785 1824 892 1896 pcccati
908 1824 972 1894 ejus
1025 1827 1171 1898 pressione
1193 1839 1281 1900 qnam
1318 1825 1522 1880 commiserant
1550 1821 1603 1893 ipsi
1628 1823 1735 1892 puniti,
1763 1836 1868 1893 nequa-

128 1931 216 1974 causa
236 1924 350 1972 aternae
365 1915 545 1971 damnationi
559 1916 599 1970 ita
629 1915 813 1985 deputamur,
848 1921 879 1969 ut
915 1912 972 1967 nisi

127 2007 292 2062 divinorum
321 2010 568 2060 sacramentorum
603 2004 686 2059 nobis
721 2002 848 2058 remedia
869 2000 972 2057 subve-

127 2094 189 2150 niat
216 2093 389 2149 aeternaliter
415 2093 596 2150 damnemur.
629 2095 665 2149 Et
697 2094 857 2150 notandum
894 2090 972 2161 qnod

109 2181 193 2247 ,licet
204 2181 336 2238 dicamus
345 2195 476 2251 peccasse
493 2181 631 2253 parvulos
657 2181 687 2236 in
701 2182 803 2248 Adam,
830 2188 863 2238 ut
885 2193 972 2250 expo-

128 2270 215 2327 situm
229 2277 280 2338 est,
296 2284 355 2325 non
371 2270 433 2326 ideo
451 2269 627 2339 simpliciter
654 2283 820 2325 annuamus
839 2283 887 2325 eos
909 2281 970 2337 pec·

127 2373 216 2427 casse,
242 2358 318 2414 sicut
343 2371 483 2413 naccum
512 2357 635 2412 dicimus
658 2356 785 2426 aliquem
813 2364 971 2425 tyrannum

129 2448 227 2503 adbuc
246 2447 343 2501 vivere
370 2447 399 2500 in
412 2445 479 2499 tiliis
499 2445 569 2510 snis,
581 2444 643 2499 ideo
656 2458 723 2500 eum
738 2443 906 2513 simpliciter
924 2444 971 2498 vi·

127 2549 194 2591 vere
224 2533 418 2591 concedimus.
446 2532 751 2602 damnanturitaque,
779 2531 903 2603 inquies,
920 2531 972 2601 qui

127 2638 185 2680 non
200 2630 366 2694 peccarunt,
388 2621 465 2692 quod
484 2628 526 2677 est
551 2620 770 2691 iniquissimum
784 2636 792 2690 ;
807 2621 973 2690 puniuntur

128 2713 178 2782 qui
194 2726 251 2767 non
262 2718 441 2777 meruerunt,
468 2708 546 2778 quod
561 2717 603 2764 est
613 2708 834 2765 atrocissimum.
846 2708 899 2764 Sed
918 2707 973 2763 hoc

128 2800 257 2867 tortasse,
282 2807 425 2870 quantum
447 2797 483 2852 ad
504 2797 644 2863 homines,
671 2812 729 2853 non
766 2806 911 2868 quantum
936 2794 972 2852 ad

1026 1930 1114 1986 quam
1130 1915 1347 1985 proptcripsam
1366 1921 1479 1969 aterna
1493 1913 1577 1968 morti
1605 1917 1675 1967 sunt
1695 1910 1868 1979 reservandi,

1023 2005 1110 2076 J'uxta
1138 2004 1209 2060 illud
1242 2003 1459 2073 propheticum:
1484 2003 1544 2058 Non
1573 2000 1712 2070 judicabit
1741 1994 1868 2054 nominos

1027 2094 1115 2148 bisin
1138 2093 1270 2162 idipsum,
1295 2097 1320 2146 et
1347 2107 1401 2145 uon
1420 2095 1565 2159 consurget
1599 2090 1702 2160 duplex
1731 2090 1870 2146 tribulatio

1027 2180 1143 2252 (Nabum
1170 2197 1189 2247 1,
1207 2182 1245 2247 9),
1262 2180 1290 2235 id
1313 2187 1356 2235 est
1377 2193 1461 2236 nemo
1489 2179 1523 2235 de
1548 2193 1607 2235 uno
1623 2178 1783 2242 eodemque
1806 2193 1869 2249 pro·

1027 2270 1089 2343 prio
1104 2277 1220 2340 peccato
1237 2277 1264 2325 ει
1280 2268 1418 2337 corporali
1440 2275 1468 2323 ει
1483 2277 1589 2324 aterna
1602 2275 1693 2323 morte
1708 2267 1871 2337 puniendus

1026 2367 1077 2416 εει.
1100 2357 1177 2414 vitiis
1197 2367 1295 2413 autem
1324 2357 1451 2422 illorum,
1469 2355 1600 2411 videlicet
1629 2356 1791 2425 primorum
1827 2370 1870 2424 pa·

1026 2454 1152 2511 rentum,
1174 2446 1282 2516 quibus
1314 2445 1421 2515 pariter
1444 2443 1581 2500 omnibns
1608 2444 1695 2499 etiam
1718 2458 1772 2513 pro
1787 2443 1869 2515 culpa

1027 2535 1157 2606 ipsorum
1175 2541 1291 2605 patrum
1308 2535 1399 2590 iratus
1413 2542 1454 2589 est
1473 2535 1558 2599 licus,
1588 2540 1729 2603 tauquam
1757 2533 1788 2589 in
1811 2549 1868 2605 pec

1026 2633 1089 2683 cato
1111 2623 1236 2679 carnalis
1259 2624 1497 2693 concupiscentiae
1520 2622 1672 2691 conceptis,
1699 2634 1790 2692 quam
1818 2623 1868 2694 ipsi

1026 2712 1160 2770 videlicet
1189 2719 1282 2781 patros
1304 2725 1341 2767 ex
1370 2712 1464 2780 prima
1487 2709 1715 2781 transgressione
1740 2711 1868 2766 incurre-

1026 2808 1106 2866 runt,
1125 2799 1248 2870 singulis
1266 2800 1381 2869 propria
1400 2799 1561 2854 necessaria
1581 2805 1622 2854 εει
1637 2797 1791 2862 absolutio,
1807 2812 1869 2869 qua

128 2889 219 2945 Deum
234 2896 276 2944 εει
291 2886 514 2942 concedendum.
541 2884 678 2954 Alioquin
695 2884 839 2955 quomodo
863 2898 971 2954 parvu·
1027 2887 1171 2944 levissima
1212 2886 1294 2943 nobis
1339 2887 1470 2943 instituta
1499 2895 1541 2944 est
1563 2886 1593 2941 in
1635 2887 1789 2956 baptismo,
1821 2887 1868 2942 ubi

127 2976 170 3033 los
202 2989 319 3046 quoque
346 2988 429 3044 poena
450 2974 552 3029 diluvii
585 2972 629 3027 vel
655 2973 780 3029 incendii
814 2953 1259 3047 Sodomita-Cproattenoquo
1281 2974 1677 3045 obliganturpcecatoaliena
1697 2975 1768 3030 tides
1786 2973 1872 3045 patri·

128 3080 196 3123 rum
215 3066 292 3120 Deus
311 3062 444 3132 aldigens
467 3074 525 3117 non
550 3058 707 3130 arguitur?
741 3061 799 3116 dut
829 3061 972 3130 quomodo
1025 3077 1191 3135 porumque
1217 3062 1355 3119 confessio
1379 3064 1544 3119 intercedat.
1572 3063 1684 3134 Quippe
1696 3064 1747 3133 qui
1762 3064 1869 3135 obliga-

129 3156 159 3209 B.
182 3154 234 3209 lob
258 3159 286 3206 et
303 3159 445 3219 martyres
467 3156 581 3204 sanctos
605 3148 696 3220 afiligi
725 3148 769 3204 vel
797 3149 887 3205 occidi
908 3165 973 3220 per-
1025 3160 1073 3209 tus
1088 3159 1202 3222 peccato
1216 3152 1357 3218 nascitur,
1383 3166 1435 3223 pro
1450 3153 1509 3221 ipso
1526 3166 1584 3223 quo
1606 3160 1719 3208 tenetur
1742 3153 1868 3209 nondum

128 3241 235 3296 misit?
262 3238 389 3307 denique
411 3245 438 3292 et
463 3237 584 3293 unicum
603 3251 689 3293 suum
722 3239 807 3294 morti
829 3238 973 3294 tradidit?
1026 3240 1246 3298 satisfacerevel
1268 3255 1320 3310 pro
1345 3254 1375 3297 se
1400 3240 1487 3306 valet,
1504 3240 1552 3295 sed
1580 3240 1687 3295 divinae
1699 3239 1802 3310 gratiae
1831 3254 1870 3296 sa-

128 3325 350 3396 dispensatlone,
384 3324 508 3394 inquies,
525 3325 756 3381 commodissima
787 3327 888 3398 gratian
912 3341 973 3384 snae
1026 3335 1172 3386 eramento
1200 3330 1368 3385 mundatur.
1392 3329 1454 3384 Non
1483 3328 1589 3383 mirum
1615 3327 1706 3384 videri
1738 3328 1824 3385 debet
1848 3328 1869 3383 si

128 3414 157 3469 id
168 3413 242 3481 lecit,
259 3413 331 3468 bene
345 3421 372 3468 ει
387 3420 490 3483 argute
506 3428 513 3466 :
530 3413 571 3469 sic
599 3413 697 3478 etiam,
725 3413 857 3484 inquam,
884 3415 974 3471 homi·
1027 3417 1105 3487 quod
1121 3416 1289 3487 indulgetur
1303 3417 1480 3487 parentibus,
1503 3416 1671 3488 exigatura
1695 3416 1774 3484 liliis,
1807 3431 1869 3473 cum

127 3517 178 3559 nes
211 3501 311 3572 aliqua
338 3500 519 3557 saluberrimi
556 3501 668 3557 consilii
697 3502 909 3572 dispensatione
946 3512 974 3560 et
1027 3506 1089 3576 ipsa
1101 3503 1204 3561 vitiosa
1217 3503 1344 3560 carnalis
1374 3504 1613 3574 concupiscentiae
1643 3504 1794 3574 generatio
1810 3517 1868 3574 pec·

132 3592 298 3647 innocentes
317 3591 425 3660 pariter
456 3597 488 3646 ut
516 3598 652 3646 nocentes
681 3590 810 3661 affligere
841 3600 972 3662 possunt,
1027 3603 1122 3651 catum
1141 3593 1336 3661 transfundat,
1347 3601 1374 3649 ει
1390 3593 1461 3648 iram
1474 3601 1629 3649 mereatur.
1656 3591 1737 3648 Unde
1751 3593 1868 3663 aposto-

130 3694 184 3736 neo
207 3679 237 3735 in
260 3679 315 3735 hoc
335 3691 475 3748 peccare:
503 3679 593 3735 veluti
612 3693 678 3735 cum
702 3688 818 3750 propter
849 3680 974 3751 alicujus
1026 3682 1086 3738 lus:
1103 3683 1210 3737 Natura
1218 3682 1271 3750 filii
1280 3684 1338 3748 ira,
1352 3695 1369 3737 a
1385 3695 1445 3751 qua
1459 3681 1576 3750 quidem
1588 3681 1630 3735 ira
1644 3686 1777 3748 parentes
1789 3680 1871 3751 primi

130 3767 244 3838 tyranni
263 3767 403 3823 malitiam
432 3767 500 3823 boni
525 3768 668 3838 principes
697 3775 788 3824 terras
801 3782 901 3825 eorum
922 3769 971 3826 de·
1027 3769 1217 3827 satisfactione
1245 3771 1361 3841 propria
1376 3776 1444 3826 sunt
1455 3769 1577 3825 liberati.
1594 3769 1687 3824 Potest
1710 3776 1872 3826 autemusu

128 3854 298 3927 populantes
325 3863 412 3927 atque
437 3856 644 3926 depraedantes,
679 3864 714 3936 et
732 3856 815 3913 bonis
841 3858 973 3915 tidelibns
1026 3859 1186 3914 evenirent
1199 3858 1385 3928 cumaliquis
1412 3871 1523 3928 pauper
1551 3857 1679 3913 dominio
1694 3858 1823 3928 alicujus
1844 3873 1872 3914 se

127 3943 180 4014 qui
192 3942 234 3999 eis
243 3942 366 4015 subiecti
382 3951 459 4009 sunt,
478 3949 505 3998 ει
521 3942 696 4013 possessione
725 3957 783 3999 nou
800 3952 893 4000 mente
907 3958 973 4001 con-
1026 3946 1224 4017 subjugaverit
1248 3953 1276 4002 et
1296 3946 1432 4016 parvulos
1453 3961 1544 4016 suos;
1565 3947 1625 4016 ipsc
1652 3953 1748 4003 tamen
1776 3956 1873 4018 postea

124 4031 219 4103 iuncti
242 4045 345 4087 nocere
360 4031 583 4102 compelluntur,
601 4032 973 4103 utpaucorumelectornm
1026 4036 1149 4105 propriae
1165 4035 1283 4091 virtutis
1310 4036 1384 4091 iacto
1408 4035 1507 4105 aliquo
1531 4035 1576 4090 vel
1592 4035 1681 4104 pretio
1712 4034 1872 4093 libertatem

126 4119 232 4176 damno
262 4119 456 4189 plurimorum
508 4119 625 4176 utilitati
652 4120 848 4190 provideatur.
879 4122 971 4178 Potest
1026 4122 1092 4191 sibi,
1110 4123 1251 4179 nontiliis
1272 4119 1415 4194 acquirat.
1443 4124 1474 4179 ln
1501 4124 1569 4195 ipsis
1597 4125 1684 4180 etiam
1707 4138 1872 4181 rerumna·

123 4208 214 4264 etiam
233 4208 441 4279 contingercut
456 4207 546 4278 aliqui
575 4208 638 4264 lalsi
660 4216 753 4274 ιεειεε,
779 4223 852 4279 quos
875 4211 1100 4286 tamenpturis
1127 4225 1185 4267 uon
1207 4211 1397 4284 incongruam
1421 4213 1504 4269 nobis
1535 4214 1674 4269 Dominus
1710 4213 1801 4284 huius
1832 4212 1873 4270 rei

127 4294 254 4351 retollere
273 4308 331 4350 non
353 4295 513 4363 valeamus,
531 4294 632 4366 aliqua
652 4296 687 4352 de
705 4295 804 4366 aliquo
830 4295 971 4365 imputent

127 4397 214 4454 quern
228 4382 409 4439 innocentem
430 4384 546 4439 scimus.
568 4382 698 4450 Quorum
713 4384 831 4455 quidem
844 4384 972 4440 testimo-

127 4473 187 4539 nia,
221 4479 375 4542 postquam
402 4471 430 4526 id
450 4472 562 4543 egerint
589 4473 668 4543 quod
709 4473 750 4528 eis
772 4471 972 4544 adjudicatum

126 4559 222 4628 luerit,
236 4559 368 4631 cogimur
392 4560 478 4616 ctiam
495 4567 596 4617 contra
617 4561 821 4616 conscientiam
844 4568 973 4618 nostram

127 4663 250 4720 gravare
278 4648 468 4716 innocentem,
489 4657 522 4706 ut
537 4650 627 4721 (quod
649 4649 782 4706 mirabile
801 4649 880 4706 dictu
906 4648 970 4720 est),

126 4736 197 4794 dum
220 4737 333 4808 legibus
360 4738 602 4808 obtemperamus,
621 4738 698 4808 juste
720 4752 788 4794 eum
816 4739 973 4809 puniamus

125 4827 178 4896 qui
187 4827 265 4898 juste
287 4839 344 4882 non
367 4827 491 4896 punitur
504 4834 531 4882 ει
545 4826 622 4898 iuste
638 4826 666 4882 id
690 4839 813 4898 agamus
836 4827 972 4899 quadiu·

126 4921 204 4970 stum
227 4927 287 4970 non
312 4921 363 4982 ast,
387 4914 562 4984 competenti
588 4927 676 4983 super
699 4914 752 4970 boc
769 4914 972 4972 deliberatione

127 5002 236 5070 babita,
251 5018 287 5059 ne
316 5003 369 5059 uni
396 5003 539 5073 parcendo
566 5001 700 5072 pluribus
731 5017 897 5061 noceamus.
926 5004 972 5061 Sic

126 5090 212 5148 ctiam
234 5090 264 5147 in
283 5092 475 5161 parvulorum
504 5091 700 5158 damnatione,
724 5106 791 5148 cum
807 5093 884 5163 quod
912 5107 971 5149 non

126 5179 287 5236 meruerint
297 5177 472 5249 plectuntur,
497 5179 595 5236 multae
614 5188 733 5251 possunt
757 5181 878 5237 existere
901 5194 971 5238 cau-

127 5278 166 5322 sas
195 5267 302 5324 divinae
329 5268 550 5338 disponsationis
578 5269 775 5326 saluberrima
798 5278 902 5340 praeter
918 5271 972 5327 bas

127 5353 213 5409 etiam
228 5369 303 5425 quas
323 5355 547 5428 assignavimus,
564 5365 596 5414 ut
618 5358 728 5414 nonsit
753 5356 889 5429 iniquum
923 5371 972 5416 eos

127 5440 170 5498 sic
180 5440 289 5511 puniri,
299 5437 365 5499 licet
385 5455 444 5500 nou
458 5442 628 5514 meruerint,
653 5441 792 5516 quoniam
815 5445 892 5503 Deus
917 5444 972 5518 qui

1026 4298 1243 4355 similitudinem
1268 4301 1420 4370 impressit,
1448 4315 1513 4371 qnae
1532 4300 1697 4372 hujusmodi
1720 4301 1872 4372 objectioni

1027 4386 1189 4445 satistaoere
1203 4388 1417 4458 quodammodo
1435 4389 1580 4459 videatur,
1609 4403 1676 4445 cum
1708 4397 1770 4446 tam
1791 4390 1872 4447 vide·

1026 4475 1092 4532 licet
1113 4486 1150 4531 ex
1171 4476 1255 4532 oliva
1283 4490 1372 4547 quam
1387 4491 1424 4534 ex
1450 4478 1565 4534 oleastri
1588 4479 1698 4535 semine
1728 4494 1789 4537 non
1816 4479 1872 4535 nisi

1026 4564 1146 4621 oleaster
1157 4573 1306 4633 nascatur,
1331 4565 1406 4622 sicut
1427 4572 1486 4622 tam
1508 4581 1544 4623 ex
1568 4581 1655 4624 earne
1676 4569 1754 4639 juste
1782 4582 1872 4639 quam

1026 4664 1063 4706 ex
1086 4665 1171 4709 carne
1189 4653 1347 4730 peccatoris
1371 4668 1429 4709 non
1449 4653 1505 4709 nisi
1525 4663 1656 4724 peccator
1675 4655 1816 4724 nascitur,
1846 4663 1873 4713 ει

1025 4753 1062 4796 ex
1075 4741 1221 4798 frumento
1241 4755 1259 4796 a
1283 4741 1364 4810 palea
1395 4750 1517 4813 purgato
1543 4758 1602 4799 non
1626 4750 1797 4815 purgatum,
1823 4745 1872 4801 sed

1026 4843 1095 4886 cum
1118 4829 1179 4899 ipsa
1192 4828 1273 4899 palea
1286 4827 1468 4886 frumentum
1501 4832 1696 4901 producatur:
1739 4834 1817 4890 sicut
1836 4847 1872 4890 ex

1027 4917 1194 4988 parentibus
1219 4931 1269 4988 per
1296 4926 1542 4975 sacramentuma
1579 4924 1694 4989 peccato
1723 4924 1873 4980 mundatis

1025 5021 1108 5063 nemo
1123 5006 1178 5062 nisi
1194 5021 1260 5062 eum
1275 5014 1391 5076 peccato
1417 5008 1557 5064 nascitur.

1062 5095 1164 5152 Utrum
1186 5102 1283 5151 autem
1307 5109 1344 5151 ex
1375 5096 1516 5166 proximis
1554 5112 1671 5169 quoque
1699 5101 1872 5169 parentibus

1025 5183 1099 5240 sicut
1112 5198 1150 5240 ex
1165 5185 1266 5255 primis
1281 5192 1397 5256 peccata
1409 5188 1650 5255 contraxerimus,
1675 5196 1702 5245 ει
1729 5190 1873 5263 multipli-

1026 5272 1097 5327 catis
1112 5273 1306 5345 originalibus
1332 5274 1454 5344 peccatis
1475 5283 1554 5332 tanto
1575 5276 1701 5347 quisque
1733 5288 1873 5338 nascatur

1025 5360 1148 5417 deterior
1166 5368 1275 5432 quanto
1290 5362 1439 5431 posterior,
1465 5371 1531 5419 ante
1593 5365 1747 5434 quaeritur.
1767 5367 1873 5426 Beatus

1025 5457 1094 5508 voro
1107 5446 1291 5520 augustinus
1301 5448 1333 5506 in
1346 5448 1552 5508 Encbiridiono
1563 5463 1627 5523 cap.
1646 5453 1687 5524 to,
1703 5451 1759 5511 boc
1769 5455 1874 5526 proba-
