3804 5962
607 214 735 271 evulus
754 215 822 274 SEU
842 215 941 274 scito
960 217 1003 272 lli
1020 215 1135 273 institi.
1691 218 1747 272 ddi

79 354 118 399 n:
141 342 282 408 necuter,
304 357 404 412 sequor
419 347 446 398 te
459 357 622 414 quocunque
643 345 708 400 ieris
729 344 840 418 (Metti.
857 347 881 401 Α
896 346 950 402 ista
977 344 1039 404 sine
1065 343 1188 417 peccatis
1214 342 1315 400 saltem
1334 341 1498 400 venialibus
1524 342 1647 415 transigi
1674 358 1740 416 pos·

79 430 98 498 i,
121 430 294 499 reprobavit.
312 431 348 486 Et
375 429 498 487 alterum
520 441 705 490 excusantem
733 447 835 505 seper
891 434 936 490 sit.
964 434 993 491 Si
1028 435 1104 490 enim
1142 433 1239 497 omnia
1271 446 1323 489 nos
1351 444 1453 488 cavere
1490 440 1607 503 peccata
1637 447 1741 504 praece·

80 518 221 585 tudinem,
243 534 333 592 quam
358 520 460 577 babuit
486 521 521 578 de
540 529 630 591 patre,
657 523 762 578 necati
784 522 835 578 bo·
888 524 940 599 pit,
961 537 1014 579 nos
1029 531 1126 580 autem
1141 521 1238 578 omnia
1260 535 1363 577 cavere
1381 535 1439 577 non
1454 535 1619 592 possumus,
1637 523 1738 593 utique

80 609 169 663 nbac
194 609 305 678 pietatis
327 610 514 665 excusatione
538 610 678 666 toleravit.
706 610 836 683 Denique
890 625 1087 684 nequaquam,
1109 610 1263 681 sicutipse
1287 609 1417 682 promisit
1437 610 1544 681 jugum
1569 624 1659 667 suave
1684 625 1741 667 no-

79 698 227 754 arumdam
258 699 408 754 civitatum
433 700 653 756 obstinationem
682 699 836 771 increpans
890 700 943 770 bis,
960 699 1006 757 vel
1028 700 1185 757 onus‘leve
1209 700 1340 770 imponit,
1370 698 1418 756 sed
1446 699 1525 770 quod
1554 699 1637 770 longe
1662 700 1739 758 vires

79 787 360 854 fastidiendum:
379 790 494 855 uaetibi',
518 790 672 854 Bethsaida,
691 792 836 860 quidsiiii
890 790 1096 847 transcendens
1133 797 1245 845 nostras
1282 788 1401 845 minime
1441 795 1556 859 portare
1594 786 1736 857 valemus,

85 882 112 932 et
139 877 238 932 Sidone
261 880 376 934 uirtutes
399 880 481 944 sueta
513 880 640 947 fuissent,
668 896 727 950 quae
755 882 836 948 (cetae
890 880 1006 936 sicutet
1026 880 1060 934 de
1081 879 1153 949 iugo
1186 877 1257 949 legis
1285 878 1389 932 Petrus
1412 876 1560 945 apostolus
1576 876 1737 947 profitetur.

79 968 106 1022 ia
126 967 211 1033 υοιὶι,
236 967 299 1038 jam
323 968 389 1022 cliiii
416 970 446 1023 in
473 970 561 1023 cilicio
585 974 611 1023 et
639 968 728 1025 cinere
742 972 834 1041 paeiii-
889 968 1077 1035 Quisenima
1100 969 1189 1024 verbo
1203 966 1302 1022 saltem
1324 964 1413 1022 otioso
1427 978 1540 1035 semper
1563 965 1618 1022 sibi
1634 964 1738 1037 praevi-

79 1059 229 1125 nepisseiit
253 1056 363 1128 (llottli
390 1072 431 1125 ιιι,
459 1061 517 1128 ιι).
548 1058 622 1113 Ειιι
647 1057 703 1113 illis
730 1058 834 1116 obtulit
889 1058 956 1114 dere
980 1064 1081 1128 potest,
1111 1064 1144 1113 ut
1171 1057 1200 1111 in
1226 1070 1259 1111 eo
1288 1067 1445 1126 nunquam
1476 1056 1623 1110 excedens·
1643 1053 1737 1125 perle-

79 1144 152 1201 ilum
173 1145 403 1214 praedicationem
430 1160 524 1213 snam,
550 1160 653 1203 verum
676 1146 764 1203 etiam
780 1147 833 1202 mi·
889 1146 1011 1203 ctionem
1047 1145 1125 1201 illam
1166 1151 1268 1209 teneat,
1300 1143 1335 1199 de
1372 1156 1432 1214 qua
1459 1142 1582 1200 lacobus
1613 1142 1676 1198 ait:
1706 1144 1739 1200 Si

79 1247 153 1290 irum
179 1234 395 1301 exhibitionem,
420 1248 495 1304 quas
521 1242 616 1291 tamen
642 1236 722 1306 prius
745 1249 834 1292 nove·
889 1237 949 1301 quis
975 1236 1004 1290 iii
1031 1234 1111 1289 uerbo
1145 1248 1193 1288 iios
1227 1232 1350 1302 offendit,
1379 1232 1422 1287 bie
1449 1233 1589 1301 perfectus
1609 1235 1650 1286 est
1675 1232 1739 1286 uiri

79 1336 111 1379 in
132 1337 191 1378 esse
211 1323 381 1379 credituras.
408 1323 465 1378 lias
494 1337 558 1379 vero
588 1323 739 1394 gentilium
762 1324 834 1381 alias
890 1323 964 1394 (duc.
981 1338 1022 1390 iii,
1037 1322 1076 1395 ι),
1102 1323 1153 1393 qui
1180 1322 1267 1378 etiam
1293 1335 1359 1378 cnm
1375 1319 1575 1390 praemisisset:
1591 1323 1621 1375 iii
1643 1321 1737 1375 inuitis

79 1424 125 1477 es,
141 1425 216 1481 quas
235 1412 269 1467 ad
298 1411 383 1467 fidem
417 1412 631 1482 suscipiendam
655 1411 751 1469 faciles
773 1427 833 1470 esse
888 1413 1053 1481 ostendimus
1076 1427 1186 1478 omnes;
1208 1419 1235 1466 et
1256 1410 1332 1466 alius
1355 1422 1469 1480 magnae
1491 1408 1567 1465 dicat
1591 1407 1738 1479 perfectio·

81 1499 232 1568 gnorabat,
263 1512 317 1554 sua
342 1505 413 1554 tune
441 1499 604 1555 visitatione
637 1514 695 1555 non
720 1502 833 1558 censuit
887 1503 933 1557 nis
959 1501 1133 1571 apostolus:
1163 1501 1193 1556 Si·
1223 1500 1386 1565 dixerimus,
1416 1502 1483 1568 quid
1509 1502 1651 1567 peceatum
1683 1513 1738 1553 non

79 1600 96 1652 ι,
113 1586 144 1641 iu
161 1580 269 1657 quibus
284 1587 413 1659 quidem,
430 1602 496 1643 cum
512 1588 602 1659 aliqui
615 1588 763 1646 subtracto
778 1590 832 1647 sibi
887 1590 1025 1658 babemus,
1051 1606 1098 1645 uos
1127 1592 1200 1659 ipsos
1232 1589 1406 1655 seducimus,
1431 1591 1457 1642 ιι
1482 1588 1583 1642 ueritus
1608 1587 1637 1640 iii
1658 1585 1736 1641 nobis

79 1676 195 1732 cationis
210 1678 308 1743 verbo,
332 1685 426 1732 tamen
453 1677 488 1733 ad
505 1677 720 1748 suscipiendum
736 1679 831 1749 ipsum
848 1650 869 1704 B
886 1694 940 1734 non
963 1683 1003 1734 est
1018 1681 1041 1750 (i
1062 1681 1140 1734 Jddtt.
1163 1695 1183 1741 ι,
1211 1676 1250 1748 8),
1275 1691 1365 1749 quam
1388 1675 1520 1745 difficile,
1547 1675 1605 1731 imo
1632 1675 1737 1745 impos·

79 1766 268 1835 ,perierunt
292 1765 359 1836 quis
386 1767 440 1823 lioc
462 1780 562 1823 eorum
582 1766 705 1838 imputet
725 1769 829 1839 culpa,
885 1768 966 1825 sibile
986 1777 1092 1824 nostrae
1114 1765 1272 1824 infirmitati
1297 1766 1440 1832 videatur,
1456 1764 1601 1821 immunes
1616 1764 1735 1820 omnino

79 1854 157 1911 nulla
170 1854 344 1925 negligentia
362 1854 492 1911 videmus
513 1855 667 1912 accideret
682 1857 718 1913 Ει
734 1865 829 1914 tamen
885 1865 1033 1927 apeccato
1063 1870 1189 1924 manere,
1219 1855 1362 1911 neminem
1391 1853 1479 1910 latere
1507 1866 1581 1908 reor.
1607 1853 1659 1920 lia,
1689 1851 1734 1908 in·

84 1957 185 1999 eorum
215 1943 425 2011 infidelitatem,
451 1944 481 2000 in
510 1958 570 2015 qua
596 1944 724 2003 defuncti
747 1954 827 2017 sunt,
885 1946 1020 2018 quamsi
1044 1945 1152 2016 peccati
1173 1943 1347 2000 vocabulum
1363 1943 1452 2015 large,
1473 1949 1507 1999 ιιι
1529 1940 1668 2008 diximus,
1683 1955 1731 1998 ac-

79 2033 252 2088 mnaticnem
275 2032 408 2089 sulficere
430 2033 564 2101 dicimus,
585 2036 720 2104 quamvis
738 2036 829 2107 hujus
884 2036 1021 2107 cipientcs
1045 2035 1093 2091 iila
1117 2034 1204 2091 etiam
1232 2047 1369 2091 vocemus
1399 2039 1525 2103 peccata,
1550 2045 1734 2103 quecunque

82 2121 130 2190 tis,
145 2122 175 2177 in
188 2136 248 2192 qua
267 2122 406 2179 Dominus
418 2137 467 2179 eos
486 2123 637 2189 dimiserit,
661 2138 750 2180 eausa
775 2127 829 2182 mi-
883 2140 941 2182 non
963 2125 1166 2181 convenienter
1191 2122 1322 2179 facimus.
1344 2121 1373 2178 Si
1388 2129 1485 2178 autem
1501 2120 1613 2192 proprie
1629 2133 1735 2190 pecca-

79 2210 134 2267 ibis
147 2219 294 2282 appareat.
311 2211 403 2278 Quam
420 2212 554 2281 prolecto,
578 2211 602 2268 si
622 2212 688 2282 quis
713 2222 828 2284 peccato
883 2223 944 2272 tnm
970 2213 1159 2284 intelligentes
1180 2212 1273 2269 solum
1302 2211 1352 2268 [lei
1376 2217 1581 2280 comtemptum
1602 2209 1734 2266 dicamus

79 2347 81 2355 .
119 2300 181 2356 sine
222 2300 308 2371 culpa
348 2300 498 2364 ascribat,
540 2301 666 2358 fortassis
707 2301 825 2371 licebit,
884 2312 1043 2374 peccatum,
1059 2311 1149 2372 potest
1174 2315 1274 2358 revera
1298 2300 1360 2356 sine
1384 2299 1581 2357 bocvitaista
1601 2299 1731 2370 transigi,

80 2389 221 2446 bsurdum
237 2389 263 2445 ei
277 2389 421 2460 videatur,
443 2390 512 2447 tales
533 2391 595 2446 sine
608 2399 723 2462 peccato
742 2391 828 2450 dam·
882 2394 1018 2465 quamvis
1038 2407 1104 2449 cum
1128 2391 1256 2447 maxima
1282 2388 1460 2447 difficultate.
1476 2388 1533 2445 Nee
1555 2387 1679 2459 prolecto
1694 2386 1733 2443 il-

882 2483 943 2550 lud,
967 2489 1000 2539 nt
1022 2495 1111 2551 supra
1135 2479 1330 2548 meminimus,
1347 2479 1431 2536 nobis
1446 2492 1463 2534 a
1477 2480 1534 2534 Dec
1552 2476 1731 2547 prohibitum

90 2573 186 2623 tamen
208 2569 322 2638 proprie
349 2576 508 2639 peccatum,
539 2576 570 2625 nt
591 2584 665 2640 saepe
690 2570 751 2641 jani
771 2585 827 2628 me·
881 2571 1188 2640 est,nisiconsensus
1211 2569 1371 2640 malique
1400 2569 1490 2624 ileum
1507 2567 1729 2635 contemnimus,

79 2669 129 2721 us,
152 2656 222 2712 illud
257 2656 351 2713 solum
377 2657 433 2714 dici
466 2659 653 2726 arbitramur,
691 2661 769 2730 quod
796 2661 826 2716 in
881 2661 966 2717 etiam
992 2674 1059 2716 cuni
1087 2659 1123 2715 de
1150 2671 1233 2728 opere
1266 2657 1418 2728 preceptio
1443 2656 1505 2713 fieri
1532 2655 1658 2722 videtur,
1689 2654 1731 2710 sic

87 2744 270 2816 negligentiae
299 2747 436 2813 consistit,
458 2762 511 2804 nec
540 2748 569 2803 in
593 2747 741 2818 aliquibus
766 2764 827 2807 esse
882 2759 915 2806 ut
952 2748 1086 2820 superius
1117 2747 1315 2817 exposuimus,
1353 2746 1401 2802 ubi
1432 2745 1517 2800 etiam
1550 2743 1730 2800 ostendimus

101 2833 305 2905 cujuscunque
326 2836 383 2891 sint
408 2838 511 2905 uitatis,
533 2837 605 2908 quin
621 2852 653 2892 ex
675 2838 728 2894 boc
742 2838 825 2894 dam·
881 2838 963 2895 aliter
990 2849 1175 2908 nequaquam
1199 2849 1217 2891 a
1243 2835 1327 2892 nobis
1352 2841 1493 2904 praecepta
1516 2846 1596 2903 posse
1611 2845 1728 2889 suaeu-

79 2932 233 2980 iereantur.
257 2924 321 2981 Non
342 2926 456 2982 credere
475 2940 543 2982 vero
569 2926 727 2994 Christum,
746 2928 826 2998 quod
842 2950 863 3007 C
880 2928 991 2985 stodiri.
1061 2992 1064 2998 ,

79 3012 153 3068 itatis
174 3021 227 3079 est,
256 3015 400 3084 quomodo
431 3014 628 3085 parvulis‚vel
651 3016 696 3072 liis
718 3017 827 3087 quibus
850 3010 872 3059 Γ
914 3018 1101 3073 Peccatcrum
1142 3021 1241 3070 autem
1274 3013 1332 3069 alia
1370 3012 1493 3069 venialia
1521 3011 1670 3077 dicuntur,
1699 3019 1728 3069 ιι

79 3106 102 3156 ιι
139 3102 357 3167 annuntiatum,
386 3104 477 3173 culpae
506 3103 607 3160 debeat
626 3105 740 3173 ascribi,
768 3120 826 3162 non
881 3105 965 3178 quasi
994 3105 1080 3170 levia,
1106 3102 1163 3158 alia
1191 3101 1368 3159 damnabilia
1401 3102 1463 3158 sive
1488 3101 1597 3173 gravia.
1615 3101 1728 3158 Rursus

93 3187 139 3245 ιιι
164 3189 307 3260 quidquid
342 3192 599 3262 perignorantiam
630 3192 824 3250 invincibilem
878 3193 1090 3251 damnabilium
1113 3190 1247 3264 quaedam
1271 3189 1435 3248 criminalia
1447 3190 1595 3259 dicuntur,
1611 3203 1679 3259 quae
1695 3189 1727 3246 iii

78 3275 146 3333 ivel
172 3278 330 3346 praevidere
345 3293 403 3335 non
430 3280 702 3347 valiiimus3veluti
716 3281 740 3337 si
760 3282 827 3352 quis
878 3282 934 3339 illis
971 3295 1120 3353 personam
1155 3281 1291 3337 infamem
1328 3280 1373 3336 vel
1411 3278 1595 3335 criminosam
1633 3277 1727 3334 lacere

79 3365 232 3435 bominem,
261 3382 347 3437 quem
378 3383 436 3425 non
466 3370 542 3425 videt
573 3371 602 3424 in
628 3368 826 3441 silva'sagitta
879 3372 995 3440 babent,
1022 3369 1100 3426 siin
1136 3369 1315 3426 audientiam
1343 3367 1471 3434 veniant,
1496 3367 1630 3440 quaedam
1656 3381 1726 3424 vero

79 3454 225 3517 eiatdnm
246 3456 313 3512 feris
331 3457 375 3513 vel
404 3457 508 3513 avibus
534 3459 705 3530 sagittandis
730 3458 824 3515 inten-
877 3460 1006 3518 minime.
1034 3459 1163 3518 venialia
1189 3459 1317 3531 quidem,
1347 3459 1392 3515 vel
1416 3456 1484 3514 talia
1507 3463 1624 3527 peccata
1645 3464 1724 3525 sunt,

79 3557 135 3599 iem
154 3551 250 3600 tamen
276 3545 346 3602 dum
367 3560 484 3616 peecare
508 3561 558 3617 per
574 3548 766 3618 ignorantiam
781 3548 824 3603 di·
878 3550 995 3621 quando
1012 3551 1041 3606 in
1065 3565 1098 3607 eo
1126 3548 1332 3615 consentimus,
1352 3547 1398 3604 ciii
1416 3561 1473 3603 non
1487 3547 1725 3604 consentiendum

107 3632 183 3689 sieut
208 3647 260 3689 nos
287 3636 462 3706 quandoque
490 3637 615 3693 latemur
644 3651 702 3693 non
730 3637 825 3693 solum
876 3654 938 3695 esse
962 3639 1080 3707 seimus,
1108 3639 1156 3694 sed
1186 3645 1257 3694 tunc
1283 3643 1379 3693 tamen
1417 3650 1475 3691 non
1512 3635 1639 3692 occurrit
1668 3649 1726 3691 me·

79 3733 185 3789 ‚senem
210 3724 419 3779 verumetiam
445 3724 474 3779 in
498 3724 670 3796 cogitatione
696 3738 823 3794 peecare,
876 3728 975 3785 moriae
998 3728 1068 3784 illud
1095 3728 1173 3798 quod
1200 3727 1326 3795 scimus;
1352 3724 1444 3780 multa
1472 3723 1579 3794 qnippe
1606 3723 1723 3792 scimus,

79 3823 106 3865 ao
124 3824 184 3865 non
203 3812 318 3882 proprie
339 3826 389 3882 pro
413 3813 499 3883 eulpa
515 3813 661 3883 ponimns,
675 3813 724 3869 sed
745 3813 825 3884 large
876 3817 962 3873 etiam
988 3816 1173 3883 dormientes,
1193 3814 1243 3889 Ιιιι
1269 3813 1387 3884 quando
1401 3826 1501 3868 eorum
1518 3826 1576 3868 non
1590 3812 1725 3868 reeorda-

79 3911 144 3966 ΜΒ,
181 3912 233 3969 lir0
261 3914 295 3956 0⁰
321 3902 437 3966 scilicet,
467 3902 546 3973 quod
575 3917 627 3958 nos
654 3902 749 3958 lacere
773 3902 825 3958 mi-
876 3919 953 3962 mur.
990 3906 1051 3961 Non
1082 3904 1159 3961 enim
1192 3901 1360 3960 dormiendo
1409 3908 1521 3956 nostras
1565 3899 1726 3956 amittimus

79 3986 218 4056 cnvenit,
242 3988 302 4045 sive
318 3990 345 4045 id
364 4004 413 4059 per
436 4004 562 4047 errorem
579 3991 640 4046 sive
659 4005 708 4060 per
733 3989 824 4061 negli·
876 3995 1019 4061 scientias,
1046 3994 1091 4051 vel
1119 3992 1199 4050 stulti
1227 3991 1380 4055 efficimur,
1407 3993 1459 4070 ant
1474 4003 1541 4045 cum
1556 3989 1723 4056 vigilamus,

79 4089 113 4141 n,
139 4076 184 4132 vel
213 4091 393 4149 quocunque
416 4080 500 4136 modo
526 4080 738 4137 inconvenienti
763 4079 823 4135 fiat.
875 4084 1017 4154 sapientes
1039 4081 1193 4141 eftieimnr.
1216 4081 1396 4152 Quandoque
1411 4078 1509 4151 itaque
1528 4078 1573 4134 vel
1591 4077 1620 4134 in
1640 4077 1723 4132 vani·

79 4172 100 4221 ⁵⁸
113 4178 183 4235 “8⁰
199 4179 247 4235 ιιι
263 4167 455 4238 iii¹¹⁰s²1¹¹lii²ffl
483 4183 610 4238 ιιθῡιιιθ,
634 4167 824 4238 11011011192111
877 4172 1020 4244 loquium,
1044 4172 1089 4229 vel
1119 4173 1148 4227 in
1176 4170 1358 4242 superfluum
1380 4182 1461 4226 esum
1479 4167 1524 4225 vel
1538 4175 1637 4238 potum
1652 4180 1725 4222 eon-

79 4271 83 4305 ·.
106 4253 222 4319 babere,
252 4257 399 4339 sedquod
415 4257 499 4313 nobis
524 4272 581 4313 non
610 4258 755 4324 convenit,
784 4258 823 4313 fa·
838 4299 860 4353 D
876 4261 1027 4328 sentimus,
1050 4260 1128 4333 quod
1153 4262 1248 4316 lamen
1270 4271 1458 4330 nequaquam
1479 4270 1541 4313 esse
1560 4254 1724 4312 laciendum

79 4341 110 4399 ἰι
127 4356 244 4413 peccare
267 4345 296 4400 in
322 4346 504 4416 cogitatione,
522 4347 575 4402 boc
594 4355 646 4413 est,
661 4346 820 4414 voluntate,
878 4350 1013 4421 scimus3
1039 4350 1088 4406 sed
1126 4356 1195 4406 tunc
1225 4348 1343 4406 minime
1379 4346 1613 4413 recordabamur,
1646 4344 1725 4416 quod

79 4445 121 4488 ios
144 4433 217 4489 velle
242 4435 359 4490 minime
387 4436 530 4502 convenit,
552 4436 595 4492 vel
621 4436 650 4492 in
668 4436 821 4505 locutione,
877 4454 935 4495 iion
961 4447 1034 4496 esset
1061 4439 1233 4499 laciendum.
1258 4437 1340 4493 Tales
1355 4436 1452 4508 itaque
1467 4448 1635 4501 consemus,
1651 4447 1725 4504 quos

98 4521 272 4591 θιθιιίίθῦθ,
301 4523 380 4594 Ιθιιῦί
410 4539 462 4581 nos
487 4524 529 4580 vel
549 4539 644 4596 agere,
669 4525 746 4596 quod
763 4538 822 4579 non
877 4541 929 4599 per
951 4528 1123 4585 oblivionem
1151 4527 1340 4592 incurrimus,
1368 4524 1494 4581 venialia
1512 4531 1563 4580 aut
1589 4523 1664 4579 levia
1680 4521 1724 4578 di·

79 4617 99 4678 ι,
123 4610 176 4666 etsi
210 4625 260 4681 per
286 4611 482 4684 ignorantiam
511 4614 593 4671 nobis
623 4614 721 4670 invitis
750 4612 822 4670 illud
877 4625 985 4674 cuntur
1005 4624 1130 4687 peecata,
1158 4615 1212 4672 boc
1234 4623 1286 4684 est,
1313 4628 1372 4670 non
1393 4627 1509 4685 magnae
1521 4609 1724 4669 satisfactionis

79 4706 98 4755 t.
121 4698 169 4755 Sic
191 4708 219 4755 et
252 4701 324 4764 illos,
356 4702 378 4757 si
404 4703 653 4773 persequebantur
675 4703 822 4760 Christum
877 4720 962 4777 poena
983 4706 1163 4777 corrigenda,
1189 4711 1239 4760 aut
1270 4704 1315 4759 vel
1341 4710 1425 4759 extra
1455 4700 1603 4758 ecclesiam
1618 4699 1722 4770 positi,

80 4801 124 4856 cs,
159 4802 232 4858 quos
264 4791 477 4860 persequendos
506 4791 660 4847 credebant
688 4805 739 4861 per
760 4805 823 4861 ope·
876 4796 922 4853 vel
942 4795 1025 4867 gravi
1045 4793 1217 4851 abstinentia
1231 4792 1321 4864 pressi
1335 4791 1372 4848 ob
1388 4790 1456 4849 talia
1472 4790 1650 4861 plectamur;
1671 4801 1723 4858 pro

79 4890 115 4933 im
148 4891 280 4948 peccasse
311 4879 444 4949 dicimus,
481 4881 534 4952 qui
569 4888 665 4936 tamen
702 4881 823 4951 gravius
877 4883 986 4953 quibus
1021 4883 1138 4953 quidem
1173 4881 1356 4953 negligentiis
1388 4879 1592 4950 poeniieniibus
1626 4875 1722 4933 dimit·

79 4978 88 5021 i
126 4974 311 5036 peccassent,
353 4969 376 5024 si
413 4976 514 5025 contra
548 4969 754 5026 conscientiam
782 4970 823 5025 eis
877 4972 970 5028 tendis
1005 4971 1094 5028 verba
1130 4970 1307 5041 quotidianae
1343 4966 1527 5024 confessionis
1558 4966 1724 5038 frequenta·

79 5061 135 5111 ent.
876 5075 952 5129 nius,
991 5060 1020 5116 in
1058 5073 1118 5131 qua
1151 5060 1269 5116 minime
1297 5056 1529 5115 commemoratio
1554 5055 1724 5129 graviorum

877 5149 1031 5221 culparum
1054 5148 1186 5205 facienda
1207 5155 1260 5212 est,
1288 5149 1337 5205 sed
1366 5154 1480 5204 tantum
1497 5146 1648 5203 leviorum.
1664 5144 1724 5202 Ne-

877 5251 935 5309 que
956 5237 1034 5294 enim
1056 5236 1093 5293 ibi
1116 5235 1210 5292 dicere
1235 5235 1382 5304 debemus,
1406 5232 1522 5306 peccavi
1537 5232 1567 5290 in
1583 5232 1722 5306 perjurio,

78 5323 156 5381 ritnr
188 5333 286 5382 aetem
323 5334 423 5384 utrum
453 5341 538 5385 omne
569 5334 720 5398 peccatum
747 5329 823 5384 Deus
877 5327 907 5383 in
934 5325 1097 5393 homicidio,
1122 5325 1152 5381 iii
1176 5325 1328 5392 adulterio,
1356 5331 1383 5381 et
1415 5322 1624 5389 consimilibus,
1657 5337 1724 5395 qnae

90 5414 269 5472 interdicat?
306 5416 387 5483 Quod
428 5418 451 5473 si
488 5417 672 5488 recipiamus,
707 5416 823 5474 videtur
877 5414 1064 5483 damnabilia,
1099 5421 1127 5471 et
1152 5414 1288 5487 graviora
1322 5415 1462 5475 dicuntur
1494 5419 1609 5485 peccata
1623 5427 1633 5484 ;
1663 5413 1725 5470 liaec

79 5503 292 5566 rutenabititer
323 5519 418 5579 agere,
447 5520 516 5566 cum
549 5518 737 5580 nequaquam
760 5506 826 5566 vita
877 5505 986 5580 quippe
1008 5517 1068 5564 non
1095 5517 1147 5578 per
1166 5504 1351 5573 oblivionem,
1375 5504 1450 5568 sicut
1463 5504 1514 5565 illa
1532 5502 1721 5571 incurrimus,
1812 5524 1814 5528 ι

85 5196 151 5256 XV.
169 5200 267 5256 Utrum
277 5215 353 5256 omne
366 5206 506 5271 peceatum
519 5201 556 5257 sit
570 5199 769 5258 interdictum?
