3804 5962
553 208 754 268 rubefecit
772 211 993 271 CHRISTIANA.
1008 243 1044 256 -
1054 213 1119 270 ctu.
1140 214 1175 270 lt.
1666 221 1734 276 fleo

105 329 263 402 preteritas
289 329 463 402 voluptates,
478 339 506 390 et
531 333 729 391 recordatione
750 334 836 392 ritio-
852 334 940 408 Aper
951 341 1097 408 capitatam
1119 340 1227 408 portum
1243 336 1353 408 (flulti.
1369 350 1420 406 vu,
1446 337 1500 409 ll),
1516 344 1543 395 et
1560 353 1566 392 :
1583 341 1662 394 flecti
1685 337 1735 409 qui

76 419 297 492 :ogatanlrnam
321 421 499 492 compellet
522 423 834 494 quodammodoerer-
890 439 917 480 re
949 430 1139 481 castraverunt
1172 430 1287 496 propfer
1316 441 1428 494 regnum
1464 427 1590 482 culorum
1621 429 1729 501 (tratti.

76 508 145 580 prod
160 522 218 565 non
248 508 317 581 agit.
343 509 392 565 His
414 511 506 581 igitur
528 511 693 568 rationibus
719 512 835 569 inritati
889 527 952 581 ιιι,
973 512 1024 584 li).
1040 513 1112 571 Nam
1134 519 1162 571 et
1190 515 1270 570 hunc
1289 514 1375 570 furem
1398 529 1458 571 esse
1486 516 1526 571 eis
1555 519 1733 588 propositum

97 597 349 668 philosophorum,
380 600 563 671 reliquerunt
589 601 767 672 frequentias
782 617 835 657 ur·
889 609 1009 668 constat,
1027 603 1062 659 de
1083 603 1263 674 perceptione
1290 603 1398 661 scillcet
1416 612 1530 661 aetcrnae
1548 605 1624 674 ritae,
1646 622 1733 678 quem

76 693 125 752 ,et
140 685 268 743 hortulos
289 687 484 753 suburbanos,
502 689 554 746 ubi
576 703 645 761 agor
664 690 795 762 irriguus
808 698 836 748 et
889 698 916 748 et
945 690 1005 761 ipse
1028 692 1165 748 hominus
1188 691 1279 751 nobis,
1293 693 1462 763 assignarit,
1484 701 1512 749 er
1540 708 1627 764 quem
1646 694 1735 752 lsrael

77 789 127 832 nm
150 789 248 846 comae,
265 784 294 834 et
321 791 463 835 susurrus
487 779 595 847 avium,
616 779 705 836 furuis
730 795 836 851 specu·
890 779 988 836 minus
1003 780 1166 837 attendebat
1189 795 1239 851 spe
1266 788 1294 837 et
1313 781 1467 837 ambitione
1483 789 1603 838 terrenae
1617 782 1733 841 felicita·

78 863 159 922 rivus
175 878 371 933 murmurans,
388 876 414 924 et
429 867 528 925 multae
544 868 694 926 oculorum
707 869 835 926 aurium·
889 867 925 923 tis
944 867 1002 924 Deo
1030 868 1123 940 magis
1148 868 1306 938 subiectus,
1330 883 1418 941 quam
1447 869 1586 951 desiderio
1612 879 1733 929 aeterno·

77 953 212 1023 llecebra,
228 969 264 1012 nc
278 970 329 1026 per
350 956 454 1013 luxum
472 964 499 1013 et
513 957 726 1015 abundantiam
741 957 835 1028 copia·
892 971 967 1013 rum.
982 958 1062 1015 Unde
1077 965 1104 1014 et
1127 958 1168 1015 eis
1182 957 1284 1015 litterar
1297 959 1518 1016 veneratoribus
1544 960 1625 1017 nulla
1651 962 1735 1019 retri-

77 1043 178 1101 animae
194 1043 330 1101 fortitudo
352 1046 538 1116 mollesceret,
554 1053 581 1104 et
608 1044 671 1118 ejus
697 1046 838 1117 pudicitia
890 1045 972 1117 butio
992 1045 1021 1102 in
1036 1046 1098 1118 lege
1118 1047 1152 1103 dc
1176 1047 1375 1105 observatione
1401 1047 1472 1120 legis
1498 1049 1585 1120 juxta
1610 1049 1735 1108 litteram

77 1139 180 1189 aretur.
206 1132 312 1190 inutile
335 1134 441 1204 quippe
463 1142 506 1191 est
534 1135 635 1192 crebro
663 1135 838 1205 ridere}per
892 1133 1032 1205 promissa
1046 1141 1097 1191 aut
1114 1135 1308 1205 exspectanda
1328 1143 1380 1202 cst,
1399 1136 1452 1191 uisi
1478 1139 1655 1210 prosperitas
1680 1146 1734 1197 ter·

77 1220 226 1292 aliquando
243 1227 345 1292 captus
367 1222 417 1290 sis,
434 1228 579 1280 eteorum
595 1230 621 1280 tc
641 1222 837 1294 experimento
891 1236 971 1290 rena,
997 1222 1032 1278 ad
1050 1236 1139 1294 quarn
1161 1229 1219 1280 toto
1239 1223 1351 1280 inhiant
1365 1223 1514 1281 desiderio.
1532 1225 1601 1291 Quae
1618 1227 1737 1298 quidem

77 1310 177 1376 littere,
194 1310 302 1381 qulbus
315 1310 470 1368 difficulter
484 1326 593 1369 careas.
606 1312 680 1370 Nam
694 1319 721 1370 et
735 1311 838 1384 Pytha·
891 1309 1040 1379 promissio
1056 1311 1086 1367 in
1109 1312 1332 1368 Deuteronomio
1352 1318 1449 1382 aperto
1471 1313 1635 1371 continetur
1657 1317 1735 1387 capi·

77 1447 79 1453 .
108 1397 306 1470 hujuscemodi
349 1401 543 1472 frequentiam
577 1402 776 1474 dedignantes,
807 1401 837 1456 in
892 1397 1040 1455 tuloxxry
1062 1404 1090 1456 et
1118 1412 1227 1455 rxvut.
1255 1398 1292 1456 At
1319 1408 1386 1456 roro
1413 1399 1464 1470 qul
1495 1400 1542 1456 hic
1570 1401 1737 1459 transitoria

80 1486 146 1544 dine
184 1495 211 1545 et
249 1488 368 1546 desertis
398 1488 467 1547 locis
510 1489 644 1547 habitare
681 1502 838 1547 consuere·
892 1485 1065 1557 despiciunt,
1094 1494 1266 1544 necesseest
1292 1494 1326 1544 ut
1350 1487 1462 1558 potiora
1486 1489 1531 1546 his
1559 1489 1737 1561 aliquaspe·

98 1575 237 1632 Platonici
282 1592 399 1648 quoque
422 1586 450 1633 et
478 1577 564 1635 Stoici
606 1578 635 1634 in
662 1579 836 1649 templorum
891 1581 1036 1647 rentquae
1062 1583 1263 1645 suntaeterna,
1289 1575 1735 1647 sicutphilosopuretcurlsria·

85 1663 141 1736 (43)
164 1673 192 1722 et
221 1665 383 1736 porticibus
401 1668 604 1736 versabantur,
636 1674 668 1724 ut
697 1627 874 1724 admonitiB
893 1664 933 1721 ni,
947 1664 1020 1721 Hinc
1032 1671 1060 1721 et
1078 1679 1167 1736 supra
1187 1665 1380 1735 Hieronymus
1403 1666 1625 1724 consolationem
1642 1667 1738 1725 Socra·

78 1753 169 1811 slioris
185 1754 342 1812 habitaculi
367 1755 527 1825 sanctitate,
544 1755 617 1813 nihil
642 1756 723 1813 aliud
748 1769 836 1827 quam
893 1751 930 1808 tis
954 1750 1065 1809 induxit
1088 1766 1176 1824 super
1200 1752 1437 1810 condemnatione
1466 1754 1529 1826 eius
1550 1755 1586 1811 ad
1616 1764 1736 1813 mortem

78 1842 199 1900 rtutibus
214 1843 384 1915 cogitarent.
399 1844 453 1900 scd
468 1852 496 1902 ct
511 1844 570 1915 ipse
585 1843 665 1901 Plato
676 1859 743 1901 cum
758 1845 837 1901 dives
892 1841 1074 1910 immeritam,
1117 1841 1152 1898 de
1189 1843 1378 1913 promerenda
1417 1841 1586 1900 immortalis
1634 1846 1739 1902 animae

95 1939 123 1989 et
146 1932 263 1989 thorum
279 1934 343 2003 ejus
368 1932 508 2004 Diogenes
524 1932 623 1990 lutatis
639 1932 759 2003 pedihus
773 1947 838 1990 con·
892 1931 1080 1998 beatitudine,
1107 1939 1165 1986 tam
1189 1931 1218 1987 in
1234 1930 1288 1987 llde
1303 1930 1414 1988 Sanctae
1426 1932 1581 2001 Trinitatis,
1603 1948 1691 2005 quarn
1707 1935 1738 1990 in

78 2026 128 2090 ret,
151 2028 182 2077 ut
200 2029 291 2092 posset
307 2034 411 2078 vacare
438 2021 635 2092 pbilosopbtae,
660 2020 745 2094 elegit
771 2035 836 2078 aea·
891 2018 1058 2089 spefuturae
1074 2017 1261 2075 beatitudinis
1279 2020 1449 2091 coujunctos
1464 2021 1546 2079 nobis
1562 2021 1649 2079 foisse
1676 2022 1738 2093 phi·

78 2123 115 2166 tm
132 2110 188 2182 (44)
203 2110 303 2167 villam
326 2110 362 2166 ab
378 2111 450 2168 urbe
463 2111 573 2181 procul,
597 2126 655 2168 non
670 2111 763 2168 solum
787 2110 837 2167 de·
892 2107 1023 2179 losophos
1050 2107 1254 2180 intelligamus,
1279 2112 1308 2165 ei
1333 2109 1467 2166 eumdcm
1493 2109 1624 2182 utrisque
1651 2110 1737 2169 fluem

78 2213 109 2265 n,
138 2201 187 2256 sed
222 2198 411 2271 pestilentem,
448 2205 480 2256 ut
509 2213 580 2256 cura
606 2206 633 2256 et
670 2198 837 2256 assiduitate
892 2195 1142 2266 essepropositum
1164 2209 1198 2250 ac
1217 2195 1353 2253 brorium
1376 2196 1483 2268 ipsum,
1505 2197 1636 2255 videlicet
1659 2212 1736 2256 sum·

78 2301 189 2345 trorum
218 2288 274 2358 (45)
304 2287 433 2343 libidinis
468 2287 592 2358 impetus
621 2287 835 2360 frangerentur,
892 2298 973 2341 mum
989 2284 1068 2356 quod
1098 2285 1296 2342 beusestho-

78 2377 185 2449 »ulique
199 2377 245 2434 sui
259 2377 370 2434 nullam
394 2375 481 2433 aliam
498 2377 636 2433 sentirent
648 2375 835 2448 voluptatem,
891 2388 973 2431 num.
992 2374 1072 2431 Unde
1086 2382 1114 2431 et
1129 2389 1195 2431 curu
1211 2389 1296 2445 supe·
1368 2376 1558 2447 Hieronymus
1585 2376 1620 2433 ad
1643 2376 1736 2434 Pauli-

78 2465 528 2536 arumrcrumquasdlscerent.
545 2487 560 2516 »
892 2462 1199 2534 riusdeipsosocrate
1227 2464 1297 2520 bea·
1334 2479 1406 2521 num
1455 2465 1654 2537 presbyterum
1703 2466 1739 2523 de

95 2554 204 2627 quibus
228 2562 255 2612 et
281 2554 476 2624 Hieronymus
504 2554 540 2610 ad
559 2553 750 2611 Eustochium
765 2553 836 2611 scri·
891 2558 940 2610 tus
976 2559 1072 2624 ageret
1113 2553 1298 2625 Augustinus
1333 2554 1591 2612 omnibusdivinae
1614 2555 1739 2614 historia

89 2657 158 2701 cum
172 2651 317 2700 austeram
342 2643 543 2714 lltgyptiorum
557 2643 767 2700 monachorum
788 2657 838 2714 per
892 2640 961 2712 (49),
994 2640 1103 2697 dictum
1131 2647 1173 2696 est
1206 2640 1241 2696 de
1263 2655 1296 2697 eo
1332 2639 1433 2697 libris:
1451 2662 1465 2690 «
1492 2643 1670 2714 Legimusin
1692 2657 1740 2700 re·

79 2746 111 2790 as
133 2733 293 2790 divisorum
321 2732 518 2802 descripsisset
541 2733 664 2788 sitam:
699 2753 713 2783 a
743 2732 836 2799 Tales,
893 2729 967 2785 iuter
988 2734 1113 2785 caetera:
1133 2750 1143 2778 ι
1163 2726 1215 2783 llic
1238 2727 1298 2784 ani·
1335 2728 1444 2785 teribus
1472 2730 1608 2799 historiis,
1651 2745 1738 2802 quos·

79 2820 180 2895 tqlo),
210 2821 420 2893 philosophiam
447 2820 586 2877 Platonici
614 2821 756 2878 sermonis
774 2820 836 2876 imi·
891 2831 973 2874 mum
1011 2816 1134 2874 intendit
1171 2815 1207 2872 ad
1243 2815 1295 2873 hoe
1331 2816 1399 2872 daur
1438 2816 1574 2875 lustrasse
1625 2818 1741 2889 provin·

78 2924 103 2977 r,
118 2910 190 2967 tales
207 2911 347 2981 tosephus
364 2911 393 2966 in
414 2910 540 2967 iudaicae
556 2909 728 2980 captivitatis
752 2910 837 2967 histo·
893 2904 1298 2978 quodessetbcataeritaene·
1333 2905 1402 2973 cias,
1433 2920 1523 2962 noros
1552 2906 1656 2964 adiisse
1690 2921 1740 2978 po-

79 2999 182 3056 lsseuos
206 2999 308 3056 debere
341 2999 436 3056 refert.
464 3019 478 3053 ι
517 2998 731 3070 Philosophiam
767 2999 837 3056 dicit
854 2975 875 3033 C
892 2995 1049 3054 cessarium
1075 2997 1192 3066 propter
1210 3007 1298 3064 quant
1335 2994 1429 3064 pulos,
1459 2995 1553 3051 moria
1581 2996 1737 3066 transiisse,

79 3087 130 3146 rici
156 3089 306 3158 sermonis,
334 3103 423 3160 quam
453 3089 482 3145 in
520 3101 652 3145 sermone
680 3102 733 3144 suo
756 3086 836 3146 Plato
891 3098 985 3142 uuum
1011 3084 1143 3141 omnium
1175 3082 1300 3153 philoso-
1338 3090 1370 3139 ut
1384 3097 1432 3140 eos
1446 3098 1519 3155 quos
1533 3098 1570 3142 ex
1594 3085 1675 3141 libris
1688 3099 1738 3142 no·

82 3178 142 3236 sire
164 3177 303 3235 Platonici
331 3178 537 3249 praedicabant.
558 3177 593 3233 lli
608 3177 728 3249 quidem
751 3177 837 3249 y'nxta
891 3170 1299 3244 phoruminrigilasseacla-
1334 3179 1448 3240 verant,
1485 3187 1582 3230 coram
1623 3189 1740 3246 quoquc

79 3267 170 3325 ibium
185 3265 243 3338 (47)
260 3268 296 3323 ad
323 3274 433 3323 tantam
462 3267 527 3322 vitae
549 3265 749 3323 celsitudinem
774 3279 835 3336 per·
892 3263 1007 3320 horasse
1052 3261 1170 3318 videtur
1210 3253 1296 3317 indu'·
1332 3261 1473 3318 viderent.
1491 3261 1536 3320 Sic
1561 3264 1741 3335 Pythagoras

79 3358 274 3424 seridentur,
299 3364 331 3414 ut
356 3354 837 3427 ipsiaquibusdamsolirirtutes
891 3349 1073 3418 stria-Qui
1098 3349 1231 3408 etiamde
1257 3350 1299 3406 di·
1335 3350 1530 3421 Hempbiticos
1571 3357 1661 3422 rates,
1700 3351 1742 3410 sic

79 3445 308 3511 ecredereutur,
325 3456 424 3513 anper
443 3456 491 3498 cas
510 3441 560 3497 soli
584 3441 645 3498 fieri
667 3441 753 3497 beati.
774 3439 838 3497 Plo·
891 3439 1011 3512 scipulis
1039 3439 1162 3497 Socratis
1192 3439 1296 3510 adjecit
1334 3439 1412 3496 Plato
1442 3441 1598 3512 AEgyptum
1637 3448 1665 3498 et
1689 3444 1742 3497 Ar·

85 3548 155 3592 vero
170 3533 246 3590 inter
275 3531 462 3603 philosophiae
488 3529 661 3601 professores
683 3544 749 3587 cum
778 3529 838 3587 Pla·
891 3531 1007 3587 dicens:
1034 3528 1191 3597 «Quorum
1211 3535 1300 3584 certa·
1335 3527 1442 3584 chitam
1458 3529 1646 3587 Tarentinum
1661 3544 1742 3586 eam-

80 3624 213 3695 ¹trinceps,
232 3630 265 3679 ut
290 3623 331 3679 ait
358 3619 528 3686 Macrobius,
545 3633 611 3676 cum
631 3626 760 3689 quatuor
778 3616 838 3675 vir·
892 3617 1296 3687 tinstudtnmfuft,fnquas-
1332 3630 1390 3687 que
1424 3630 1505 3674 oram
1544 3618 1631 3676 ltaliae
1677 3633 1743 3691 quae

82 3712 292 3785 quadrifariam
317 3709 470 3778 divisisset,
483 3709 513 3764 in
532 3707 693 3764 Platonicas
705 3707 763 3778 (48)
778 3707 837 3764 sci·
892 3709 1003 3766 tionum
1028 3705 1182 3762 moralium
1206 3705 1295 3761 disce·
1332 3705 1480 3775 quondam
1501 3705 1606 3779 bfagua
1633 3706 1742 3765 Gracia

80 3803 203 3870 rirtutes,
218 3808 246 3857 et
268 3798 462 3872 purgatorias,
495 3804 522 3854 et
542 3811 608 3868 quaa
632 3803 700 3875 sunt
722 3795 837 3867 purgati
893 3797 1019 3868 ptatione
1033 3793 1153 3862 versari,
1168 3794 1219 3850 ubi
1234 3792 1295 3864 agi·
1332 3792 1493 3861 dicebatur,
1551 3794 1740 3853 laboriosissi-

80 3890 138 3947 lac
165 3888 294 3959 defecati,
321 3896 408 3958 atque
433 3886 632 3956 exemplares;
654 3884 839 3956 purgatorias
891 3885 990 3944 turdo
1005 3897 1118 3941 summo
1134 3882 1219 3950 bono,
1235 3883 1298 3937 sine
1336 3895 1380 3937 me
1407 3883 1590 3951 peragravit;
1620 3891 1653 3941 ut
1689 3885 1741 3954 qui

80 3977 261 4048 uphantibns
284 3975 369 4047 quasi
398 3974 527 4046 proprias
559 3973 704 4044 assignat;
731 3978 759 4028 et
794 3971 838 4027 hae
893 3989 952 4047 qno
984 3973 1046 4030 fleri
1070 3972 1172 4029 heatus
1196 3970 1295 4027 nullus
1332 3969 1453 4027 Athenis
1478 3970 1616 4042 magister
1637 3981 1741 4031 crater

87 4066 194 4140 inquit,
221 4065 355 4131 hominis,
372 4065 423 4135 qui
439 4062 529 4118 dirini
545 4074 637 4131 capax
659 4067 711 4129 est,
727 4059 838 4117 solum-
894 4069 993 4135 potest.
1011 4060 1054 4118 Ad
1068 4061 1122 4116 hoc
1136 4058 1222 4116 etilla
1237 4071 1299 4129 per·
1336 4066 1448 4147 potens,
1473 4059 1619 4132 cujusque
1634 4060 1739 4119 doctri·

80 4156 196 4213 nimum
212 4157 274 4227 ejus
298 4153 468 4224 expediunt,
483 4150 673 4222 quidecrerit
687 4164 717 4206 se
740 4162 840 4205 acor·
894 4151 964 4209 tinet
1004 4147 1170 4211 exhortatio,
1208 4160 1297 4205 uuam
1335 4162 1403 4204 nam
1430 4148 1592 4206 Academiae
1626 4165 1744 4223 gymna·
1816 4198 1818 4203 .

95 4247 265 4318 contagione
291 4256 425 4315 purgare,
446 4248 473 4298 et
497 4241 624 4312 quadam
644 4240 839 4297 humanorum
894 4235 1303 4308 rectorlhusrelpublicae'l'ul·
1338 4236 1381 4292 sia
1416 4238 1619 4309 personabant,
1663 4239 1742 4298 fleret

81 4335 149 4393 solis
173 4350 202 4392 se
228 4334 353 4391 inserere
381 4331 505 4400 divinls3
534 4342 671 4401 quorum,
688 4328 836 4399 inquiunt,
855 4324 877 4378 ll
895 4328 952 4386 lius
966 4325 1075 4396 scribit,
1091 4325 1231 4381 inducens
1245 4323 1300 4380 sci·
1337 4323 1504 4395 peregrinus
1527 4333 1615 4397 atque
1654 4327 1742 4384 disci-

81 4426 252 4483 tntiamessc
275 4422 419 4480 mundum
441 4420 530 4476 istum
553 4425 581 4476 et
605 4417 701 4475 omnin
729 4416 840 4488 quaein
895 4413 1299 4485 licetarumScipionis,com
1337 4411 1435 4482 pulos,
1487 4412 1597 4472 malens
1647 4415 1742 4472 aliena

81 4515 105 4571 lo
121 4515 221 4571 insunt
235 4512 401 4568 divinorum
421 4507 661 4578 contemplatione
684 4505 838 4577 despicere,
895 4520 928 4563 eo
951 4518 1002 4575 per
1029 4517 1164 4560 somnum
1191 4502 1231 4558 ita
1260 4501 1299 4558 lo·
1337 4501 1498 4558 verecunde
1512 4502 1629 4572 discere,
1652 4517 1742 4575 quam

81 4617 168 4674 mque
183 4601 272 4658 animi
291 4600 491 4672 cogitationem
516 4597 546 4653 in
569 4596 630 4653 sola
650 4596 749 4652 divina
767 4595 841 4652 diri·
896 4601 1056 4667 quantem:
1084 4591 1137 4648 Sed
1166 4605 1224 4662 quo
1250 4589 1299 4658 sis,
1337 4603 1391 4646 sua
1418 4590 1615 4661 imprudenter
1629 4592 1742 4669 ingere·

105 4690 312 4762 Temperantia
340 4696 448 4755 autem,
475 4686 573 4743 omnia
606 4684 770 4755 relinquere
811 4685 841 4740 in
897 4683 1040 4750 Africana,
1057 4679 1179 4736 alacrior
1202 4679 1238 4735 ad
1258 4687 1303 4735 tu·
1340 4691 1381 4735 re.
1407 4679 1536 4751 lienique
1551 4694 1618 4736 cum
1634 4681 1743 4739 litteras

81 4789 140 4839 tum
154 4789 260 4838 natura
275 4779 401 4850 ponitur,
427 4790 494 4849 quae
507 4776 634 4846 corporis
650 4787 722 4830 usus
740 4773 842 4844 requi·
897 4772 1014 4830 tendam
1028 4769 1248 4840 rempublicam,
1262 4769 1303 4826 sic
1339 4770 1425 4841 quasi
1440 4778 1497 4827 toto
1508 4769 1650 4843 fugientes
1674 4772 1744 4829 orbe

81 4871 129 4928 ssi
145 4878 174 4927 et
189 4869 243 4945 ipsi
258 4869 365 4941 pariter
378 4881 444 4924 cum
461 4865 523 4938 ipsa
538 4863 658 4921 veritate
677 4871 736 4919 tam
760 4859 843 4918 factis
899 4856 1299 4927 babatozomntbusqoipa·
1338 4859 1530 4928 persequitur,
1583 4867 1686 4930 captus
1727 4872 1744 4914 a

81 4960 197 5018 rrerbis
218 4959 347 5017 animent
366 4956 502 5014 omnibus
524 4953 557 5028 [s.
579 4949 713 5026 omnes]:
738 4950 844 5007 intrate
899 4951 984 5008 triam
1000 4946 1303 5005 conservaveriutcer·
1340 4947 1441 5017 piratis
1480 4955 1507 5004 ct
1546 4948 1742 5017 renundatus,

81 5137 189 5209 lApud
207 5135 295 5204 Hier,
314 5138 388 5191 locis.
898 5129 1039 5199 reseptos,
1066 5128 1173 5185 Grecos
1199 5128 1292 5182 Livius
1320 5127 1350 5181 in
1375 5127 1495 5182 secundo
1519 5128 1643 5184 ludaico
1659 5131 1746 5200 cepti·

82 5208 90 5281 )
107 5209 191 5280 Apud
208 5210 299 5274 uter,
314 5206 517 5262 Academicum.
900 5204 995 5257 citetis
1006 5200 1123 5254 historic
1133 5201 1249 5254 Essenos
1263 5199 1359 5265 refert.

83 5278 482 5352 lhpudHier.,moroorom.
711 5343 716 5355 Ι
822 5342 828 5354 .
947 5270 996 5412 473
1008 5268 1131 5327 llacrob.
1145 5269 1247 5352 l.,1in
1263 5270 1339 5327 Sam.
1355 5268 1421 5339 Sap.
1435 5283 1460 5325 c.
1476 5273 1503 5356 tl.
1675 5345 1680 5356 Ι

82 5353 236 5420 >fertum
264 5349 431 5420 Hieronymi
465 5360 523 5404 nou
547 5344 617 5401 satis
641 5343 763 5401 fldehter
800 5342 847 5400 lue
948 5343 983 5396 48
1008 5340 1090 5413 Apud
1105 5340 1285 5397 lfacrohrum
1304 5355 1362 5398 non
1384 5342 1539 5413 Platonica,
1561 5342 1610 5400 sed
1621 5345 1742 5416 politica

86 5421 266 5482 dhaelardus.
290 5420 362 5478 Nam
386 5417 464 5490 apud
488 5417 695 5487 hieronymum
720 5415 846 5487 siclegi·
901 5412 1052 5472 dicuntur.

88 5495 167 5551 Potes
189 5493 274 5548 Philo
298 5492 434 5548 Platonici
460 5490 591 5546 sermonis
615 5490 755 5544 imitator:
781 5487 847 5543 teter
938 5482 995 5556 (49)
1012 5481 1348 5556 augmentationi.
1365 5487 1393 5553 8,
1408 5498 1433 5541 c.
1448 5485 1476 5542 3.
