3736 5962
568 125 672 185 amun
691 122 874 184 ADVERSUS
891 123 1075 183 HAERESES.

1627 118 1697 179 titio

87 261 107 324 t,
128 258 242 311 ιιιιιιιιι
263 253 422 310 manducat.
446 252 557 310 &abac
577 254 648 308 enim
666 251 999 322 apollianorum
1025 254 1074 322 aui
1099 250 1169 306 bono
1190 251 1306 318 eperunt
1323 249 1353 303 in
1373 248 1599 304 resurrectionem
1623 251 1697 318 utta,

87 331 119 382 im
135 328 187 381 sibi
201 325 282 393 vicit,
308 331 333 381 ει
348 341 425 381 nemo
437 325 490 378 sibi
505 327 631 380 moritur.
652 325 715 381 Sive
725 325 798 379 enim

112 401 222 454 Domino
261 401 396 466 uiuimus;
420 399 476 451 siue
504 399 650 463 morimur,
684 397 797 451 Domino

110 470 173 525 Siue
196 485 259 535 erpo
282 471 423 531 morimur,
449 470 505 521 siae
530 471 660 529 uiuimus,
687 469 798 522 Domini

87 544 109 594 Γιι
134 541 181 594 ιιι
207 544 277 594 enim
296 541 419 596 Christus
439 544 561 593 mortuas
585 544 625 592 est
652 542 678 592 et
702 554 795 593 resur-

108 619 133 666 et
160 618 329 665 mortuorum
352 616 378 665 et
401 626 522 663 oscorum
555 609 717 663 dominetur.
758 612 797 664 Tu

87 684 127 737 ud
142 684 255 751 judicas
279 686 393 747 tratrem
410 679 511 736 toarni
526 688 573 734 aut
589 697 674 747 quare
688 682 796 750 spernis

89 761 188 808 tutem?
213 755 310 809 Omnes
321 758 394 806 enim
425 752 556 806 stabimus
586 759 649 806 ante
674 752 796 805 tribunal

113 825 173 879 Scio
200 828 270 879 enim
291 830 317 877 ει
341 823 443 891 confido
458 825 488 876 in
504 827 615 877 ιιιιιιιιιι
630 826 703 883 iesu,
729 825 797 892 quid

87 912 176 949 imane
190 913 239 964 per
261 899 360 964 ipsum.
382 911 429 948 nec
448 896 473 947 ei
502 897 551 964 qui
566 897 706 948 euistimut
728 893 797 962 quid

108 983 163 1021 esse
200 969 243 1019 illi
278 982 417 1021 oornrnune
443 971 493 1019 εει.
519 965 551 1021 si
576 968 647 1020 enim
683 969 797 1034 propter

87 1055 124 1091 ιιι
150 1041 238 1100 frater
254 1045 315 1091 tutos
330 1038 517 1097 contristatur,
534 1038 596 1105 jam
615 1052 668 1089 non
691 1052 795 1089 secam-

89 1112 197 1162 ritatcm
226 1110 358 1162 ambulas.
380 1109 441 1163 Noli
475 1109 531 1161 cibo
560 1114 605 1161 tuo
628 1108 707 1161 illum
730 1122 796 1174 per-

87 1198 96 1234 ι
122 1196 174 1248 pcto
198 1189 319 1234 mortuiis
345 1181 609 1234 reconcinnarier
634 1193 696 1246 erpo
719 1178 795 1231 blas-

123 1251 222 1305 bonum
256 1258 385 1305 cestrum.
419 1252 480 1304 Nori
507 1249 546 1302 εει
576 1253 647 1302 enim
683 1264 796 1313 repnum

89 1322 122 1376 ed
145 1323 268 1391 justitia,
296 1327 321 1376 ct
341 1337 401 1390 parc
420 1327 445 1375 et
472 1320 606 1386 caudium
628 1323 658 1375 in
685 1321 796 1387 Spiritu

87 1395 123 1457 lui
147 1396 217 1446 enim
242 1395 271 1446 in
292 1394 340 1447 boc
342 1433 398 1447 .....
419 1392 511 1461 placet
530 1394 595 1454 Deo,
618 1397 643 1445 ct
665 1390 795 1460 probatus

87 1481 133 1518 ms.
158 1467 264 1532 ltaque,
286 1480 345 1530 puae
357 1467 435 1533 pacis
455 1469 520 1516 sunt
538 1468 678 1526 sectemur,
697 1468 721 1516 et
736 1477 796 1532 paaeg

854 325 903 392 qui
930 339 1003 385 uero,
1023 323 1097 378 mala
1129 324 1242 389 eperunt
1269 322 1300 374 in
1328 322 1551 375 resurrectionem
1582 320 1697 390 judicii.

850 396 922 451 Item
938 395 969 449 in
989 395 1107 451 eodem:
1133 394 1200 450 Cum
1227 396 1318 447 autem
1339 392 1442 447 uenerit
1468 392 1555 446 Filius
1583 391 1698 449 bominis

850 469 882 520 irc
897 467 1042 536 majestate
1056 480 1116 530 sua,
1133 470 1158 519 ει
1178 480 1268 519 omnes
1286 464 1378 531 anpeli
1396 478 1456 516 cum
1469 477 1510 529 eo,
1531 468 1594 518 tunc
1619 464 1699 519 sede-

852 537 890 590 bit
909 553 993 606 super
1018 537 1107 591 sedem
1132 536 1287 606 majestatis
1310 549 1382 599 suae;
1408 539 1434 588 et
1461 535 1700 601 concrepabuntur

851 611 987 662 onteeum
1011 622 1102 663 omnes
1129 613 1232 675 pentes,
1254 614 1279 660 et
1303 605 1443 675 separabit
1465 620 1508 658 cos
1524 605 1562 658 ad
1582 608 1697 661 inuicem

851 681 921 733 sicut
946 684 994 748 qui
1020 683 1144 748 seprepat
1166 694 1225 733 oues
1247 677 1280 731 ab
1309 679 1393 731 baeais
1423 674 1532 748 (ιιιιιιι.
1564 678 1644 746 xxv).
1662 679 1698 733 Et

850 764 908 805 nou
936 752 1029 806 solum
1055 749 1227 805 resurrectio
1252 757 1434 803 mortuorum
1458 761 1493 802 ex
1523 747 1699 826 evangelicis
1726 808 1730 817 ,

851 820 1022 877 testimoniis
1036 821 1236 885 usnllrmatur,
1259 820 1307 874 sed
1332 828 1417 874 etiam
1438 818 1467 873 iu
1492 818 1626 886 Epistulas
1638 819 1700 875 suis

852 891 959 948 Paulas
985 893 1161 962 disputando
1186 891 1221 946 de
1241 890 1448 945 ressurrectione
1471 890 1562 944 multa
1586 888 1699 946 tricatus

850 974 892 1019 est
915 966 950 1019 ad
978 964 1154 1020 Corinthios:
1185 964 1215 1019 Si
1244 967 1334 1016 autem
1363 960 1487 1015 Christus
1519 961 1697 1030 praedicatur,

851 1039 900 1105 qui
914 1038 1096 1090 resurroaita
1116 1038 1240 1098 mortuis,
1266 1032 1398 1098 quomodo
1422 1031 1534 1097 quidam
1559 1031 1654 1085 dicunt
1669 1035 1698 1085 in

851 1105 936 1169 cobis,
959 1109 1088 1176 quoniam
1112 1107 1273 1159 resurrectio
1299 1109 1466 1158 mortuorum
1486 1102 1559 1156 nibil
1579 1102 1642 1158 est?
1668 1103 1698 1159 Si

851 1188 942 1232 autem
972 1179 1132 1232 resurrectio
1154 1181 1323 1230 mortuorum
1351 1190 1404 1227 non
1427 1180 1477 1238 εει,
1503 1189 1588 1243 neque
1620 1175 1696 1231 cors-

851 1256 908 1304 stus
942 1254 1105 1304 resurrexit.
1131 1249 1161 1304 Si
1192 1253 1282 1300 auton
1305 1245 1429 1301 cbristus
1446 1261 1500 1299 non
1531 1247 1696 1312 resurrecti,

850 1324 944 1376 inanis
965 1325 1005 1376 est
1026 1336 1090 1389 erpo
1110 1318 1271 1389 predicatio
1290 1323 1395 1383 nostru,
1418 1318 1511 1371 inanis
1532 1322 1573 1372 cst
1590 1322 1616 1371 et
1631 1316 1698 1384 ides

851 1391 983 1462 nostrati
1000 1392 1052 1448 Gor
1085 1389 1137 1462 at).
1165 1389 1218 1446 Sed
1238 1390 1293 1445 hoc
1316 1395 1357 1444 εει
1386 1389 1462 1458 quod
1478 1388 1602 1444 haretici
1623 1386 1697 1458 obji-

852 1465 950 1520 ciunt:
979 1462 1112 1527 Quoniam
1136 1477 1198 1517 caro
1225 1464 1251 1514 ει
1280 1462 1393 1526 sanpuis
1421 1474 1535 1526 reanum
1562 1459 1618 1513 Dei
1645 1473 1699 1514 non

87 1538 213 1589 :ationem
227 1541 292 1590 sunt
319 1537 349 1589 in
372 1536 487 1589 inuicem
511 1533 708 1588 custodiamus.
734 1532 798 1586 Noli
822 1588 825 1593 ,
849 1535 1029 1604 possidebunt
1056 1532 1161 1604 libid).
1183 1531 1241 1587 Hoc
1261 1540 1358 1587 autem
1376 1544 1434 1587 nou
1448 1530 1522 1586 dixit
1543 1529 1698 1600 Apostolus

92 1622 180 1660 escam
203 1605 342 1660 destruere
369 1621 436 1675 opus
464 1607 522 1659 Dei.
558 1604 654 1659 Omnia
687 1598 832 1674 quidcmB
851 1609 885 1661 oe
898 1606 1060 1662 substantia
1080 1604 1177 1659 carnis
1199 1610 1227 1658 ει
1247 1602 1409 1674 sanguinis,
1434 1600 1483 1657 sed
1506 1601 1541 1657 de
1561 1601 1698 1671 operibus

87 1683 144 1743 unt,
167 1677 215 1732 scd
241 1679 344 1731 malum
366 1683 405 1731 est
421 1677 533 1739 bomini,
555 1679 604 1744 qui
618 1691 666 1744 per
680 1676 796 1745 offendi-

87 1749 223 1803 tonducat.
256 1751 363 1803 Bonum
388 1751 458 1802 enim
486 1747 654 1801 manducare
676 1762 794 1814 carnem,

87 1821 155 1874 ibere
174 1821 276 1887 sinum,
299 1835 384 1886 nequo
398 1820 427 1873 in
441 1834 492 1887 quo
515 1821 604 1882 trater
626 1824 689 1871 totus
714 1817 797 1884 offert·

110 1890 328 1956 scacsdaiizatur,
359 1894 408 1943 out
444 1892 612 1960 infirmatur.
649 1891 688 1943 Tu
715 1890 796 1959 fldem

87 1961 140 2016 obes
175 1977 255 2028 penes
290 1965 470 2029 temetipsum,
504 1961 585 2015 babes
613 1975 702 2015 coram
730 1963 794 2014 Deo.

87 2035 108 2086 ci
126 2048 180 2087 non
201 2033 311 2104 judicat
332 2035 506 2101 semetipsum
518 2034 548 2084 in
576 2046 604 2086 ει
631 2032 705 2100 qnod
731 2047 796 2100 pro·

101 2109 191 2157 autem
214 2105 344 2158 discernit
363 2108 387 2157 si
410 2102 628 2167 manducaverit,
649 2103 797 2155 damnosius

87 2213 88 2220 ι
110 2191 165 2229 nort
188 2183 222 2228 ea
241 2176 304 2242 fide.
322 2176 406 2231 Omne
430 2180 521 2228 autom
546 2173 619 2239 quod
639 2189 693 2226 non
708 2178 748 2227 est
763 2188 797 2226 ea

87 2251 174 2300 cotum
206 2251 256 2299 est.
286 2246 414 2299 Debemus
441 2249 531 2298 cirtem
554 2259 604 2297 nos
630 2247 796 2298 inormiores

88 2321 145 2370 ates
169 2319 339 2383 infirmorum
354 2320 498 2380 sustinere,
515 2318 541 2368 et
564 2331 617 2369 non
637 2315 797 2381 nobisipsis

92 2389 245 2454 apostulus
273 2394 369 2441 autem
397 2386 545 2442 insumam
575 2401 603 2440 m
632 2385 686 2441 lide
715 2393 798 2446 vocat

90 2459 95 2510 i
112 2457 223 2528 judicat
238 2465 265 2512 ει
280 2459 398 2513 danmat
424 2457 645 2513 manducantem
669 2470 796 2519 caruem,

90 2543 133 2582 ern
152 2528 263 2594 sinam,
290 2536 382 2584 otest
407 2528 549 2597 pessimos
563 2541 643 2584 error
657 2528 798 2651 judicare

92 2598 152 2662 Dei,
182 2613 247 2653 cum
278 2599 353 2654 Deus
391 2599 486 2653 dicat:
515 2599 602 2654 Nolite
621 2599 655 2666 ju

87 2671 241 2734 icabimini;
269 2671 354 2724 nolite
385 2670 574 2736 condemnare,
605 2676 631 2724 et
651 2686 704 2724 noa
731 2685 798 2724 con·

850 1677 945 1733 caruis
957 1684 985 1732 ει
1007 1675 1168 1745 sanguinis.
1194 1673 1275 1738 Quod
1299 1672 1418 1742 exponit
1441 1671 1593 1754 Apostolus
1610 1673 1638 1727 iu
1654 1686 1698 1728 se-

850 1748 1017 1818 quentibus,
1042 1747 1157 1802 dicens:
1187 1748 1280 1827 Neque
1303 1745 1441 1814 corruptio
1464 1745 1696 1812 incorruptionem

849 1820 1009 1889 possidebit.
1036 1817 1189 1887 Apostolus
1215 1817 1319 1873 videns
1342 1815 1505 1874 Corinthios
1530 1827 1591 1870 esso
1616 1815 1700 1871 seda·

849 1902 910 1947 ctos
926 1891 954 1945 in
972 1892 1025 1946 boc
1047 1902 1153 1951 erroro,
1176 1887 1276 1945 volens
1299 1902 1347 1944 eos
1371 1887 1407 1943 de
1428 1886 1694 1943 resurrectionem·

850 1962 977 2018 otiiioaro
1000 1960 1114 2028 scripsit
1128 1960 1188 2015 ais:
1210 1959 1367 2014 Seminatur
1382 1960 1411 2012 in
1434 1963 1607 2025 corruptione
1633 1970 1693 2012 sur·

850 2038 894 2101 pet
909 2038 937 2087 in
956 2035 1167 2096 incorruptione.
1186 2031 1344 2087 seminatur
1357 2033 1387 2085 in
1401 2030 1581 2099 ipnobilitate,
1600 2033 1695 2095 surpet

850 2107 881 2159 in
903 2105 1002 2173 cloria.
1029 2104 1185 2159 seminatur
1211 2107 1241 2157 in
1263 2104 1432 2172 irctlrmitate,
1462 2105 1556 2169 surpct
1582 2102 1612 2154 in
1639 2101 1696 2154 uir·

852 2181 922 2229 tute.
950 2175 1110 2229 seminatur
1132 2188 1231 2243 eorpus
1255 2175 1383 2239 animale,
1411 2178 1504 2239 surpet
1525 2186 1624 2242 corpus
1639 2172 1697 2241 spi·

850 2248 960 2301 rituale.
977 2245 1008 2301 si
1034 2250 1074 2300 est
1097 2261 1195 2313 eorpus
1219 2247 1345 2310 anirnale,
1362 2249 1440 2299 estet
1463 2243 1693 2313 spirationem.

851 2317 943 2385 (ibid.)
972 2317 1041 2372 ltem
1066 2315 1175 2372 Paulus
1203 2317 1238 2372 ad
1270 2314 1546 2381 Thessalonicenses,
1576 2313 1694 2369 diceus:

850 2389 981 2443 Nolumus
1007 2394 1096 2442 autem
1123 2402 1169 2441 uos
1196 2389 1334 2455 ipnorare,
1357 2389 1471 2452 tratres,
1499 2385 1532 2439 de
1561 2384 1694 2439 donnica

852 2460 933 2522 tibus,
949 2465 979 2513 ut
1001 2475 1055 2513 non
1079 2461 1284 2524 contristemini,
1303 2460 1374 2512 sicut
1389 2463 1415 2512 et
1434 2457 1525 2511 cuceri
1549 2457 1596 2522 qui
1620 2470 1697 2524 spem

851 2545 905 2584 non
919 2530 1026 2584 babent.
1043 2530 1158 2585 sienim
1177 2530 1311 2584 credimus
1326 2529 1398 2598 qnod
1420 2530 1497 2582 iesus
1516 2531 1639 2581 mortuus
1657 2529 1698 2581 est

678 2601 760 2662 icaro,
772 2602 799 2653 et
852 2607 877 2655 ct
895 2603 1055 2662 resrerresoit,
1076 2604 1116 2655 ito
1135 2606 1160 2654 et
1177 2604 1247 2655 Deus
1267 2615 1309 2654 eos
1331 2601 1379 2664 qui
1399 2599 1569 2653 dormierunt
1589 2612 1639 2666 per
1651 2599 1697 2651 ιε-

852 2687 912 2726 sum
936 2672 1052 2727 adducet
1076 2687 1136 2725 cum
1154 2686 1194 2726 eo.
1221 2671 1285 2725 Hoc
1316 2673 1387 2724 enim
1420 2669 1496 2724 uobis
1526 2669 1642 2722 dicimus
1667 2669 1697 2723 in

87 2744 147 2794 nini
171 2741 278 2810 (ιιιιιιι.
302 2742 361 2808 vn),
386 2748 414 2795 ct
439 2742 590 2808 Apstulos
615 2741 646 2795 iu
671 2740 799 2808 Epistola
852 2743 930 2798 uerbo
950 2742 1069 2803 Domim,
1085 2743 1150 2808 qaia
1176 2757 1224 2796 nos
1248 2743 1296 2810 qui
1318 2743 1447 2807 uicimus,
1467 2741 1517 2809 qui
1528 2739 1634 2793 residui
1651 2752 1697 2792 su·

87 2813 134 2865 lite
157 2819 221 2867 aute
245 2817 350 2880 tempus
369 2812 508 2880 judicare,
537 2821 592 2868 etc.
618 2809 640 2881 (l
664 2811 723 2868 Cor.
747 2813 795 2879 tv).
850 2829 922 2873 mus.
939 2815 970 2866 in
991 2815 1140 2869 aduemum
1162 2814 1271 2866 Domini
1296 2827 1351 2866 non
1368 2812 1564 2881 praeveniemus
1585 2810 1696 2879 eosqui

87 2883 197 2937 inlicit:
226 2884 327 2936 Βιιιιιιιι
350 2888 467 2937 estnon
490 2883 657 2937 manducare
677 2898 795 2948 contem,
852 2885 1031 2940 dormierunt.
1056 2885 1126 2950 Quia
1148 2884 1271 2939 cbristus
1286 2884 1409 2951 injussu
1423 2888 1449 2937 et
1467 2883 1497 2936 in
1514 2896 1577 2935 uoce
1594 2879 1698 2950 ampeli,

87 2953 154 3007 ibere
167 2955 271 3020 uinum,
292 2968 348 3009 non
373 2961 415 3009 εει
442 2960 626 3023 praeceptum,
642 2954 689 3009 sad
706 2953 797 3010 cousi·
811 2928 837 2990 ὓ
852 2958 920 3010 etin
943 2956 1009 3010 tubo
1031 2958 1082 3010 Dei
1106 2955 1248 3010 descendet
1271 2954 1304 3009 de
1320 2953 1395 3017 ooelo,
1421 2958 1447 3008 et
1467 2954 1571 3008 mortui
1596 2954 1643 3018 oui
1665 2953 1697 3007 in

90 3038 137 3078 om
164 3022 221 3080 illis
243 3024 294 3094 qui
309 3038 410 3080 carnes
436 3039 504 3079 suas
532 3024 662 3095 affligere
682 3023 795 3092 volunt,
852 3026 957 3082 cbristo
972 3032 1047 3088 sunt,
1069 3032 1211 3095 resurpcnt
1234 3027 1320 3095 primi
1344 3026 1367 3092 (i
1395 3023 1486 3078 Titess.
1515 3022 1554 3092 ιι)
1571 3061 1697 3077 .....

87 3104 126 3149 int
142 3095 170 3148 in
200 3094 407 3151 tentationibus
421 3096 597 3161 daemonum,
613 3096 636 3151 si
659 3109 715 3150 nou
735 3109 796 3150 cre·
851 3098 915 3151 ilico
930 3103 1020 3152 autem
1043 3097 1118 3151 vobis
1140 3096 1212 3167 quod
1236 3098 1316 3151 mutii
1328 3097 1363 3150 ab
1386 3096 1497 3151 Orieme
1511 3098 1537 3148 et
1556 3093 1699 3151 Occideme

87 3166 165 3221 niues
181 3179 230 3233 per
249 3167 345 3222 carnis
368 3169 571 3222 assuestiouem
596 3180 657 3222 esse
671 3166 796 3220 damna·
850 3171 967 3235 venient,
983 3175 1009 3223 et
1032 3169 1185 3223 recumbent
1207 3182 1269 3223 cum
1294 3167 1446 3231 Amabam,
1469 3167 1550 3221 Isaac
1574 3169 1600 3219 et
1614 3163 1695 3219 Jacob

107 3244 212 3289 aterum
245 3235 315 3290 dicit
352 3237 505 3305 Apostolus
539 3237 575 3292 ad
616 3235 796 3292 Colosseusos
849 3239 880 3292 in
899 3255 983 3306 repno
1004 3241 1138 3294 calorum.
1160 3240 1227 3294 Filii
1249 3244 1340 3294 autem
1359 3239 1437 3305 repni
1459 3236 1698 3306 liujusejioientur

87 3320 93 3357 :
123 3305 205 3360 Nemo
234 3320 297 3372 erpo
326 3321 372 3359 uos
402 3307 509 3375 judicet
542 3309 572 3360 in
603 3308 671 3373 ειιι,
700 3308 796 3361 autin
849 3311 879 3363 in
895 3311 1017 3365 tenebras
1041 3312 1199 3364 exteriores.
1228 3310 1270 3365 lbi
1289 3311 1341 3364 erit
1361 3311 1438 3377 tietus
1460 3314 1487 3362 et
1503 3308 1607 3363 stridor
1629 3307 1696 3362 den·

87 3391 125 3445 :,;
145 3374 297 3454 etiterum
317 3375 523 3444 Apostolusad
545 3378 640 3432 Titum
665 3383 794 3447 tcaput
850 3382 919 3435 tium
941 3381 1050 3446 (ιιιιιι.
1075 3381 1147 3452 sits).
1175 3380 1203 3436 Si
1223 3380 1306 3436 lletns
1329 3380 1482 3435 oculorum
1506 3377 1558 3448 qui
1575 3377 1697 3447 partinet

88 3446 164 3501 uado
186 3446 312 3512 munacs3
337 3448 520 3511 coinquinatis
543 3453 632 3501 autem
653 3453 679 3502 ει
694 3448 796 3517 infide·
849 3450 884 3505 ad
900 3465 1028 3519 caruem,
1047 3493 1055 3507 .
1077 3490 1157 3506 ....
1176 3458 1204 3507 ιι
1224 3451 1330 3507 stridor
1349 3450 1479 3507 dentium
1501 3449 1553 3520 qui
1567 3461 1632 3505 ossa
1646 3447 1697 3503 de·

87 3518 129 3572 ἰιι
163 3517 307 3583 mundum,
350 3520 481 3586 quoniam
519 3519 699 3588 coinquinata
732 3520 796 3573 sunt
848 3529 1009 3577 monstrat:
1026 3534 1095 3577 vera
1112 3530 1155 3577 est
1170 3535 1239 3593 ergo
1261 3520 1430 3577 eortsmdem
1453 3532 1608 3590 corporum
1630 3531 1697 3590 quse

87 3597 94 3644 ι
122 3603 195 3642 mens
219 3592 245 3642 ct
271 3590 454 3651 conscientia;
487 3587 601 3643 Marcus
628 3591 698 3656 (cap.
725 3591 794 3654 vicl:
848 3591 1011 3648 oeciderunt
1025 3591 1207 3648 resurrectio.

87 3676 119 3723 te,
140 3674 239 3721 omnes,
264 3664 290 3712 et
308 3660 463 3727 inteltipite.
494 3659 569 3713 Nibil
583 3664 623 3713 est
645 3663 724 3714 entra
749 3658 796 3713 ιιι-

87 3733 198 3784 ιινιιιιιε
219 3731 250 3784 in
274 3746 341 3792 oum,
373 3731 448 3800 quod
470 3733 557 3799 possit
585 3745 646 3785 eum
672 3731 795 3796 coinqui-

87 3801 119 3856 de
142 3801 249 3856 bomine
266 3801 429 3871 procedunt,
447 3802 497 3856 itta
517 3806 582 3855 sunt
596 3816 656 3868 pua
674 3803 795 3868 coinqui-

88 3878 170 3928 inem.

273 3940 473 3999 annosxvi.

87 4027 137 4070 ram
162 4012 340 4070 diximusne
362 4014 492 4070 ciborum
519 4012 700 4082 comestione,
715 4027 795 4070 nunc

104 4086 140 4141 de
172 4091 352 4141 mortuorum
395 4086 616 4141 resurrectione.
663 4085 794 4141 llaeretici

87 4155 277 4212 ooucaeorum
306 4169 434 4211 errorem
456 4156 611 4223 imitantes,
639 4169 793 4225 corporum

87 4239 124 4282 tm
152 4226 302 4282 horninum
327 4227 567 4283 resurrectionem
585 4240 642 4282 non
658 4227 791 4282 credunt.

93 4310 219 4352 errorem
235 4296 378 4363 Christus,
401 4311 466 4355 cum
490 4297 657 4354 Sadducaeis
673 4296 794 4367 loquens

87 4368 202 4422 'actione
227 4376 417 4434 mortuorum,
442 4369 595 4436 destruxit,
618 4368 659 4424 ita
674 4368 791 4424 dicens:

94 4439 242 4492 nescientes
268 4439 427 4508 Scripturas
454 4456 540 4511 nepus
573 4443 702 4495 uirtutem
733 4441 792 4495 Dei.

88 4510 190 4564 ectioae
213 4510 284 4563 enim
306 4525 392 4575 neque
414 4510 515 4566 nubent
536 4527 623 4578 neque
646 4510 792 4580 nubentur,

109 4584 180 4635 sicut
204 4581 296 4648 capeti
320 4582 367 4633 Dei
386 4584 416 4634 in
439 4583 511 4634 outo.
540 4584 576 4634 De
597 4585 794 4638 resurrectione

86 4659 217 4706 ›rtuorum
239 4666 294 4705 non
314 4651 418 4719 lepistis
434 4651 507 4719 quod
530 4651 633 4706 dictum
651 4662 692 4707 est
708 4670 725 4707 a
740 4655 793 4708 Deo

87 4723 173 4776 robis:
205 4724 262 4790 Epo
289 4737 349 4776 sum
388 4725 457 4777 Deus
486 4722 638 4788 Abrabam,
668 4727 694 4777 et
723 4726 793 4779 Deus

87 4799 90 4840 ἓ
118 4797 189 4849 ocus
224 4792 331 4848 iacobi
358 4794 416 4848 Non
439 4798 478 4848 εει
509 4797 579 4849 Deus
613 4799 792 4863 morinorum,

87 4880 141 4919 um
170 4864 277 4935 (ιιιιιιι.
314 4864 397 4932 xxti).
426 4864 496 4920 ltem
527 4865 556 4920 in
590 4866 689 4923 eodem
719 4866 793 4922 llat-

87 4951 125 5003 rp.
155 4935 319 5004 xxv11):iit
343 4941 517 4991 monumenta
545 4940 643 5004 aperto
677 4941 752 5002 sunt,
768 4942 793 4992 et

87 5021 172 5074 rpora
200 5011 357 5060 sanctorum
387 5009 435 5076 qui
462 5006 632 5061 donnierrmt
664 5023 791 5063 sarrece-

88 5080 216 5131 coeuntes
241 5077 275 5130 de
293 5081 472 5132 monumentis
491 5083 553 5148 post
571 5081 794 5134 resurrectionem

87 5155 161 5202 erurct
188 5149 219 5201 in
242 5152 365 5203 sanctam
393 5151 540 5216 ciuitatem,
560 5156 585 5205 et
604 5154 793 5219 apparuerunt

87 5219 182 5282 turdis,
213 5218 354 5285 baerence,
378 5233 499 5290 corpora
522 5221 692 5278 surrexisse.
722 5223 793 5278 item

103 5290 130 5345 in
150 5291 306 5361 Evangelio
320 5292 478 5349 meandum
500 5291 637 5348 ioannem
654 5291 724 5363 (cap.
742 5293 791 5363 vl:

88 5365 158 5417 irari
183 5360 241 5431 boc,
262 5365 329 5433 puio
352 5366 426 5418 uenit
457 5362 534 5429 bora,
571 5365 600 5418 in
623 5379 678 5433 qua
703 5378 793 5421 ornnes

87 5437 229 5490 inumcntt’s
255 5437 329 5504 sunt,
357 5433 470 5491 medient
482 5449 574 5491 uocem
593 5435 659 5491 Filii
681 5436 749 5505 llei3
765 5439 793 5490 et

1161 3713 1278 3771 CAPUT
1296 3712 1387 3771 xvtt.

883 3820 989 3880 Contra
1005 3820 1202 3894 quorumdam
1227 3819 1428 3878 hareticorum
1452 3829 1615 3890 perversam
1634 3816 1697 3890 opi·

848 3891 976 3959 aionem,
1001 3893 1052 3964 qui
1078 3899 1212 3950 asserunt
1234 3899 1348 3949 sanctos
1370 3899 1398 3948 et
1421 3904 1522 3949 corum
1552 3889 1696 3947 orationes

847 3963 923 4021 vivis
942 3963 1038 4021 adbuc
1060 3964 1089 4020 in
1103 3965 1211 4021 mando
1233 3977 1284 4035 pro
1306 3963 1417 4020 Christo
1437 3962 1616 4019 certantibus
1637 3975 1699 4019 nou

848 4035 991 4105 prodesse,
1017 4048 1069 4092 neo
1092 4035 1242 4092 defunctos
1266 4035 1400 4091 vivorum
1425 4033 1572 4090 beneflciis
1585 4040 1614 4089 ει
1631 4045 1695 4089 ora·

848 4106 976 4163 tionibus
991 4107 1122 4167 relevari.
1146 4106 1202 4163 lide
1216 4113 1315 4163 nostra
1328 4112 1355 4162 et
1383 4105 1514 4162 omnium
1536 4102 1693 4162 Catholica-

848 4189 915 4233 rum
932 4177 1081 4234 dicatorum
1107 4177 1242 4235 Ecclesia
1263 4176 1313 4233 Dei
1335 4174 1557 4233 auctoritatibus
1580 4174 1695 4232 munia·

849 4261 924 4304 mus.
941 4248 1105 4319 Aliquando
1127 4255 1212 4306 orant
1232 4249 1291 4304 vivi
1308 4262 1360 4318 pro
1374 4247 1527 4313 deiunctis,
1542 4253 1571 4303 et
1585 4245 1693 4303 mortui

849 4332 901 4388 pro
915 4319 1001 4384 viris,
1023 4327 1055 4376 ut
1080 4320 1204 4377 nabetur
1226 4319 1255 4376 iu
1276 4319 1433 4389 Evangelio
1461 4318 1620 4375 secundum
1637 4318 1693 4374 Lu·

848 4403 911 4446 cam
926 4388 1000 4461 (cap.
1027 4391 1100 4462 xvc).
1126 4390 1171 4447 Sic
1193 4391 1271 4447 enim
1287 4392 1367 4447 dives
1380 4390 1415 4446 ad
1440 4389 1606 4447 Abraham:
1620 4390 1694 4457 liupo

848 4476 911 4528 erpo
931 4466 965 4527 ιε,
983 4463 1075 4531 Ριιει,
1095 4466 1126 4517 ut
1151 4466 1245 4518 mittas
1264 4477 1326 4517 cum
1353 4462 1382 4516 in
1402 4461 1512 4516 donmm
1532 4461 1623 4529 patris
1644 4474 1692 4515 no·

848 4534 909 4587 stri.
926 4531 1015 4588 liabeo
1033 4537 1106 4588 enim
1129 4540 1248 4604 quinque
1264 4535 1378 4600 fratres,
1399 4536 1431 4587 ut
1454 4537 1566 4588 testetur
1580 4533 1638 4586 iltis
1661 4544 1696 4586 ne

848 4610 873 4657 et
883 4605 938 4672 ipsi
950 4606 1063 4660 ueniant
1081 4606 1111 4659 in
1126 4606 1214 4660 locum
1235 4605 1305 4660 bunc
1323 4608 1525 4660 tormentorum.
1549 4602 1601 4659 llio
1615 4601 1697 4659 divos

847 4681 910 4754 erat
939 4675 1069 4743 sepultus
1097 4675 1128 4732 in
1158 4676 1315 4742 internum,
1342 4682 1371 4731 ct
1396 4683 1492 4732 omen
1515 4676 1616 4731 orabat
1642 4684 1695 4742 pro

847 4745 934 4801 vivis.
958 4745 1033 4810 Quia
1054 4760 1123 4815 erpo
1146 4745 1300 4803 dimudum
1322 4753 1364 4804 est
1383 4745 1417 4802 de
1435 4745 1544 4804 sanctis
1561 4745 1612 4816 qui
1625 4756 1696 4825 cou-

847 4815 937 4872 secuti
961 4825 1030 4873 sunt
1051 4817 1288 4884 misericordiam,
1312 4823 1340 4874 et
1363 4830 1421 4874 non
1441 4831 1536 4886 suam,
1555 4815 1604 4873 εει
1620 4814 1695 4871 also-

847 4900 913 4943 rum
933 4887 1097 4946 desiderant
1124 4889 1257 4956 salutem,
1284 4895 1312 4945 et
1336 4888 1423 4945 saluti
1455 4888 1621 4945 lutusorum
1639 4884 1694 4942 ele·

847 4965 958 5014 ciosum
978 4957 1150 5017 exsultant?
1176 4960 1211 5016 Et
1232 4959 1356 5017 ioannes
1380 4961 1410 5015 iu
1429 4958 1600 5029 Apocalypsi
1619 4956 1692 5027 (cap.

847 5033 931 5090 victl:
955 5030 991 5084 Et
1014 5031 1086 5087 alius
1110 5033 1223 5098 anpetus
1245 5033 1330 5099 uenit,
1353 5036 1379 5086 et
1410 5035 1486 5087 stetit
1505 5034 1569 5086 onte
1592 5030 1691 5095 altore,

846 5099 947 5154 babens
962 5100 1131 5157 tlsuribulum
1146 5117 1258 5158 aureum
1277 5105 1307 5157 in
1321 5118 1405 5157 manu
1422 5118 1483 5170 sua,
1500 5107 1525 5157 et
1547 5101 1614 5156 datu
1627 5103 1694 5156 sunl

847 5174 873 5225 ei
896 5172 1005 5226 incensa
1034 5175 1133 5239 mutto,
1161 5180 1191 5228 ut
1219 5174 1297 5230 daret
1331 5173 1364 5228 dc
1390 5173 1560 5229 orationibus
1585 5176 1692 5229 sarecto·

846 5257 908 5367 atm
934 5247 1054 5300 omnium
1083 5260 1166 5316 super
1188 5246 1277 5301 altore
1304 5260 1428 5313 aureum,
1461 5244 1535 5317 quod
1563 5249 1602 5301 cst
1630 5246 1694 5299 ante

878 5329 984 5370 ronum.

1023 5420 1124 5476 Cetera
1138 5421 1167 5476 in
1181 5435 1231 5478 ms.
1250 5437 1331 5478 occsa
1345 5425 1371 5478 et
1384 5422 1514 5479 nouato.
1583 5444 1590 5455 ·
