3804 5962
1 256 3 261 ,
76 176 145 235 1587
322 173 426 231 PETRI
453 174 638 231 annutiant
663 175 740 234 OPP.
766 175 855 234 PARS
880 177 928 232 111.
947 202 985 221 -
1000 176 1220 236 tributentur
1239 178 1282 234 ET
1301 176 1565 238 ebriosorum.

70 306 97 360 ει
109 299 257 359 Paulinam
283 297 358 371 (¹2)²
384 299 558 355 instatere
583 299 655 368 vita,
679 313 747 355 cum
769 300 958 368 volumusd
1010 304 1016 308 '
1334 304 1454 361 CXLlll.

70 389 161 456 adest,
183 387 257 460 quia
276 399 340 444 eam
356 385 447 456 ipsam
462 385 545 457 plene
567 386 639 444 veile
661 387 774 459 iustitia
796 395 849 458 est,
864 403 917 446 neo
1043 374 1271 445 Οιθᾶιθιιαΐιιι
1289 380 1365 431 iiiiii
1387 380 1435 447 sit,
1449 392 1504 432 ἰιι
1517 392 1574 448 fii,
1593 383 1620 433 fi
1647 379 1743 433 ⁰⁰²¹²⁷⁰

70 479 137 551 plus
155 475 266 549 aliquid
287 474 419 532 faciende
440 475 552 547 justitia
578 491 669 547 quam
694 477 848 548 perfectam
867 492 915 535 vo·
1007 484 1180 552 aequaturus
1203 483 1241 537 ad
1259 485 1422 554 Eutropium
1451 489 1477 540 ει
1497 485 1645 556 iacobum,
1676 487 1743 555 epia

70 569 211 626 luntatem
226 563 359 636 requirit.
384 564 465 633 Vide,
482 566 506 621 si
523 564 607 623 leber
620 573 672 633 est,
692 566 742 623 ubi
762 567 834 624 velie
849 566 919 622 satis
971 577 1072 627 centra
1097 571 1270 642 objectiones
1298 573 1419 629 Uoelestii
1445 572 1480 630 de
1500 574 1681 644 perfectione
1707 573 1743 645 ju

70 658 122 715 est.
153 653 233 711 Unde
259 653 437 710 dictumest
463 653 593 726 (Lucu,
620 654 683 726 fil:
712 657 773 711 Pac
795 659 826 710 in
845 660 918 710 terra
972 659 1114 715 bominis:
1154 659 1348 724 Quaerendum
1385 668 1427 719 est
1465 658 1536 733 quid
1572 669 1617 718 est
1662 675 1743 732 pecca

71 743 224 802 bominibus
252 742 326 798 bona
352 741 513 799 voluntatis.
543 743 598 801 Ubi
623 758 689 815 pax,
718 744 758 800 ibi
784 743 917 815 requies;
972 749 1061 804 Actus
1084 761 1122 803 au
1145 748 1216 804 res?
1232 748 1259 804 Sl
1274 762 1320 804 res
1341 756 1392 816 cst,
1414 756 1447 805 ul
1469 757 1619 807 auctorem
1645 750 1743 807 habea

70 833 122 893 ubi
136 829 262 904 requies,
288 830 328 888 ibi
344 830 412 888 finis
438 832 591 901 appetendi
614 840 642 889 et
663 832 744 889 nulla
767 847 854 889 causa
878 832 917 888 la·
972 850 1048 893 cesse
1067 844 1126 904 est3
1143 845 1171 893 et
1186 837 1372 894 siaueterem
1395 836 1502 894 habere
1517 839 1637 907 dicitur,
1660 840 1725 911 jatn

70 920 204 981 beraudi.
232 919 306 977 litem
331 919 369 974 ad
395 923 556 988 Ueeprotias
588 922 779 991 presbyterum
815 921 916 993 (Maur.
972 932 1076 996 prater
1091 925 1192 995 Deum,
1208 927 1248 982 rei
1268 927 1393 998 alicuius
1414 933 1514 984 auctor
1536 927 1641 984 induci
1665 927 1743 985 videt

72 1029 105 1081 ιι,
127 1010 211 1083 ubil:
232 1013 270 1066 Ue
291 1024 320 1065 oo
344 1010 418 1079 quoti
439 1011 572 1079 seriptum
596 1017 646 1079 est,
668 1012 698 1066 in
721 1026 920 1082 quameusure
972 1015 1218 1084 Respondebimus
1256 1024 1406 1086 peecatum
1447 1016 1566 1087 quidem
1605 1016 1669 1073 dici
1704 1024 1734 1074 et

72 1101 160 1157 mensi
179 1097 272 1171 (Uati.
295 1113 343 1165 uu,
364 1097 403 1170 2).
422 1098 502 1155 Unde
517 1098 570 1155 bec
585 1099 659 1155 dixit
674 1097 807 1156 Christus
818 1099 917 1167 Paulo,
973 1113 1081 1171 aetum,
1097 1118 1155 1159 nen
1179 1119 1248 1161 rem.
1272 1105 1326 1161 Sed
1347 1106 1433 1161 etlam
1457 1105 1486 1161 in
1508 1119 1629 1176 corpore
1653 1105 1744 1163 claud

73 1186 209 1261 superius
223 1186 294 1243 satis
308 1186 421 1258 elucet;
436 1187 534 1256 Nolite,
560 1188 666 1259 inquit,
685 1190 813 1259 judicare
827 1192 853 1244 et
865 1204 920 1243 nou
973 1193 1072 1249 cadem
1087 1193 1198 1249 ratione
1220 1201 1301 1250 actus
1319 1202 1370 1262 εει,
1393 1209 1452 1249 non
1475 1207 1530 1263 res,
1554 1193 1704 1264 quoniam
1723 1208 1743 1250 ιι

63 1276 285 1350 judicabimini,
302 1277 334 1330 iu
348 1290 400 1346 que
425 1278 496 1330 euim
505 1276 699 1355 iudicuueritis
709 1276 919 1348 jndiciajaatt-
973 1281 1033 1352 ipse
1047 1282 1092 1337 vel
1115 1296 1219 1352 cerpus
1235 1283 1280 1339 vel
1297 1283 1382 1338 bomo
1401 1291 1451 1344 εει.
1469 1283 1519 1354 qui
1536 1283 1608 1353 pede
1621 1283 1732 1340 vitiato

73 1366 214 1423 cabiniai.
243 1364 384 1436 Nunquid
414 1365 439 1422 si
467 1364 568 1437 inique
593 1365 704 1437 judicie
733 1365 919 1438 iudicabunt,
974 1369 1061 1426 dicat.
1083 1374 1165 1426 flam:
1183 1374 1279 1440 lpsum
1305 1385 1373 1427 sano
1395 1372 1512 1440 vitium,
1528 1386 1588 1443 quo
1609 1371 1743 1429 claudier

73 1454 177 1528 inique
189 1453 427 1527 judicabuntur?
442 1454 542 1512 Absitl
560 1456 609 1512 sed
624 1457 664 1513 ita
679 1456 844 1512 dictumest
859 1462 921 1511 tan·
975 1473 1033 1526 mo,
1054 1473 1107 1516 nec
1127 1474 1175 1529 pes
1189 1465 1242 1527 est,
1267 1474 1320 1531 nep
1335 1474 1450 1530 corpus,
1473 1473 1526 1516 nee
1550 1460 1616 1530 ipsa
1642 1460 1744 1518 claudi

75 1545 204 1618 quamsi
227 1544 389 1602 diceretur:
411 1544 441 1600 in
463 1557 523 1615 qua
541 1543 690 1602 voluntate
711 1543 922 1601 benefeceritis
975 1562 1041 1619 quae
1055 1548 1157 1619 utique
1179 1562 1237 1604 nen
1260 1556 1310 1612 εει,
1328 1549 1444 1619 quando
1459 1562 1517 1604 nou
1535 1548 1688 1618 ambulat,
1709 1564 1743 1608 cn

75 1634 122 1693 vol
151 1633 235 1704 malo,
263 1632 295 1691 in
319 1633 381 1706 ipsa
400 1632 595 1691 liberabimini
623 1634 667 1691 rel
695 1633 867 1704 puniemini.
888 1634 921 1688 ln
938 1650 960 1706 B
978 1651 1043 1694 man
1059 1637 1127 1694 insit
1140 1636 1326 1709 vitiumque
1343 1637 1514 1694 claudicatio
1529 1637 1572 1704 fit,
1590 1637 1743 1709 quandoa

33 1766 35 1769 ψ
75 1722 226 1784 voluntate
242 1723 350 1795 quippe
361 1724 477 1793 propria
490 1723 624 1779 metietur
641 1722 734 1780 bonus
748 1723 834 1779 bomo
848 1722 924 1780 bena
978 1725 1027 1781 lat.
1058 1724 1174 1789 Quaerat
1201 1739 1278 1795 ergo,
1309 1725 1386 1795 quod
1412 1723 1437 1781 ei
1456 1725 1526 1781 vitio
1552 1740 1665 1782 nemen
1696 1727 1743 1797 imp

76 1813 164 1884 facta,
188 1812 264 1869 etin
287 1824 322 1868 ea
345 1811 480 1868 metietur
506 1810 533 1868 ei
556 1810 712 1869 beatitudo.
740 1811 870 1882 itemque
894 1812 924 1866 in
979 1820 1079 1869 utrum
1105 1826 1166 1869 rem
1193 1813 1263 1869 velit
1284 1813 1378 1869 dicere
1401 1826 1437 1868 an
1468 1822 1578 1880 aetum,
1603 1828 1643 1870 an
1669 1816 1714 1871 rei
1738 1830 1743 1886 ι

76 1902 227 1961 voluntate
240 1900 360 1976 propria
380 1901 516 1958 metietur
537 1899 732 1957 malusbemo
748 1900 925 1970 malaopera
978 1901 1147 1971 qualitatem
1164 1901 1279 1969 malam,
1305 1915 1363 1972 qua
1383 1902 1518 1959 deformis
1540 1909 1627 1958 actus
1648 1903 1743 1960 exista

78 2004 144 2058 oua,
158 1997 187 2048 et
202 1990 232 2046 in
246 1988 347 2046 eadem
369 1989 506 2046 metietur
521 1989 547 2046 ei
570 1988 705 2059 miseria3
722 1987 860 2059 queniam
875 1987 925 2044 ubi
978 1989 1050 2045 etin
1074 1989 1208 2046 interiore
1236 1989 1351 2045 bomine
1376 1990 1491 2046 animus
1514 2004 1559 2046 res
1583 1998 1638 2057 est,
1666 1993 1743 2062 rapit

78 2068 284 2152 uuusquisque
304 2078 470 2150 bonusest,
494 2091 560 2135 cum
581 2077 652 2134 bene
676 2077 750 2146 uult,
774 2076 814 2133 ibi
838 2076 926 2133 etiam
979 2085 1037 2144 tus,
1054 2078 1175 2133 avaritia
1199 2077 1302 2133 uitium
1321 2085 1372 2144 est,
1399 2079 1486 2135 idest
1513 2077 1644 2149 qualitas
1670 2094 1743 2137 secu

79 2168 274 2237 maiescum
298 2167 372 2223 male
385 2167 468 2234 vult;
491 2180 525 2222 ae
540 2179 591 2236 per
606 2166 660 2223 bec
673 2165 715 2222 ibi
728 2165 815 2223 etiam
834 2165 865 2222 fit
880 2165 925 2222 vel
979 2179 1068 2236 quam
1095 2166 1189 2222 malus
1207 2175 1249 2222 est
1268 2166 1393 2235 animus,
1416 2167 1501 2223 etiam
1522 2168 1644 2238 quando
1669 2169 1743 2225 nibil

80 2257 186 2315 beatus
204 2254 249 2312 vel
276 2255 371 2323 miser,
394 2255 449 2312 boe
470 2262 513 2311 est
535 2255 566 2310 in
592 2255 653 2324 ipse
680 2269 741 2311 suae
768 2254 926 2312 veluntatis
978 2256 1063 2311 item:
1087 2255 1186 2324 Mirer,
1209 2255 1280 2325 quia
1306 2268 1397 2312 ausus
1419 2263 1459 2312 est
1483 2269 1590 2325 ponere
1617 2257 1743 2314 testimot

81 2343 198 2413 affectu,
216 2357 283 2415 quae
296 2342 427 2400 omnium
442 2341 584 2399 factorum
600 2343 829 2415 meritorumque
845 2357 925 2400 meu·
979 2344 1030 2400 ubi
1046 2344 1155 2400 dictum
1176 2352 1217 2401 est
1231 2345 1301 2415 (tob.
1320 2361 1338 2413 ι,
1362 2344 1386 2417 ι)
1400 2361 1406 2400 :
1427 2345 1576 2401 abstinens
1596 2359 1627 2401 se
1643 2346 1685 2403 ab
1704 2361 1743 2402 en

79 2438 213 2493 suriest.
238 2433 282 2509 Ex
306 2430 500 2504 qualitatibus
522 2430 630 2502 quippe
655 2431 850 2501 voluntatum,
867 2447 925 2490 nen
979 2432 1065 2500 mala,
1082 2447 1148 2489 cum
1174 2433 1278 2490 hecub
1300 2434 1377 2489 omni
1404 2440 1517 2504 peccato
1541 2433 1629 2490 vellet
1651 2433 1744 2492 intelli

79 2528 290 2593 extemporum
312 2519 421 2592 spatiis,
442 2519 502 2576 sivo
526 2526 602 2577 recte
626 2518 701 2576 facta
725 2521 786 2577 slve
811 2528 927 2592 peccata
980 2523 1114 2592 superius
1137 2522 1242 2578 dixerit
1273 2530 1421 2592 peceatum
1444 2529 1541 2579 actum
1564 2536 1638 2591 esse,
1674 2537 1736 2580 non

78 2611 257 2678 metiuntur,
274 2609 303 2665 in
324 2608 423 2666 eadem
438 2607 532 2680 igitur
552 2621 699 2677 mensura,
717 2609 852 2680 quamvis
867 2624 925 2666 non
979 2611 1193 2668 Retniniscatur
1215 2624 1294 2682 erqo,
1322 2613 1399 2682 qued
1419 2611 1528 2684 [etiam]
1553 2611 1578 2666 si
1602 2619 1689 2668 aetus
1715 2612 1741 2668 si

80 2708 254 2759 atomorum
284 2696 504 2755 malefacterum
528 2704 637 2754 aeterna
665 2698 810 2768 supplicia
832 2711 926 2755 reme
980 2708 1072 2770 potest
1095 2701 1160 2756 dici.
1186 2700 1261 2755 luam
1283 2703 1321 2755 ιιε
1338 2705 1438 2755 natura
1461 2705 1486 2756 at
1508 2703 1623 2770 qratia:
1640 2701 1737 2758 Audis

79 2790 206 2860 tiuntur,
225 2793 258 2845 ιιι
273 2787 323 2860 qui
346 2793 482 2845 aeternam
505 2786 597 2843 veluit
613 2786 719 2843 babere
739 2787 847 2858 peccati
862 2800 926 2857 per·
981 2788 1117 2853 litantem,
1136 2789 1207 2860 quid
1222 2789 1367 2846 desideras
1381 2789 1604 2860 disputantem?
1620 2791 1711 2859 sana,
1725 2790 1743 2846 ir

79 2879 260 2947 fruitionem,
274 2884 412 2934 aeternam
437 2875 564 2933 inveniat
579 2875 610 2931 in
631 2875 824 2933 vindicatione
844 2889 927 2933 sere·
981 2879 1101 2932 animam
1116 2893 1201 2932 meam
1225 2877 1309 2949 (Psoi.
1331 2892 1377 2946 ιι,
1406 2878 1462 2949 ib).
1487 2877 1529 2934 tib
1554 2878 1604 2935 illo
1620 2892 1732 2950 quaero,

82 2969 207 3026 ritatem.
234 2968 268 3022 fu
291 2966 359 3022 fibro
382 2964 425 3019 lfll
445 2967 483 3020 be
503 2966 613 3020 ciuitate
637 2965 708 3019 Dei:
727 2966 756 3018 ia
780 2965 927 3032 capitatio·
942 2942 966 3003 ⁰
983 2967 1115 3024 vitiatum
1132 2965 1169 3022 sit
1184 2966 1260 3038 qued
1273 2966 1370 3022 sanari
1386 2974 1478 3037 rogat.
1498 2966 1534 3022 Et
1548 2966 1621 3023 audi
1636 2967 1719 3038 quod
1735 2981 1743 3023 ι

81 3057 162 3114 uibus
189 3057 269 3124 caim,
294 3054 369 3112 sicut
396 3052 537 3123 scriptum
563 3059 615 3120 est,
645 3053 724 3122 impii
749 3055 928 3120 iuterropatie
982 3059 1049 3111 tur:
1076 3053 1219 3124 quemodo
1243 3055 1358 3123 peccari
1377 3054 1450 3111 tibi‘t
1471 3052 1551 3111 hunc
1574 3055 1627 3111 iste
1652 3055 1743 3111 interr

83 3149 135 3204 etit
150 3145 228 3218 (Sap.
245 3159 264 3213 1,
280 3143 318 3215 9).
336 3142 371 3199 Et
393 3141 547 3211 Apostolus
570 3141 658 3213 (Rom.
677 3154 710 3209 u,
724 3140 790 3212 fil:
814 3139 928 3211 Capito·
982 3142 1050 3200 Οιιι
1066 3142 1118 3213 qui
1142 3143 1266 3198 clamas:
1292 3155 1363 3197 sana
1387 3143 1514 3197 animam
1549 3156 1664 3210 meam3
1689 3156 1743 3213 qut

82 3233 213 3299 tionibus,
230 3230 336 3300 inquit,
359 3229 549 3284 accusantibus
570 3231 613 3285 oet
632 3231 715 3284 etiam
738 3230 928 3285 causantibus
982 3232 1098 3303 peccavi
1114 3231 1190 3288 tibi?
1212 3231 1340 3302 quidest
1356 3231 1528 3301 peccatum?
1548 3229 1743 3288 Substantias

82 3324 114 3377 ia
128 3320 173 3376 dic
187 3333 243 3390 qua
256 3319 325 3372 Deus
342 3315 482 3387 judicabit
504 3316 609 3372 occuito
630 3317 778 3373 meatuum.
802 3317 877 3373 idem
898 3320 929 3371 ia
983 3328 1033 3378 aut
1048 3321 1168 3378 omnino
1191 3318 1353 3376 substantia
1376 3332 1477 3374 carens
1492 3332 1610 3386 nomen,
1626 3333 1689 3389 que
1704 3332 1743 3375 ne:

81 3409 221 3482 psalmum
240 3405 364 3463 levlll:
386 3405 489 3462 Omnia
507 3418 595 3476 opera
618 3406 665 3463 rel
687 3406 763 3463 bona
785 3406 831 3463 vel
853 3407 929 3463 mala
983 3425 1041 3468 nen
1053 3408 1214 3476 existentia,
1227 3423 1284 3464 non
1307 3422 1412 3476 corpus
1427 3406 1549 3477 aliquid,
1565 3407 1617 3463 sed
1632 3413 1743 3463 tanturn

83 3494 297 3569 aeogitatione
331 3493 499 3567 procedunt.
530 3493 565 3549 ln
592 3493 766 3565 cogitatione
803 3494 929 3568 quisque
983 3512 1083 3571 peram
1106 3496 1173 3553 facti
1197 3504 1279 3552 actus
1300 3494 1499 3565 exprimitur?
1521 3495 1686 3565 Respondet
1709 3494 1743 3552 ill

83 3588 233 3653 innocens,
249 3585 279 3640 in
306 3582 561 3656 cogitatienereus
586 3590 644 3652 est;
673 3589 824 3653 propterea
849 3584 928 3654 qued
983 3594 1026 3643 est
1049 3592 1080 3642 ut
1096 3583 1185 3654 dicis;
1210 3589 1329 3639 nonest
1355 3589 1505 3651 peccatum
1532 3581 1635 3653 aliqua
1658 3582 1743 3640 subse

83 3677 227 3749 seriptum
241 3680 302 3737 est;
324 3673 459 3742 capitatia
474 3677 572 3729 sancta
593 3672 713 3727 seruabit
734 3677 769 3728 ιε.
789 3672 825 3728 Et
840 3672 927 3728 alibi:
983 3675 1032 3731 sed
1048 3680 1160 3731 tantum
1174 3672 1228 3728 bec
1249 3670 1364 3727 nominc
1389 3684 1539 3741 perperam
1552 3670 1625 3727 facti
1639 3679 1743 3728 actust

83 3769 117 3826 fn
137 3763 349 3836 recitationibus
371 3763 452 3834 impii
469 3763 648 3832 iatemoqatio
670 3763 733 3818 erit.
753 3761 788 3818 Et
809 3761 928 3832 Apeste·
983 3763 1084 3819 mitur.
1097 3760 1202 3818 Contra
1216 3760 1284 3816 iste:
1302 3758 1448 3823 Quomodo
1465 3758 1559 3829 potuit
1574 3759 1687 3816 violare
1706 3772 1742 3816 an

84 3856 131 3914 lus
157 3853 377 3924 capitationibus,
408 3852 459 3922 ait,
488 3852 690 3919 accusantibus,
716 3859 770 3908 etc.
801 3852 872 3907 idem
899 3853 930 3906 iu
983 3858 1064 3908 tuam
1080 3849 1157 3921 qued
1181 3847 1344 3905 substantia
1364 3848 1465 3903 caret?
1486 3847 1589 3903 Nonne
1613 3847 1743 3904 attenditt

84 3943 236 4016 Epistulam
257 3945 384 4009 ioannes,
404 3954 525 3996 sumone
544 3941 583 3995 ll:
607 3939 689 3996 Fides
710 3939 772 3995 sine
795 3937 931 4010 operibus
985 3939 1042 3996 alia
1064 3938 1206 4004 omittam,
1226 3936 1312 3992 etiam
1337 3950 1394 3992 non
1414 3935 1593 3992 manducare
1608 3951 1669 3992 non
1686 3949 1743 3993 etse

83 4046 143 4093 neu
165 4032 268 4089 salvat.
287 4029 368 4101 Opus
387 4036 484 4087 autem
505 4028 571 4084 fidei
593 4028 656 4098 ipsa
679 4026 793 4084 dilectio
813 4033 865 4095 est,
888 4026 930 4082 di·
984 4029 1120 4085 stantiam
1132 4027 1146 4082 i
1159 4028 1182 4084 ll
1197 4025 1359 4082 substantia
1375 4025 1483 4096 quippe
1502 4024 1621 4093 recedit,
1639 4024 1743 4095 quenit

85 4128 166 4181 cente
192 4118 320 4191 apostolo
339 4117 410 4190 (Gal.
436 4131 466 4185 v,
486 4119 532 4185 bl:
554 4120 604 4173 Est
626 4115 704 4187 fides,
733 4131 793 4184 que
819 4131 868 4186 per
888 4114 928 4169 tti-
985 4118 1041 4175 bos
1063 4116 1225 4174 substantia
1246 4122 1307 4180 est3
1330 4113 1378 4169 scd
1402 4112 1545 4168 abstinere
1569 4126 1588 4167 a
1617 4113 1684 4170 cibo
1713 4127 1743 4170 nt

86 4212 225 4268 ιεειιειιεει
246 4211 386 4280 operatur.
402 4206 565 4262 Ambrosius
584 4208 623 4260 Ue
633 4205 809 4275 paenitentia,
827 4203 874 4258 tib.
893 4204 904 4257 l
922 4220 928 4258 ι
986 4205 1167 4271 substantia3
1183 4210 1211 4259 et
1233 4212 1328 4259 tamen
1342 4201 1501 4257 substantia
1517 4202 1660 4271 corporis,
1675 4201 1700 4258 si
1718 4216 1743 4259 et

85 4299 187 4368 Habet,
204 4296 256 4372 qui
280 4295 381 4362 credit,
397 4308 481 4351 suam
495 4294 617 4366 gratiam
631 4310 638 4361 ;
654 4293 740 4350 babet
763 4291 894 4359 alteram,
907 4292 930 4349 si
945 4282 969 4338 D
986 4294 1170 4351 abstinetura
1185 4292 1259 4358 cibo,
1283 4291 1322 4346 ita
1337 4289 1510 4361 languescit,
1525 4288 1699 4348 debilitatur
1713 4305 1743 4349 at

85 4389 157 4448 fides
169 4387 234 4461 ejus
247 4385 431 4460 passionibus
445 4390 608 4442 coronetur.
624 4382 723 4453 Neque
739 4383 816 4438 enim
832 4381 928 4452 prius
986 4382 1074 4455 gitur,
1092 4389 1134 4447 ut,
1151 4374 1174 4435 s'i
1195 4379 1380 4450 aliquomodo
1405 4378 1538 4448 perduret
1559 4377 1590 4432 iu
1608 4380 1680 4445 rita,
1702 4380 1743 4436 vit

86 4490 177 4551 qnam
200 4483 346 4549 pateretur
373 4475 475 4530 Petrus
499 4473 562 4528 sine
587 4471 681 4544 gratia
704 4470 783 4538 fuit;
807 4470 855 4529 sed
879 4469 929 4526 ubi
986 4471 1021 4529 sit
1035 4468 1216 4526 adeumdem
1238 4468 1336 4524 cibum
1351 4465 1499 4532 revecari;
1516 4464 1573 4522 iteo
1598 4467 1743 4525 abstinent

86 4562 191 4640 passus
205 4571 258 4634 est,
282 4560 440 4635 acquisivit
453 4561 582 4618 alteram.
607 4561 789 4629 Hieronymus
812 4558 849 4614 ed
862 4561 932 4615 Pau·
985 4559 1057 4616 tiata
1069 4565 1120 4614 εει.
1138 4556 1183 4613 Sic
1197 4571 1254 4613 nen
1271 4563 1312 4612 est
1327 4555 1490 4611 substantia
1505 4562 1678 4624 peceatum,
1700 4556 1743 4612 εει

87 4657 189 4713 Unum:
204 4653 314 4712 Paulus
335 4650 510 4709 novissimus
525 4649 554 4706 in
569 4649 679 4716 ordine,
695 4649 806 4717 primus
827 4648 857 4703 iu
872 4661 930 4704 me·
986 4646 1092 4704 stantia
1115 4652 1156 4702 est
1175 4646 1250 4702 Ueus
1273 4658 1430 4711 summae
1452 4659 1511 4714 quo
1534 4658 1584 4716 per
1609 4643 1743 4702 inobedit

87 4746 151 4805 ritis
164 4750 216 4816 est,
236 4741 306 4816 quia
320 4738 386 4814 plus
397 4738 533 4798 omuibus
547 4735 701 4795 laboravit.
986 4737 1143 4794 recedendo
1167 4734 1251 4793 audis
1276 4733 1521 4807 quemadmodum
1561 4733 1662 4792 dicat:
1693 4737 1743 4792 Per

122 4959 179 5032 (ιι)
204 4958 288 5016 Cous.
304 4957 334 5014 lt.
349 4955 368 5013 i.
393 4954 539 5012 adnotat:
561 4952 674 5010 Abhinc
697 4950 840 5023 usquead
865 4952 931 5006 dm·
986 4951 1101 5023 tuplum
1131 4948 1251 5018 accipiet
1275 4947 1304 5028 ιιι
1332 4947 1387 5003 boc
1409 4945 1515 5002 seculo
1539 4951 1567 5001 et
1593 4946 1720 5030 insuper

86 5034 194 5090 breuius
208 5034 247 5087 Ue
258 5028 421 5099 punitentia
437 5026 499 5095 loci,
517 5025 569 5096 qui
582 5023 742 5081 laudantur
758 5022 788 5078 in
799 5021 929 5090 Abrinc,
986 5033 1121 5079 aeternam
1147 5019 1311 5090 possidebit.
1348 5018 1450 5073 Paulus
1478 5022 1568 5084 apost.
1595 5033 1628 5072 au
1655 5021 1743 5087 Epist

86 5105 191 5162 desunt
213 5102 244 5158 in
267 5101 388 5167 luten,
415 5111 465 5169 pre
492 5096 598 5179 quibus
626 5095 676 5151 bes
702 5093 786 5151 babet
810 5095 930 5159 faron..
985 5097 1135 5150 bonarios:
1161 5091 1250 5147 Cerne
1271 5089 1400 5146 ereditur
1419 5089 1455 5143 ad
1476 5087 1637 5171 justitiam,
1655 5103 1743 5169 orec

108 5189 160 5234 nes
183 5185 286 5230 rursus
309 5170 428 5228 Abrinc.
453 5167 622 5225 omittit:fa
643 5167 809 5234 Erranqctie:
837 5165 931 5220 Falcite
986 5165 1027 5221 sio
1049 5165 1079 5219 ιιι
1102 5164 1137 5218 ad
1162 5162 1283 5217 satutem
1311 5161 1385 5214 ittam
1399 5161 1428 5213 ta
1447 5159 1558 5213 eadem:
1580 5157 1637 5225 Qut
1662 5158 1743 5214 ιειιι

84 5190 198 5304 anetus
216 5241 519 5315 oignospoanitemta,
535 5240 688 5295 ειειιεειι
713 5236 786 5301 Quid
804 5234 931 5291 faciendo
986 5237 1092 5304 cuique
1117 5233 1275 5287 secundnm
1299 5245 1386 5300 opera
1407 5244 1470 5286 sua.
1499 5229 1575 5282 tatem
1601 5231 1641 5284 ad
1665 5231 1743 5285 coria

86 5318 177 5373 vitam
200 5323 336 5374 aeternam
357 5312 529 5383 possidebo?
552 5309 627 5366 Dicit
651 5308 690 5365 illi
719 5310 819 5364 iesus:
844 5305 931 5361 Serva
986 5305 1195 5376 Unusquisque
1225 5311 1320 5358 antem
1355 5302 1501 5372 propriam
1529 5301 1692 5385 mercedem
1717 5314 1743 5356 at

86 5386 233 5443 mandata.
260 5388 344 5442 ftem:
370 5385 424 5451 Qui
451 5381 569 5454 reliquit
597 5381 706 5450 patrem
733 5385 784 5436 aut
809 5383 931 5433 matrem
985 5377 1144 5434 secttndum
1179 5389 1265 5430 suum
1299 5373 1437 5430 laborem.
1469 5374 1577 5428 Ventos
1603 5374 1635 5427 in
1669 5373 1743 5452 boon

87 5463 139 5515 aut
153 5469 280 5515 sorerem
294 5462 346 5514 aut
361 5456 478 5515 fratrem
493 5460 545 5510 aut
561 5451 654 5510 fllium
666 5456 782 5522 propter
796 5462 852 5516 me,
865 5460 930 5505 cen·
985 5449 1055 5505 Date
1067 5447 1288 5518 eleemosynam,
1305 5453 1333 5503 et
1347 5444 1445 5503 omnia
1459 5450 1528 5502 suni
1543 5443 1656 5503 munda
1671 5442 1743 5501 vobit
