3736 5962
94 193 149 249 875
363 190 466 246 altrat
484 187 666 246 bBAELlell
686 187 762 246 ΟΡΡ.
782 185 872 244 PARS
892 188 938 243 lll.
951 186 988 229 ’-
1002 184 1223 245 rfluomstca
1241 185 1284 240 ET
1303 181 1574 242 rillbosormclt.

96 317 229 390 baptizoti
248 331 341 373 sumus
366 318 396 371 itt
409 316 516 374 otreio
538 317 612 379 lesu,
637 312 666 370 id
698 321 741 370 εει
770 313 941 384 baptismate
955 313 979 368 Α
994 311 1077 368 uobis
1094 310 1189 382 gratia
1212 309 1389 366 remissionis
1403 316 1446 365 εει
1464 306 1578 377 εοιιειε,
1602 306 1684 368 ειει,
1701 317 1762 376 qua

95 411 160 482 ejus
188 407 283 479 potius
316 419 406 476 quam
445 402 573 472 loannis,
615 417 710 458 sumus
750 403 885 472 baptizoti
914 403 943 456 in
999 414 1162 470 possumus
1179 400 1364 467 cobaerentes,
1384 404 1413 455 et
1436 396 1467 453 in
1491 396 1544 452 bac
1565 393 1762 464 munditiap

95 502 180 555 morte
204 492 314 566 ipsius?
343 493 372 549 id
399 493 497 550 estin
527 491 718 549 similitudine
742 499 771 549 et
798 491 941 563 significa·
998 497 1098 545 nentes
1132 493 1283 544 serviamus
1319 487 1396 544 ultra
1426 491 1549 556 peccato,
1580 483 1608 540 id
1637 490 1681 540 εει
1716 495 1762 539 not

97 588 173 645 tione
192 582 350 654 corporalis
377 581 486 639 mortis.
503 580 582 637 Sicut
601 580 711 637 dictum
732 587 784 648 εει,
800 588 833 636 ει
862 580 942 637 vide·
997 579 1125 635 minetur
1140 577 1223 634 nobis
1237 578 1323 648 longa
1338 577 1447 647 peccati
1466 574 1656 639 consuetudo,
1679 587 1752 643 quoe

96 676 163 735 licet
181 674 257 730 sicut
284 672 332 730 ille
355 672 443 728 semel
469 677 602 728 mortuus
625 675 668 725 cst
693 682 822 739 corpore,
844 677 873 726 ει
900 683 942 726 re·
997 667 1125 725 nolentes
1152 666 1238 738 quasi
1264 680 1362 723 servos
1390 667 1420 721 in
1451 671 1624 735 perpetuum
1648 662 1759 720 retinet

97 764 235 831 surrexit,
252 763 292 818 ita
314 769 342 818 et
353 774 405 817 nos
430 759 517 817 semel
532 757 605 816 mori
628 765 743 828 peccato
761 757 900 826 nitamur,
915 767 943 815 ει
996 765 1139 828 tanquam
1158 755 1283 812 ramulos
1304 754 1341 810 ad
1370 754 1471 811 boram
1498 752 1643 825 subjectos
1671 750 1762 808 babet

97 870 155 913 non
180 853 258 910 ultra
285 850 358 908 velle
381 863 511 921 peccare,
538 847 649 905 etiamsi
674 860 724 917 par
746 846 941 918 penitentiam
996 848 1077 902 euim.
1095 846 1171 902 Bene
1184 844 1246 900 dixi
1261 843 1437 900 crucifixum
1449 856 1510 900 εεεε
1520 849 1548 899 ει
1573 840 1762 898 mortuumlr

93 944 245 1004 valeamus
272 952 435 1011 resurgere.
472 937 629 1008 consepulti
655 938 736 992 caim.
773 936 838 992 Post
864 935 942 993 sirni-
996 935 1041 993 bis
1052 942 1177 992 veterem
1193 933 1350 1000 bominem,
1372 941 1403 990 ut
1427 931 1554 1003 amplius
1578 929 1626 987 ille
1642 931 1672 986 in
1688 928 1762 987 nobi

94 1032 246 1092 litudinem
274 1029 378 1086 mortis
404 1035 431 1085 et
458 1023 764 1098 sepulturatadjungit
791 1021 876 1080 etiam
892 1036 941 1079 rc-
996 1032 1059 1082 cato
1081 1038 1139 1080 non
1170 1023 1287 1090 serviat,
1311 1035 1401 1093 quam
1434 1028 1568 1079 mortuus
1597 1019 1762 1092 quilibet,t

94 1119 291 1186 surrectionis,
313 1118 412 1173 dicens
435 1128 488 1172 nos
506 1115 543 1171 ad
566 1114 620 1171 boc
653 1114 684 1169 in
706 1113 848 1183 baptismo
873 1127 938 1170 con·
996 1114 1196 1183 Hieronymus,
1221 1111 1398 1183 justificatus
1421 1117 1465 1167 est
1490 1124 1508 1166 a
1532 1117 1658 1180 peccato,
1688 1109 1719 1165 id
1747 1123 1762 1167 e

94 1210 221 1284 sepultos
239 1221 300 1265 esse
326 1205 438 1262 Christo
466 1204 497 1260 in
517 1209 607 1260 morte
636 1200 753 1273 peccati,
785 1201 879 1259 idest
903 1201 938 1258 si·
996 1216 1082 1274 opere
1109 1200 1218 1272 peccati
1240 1202 1300 1272 jam
1326 1200 1447 1266 alienus,
1477 1199 1543 1255 licet
1558 1197 1677 1269 penitus
1700 1197 1762 1256 volt

91 1300 255 1359 militudine
270 1296 366 1353 tridua
391 1295 455 1366 ejus
470 1293 637 1364 sepulturae,
658 1305 710 1363 per
733 1305 822 1363 quam
851 1292 937 1348 mori·
995 1292 1133 1363 peccandi
1164 1306 1223 1348 non
1257 1297 1363 1358 careat,
1379 1291 1455 1347 sicut
1477 1289 1568 1347 libero
1607 1297 1688 1346 caret
1713 1302 1762 1360 ope

93 1404 161 1448 mur
180 1393 305 1460 peccato,
329 1384 482 1455 accepisse,
509 1382 546 1438 ad
575 1382 637 1450 boo,
655 1381 788 1453 inquam,
809 1388 852 1450 nt,
868 1379 939 1447 Quo·
994 1379 1133 1437 arbitrio:
1157 1381 1188 1437 si
1217 1379 1371 1448 autemid
1400 1386 1442 1436 est
1468 1379 1493 1434 si
1528 1386 1621 1435 morte
1648 1378 1762 1448 peccati

92 1477 172 1534 modo
205 1475 327 1534 ciratus
355 1473 436 1529 semet
461 1475 624 1542 resumsit,
653 1471 739 1529 semel
769 1472 873 1527 iterunr
894 1484 939 1526 ca·
994 1475 1092 1527 tamm
1120 1478 1240 1526 mortem
1259 1468 1375 1526 Christi.
1391 1468 1544 1534 credimus,
1568 1468 1596 1525 id
1618 1475 1663 1524 εει
1683 1474 1762 1525 mant

93 1577 181 1623 surus
205 1563 235 1618 in
269 1569 400 1629 mortem,
424 1560 613 1631 perplurium
639 1561 690 1614 liei
717 1561 818 1626 Putris,
842 1558 870 1614 id
897 1566 940 1615 est
994 1559 1078 1615 miter
1092 1565 1233 1627 tenemus,
1256 1558 1323 1625 quio
1343 1559 1426 1612 simut
1452 1559 1535 1612 etium
1549 1559 1672 1612 uiuamus
1689 1572 1752 1613 oum

91 1651 322 1726 perpotentiam
355 1649 526 1719 divinitatis,
556 1663 622 1719 quae
641 1645 803 1719 specialiter
823 1646 939 1704 nomine
954 1662 976 1717 Β
993 1654 1045 1716 sto,
1070 1656 1128 1705 tam
1150 1662 1269 1718 corpore
1292 1662 1381 1720 quam
1404 1646 1666 1718 animaglorillcati
1689 1647 1722 1704 iu
1749 1661 1762 1719 p

91 1743 185 1800 Patris
201 1739 394 1811 exprimatur,
410 1738 450 1794 ita
475 1751 528 1795 nos
547 1737 732 1795 ambulemus
757 1750 807 1808 per
831 1737 940 1808 gradus
994 1745 1089 1795 tuum.
1114 1736 1204 1808 Cujus
1233 1737 1351 1807 quidem
1366 1735 1432 1793 vita
1448 1737 1668 1807 perpetuitatem
1694 1736 1762 1808 subi

90 1832 246 1898 virtutum,
267 1841 334 1900 qum
356 1841 465 1884 novum
493 1826 639 1883 bominem
663 1825 785 1894 iaciunt,
812 1839 871 1882 non
895 1839 937 1881 re·
993 1825 1102 1894 dicens,
1118 1829 1231 1882 scientes
1260 1840 1340 1883 nunc
1364 1840 1414 1897 per
1437 1825 1673 1896 experimentum
1691 1826 1745 1899 qui

90 1925 234 1978 vertentes
258 1918 295 1975 ad
321 1917 392 1974 vitia
415 1931 482 1987 quae
503 1924 574 1973 sunt
594 1930 671 1973 mors
690 1915 838 1971 animaesi
854 1916 938 1970 euim.
993 1915 1139 1972 credimus
1168 1915 1242 1986 quod
1264 1916 1364 1971 scilicet
1388 1915 1514 1972 cbristus
1535 1930 1682 1984 resurgens
1711 1931 1748 1971 ει

92 2009 224 2067 Dixinos
249 2007 391 2076 accepisse
416 2005 635 2063 similitudinem
661 2005 762 2062 mortis
789 2013 817 2062 et
844 2002 939 2074 sepul·
997 2007 1064 2071 tuis,
1084 2003 1112 2060 id
1141 2012 1183 2061 εει
1213 2005 1248 2061 de
1272 2006 1346 2061 inter
1364 2012 1505 2071 mortuos,
1532 2018 1659 2075 quorum
1683 2018 1762 2063 unus

91 2106 165 2157 turae
191 2097 298 2154 Christi
318 2095 348 2151 in
375 2095 529 2165 baptismo,
547 2103 579 2152 ut
595 2094 816 2152 similitudinem
842 2106 938 2150 resur·
989 2094 1063 2163 ium,
1081 2092 1109 2150 id
1134 2093 1221 2150 estin
1238 2095 1371 2164 prasenti
1395 2095 1507 2159 saeculo,
1523 2109 1578 2149 uon
1599 2096 1762 2164 moritus-,1

90 2189 226 2245 rectionis
250 2199 301 2256 per
320 2186 478 2241 novitatem
502 2183 569 2240 vitae
592 2192 753 2240 teneamus.
778 2184 811 2239 lit
828 2183 938 2249 merito,
993 2182 1080 2239 etiam
1094 2181 1251 2240 inluturo:
1276 2190 1303 2240 ει
1329 2184 1383 2239 hoc
1397 2190 1450 2252 est,
1468 2185 1540 2239 Mors
1566 2184 1705 2239 itiiuttro
1728 2199 1762 2240 aaa

92 2278 164 2345 Quia
200 2279 225 2330 si
263 2274 443 2342 comptantati
470 2274 604 2339 sumimus
636 2273 815 2327 similitudini
843 2273 938 2326 mortis
992 2271 1154 2326 minabitur.
1171 2271 1224 2329 Sed
1253 2272 1381 2343 quidest
1403 2272 1545 2343 quodait,
1566 2288 1621 2328 ποτε
1644 2274 1762 2330 domim

90 2366 202 2432 struat
232 2363 261 2419 id
279 2362 360 2418 estsi
389 2361 419 2416 in
436 2362 530 2431 gratia
544 2361 735 2432 baptismatis,
753 2377 819 2432 quae
838 2368 881 2418 est
902 2361 938 2416 si·
993 2360 1076 2431 quasi
1105 2359 1186 2431 prius
1200 2361 1348 2417 dominata
1361 2359 1459 2428 fuerit,
1476 2369 1503 2418 ει
1524 2376 1592 2419 eum
1622 2369 1762 2434 tanquan

90 2453 224 2511 militudo
246 2450 346 2507 mortis
372 2450 486 2506 Christi.
504 2450 625 2507 tirmiter
647 2449 770 2506 radicati
785 2449 937 2517 luerimus,
992 2449 1100 2507 micum
1116 2450 1297 2520 oppresserit.
1319 2452 1355 2507 Ει
1373 2451 1558 2521 fortassequi
1574 2451 1762 2523 usqueadeo

89 2543 164 2599 sicut
188 2541 235 2598 ille
248 2539 411 2597 obedientia
438 2538 541 2596 mortis
563 2539 619 2595 sibi
645 2539 783 2610 iniunctae
809 2554 827 2596 a
850 2540 938 2596 Patre
994 2545 1053 2595 tem
1074 2539 1156 2596 visus
1169 2547 1212 2596 cst
1227 2540 1378 2611 expavisse
1393 2548 1425 2597 ut
1439 2541 1569 2597 diceret:
1593 2543 1689 2611 Pater,
1711 2545 1762 2613 sip

90 2630 245 2688 immobilis
274 2629 392 2685 exstitit.
436 2628 505 2697 Quae
532 2628 648 2699 quidem
685 2642 763 2685 mors
796 2628 859 2700 ejus
883 2628 938 2685 luit
997 2629 1050 2683 bite
1069 2635 1119 2696 εει,
1136 2636 1202 2695 eto,
1231 2634 1258 2685 et
1282 2628 1595 2695 iterum,oerumtomeu
1614 2645 1673 2685 mou
1698 2634 1762 2688 sicu

90 2718 175 2790 quasi
193 2717 331 2789 plantatio
354 2717 437 2789 grani
449 2716 654 2783 fructificandi,
668 2725 696 2773 ει
723 2715 934 2787 multiplicandi
994 2719 1063 2786 uolo,
1079 2725 1145 2785 etc,
1166 2719 1239 2774 mori
1251 2718 1420 2775 nullatenus
1434 2719 1534 2786 voluit,
1556 2720 1605 2777 sed
1627 2721 1762 2790 permisit

90 2807 248 2879 sicutipse
275 2806 356 2864 dicit:
373 2807 433 2862 Nisi
452 2822 568 2875 prauum
595 2807 737 2875 immenti,
767 2815 820 2863 etc.
847 2807 935 2879 (loun.
992 2807 1120 2864 cundum
1136 2806 1406 2876 divinitatemvero,
1421 2809 1496 2866 sicut
1522 2823 1616 2866 unum
1645 2817 1762 2871 ostoun

88 2907 137 2963 ιιι,
153 2894 216 2966 ιιις
242 2896 442 2950 simulavimus
474 2900 499 2949 et
517 2897 723 2950 resurrectionis
756 2895 827 2964 ejus,
851 2895 878 2950 id
894 2901 936 2953 est
990 2896 1097 2964 tre,ita
1115 2904 1144 2953 ει
1166 2897 1493 2967 nninsvoluntatisest,
1519 2897 1606 2968 juxta
1628 2901 1712 2970 quod
1737 2901 1762 2973 ip

88 2985 292 3054 perveniemus
306 2997 356 3053 per
380 2983 489 3054 gradus
501 2983 643 3040 virtutum
661 2984 697 3039 ad
717 2983 936 3041 resurrectionis
952 2951 974 3009 C
989 2997 1020 3042 εε
1034 2984 1088 3041 ειι;
1108 2987 1191 3043 Nemo
1205 2986 1277 3041 tollit
1292 2988 1412 3042 unimam
1423 3003 1510 3043 meum
1530 3003 1548 3041 u
1567 3003 1619 3057 me,
1635 2989 1688 3044 sed
1705 3005 1756 3060 ego

87 3073 152 3144 ejus
167 3071 299 3143 gloriam,
317 3071 377 3127 sive
392 3072 429 3127 ad
453 3071 541 3142 ipsam
555 3072 711 3129 novitatem
725 3072 800 3141 vita,
816 3080 936 3144 quaest
990 3089 1048 3129 eum
1064 3072 1155 3145 (Joou.
1186 3088 1215 3141 x,
1241 3077 1294 3144 ts).
1319 3076 1355 3132 lit
1377 3077 1496 3133 iterum:
1512 3077 1762 3137 Potestotembubt

87 3161 174 3218 etlam
200 3161 230 3216 in
256 3160 340 3217 terris
373 3159 506 3230 quedam
537 3159 697 3217 similitudo
722 3160 828 3218 inturae
857 3163 934 3231 vitae,
989 3162 1072 3217 uendi
1099 3165 1229 3232 animum,
1264 3167 1412 3220 etiterum
1439 3166 1565 3220 sumendi
1597 3182 1657 3222 eun
1682 3167 1762 3236 (ibid⁴

88 3263 179 3323 quam
193 3247 372 3320 resurgendo
399 3248 511 3320 primus
525 3248 657 3305 Christus
676 3250 832 3308 nuntiavit.
848 3251 933 3309 Novi.
989 3250 1094 3308 isaias:
1139 3253 1251 3310 obtutus
1290 3259 1341 3323 est,
1393 3254 1499 3326 inquit,
1544 3257 1611 3325 quta
1654 3257 1747 3313 uoluit

87 3346 132 3398 tas
145 3340 212 3397 vitm
225 3344 278 3406 εει,
294 3346 325 3395 ut
337 3337 377 3394 ait
400 3336 549 3409 Origenes,
570 3337 621 3394 ubi
640 3346 766 3395 veterem
788 3339 934 3397 hominem
989 3354 1048 3408 nur,
1064 3341 1101 3406 7).

87 3442 154 3487 cum
175 3427 288 3485 actibus
314 3427 375 3484 suis
401 3426 582 3496 deponimus,
605 3433 633 3483 et
660 3425 811 3483 induimus
825 3441 934 3484 novum
1024 3429 1202 3487 Desideravit
1227 3431 1344 3502 quidem
1357 3433 1456 3490 anima
1477 3434 1601 3490 bominis
1614 3433 1697 3493 iliius
1717 3435 1762 3494 sal

86 3516 310 3586 quireuovatur
334 3514 365 3570 in
392 3513 539 3585 agnitione
567 3514 627 3570 bet.
656 3513 788 3580 Quotidie
812 3514 854 3570 sic
877 3515 933 3571 dici
988 3526 1116 3574 nostram
1139 3533 1229 3589 quam
1246 3521 1275 3575 iu
1301 3528 1391 3578 morte
1412 3536 1467 3578 sua
1491 3523 1647 3580 consistere
1672 3525 1762 3583 sciebt

86 3610 177 3675 potest
192 3604 254 3674 ipsa
269 3603 384 3661 novitas
400 3602 567 3660 innovanda
578 3616 647 3658 esse.
664 3600 743 3658 Sicut
757 3601 835 3657 enim
849 3602 931 3660 dicit:
988 3613 1106 3676 propter
1122 3605 1200 3662 illam
1213 3621 1303 3678 qnam
1318 3608 1500 3667 desiderabat
1521 3610 1600 3668 banc
1611 3611 1762 3684 tolerabat

84 3694 157 3752 Num
181 3698 208 3747 ει
239 3695 263 3748 is
293 3695 343 3763 qui
377 3694 445 3759 soris
461 3696 501 3747 εει
529 3691 605 3746 bomo
632 3695 724 3745 uester
738 3693 931 3761 corrumpitur,
988 3701 1020 3750 ut
1046 3694 1180 3752 infirmus
1201 3698 1529 3771 velsauciatusaliquis
1551 3708 1669 3770 propter
1687 3702 1762 3761 sanit

84 3782 135 3840 red
155 3787 204 3848 qui
225 3783 303 3837 intus
326 3787 473 3838 reuocetur
486 3781 520 3836 da
540 3780 584 3834 dte
609 3782 640 3834 in
654 3780 725 3834 diem
749 3780 786 3850 (ll
816 3780 876 3837 Gor.
892 3796 931 3850 rv,
988 3796 1080 3853 quarn
1107 3785 1259 3851 desiderat,
1277 3787 1370 3843 multa
1386 3788 1487 3846 tolerat
1510 3803 1613 3860 aspera
1636 3800 1762 3861 meamus¹

86 3871 140 3944 ιιι).
157 3869 211 3937 Qui
235 3866 348 3929 imbue
368 3869 534 3941 proliciunt,
561 3882 673 3938 semper
689 3868 771 3925 bonis
797 3867 933 3939 operibus
989 3879 1176 3943 spontaneus,
1199 3891 1355 3947 perquam
1379 3878 1533 3935 sanitatem
1548 3878 1762 3950 seadepturum

83 3962 225 4034 adjiciunt
239 3957 366 4017 meliora.
777 4019 781 4033 ,
986 3962 1093 4019 stimat.
1123 3963 1311 4037 Quaecunque
1336 3974 1434 4024 autem
1463 3976 1580 4025 coactns
1610 3969 1681 4039 quis
1705 3980 1762 4029 sus

118 4053 174 4108 Hoc
200 4054 325 4117 scientes,
349 4049 376 4104 id
404 4054 447 4103 est
469 4045 649 4104 attendentes
667 4052 695 4102 et
718 4046 932 4104 considerantes
985 4063 1044 4106 non
1059 4051 1162 4123 utique
1186 4053 1270 4122 velle,
1294 4055 1344 4111 sed
1369 4055 1462 4127 magis
1478 4056 1599 4114 tolerare
1624 4058 1762 4118 nicenam

81 4138 113 4196 in
137 4140 199 4210 ipso
222 4152 327 4210 genere
339 4136 440 4193 mortis
455 4135 559 4194 Christi
584 4136 741 4208 significari
769 4135 847 4208 quod
873 4151 931 4193 non
985 4138 1183 4212 llibilquippe
1206 4142 1362 4215 aliligendo
1386 4153 1488 4217 gravat
1516 4147 1655 4218 aliquem,
1679 4148 1742 4205 nisi

80 4226 168 4285 simul
183 4241 249 4284 cum
264 4225 376 4283 Christo
392 4224 427 4282 sit
441 4228 600 4295 auaitum,
623 4225 652 4281 id
672 4233 715 4281 est
730 4224 758 4280 in
774 4224 868 4292 uobis,
883 4241 928 4281 εε-
945 4261 968 4316 D
984 4237 1087 4287 contra
1110 4231 1174 4301 ejus
1196 4233 1308 4303 geritur
1336 4234 1526 4292 voluntatem.
1551 4235 1587 4293 Er
1610 4235 1641 4291 in
1671 4236 1758 4298 nuno

80 4320 125 4373 tus
146 4317 234 4379 bomo,
251 4315 280 4371 id
302 4322 345 4372 εει
360 4322 557 4387 transgressor
571 4314 674 4379 Adam,
696 4320 728 4371 ut
742 4316 928 4386 quemadmo-
984 4320 1102 4390 patitur,
1118 4319 1173 4376 nisi
1189 4321 1268 4392 quod
1291 4322 1354 4393 ejus
1367 4323 1510 4380 voluntati
1531 4325 1716 4384 adversatur.
1732 4330 1762 4385 Αι

79 4406 149 4465 dum
163 4404 273 4463 scilicet
299 4403 431 4462 Christus
454 4403 641 4475 corporaliter
666 4404 825 4461 crucilians
850 4419 928 4461 mor·
983 4406 1083 4478 itaque
1104 4407 1209 4466 Christi
1236 4425 1294 4467 non
1315 4419 1374 4468 tam
1389 4411 1560 4470 aillictioncs
1575 4415 1750 4484 passionum

80 4502 212 4564 tuusest,
229 4495 270 4553 ita
281 4493 470 4567 spiritualiter
484 4494 514 4550 in
534 4492 618 4550 nobis
632 4501 758 4550 veterem
779 4493 927 4550 bominem
982 4509 1071 4567 quam
1089 4496 1210 4554 tolerare
1231 4498 1351 4556 dicenda
1372 4510 1424 4558 est.
1441 4500 1495 4558 Sed
1512 4501 1582 4573 quia
1595 4502 1685 4560 etiarn
1700 4504 1762 4565 Cbr

76 4598 129 4656 per
148 4584 325 4656 baptismum
341 4583 414 4642 mori
435 4583 589 4640 credamus
603 4590 631 4640 ει
654 4582 799 4655 cruciligi,
830 4581 857 4640 id
885 4590 928 4639 est
981 4584 1043 4655 ipse
1070 4585 1141 4642 alibi
1170 4588 1321 4658 profitetur
1349 4604 1407 4647 non
1448 4605 1478 4648 se
1510 4591 1624 4649 venisse
1648 4593 1762 4655 volunt

76 4688 192 4733 omnem
210 4673 478 4746 transgressionem,
503 4686 554 4743 per
568 4686 656 4744 quam
678 4672 828 4729 imitamur
849 4679 925 4729 vete·
980 4687 1065 4732 suam
1079 4673 1186 4743 lacere,
1211 4677 1260 4734 sed
1288 4678 1470 4736 voluntatem
1499 4681 1601 4738 Patris.
1628 4681 1712 4740 Unde
1735 4691 1762 4743 ει

74 4776 138 4823 rem
152 4771 182 4823 et
193 4764 318 4835 priorem
330 4763 434 4832 Adam,
466 4761 635 4818 condonari.
661 4761 696 4817 lit
719 4760 774 4817 boc
791 4760 926 4832 estquod
980 4777 1086 4836 magno
1101 4764 1130 4820 id
1156 4765 1300 4824 meritoet
1323 4768 1432 4825 virtute
1466 4770 1663 4840 reputandum
1687 4779 1742 4841 εει,

73 4867 222 4925 exponens
243 4852 406 4925 subjungit,
437 4851 477 4908 ita
502 4858 536 4908 nt
562 4851 723 4906 destruatur
742 4855 772 4905 iu
791 4850 868 4906 uobis
884 4856 925 4907 to·
979 4866 1077 4911 amore
1109 4854 1175 4925 quis
1208 4870 1271 4913 suso
1308 4856 1424 4928 penitus
1449 4859 1636 4917 abrenuntiat
1673 4861 1762 4921 volun

74 4944 133 4998 tum
147 4957 244 5011 corpus
258 4944 375 5012 peceati,
389 4955 448 4997 non
464 4954 557 4997 unum
568 4941 743 5009 membrum,
759 4938 843 4997 idest
858 4938 922 4997 uni·
979 4942 1037 4999 imo
1049 4949 1085 5009 et,
1098 4952 1131 5001 ut
1145 4943 1205 5015 ipse
1224 4945 1294 5002 alibi
1315 4946 1447 5004 cbristus
1465 4948 1515 5016 ait,
1537 4949 1634 5007 adbuc
1645 4956 1674 5007 ει
1700 4952 1762 5011 anit

72 5038 295 5102 versapeocata‚
312 5039 372 5088 tam
388 5029 530 5102 originale
556 5029 662 5086 scilicet
678 5043 768 5101 quam
794 5029 923 5100 propria,
979 5044 1063 5090 suant
1078 5031 1179 5089 oderit.
1210 5032 1340 5101 Quodam
1368 5037 1468 5108 itaque
1495 5039 1578 5096 modo
1602 5053 1681 5098 mors
1696 5041 1761 5113 ipsa

71 5121 198 5185 nothos
223 5128 336 5178 mutum
364 5119 411 5178 vel
440 5119 489 5177 illa
515 5119 725 5177 condonentur.
759 5117 925 5177 Crucifixus
977 5120 1111 5178 manituti
1126 5120 1231 5180 Christi
1255 5123 1405 5182 dominata
1424 5134 1478 5195 est,
1497 5127 1617 5198 quando
1643 5142 1711 5186 cam
1727 5130 1762 5188 vi

71 5207 195 5277 quilibet
223 5207 264 5266 ita
296 5216 388 5267 totum
425 5222 530 5281 corpus
554 5216 709 5266 extensum
738 5208 834 5279 babet,
864 5223 925 5265 mo·
977 5216 1021 5266 cet
1034 5223 1085 5280 pro
1100 5213 1236 5283 augustia
1255 5227 1309 5270 sna
1336 5215 1552 5287 reformidabat,
1578 5225 1606 5274 et
1632 5219 1761 5279 transire

70 5307 139 5358 tere
161 5298 294 5357 membra
331 5311 390 5356 non
420 5300 517 5370 possit,
552 5306 694 5371 tanquam
728 5298 827 5357 omnia
866 5299 923 5356 sint
976 5299 1036 5355 tius
1060 5314 1150 5370 quam
1169 5304 1270 5360 venire
1294 5304 1419 5374 volebat,
1447 5308 1532 5379 quasi
1558 5307 1662 5365 nolens
1685 5308 1762 5369 snstl

70 5385 257 5447 matiscus
287 5387 342 5447 Per
373 5387 453 5459 quod
486 5387 670 5460 significatur
696 5388 728 5445 in
767 5386 920 5461 baptizatis
975 5393 1090 5460 propter
1113 5389 1276 5462 injunctam
1296 5393 1394 5453 sibia
1428 5396 1512 5457 Patre
1534 5395 1742 5461 obedientiam.

65 5474 168 5537 onnia
186 5474 355 5537 delataassa
377 5482 503 5548 peccata
531 5478 567 5533 tit
587 5477 673 5545 ultro,
700 5475 788 5536 idest
816 5475 855 5537 ad
868 5475 923 5535 boc
975 5474 1063 5537 etiam
1084 5477 1140 5538 snb
1163 5477 1228 5553 lege
1246 5479 1340 5543 laetus
1353 5491 1406 5556 εει,
1422 5500 1490 5546 cnm
1503 5486 1623 5549 ormino
1636 5485 1695 5562 legi
1714 5485 1762 5553 ml
