3804 5962
73 190 123 246 etll
345 188 445 244 rurut
463 189 651 245 humbaudi
670 188 745 244 ΟΡΡ.
766 189 856 246 PARS
874 190 910 246 ll.
930 218 965 232 -·
984 189 1168 279 sandonus
1187 188 1232 247 ΕΤ
1251 188 1374 246 OPUSG.
1393 187 1512 245 ASCET.
1768 187 1822 244 ιιι
1842 262 1848 270 ·

24 317 26 320 ’
70 314 242 381 mioidaest,
263 289 377 370 etiamsi
392 329 460 371 cum
475 328 561 386 quem
585 314 696 383 occidit,
717 314 873 372 scitoccidi
900 315 1025 372 alnas
1051 315 1256 372 damnatorum
1281 314 1403 371 transire
1431 313 1531 380 velint,
1559 313 1604 369 vel
1634 313 1676 370 eis
1704 313 1823 384 aliquod

68 403 167 476 judice
181 401 346 459 debuisse.»
363 404 434 460 item
446 403 475 460 in
489 403 701 468 Ouaestionibus
711 405 830 461 Levitioi
845 404 916 476 (90);
972 402 1137 474 impendere
1152 402 1315 459 heneficiun
1324 404 1385 474 jam
1402 401 1520 458 omnino
1535 401 1661 458 inaniter
1677 400 1821 468 allectent,

72 513 87 543 ι
102 491 175 549 Cum
200 491 285 548 homo
300 492 353 547 iste
376 493 527 562 occiditur,
558 493 605 549 lex
628 506 695 549 eum
723 493 835 559 occidit,
860 507 917 549 non
972 506 1045 563 quos
1059 505 1077 547 a
1092 492 1287 548 misericordia
1299 492 1347 547 Uei
1363 491 1478 561 penitus
1492 491 1625 547 exclusos
1638 491 1735 547 vident
1749 490 1763 544 ι

71 589 147 639 tu.»
172 583 214 637 Ex
231 582 275 637 his
290 581 416 651 prolecto
435 581 532 638 verbis
547 588 677 651 patenter
701 581 839 637 doeemur
866 595 919 636 neo
1254 595 1529 638 sonurtomnnannr.

72 669 259 727 homicidium
276 685 328 726 nec
344 670 453 727 lurtum
478 670 593 741 proprie
607 669 674 741 dici,
701 669 779 740 qnod
802 682 838 725 ex
853 669 918 725 ohe·
1007 671 1163 737 Abraham,
1191 671 1221 726 in
1250 671 1335 742 cujus
1363 670 1429 726 sinu
1460 671 1585 725 Lazarus
1599 675 1640 725 est
1654 676 1816 739 susceptus,

72 758 180 815 dicntia
194 759 412 827 committimus,
428 774 495 816 cum
510 759 537 815 id
555 766 630 816 recte
647 756 783 830 geramus
807 758 837 813 in
859 770 918 828 quo
974 761 1111 829 hensest,
1126 759 1179 830 qui
1195 759 1290 815 fideles
1304 773 1373 815 suos
1385 759 1419 814 de
1436 759 1526 828 huius
1553 758 1620 814 vitae
1643 758 1767 813 miseriis
1783 759 1817 814 ad

73 848 295 920 Ueliussionem
314 848 478 918 implemus.
496 848 645 920 Quidquid
661 848 697 904 ad
721 847 835 903 Domini
854 861 918 916 pos·
971 846 1078 905 lutura
1117 848 1300 919 refrigerium
1335 848 1547 907 nohis.adhuc
1573 847 1721 902 occirltum
1757 854 1818 903 tan-

36 981 44 993 .
72 936 228 994 sessionem
254 937 397 1006 pertinere
422 937 547 1004 videtur,
573 937 619 993 bei
644 937 844 1008 potiusquam
864 936 919 991 ho·
973 951 1062 1008 quam
1090 936 1120 992 in
1147 937 1293 1007 quoddam
1318 945 1460 993 secretum
1476 935 1583 1007 quietis
1613 935 1757 1005 suscipit.
1780 936 1823 991 hd

72 1024 160 1083 minis
173 1025 397 1082 essedicendum
409 1033 461 1081 ost.
486 1026 544 1082 Nec
567 1026 723 1097 quisquam
739 1038 839 1082 eorum
868 1023 918 1079 do·
973 1025 1052 1082 hunc
1066 1026 1165 1081 anima
1196 1025 1332 1081 damnata
1348 1025 1481 1097 loquitur
1505 1025 1590 1095 quasi
1621 1024 1821 1094 supplicando,

72 1113 303 1181 minusest,seil
328 1114 838 1187 dispensator,quandiuhochabet
868 1114 921 1168 Uo
973 1113 1043 1169 dum
1071 1128 1139 1170 euru
1158 1115 1202 1170 sui
1233 1113 1375 1170 desideret
1404 1115 1544 1170 misereri.
1577 1113 1724 1169 Abraham
1743 1113 1824 1168 eide

61 1203 152 1261 mino
184 1204 375 1275 permittente,
400 1218 453 1260 nec
481 1205 639 1275 quisquam
666 1203 721 1261 hoo
742 1204 766 1260 ιι
792 1203 916 1273 subripit
972 1203 1179 1259 sententiasua
1206 1205 1364 1259 constituta
1380 1203 1542 1273 respondet,
1560 1216 1626 1257 otim
1642 1215 1708 1257 euru
1740 1201 1823 1258 intel·

75 1291 191 1364 injuste,
218 1293 271 1363 qui
304 1295 358 1350 hoc
390 1294 495 1363 accipit
523 1293 644 1350 Domino
668 1292 798 1364 jubente.
830 1292 921 1362 Cujus
973 1288 1061 1360 ligere
1077 1290 1143 1346 lacit
1157 1290 1284 1347 inaniter
1296 1306 1363 1348 eum
1387 1291 1560 1357 desiderare,
1591 1290 1668 1360 quod
1697 1290 1821 1346 nullate·

74 1387 188 1438 tantum
217 1390 286 1439 sunt
307 1382 387 1439 illaa
416 1398 484 1454 quo,
501 1383 635 1454 quandiu
650 1382 725 1450 vult,
743 1381 826 1438 nohis
851 1383 922 1436 sunt
975 1393 1029 1434 uus
1044 1378 1237 1449 eidempotest
1261 1382 1387 1437 evenire.
1414 1383 1471 1436 lloo
1483 1388 1524 1436 est
1539 1389 1636 1436 autem
1653 1379 1730 1448 quod
1756 1395 1824 1436 eum

74 1471 238 1541 commissa,
250 1479 338 1543 atque
349 1473 379 1529 ln
393 1471 531 1540 diversos,
556 1478 643 1541 prout
654 1470 791 1537 voluerit,
806 1469 920 1541 dispen-
976 1467 1135 1539 intelligere
1158 1468 1236 1538 facit,
1253 1470 1334 1540 quod
1351 1470 1506 1541 subiungit
1523 1484 1529 1524 :
1551 1475 1587 1526 ut
1602 1474 1632 1526 ιι
1642 1468 1684 1522 ιιι
1699 1471 1824 1525 omnibus

74 1566 185 1616 satores
212 1559 392 1616 transitura:
419 1561 469 1631 qui
498 1567 577 1617 tauto
605 1559 702 1616 minua
721 1560 783 1616 haec
806 1558 921 1628 dispeu·
938 1560 958 1614 B
975 1559 1048 1612 inter
1061 1573 1109 1613 aes
1139 1562 1165 1612 cl
1179 1574 1225 1613 cos
1240 1559 1319 1614 chaos
1345 1575 1476 1627 magnum
1497 1562 1638 1628 firmatum
1653 1567 1700 1625 est,
1725 1567 1777 1617 etc.
1794 1562 1825 1613 ιη

74 1653 187 1727 sareet
204 1646 309 1704 habere
323 1647 404 1720 digni
433 1655 513 1714 suut,
538 1648 758 1718 quantominus
780 1662 847 1705 eum
877 1661 921 1702 re·
976 1646 1019 1702 ιιι
1034 1648 1168 1715 omnibus,
1186 1648 1239 1703 hoc
1253 1655 1305 1715 est,
1322 1649 1352 1703 iu
1367 1647 1498 1719 utrisque
1516 1651 1679 1721 predictis,
1697 1650 1731 1707 de
1757 1662 1822 1706 con-

75 1742 253 1806 ooguoscunt
275 1750 293 1792 a
318 1752 376 1807 quo
404 1737 505 1793 haecei
532 1745 601 1794 sunt
626 1737 787 1794 commissa.
820 1735 923 1804 Quales
976 1735 1116 1793 solatione
1142 1737 1248 1793 scilieet
1276 1738 1420 1807 iustorum
1450 1745 1477 1793 et
1505 1739 1637 1796 cruciatu
1670 1739 1824 1802 malorum,

76 1824 179 1895 utique
194 1824 322 1881 infideles
338 1826 572 1897 erantAEgyptii,
588 1826 649 1883 hac
678 1826 771 1896 magis
794 1827 923 1881 amittere
978 1825 1057 1880 cbaos
1072 1840 1200 1893 magnam
1225 1829 1364 1895 firmatum
1386 1831 1437 1891 est,
1458 1834 1485 1883 et
1504 1827 1558 1883 hoc
1572 1836 1614 1884 est
1639 1827 1822 1899 impedimen·

77 1925 167 1982 quam
181 1912 288 1970 habere
303 1913 395 1986 digni.
978 1922 1040 1972 tum
1056 1922 1169 1971 tantum
1188 1915 1288 1973 divino
1302 1915 1411 1987 judicio
1440 1917 1604 1987 perenniter
1619 1917 1822 1982 constitutum,

316 2016 468 2060 ruonuurrh
482 2017 618 2060 uunorssrs
633 2019 672 2060 ut.
979 2009 1011 2059 ιιι
1024 2005 1072 2074 qui
1085 2003 1180 2058 voluat
1192 2004 1229 2058 ad
1243 2020 1289 2059 vos
1304 2004 1367 2059 hinc
1388 2009 1506 2061 transire
1520 2023 1578 2063 ιιι
1591 2009 1706 2076 possint.
1722 2006 1826 2061 Trans-

119 2090 261 2147 bomiuus
286 2091 443 2162 leprosum,
459 2093 534 2151 sicut
555 2093 711 2151 Mattheus
729 2092 826 2159 refert,
848 2098 926 2148 tactu

76 2192 130 2235 suo
158 2179 332 2237 mundatum
365 2182 400 2237 ad
430 2183 586 2238 sacerdotis
603 2182 746 2252 iudicium
782 2181 869 2248 misit,
899 2188 927 2237 et

76 2264 179 2322 ollerre
198 2266 226 2322 id
239 2268 326 2337 iussit
346 2269 424 2338 quod
437 2266 494 2325 ¹'len
508 2269 615 2325 talibus
627 2268 806 2325 offerendum
828 2268 925 2336 preel-

78 2355 121 2427 pit
140 2353 248 2424 (Mettis.
273 2370 332 2424 viu,
348 2357 387 2428 h).
399 2356 481 2413 Unde
504 2369 592 2426 super
621 2357 675 2412 hoc
688 2356 847 2426 quaestione
863 2371 928 2412 mo·

78 2454 250 2513 remurqua
261 2443 370 2500 ratione
379 2444 522 2500 Dominus
530 2444 559 2500 in
573 2444 708 2500 hoclacto
721 2443 929 2514 logicontraire

79 2528 166 2585 simul
181 2536 209 2586 et
226 2529 423 2600 obtemperare
437 2532 580 2588 videatur.
598 2534 752 2602 leprosum
768 2531 875 2602 quippe
891 2539 930 2587 te-

80 2618 154 2690 tigit,
164 2619 242 2690 quod
257 2618 304 2675 lex
315 2620 456 2690 prohibet,
467 2627 494 2677 et
510 2615 684 2678 mundatum
700 2622 735 2677 ad
753 2621 929 2677 sacerdotem

81 2709 169 2777 misit,
184 2717 212 2768 ct
226 2710 262 2766 ad
274 2709 450 2767 offerendam
465 2711 600 2778 hostiam,
617 2711 750 2768 sicutlex
762 2709 856 2782 iubet.

364 2814 477 2857 sonuuo
491 2814 646 2857 annotant.

980 2095 1021 2149 irc
1036 2093 1163 2149 hocloco
1180 2093 1215 2149 de
1244 2093 1392 2165 relrigerlo
1418 2096 1565 2165 iustorum
1586 2095 1621 2150 ad
1644 2109 1743 2165 poenas
1763 2108 1825 2149 ma·

980 2182 1075 2239 lorum
1087 2181 1275 2251 intelligimus
1293 2182 1377 2246 uelle¹
1394 2183 1437 2238 his
1456 2199 1573 2255 quoque
1593 2185 1760 2249 subvenire,
1776 2182 1828 2253 qui

979 2271 1109 2326 damnati
1132 2278 1201 2326 suut
1228 2279 1256 2326 ct
1288 2272 1372 2341 quasi
1402 2273 1456 2328 hoc
1481 2273 1654 2330 heneficium
1677 2275 1826 2343 justorum

981 2359 1037 2415 illis
1051 2357 1170 2427 afferre;
1187 2359 1232 2415 vel
1245 2359 1309 2415 inde
1334 2361 1390 2417 huc
1410 2362 1472 2417 illos
1488 2362 1619 2429 educere,
1644 2363 1720 2418 sicut
1734 2359 1831 2417 hdeles

982 2448 1112 2519 quotidie
1139 2447 1249 2503 iaciunt
1276 2448 1305 2504 in
1326 2449 1379 2505 hac
1403 2451 1473 2518 vita,
1495 2450 1565 2506 dtim
1582 2451 1764 2506 orationibus
1782 2448 1828 2505 vel

982 2538 1170 2607 eleemosynis
1194 2537 1255 2592 suis
1276 2538 1322 2593 his
1354 2553 1471 2608 quoque
1500 2539 1655 2596 subvenire
1683 2541 1831 2608 nituntur,

983 2639 1056 2696 quos
1070 2624 1099 2679 ιιι
1114 2624 1207 2694 poenis
1224 2627 1401 2696 purgatoriis
1422 2639 1487 2681 esse
1504 2633 1619 2696 putant,
1649 2640 1716 2682 cum
1733 2626 1832 2681 ornui-

984 2727 1021 2769 no
1035 2712 1091 2767 sint
1116 2711 1254 2768 damnati.
1271 2713 1332 2770 Non
1346 2728 1413 2786 ergo
1435 2715 1470 2770 de
1484 2714 1540 2770 illis
1557 2716 1607 2786 qui
1624 2715 1653 2770 in
1677 2715 1726 2771 illo
1748 2713 1831 2770 relri·

985 2801 1063 2871 gerlo
1077 2807 1145 2855 suut
1165 2799 1362 2871 intelligimus
1388 2809 1421 2857 ut
1442 2802 1517 2857 hanc
1546 2803 1580 2858 de
1595 2801 1738 2858 damnatis
1754 2816 1830 2858 com·

118 2885 273 2957 sicutipse
304 2887 444 2945 Dominus
459 2888 499 2944 ait
513 2908 524 2944 .·
552 2891 641 2958 Usque
654 2888 832 2944 edictionem
846 2888 891 2942 lea
905 2893 929 2941 et
947 2911 968 2967 ρ
986 2888 1146 2959 passionem
1160 2887 1294 2955 habeant,
1315 2888 1364 2944 sed
1386 2889 1421 2945 de
1442 2890 1606 2946 viventibus
1631 2889 1736 2956 adhuc,
1758 2891 1833 2946 siout

77 2976 219 3046 propheta
244 2977 320 3047 (Luc.
353 2991 418 3046 xvi,
439 2977 492 3048 le),
509 2977 563 3034 hoc
591 2985 633 3033 est
648 2990 741 3048 usquo
756 2977 793 3032 ad
818 2985 931 3046 tempus

83 3065 195 3135 gratiae,
226 3072 284 3121 tam
317 3065 387 3137 legis
422 3080 511 3136 quam
546 3066 753 3136 prophetarum
790 3072 931 3135 precepta

83 3153 168 3209 etiam
177 3154 265 3224 juxta
275 3153 399 3210 litteram
411 3153 530 3209 luerunt
545 3153 700 3224 implenda.
718 3155 751 3208 ln
762 3152 844 3208 nullo
858 3167 926 3224 ergo

83 3240 144 3312 jam
164 3242 305 3297 Dominus
330 3240 386 3313 legi
400 3241 582 3310 contradicit,
597 3241 716 3313 cuijam
742 3241 842 3296 nullus
868 3241 933 3297 obe·

85 3329 146 3385 dire
161 3345 197 3386 ex
218 3339 358 3401 praecepto
386 3331 598 3403 constringitur
612 3330 671 3397 llei,
699 3331 845 3400 praecipue
866 3344 931 3386 cum

85 3418 133 3474 lex
148 3419 209 3487 ipsa
224 3419 254 3475 in
280 3434 369 3475 manu
385 3420 558 3488 mediatoris,
575 3426 607 3476 ut
632 3417 785 3489 Apostolus
814 3419 863 3485 ait,
884 3435 930 3490 po·

85 3505 140 3561 sita
153 3505 225 3576 (Gal.
256 3522 296 3574 ιιι,
316 3507 370 3577 ιι),
393 3507 447 3563 hoc
468 3514 509 3564 est
524 3506 555 3562 in
568 3509 632 3578 ejus
659 3513 796 3577 potestate
827 3507 930 3563 consti-

87 3601 149 3652 tuta
176 3595 222 3662 ιιι,
252 3603 285 3652 ut
304 3596 355 3667 qui
368 3611 431 3653 eam
447 3596 483 3652 ad
499 3604 612 3666 tempus
628 3596 802 3663 instituerat,
823 3611 934 3654 cessare

85 3697 138 3754 pro
154 3682 273 3741 arbitrio
294 3684 411 3752 laceret,
426 3698 492 3742 cum
512 3691 663 3754 oporteret,
682 3691 713 3740 ut
729 3684 791 3755 jam
808 3685 934 3754 perlecta

86 3771 212 3829 charitas
226 3772 257 3830 in
269 3773 405 3846 ,tempore
422 3772 522 3847 gratiae
538 3772 669 3829 timorem
692 3770 769 3828 loras
798 3772 931 3829 mitteret.

86 3861 214 3918 Pertinet
241 3871 338 3920 autem
363 3863 401 3920 ad
426 3871 541 3933 tempus
581 3861 681 3933 gratiae
708 3860 933 3917 misericordiam

86 3949 214 4005 maxime
240 3950 317 4006 cirea
344 3949 488 4020 quoslihet
511 3948 657 4016 exhihere,
679 3955 707 4004 et
722 3948 759 4003 ad
789 3948 931 4017 pietatem,

87 4051 337 4109 quospossumus,
359 4039 500 4109 exemplis
533 4039 666 4106 invitare,
696 4051 749 4093 nec
772 4037 932 4108 quidquam

88 4127 118 4183 in
144 4126 312 4184 hominihus
327 4127 524 4194 immundum,
541 4134 643 4197 preter
656 4133 817 4196 peccatum,
828 4126 930 4184 abhor-

985 2975 1093 3031 dictum
1113 2981 1165 3041 est,
1189 2974 1331 3031 lidelihus.
1352 2975 1415 3031 Nou
1437 2977 1514 3032 enim
1534 2977 1682 3033 Abraham
1698 2977 1781 3047 dixit,
1799 2986 1833 3034 ut

986 3062 1015 3119 hi
1029 3063 1063 3118 de
1085 3062 1148 3118 istis
1163 3062 1364 3133 quisunthio,
1389 3066 1491 3121 volunt
1516 3067 1552 3122 ad
1577 3080 1626 3121 vos
1645 3066 1714 3122 hinc
1739 3075 1832 3123 trans·

986 3150 1047 3219 irc;
1063 3150 1111 3207 sed
1126 3150 1293 3221 simpliciter
1308 3153 1394 3222 dixit,
1421 3152 1450 3208 ιιι·
1464 3157 1513 3221 qui
1527 3156 1631 3223 volunt,
1652 3155 1713 3212 slve
1735 3155 1834 3211 adbuc

986 3240 1133 3303 vivislve
1157 3241 1217 3312 jam
1243 3241 1382 3298 defuncti.
1406 3243 1462 3302 Nos
1488 3251 1596 3310 autem,
1626 3251 1657 3299 ut
1689 3244 1830 3311 diximus,

987 3334 1102 3398 propter
1112 3329 1243 3384 viventes
1259 3329 1311 3385 hoc
1326 3329 1434 3386 dictum
1452 3331 1624 3402 accipimus,
1641 3332 1691 3401 qui
1708 3333 1833 3401 parabo-

987 3418 1040 3475 lice
1054 3417 1193 3474 dicuntur
1207 3419 1241 3473 de
1258 3418 1405 3489 relrigerio
1417 3421 1565 3489 justorum
1580 3421 1702 3477 transire
1717 3421 1754 3477 ad
1766 3422 1828 3477 loca

987 3506 1114 3577 poenalia
1138 3507 1353 3573 damnatorum,
1380 3507 1424 3563 vel
1446 3506 1513 3563 inde
1542 3508 1599 3564 huo
1621 3515 1800 3565 transmeare
1826 3523 1833 3562 1

987 3610 1053 3666 quae
1079 3595 1354 3665 videntureJ'usdem
1377 3610 1437 3653 esse
1457 3598 1605 3652 sententia
1621 3636 1627 3651 .
1644 3596 1711 3652 Tale
1726 3597 1835 3666 quippe

987 3693 1088 3740 esteos
1114 3683 1150 3739 de
1170 3681 1321 3755 refrigerio
1333 3685 1481 3754 iustorum
1506 3685 1629 3741 transire
1667 3685 1703 3741 ad
1733 3697 1833 3755 peenas

987 3772 1201 3840 damnatorum,
1217 3771 1261 3828 vel
1279 3772 1337 3828 huc
1351 3786 1457 3838 meare,
1483 3780 1622 3842 tanquam
1642 3773 1699 3829 illis
1715 3786 1834 3843 quoque

988 3860 1040 3930 qui
1061 3859 1190 3915 damnati
1205 3867 1273 3915 sunt
1296 3858 1335 3914 ita
1368 3859 1503 3929 coinpati,
1528 3867 1560 3913 ut
1585 3860 1668 3916 bonis
1693 3860 1833 3930 operibus

987 3951 1049 4006 suis
1071 3951 1126 4007 hoc
1147 3950 1340 4032 ⁸relrigerium
1355 3949 1445 4006 velint
1466 3948 1684 4020 illisimpertiri,
1710 3957 1737 4005 et
1761 3963 1832 4020 quo-

987 4039 1140 4095 dammodo
1168 4046 1373 4108 transportare,
1391 4038 1434 4094 vel
1459 4052 1507 4094 eos
1523 4038 1588 4093 inde
1617 4037 1676 4093 hue
1698 4036 1830 4102 educere,

988 4134 1020 4184 ut
1033 4127 1133 4185 eadem
1145 4126 1286 4184 sententia
1302 4127 1331 4181 in
1358 4125 1480 4181 diversis
1495 4125 1629 4182 videatur
1644 4125 1751 4181 verbis.

88 4229 161 4272 rere.
178 4215 260 4273 Unde
280 4216 419 4272 Dominus
434 4216 465 4271 in
480 4217 592 4286 leproso
619 4223 723 4272 cuncta
750 4215 798 4272 hic
823 4217 932 4273 miseri·
949 4249 971 4305 D
1234 4226 1383 4270 ancarana
1397 4226 1532 4268 urreissn
1545 4225 1585 4268 ιιι.

88 4303 212 4360 corditer
234 4304 303 4383 agit,
325 4318 391 4361 cum
410 4312 437 4361 et
452 4318 518 4360 eum
540 4312 657 4375 tangere
674 4310 789 4374 propter
812 4303 933 4360 intirmi·
1022 4302 1096 4367 Quid
1112 4309 1153 4358 ost
1183 4302 1261 4372 quod
1278 4303 1307 4358 in
1323 4302 1421 4358 eodem
1436 4301 1614 4372 evangelista
1631 4300 1753 4372 legimus
1778 4301 1830 4354 llo-

89 4400 176 4449 tatem
198 4395 326 4466 eorporis
352 4408 411 4450 non
435 4401 477 4450 est
500 4392 683 4464 dedignatus,
697 4400 725 4448 et
752 4393 778 4449 ei
797 4392 826 4448 id
840 4391 933 4450 lacere
986 4390 1099 4447 minum
1128 4389 1242 4446 dicere:
1270 4391 1333 4444 bico
1354 4395 1443 4443 eutem
1464 4390 1537 4444 ιιι-ιι
1553 4390 1626 4459 qaod
1649 4392 1689 4443 tto
1703 4389 1836 4457 goudium

87 4481 230 4551 pracepit,
247 4481 308 4537 siue
324 4495 382 4552 quo
397 4481 426 4537 ln
442 4481 686 4538 conversationem
710 4478 861 4535 hominum
885 4494 933 4536 ne·
987 4484 1039 4536 erit
1052 4483 1082 4536 tn
1105 4483 1169 4536 cele
1183 4495 1267 4550 super
1291 4496 1343 4535 ιιι
1352 4486 1492 4549 peccatore
1510 4482 1702 4550 paenitentiam
1729 4483 1835 4547 egente,

88 4583 239 4641 quaquam
266 4569 360 4627 luerat
383 4569 597 4639 suscipiendus.
630 4567 671 4623 hd
693 4567 834 4623 hocenim
854 4581 932 4623 asa·
987 4587 1069 4642 quam
1080 4587 1162 4640 super
1181 4575 1331 4639 nonaginta
1342 4586 1436 4625 nouem
1447 4571 1543 4638 justis,
1571 4570 1683 4638 quinon
1710 4567 1836 4634 t'ndiqcul

88 4660 200 4717 cerdote
223 4667 364 4731 aspectus,
394 4659 484 4730 ipsios
502 4657 613 4730 judicio
637 4663 665 4712 et
690 4655 761 4727 legis
792 4656 933 4714 sacrificio
984 4661 1147 4730 penitentia
1171 4659 1245 4729 (Luc.
1272 4673 1323 4725 xv,
1350 4658 1388 4729 7).
1414 4658 1504 4714 Μιιιιι
1531 4657 1638 4728 quippe
1668 4655 1771 4711 melius
1794 4664 1836 4711 est

87 4746 182 4806 luerat
192 4747 448 4805 commendandus.
986 4762 1021 4805 ac
1047 4747 1198 4818 perlectius
1227 4754 1375 4817 peccatum
1390 4759 1491 4801 cavere
1527 4758 1616 4816 quam
1645 4744 1833 4799 commissum

336 4849 485 4895 rnonuuua
497 4851 638 4894 uunorssn
653 4850 682 4891 ιι.
985 4837 1148 4904 emendare,
1157 4845 1185 4893 ιι
1197 4836 1302 4893 multos
1316 4849 1406 4907 quam
1435 4848 1527 4891 untrru
1541 4835 1612 4891 bene
1626 4846 1712 4906 agere
1727 4847 1733 4887 :
1751 4830 1833 4888 Unde

122 4926 196 4996 Uuld
224 4935 266 4984 est
294 4925 366 4983 illud
387 4925 417 4982 in
439 4923 600 4996 Evangelio
628 4925 723 4991 buce,
751 4923 830 4994 quod
850 4922 933 4980 diviti
987 4927 1041 4984 hoc
1055 4927 1149 5000 magis
1162 4939 1250 4998 quam
1267 4924 1337 4982 iliud
1352 4925 1410 4980 Deo
1425 4931 1535 4979 constat
1555 4924 1678 4993 placere.
1696 4921 1773 4986 Quid
1793 4929 1835 4977 est

87 5016 223 5073 damnato
246 5013 477 5072 Abrahamdicit
502 5031 509 5069 ι
534 5016 569 5070 Ut
592 5016 622 5068 in
649 5014 693 5069 liis
714 5012 838 5069 omnibus
861 5015 934 5067 inter
987 5031 1055 5088 ergo
1070 5017 1148 5088 quod
1165 5017 1239 5073 heus
1263 5014 1517 5084 uniuspeoeatoris
1544 5011 1742 5082 penitentiam
1769 5010 1836 5081 plus

86 5120 135 5161 nos
151 5108 177 5160 et
189 5119 235 5160 ιιι
250 5105 329 5161 choos
349 5119 479 5172 magnam
492 5106 633 5173 firmatam
648 5109 697 5171 est,
723 5107 754 5157 ut
778 5101 808 5156 hl
821 5104 870 5169 qul
884 5117 930 5157 oo-
946 5156 955 5165 ,
987 5105 1127 5176 approbat
1140 5118 1227 5177 quam
1242 5103 1398 5160 multonem
1406 5101 1551 5172 iustorum
1568 5095 1836 5171 perseverantiam?

87 5194 147 5249 luat
160 5193 223 5248 ltine
237 5197 356 5249 transire
369 5193 407 5248 od
425 5209 482 5262 eos,
494 5208 550 5248 non
561 5195 680 5262 possiet,
691 5207 777 5263 aequa
795 5191 858 5247 lade
881 5191 933 5245 huc
1263 5206 1376 5249 souurto
1390 5205 1545 5248 annianus.

87 5279 464 5351 transmiseramus
493 5282 551 5351 ιθ.)
568 5281 714 5347 Quomodo
741 5280 820 5338 euim
841 5279 933 5353 aliqui
1023 5280 1085 5346 Quo
1114 5281 1240 5355 quisque
1254 5280 1380 5351 amplius
1392 5280 1426 5335 de
1451 5286 1566 5349 peccato
1586 5277 1711 5349 alicuius
1747 5275 1834 5343 dolet,

87 5370 222 5427 excaeati
245 5377 325 5437 sunt,
340 5377 374 5428 ut
386 5371 422 5427 de
437 5370 585 5441 relrigerio
601 5377 687 5428 tantae
703 5369 807 5441 quietis
822 5369 858 5427 ad
873 5384 932 5441 poe·
987 5369 1080 5441 magis
1104 5369 1140 5425 de
1155 5368 1333 5439 correptione
1353 5366 1445 5437 ipsius
1457 5365 1562 5436 gaudet
1576 5380 1585 5436 ;
1614 5372 1642 5422 et
1667 5377 1726 5436 quo
1754 5362 1837 5419 dolor

124 5502 179 5573 (ιιι
199 5502 302 5561 Ριιιιι.
322 5510 390 5561 torn.
402 5502 517 5572 XXXIV,
532 5501 575 5558 col
601 5504 662 5557 707.
