3804 5962
444 191 678 249 iurnunuarro
696 191 742 248 nn
761 171 994 249 rnnunuamn.
1009 221 1046 234 -
1061 190 1128 250 tre.
1148 194 1169 248 1.
1613 196 1681 252 roos

79 334 92 376 n
118 320 178 390 ipsa
207 316 393 389 philosophia
422 318 496 374 ratio
533 319 679 388 perduxit,
705 332 776 390 qua,
792 317 816 372 h
831 325 884 391 cta,
900 327 954 378 eto.
971 339 986 370 »
1001 318 1057 393 (ab)
1073 317 1145 375 Hinc
1164 316 1250 374 eliam
1267 316 1338 374 iilud
1351 324 1392 374 est
1406 317 1562 390 Augustini
1585 320 1624 376 De
1635 319 1678 375 ci-

79 409 215 466 ]stuium:
235 407 390 462 Invisibilia
414 409 506 476 'ipsius
535 410 583 462 Dei
603 423 621 462 u
654 413 780 464 creatura
834 409 924 466 vitate
939 409 999 477 Dei,
1015 407 1064 464 lib.
1079 421 1149 463 vrit:
1168 406 1251 461 Homo
1267 405 1437 463 Christianus
1462 407 1559 479 hittonis
1575 411 1681 463 tuntum

79 513 148 552 reo
163 513 222 563 quae
238 498 315 562 (acta
338 500 412 562 sunt,
440 496 576 551 intellecta
604 501 779 568 conspiciun—
833 499 1022 555 ecclesiasticis
1055 495 1180 551 eruditus
1204 501 1280 551 canet
1304 509 1347 550 eos
1379 499 1427 565 qui
1451 497 1600 552 secundum
1629 498 1680 552 ele-

79 608 92 642 i.
112 600 130 654 1,
159 585 215 656 ab),
241 594 302 641 lum
332 585 418 641 eliam
446 585 506 656 ipsa
526 586 780 644 continentissimae
833 593 923 643 menta
948 587 1031 658 hujus
1057 583 1155 640 mundi
1168 583 1407 655 philosophantur.
1422 585 1593 641 admonetur
1610 589 1681 648 enim

79 676 165 740 ictas,
182 675 308 746 quodam
323 673 363 729 eis
382 674 483 730 merito
504 673 629 745 idipsum
653 676 779 748 acquisi-
834 678 981 748 apostolico
1008 679 1167 747 precepto:
1193 692 1207 725 a
1236 674 1332 730 Cavete
1354 676 1469 745 nequis
1493 690 1538 730 aos
1560 675 1681 746 decipiat

79 762 162 820 'lebat
184 762 484 834 quippetunueliam,
500 748 531 819 dt
553 764 583 819 in
608 765 677 835 ipsis
703 781 779 839 prae-
832 781 882 836 per
902 765 1107 836 philosophiam
1137 768 1162 819 et
1186 761 1297 818 inanem
1324 763 1505 819 seductionem
1534 764 1682 819 secundum

79 853 148 909 Deus
163 865 214 921 per
233 849 351 922 aliquod
367 851 588 909 abundantioris
605 853 705 925 gratiae
727 855 779 911 du·
833 856 963 910 elementa
985 854 1083 909 mundi
1103 853 1211 925 (coloss.
1240 867 1272 920 11,
1298 851 1336 923 8).
1375 872 1386 901 ι
1417 852 1520 908 Deinde
1541 868 1681 909 neomnes

79 938 264 1005 maeceptiur
287 939 324 995 sit
351 940 377 995 ei
411 939 462 1011 qui
486 940 580 997 sobrie
605 941 689 1012 rivit,
707 951 779 1001 etse
833 944 900 999 tales
933 942 1094 1011 arbitretur,
1117 940 1196 998 aliud
1224 941 1303 997 cudit
1331 941 1365 996 ab
1391 941 1482 998 eodem
1501 943 1629 1013 apostolo
1647 942 1680 997 dc

79 1030 125 1084 nis
138 1028 229 1099 hujus
245 1027 347 1084 mnndi
361 1041 413 1098 per
427 1037 621 1099 contemplum
636 1030 700 1102 eius
715 1032 777 1088 abs·
833 1032 1015 1103 quibusdam:
1033 1053 1048 1081 κ
1064 1032 1137 1099 Quia
1160 1030 1233 1098 quod
1253 1036 1348 1085 notum
1370 1035 1411 1086 est
1423 1030 1491 1100 Dei*
1503 1032 1680 1100 manifestum

81 1131 148 1173 nain
171 1117 223 1187 qni
243 1116 441 1186 vuluptatibus
462 1118 526 1188 ejus
543 1119 667 1187 deditus,
690 1133 778 1192 spur·
833 1124 911 1178 estin
925 1121 993 1189 iliis,
1009 1129 1090 1179 eta·
1112 1124 1148 1176 nt
1171 1120 1220 1175 nbi
1243 1119 1455 1176 Atheniensibus
1483 1120 1605 1191 loquens,
1620 1136 1680 1177 mm

79 1206 164 1262 nibus
183 1221 212 1262 se
232 1205 385 1278 immergit.
415 1203 535 1273 Quantae
563 1216 660 1265 autem
686 1210 779 1267 cunti·
831 1226 889 1266 rem
911 1227 1039 1280 manain
1061 1210 1094 1265 de
1115 1213 1168 1266 Deo
1184 1209 1314 1279 discnssit,
1336 1214 1362 1265 et
1380 1211 1574 1280 quaecpaucis
1586 1215 1681 1281 posset

79 1295 105 1353 ei
137 1294 317 1351 abstinentiae
346 1293 507 1364 philosophi
535 1295 652 1364 inerint,
687 1299 778 1356 sancti
832 1302 999 1370 inlabique
1022 1299 1100 1365 Quod
1118 1299 1209 1354 initio
1231 1300 1358 1366 uiuimus,
1382 1313 1528 1367 movemur,
1545 1303 1679 1354 etsumus

79 1391 161 1441 :tures
177 1384 307 1452 tradunt,
322 1384 373 1453 qui
389 1389 417 1439 el
438 1397 538 1440 eornm
558 1386 648 1442 vitam
676 1387 712 1443 ad
727 1402 776 1444 no·
833 1390 907 1462 (Act.
923 1403 994 1459 xvir,
1009 1391 1066 1457 28),
1085 1388 1189 1460 adjecit
1206 1404 1213 1443 :
1235 1389 1310 1445 Sicut
1326 1391 1352 1442 et
1370 1390 1454 1442 nestri
1469 1388 1578 1457 quidem
1598 1387 1680 1443 dine-

79 1473 283 1545 ncrepaliunem
318 1471 475 1541 advehunt,
506 1482 533 1530 el
573 1474 709 1547 pleraque
741 1491 778 1532 ex
831 1484 906 1534 runt.
927 1478 1015 1545 idem,
1032 1477 1062 1533 in
1087 1475 1136 1533 lib.
1159 1477 1198 1532 De
1224 1476 1327 1546 spiritu
1347 1475 1498 1533 etiittera:
1527 1478 1677 1533 ‹Vitasa-

79 1565 110 1619 tis
137 1575 238 1619 eurum
261 1561 431 1630 moralibus,
446 1561 491 1618 vel
516 1563 686 1621 testimoniis
700 1565 774 1634 iidei,
793 1570 908 1652 Bpicns
934 1583 995 1636 quae
1017 1568 1085 1635 fecit
1108 1565 1251 1633 mundum,
1269 1566 1447 1635 contemplato
1461 1565 1574 1632 mundo,
1596 1565 1680 1621 intel-

79 1649 197 1708 alionem
212 1659 338 1706 nostram
351 1658 504 1707 assumunt
520 1667 526 1706 :
543 1652 620 1722 quud
637 1654 776 1726 quiiqno-
832 1659 938 1727 liqitnr.
954 1656 1098 1724 Interropu
1117 1655 1250 1710 mundum
1273 1659 1299 1710 et
1321 1659 1449 1710 ornatum
1474 1657 1546 1723 coeli,
1575 1659 1678 1711 terram

79 1740 197 1796 ;saitem
223 1739 428 1808 Hieronymum
451 1748 551 1796 contra
579 1743 776 1812 luvinianum,
831 1748 1044 1816 fructificantem
1066 1744 1167 1812 herbis,
1190 1748 1215 1798 et
1231 1744 1324 1813 liquis,
1341 1747 1367 1798 ct
1380 1744 1545 1799 animalibus
1557 1746 1678 1815 plenam,

86 1836 197 1900 quanta
211 1830 245 1884 de
259 1842 358 1884 eurum
376 1829 533 1886 virtutihus
555 1838 582 1910 et
608 1839 777 1890 caeterarum
831 1819 906 1892 mare
932 1837 1044 1908 quantis
1067 1833 1227 1888 natantibus
1251 1834 1362 1902 plenum
1383 1837 1434 1901 est,
1451 1849 1540 1889 cerem
1564 1836 1678 1904 quantis

79 1915 220 1983 treferat,
255 1917 290 1972 ad
332 1916 540 1987 impudentiam
568 1920 675 1977 scilieet
699 1921 777 1979 iliius
831 1924 1004 1995 volatilibus;
1033 1925 1173 1990 interrcqo
1198 1926 1289 1976 omnia
1319 1926 1345 1977 et
1367 1923 1429 1977 uide
1458 1926 1483 1978 si
1509 1938 1564 1979 non
1587 1926 1680 1978 omniu

79 2005 291 2063 conterendam.
317 2005 441 2062 Maxime
460 2015 557 2063 autam
572 2015 600 2065 et
613 2025 665 2065 nus
693 2025 778 2081 opere
831 2015 919 2082 specie
933 2028 984 2067 suu
999 2015 1130 2083 tanquam
1149 2025 1212 2065 voce
1231 2011 1282 2065 tibi
1298 2011 1503 2081 respondeant:
1526 2012 1602 2067 Deus
1629 2027 1677 2067 nos

79 2086 175 2152 nuniis
203 2110 254 2151 seu
283 2095 445 2151 rationibus
473 2096 709 2168 philosophorum
725 2100 777 2156 niti
830 2103 905 2170 fecit.
929 2104 991 2157 Hac
1012 2101 1169 2172 philosophi
1194 2101 1297 2156 nobiles
1322 2104 1498 2171 quaesierunt,
1525 2106 1550 2158 et
1567 2118 1601 2158 ea
1620 2106 1679 2157 orte

104 2184 134 2240 in
161 2198 218 2255 qno
245 2184 385 2239 adversus
411 2198 459 2239 eos
479 2186 622 2256 precipue
649 2187 777 2259 agimus,
832 2195 963 2266 artificem
996 2195 1186 2258 coenaverunt.
1217 2189 1351 2256 isidorus,
1390 2192 1424 2249 de
1461 2207 1575 2249 summu
1604 2191 1678 2248 bonu

79 2288 95 2330 n
124 2281 250 2329 nostram
286 2271 489 2342 philosophicis
520 2272 656 2331 nituntur
686 2292 778 2349 appu·
831 2279 880 2336 lib.
898 2298 917 2348 1,
944 2293 1009 2349 cap.
1029 2279 1070 2335 4:
1095 2279 1171 2335 Siout
1191 2280 1250 2334 lam
1270 2281 1360 2350 operis
1384 2284 1414 2334 in
1432 2283 1565 2351 artificem
1593 2284 1679 2335 retor-

79 2362 227 2430 tumentis,
259 2360 415 2433 praesertim
443 2375 510 2418 curn
538 2377 623 2419 nemu
648 2364 701 2421 nisi
727 2380 777 2437 per
831 2370 894 2434 quet
920 2364 1038 2429 laudem,
1070 2366 1112 2419 ito
1138 2368 1164 2419 el
1192 2379 1284 2419 rerum
1311 2366 1422 2422 Creator
1439 2381 1492 2435 per
1523 2371 1678 2421 creaturum

79 2451 170 2521 ncipit,
188 2450 355 2521 arguendus
377 2448 413 2505 sit
429 2458 480 2506 aut
503 2451 776 2527 convincendus3et
831 2468 907 2508 suam
934 2453 1074 2523 laudatur,
1103 2461 1128 2509 et
1157 2460 1259 2524 quanto
1285 2456 1322 2510 sit
1353 2454 1526 2509 eccellentiae
1556 2470 1590 2509 ee
1616 2455 1679 2524 ipsu

79 2540 274 2596 tconinsiune
311 2547 487 2606 conteratur,
518 2539 570 2610 qni
600 2556 649 2613 per
677 2544 777 2600 eadem
830 2545 922 2613 operis
960 2543 1113 2599 conditione
1152 2549 1330 2598 monstratur.
1370 2544 1472 2600 Item:
1512 2543 1679 2600 collaudant

93 2644 143 2701 per
178 2644 243 2699 quae
273 2629 388 2684 vincere
414 2628 568 2685 nitebatur.
593 2630 777 2702 Philosophus
829 2637 915 2690 Deum
942 2636 968 2687 et
992 2631 1165 2687 insensibilia
1183 2647 1235 2701 per
1256 2647 1315 2700 nos,
1336 2631 1400 2686 dum
1425 2647 1456 2687 eu
1477 2631 1679 2687 costsiderantes

79 2733 140 2775 tum
166 2718 364 2775 tantummodo
386 2718 476 2773 Deum
501 2733 672 2789 cognoscere
699 2735 777 2779 unus
831 2724 919 2778 Deum
933 2721 1090 2777 laudamus.

82 2806 167 2865 ullius
191 2807 221 2864 in
237 2807 329 2877 primo
351 2807 568 2864 Rhetoricurnm
584 2810 715 2878 perhibet
730 2812 776 2868 di·
866 2812 1011 2867 Dixernnt
1025 2807 1140 2881 antiqui
1155 2806 1225 2880 quia
1239 2806 1312 2864 nihil
1333 2806 1365 2864 fil
1392 2807 1470 2880 quod
1486 2822 1545 2865 non
1560 2821 1678 2865 sensum

79 2912 105 2952 os
132 2899 180 2966 qui
205 2896 383 2967 philosophia
407 2896 475 2953 dant
498 2911 607 2967 operam
628 2915 681 2954 non
704 2902 777 2956 arbi·
793 2942 814 3000 G
831 2900 934 2958 habeat
946 2900 976 2956 in
992 2900 1094 2957 Deum.
1123 2898 1211 2955 Nemo
1231 2897 1329 2969 itaque
1355 2898 1488 2965 miretur,
1508 2899 1532 2954 si
1552 2897 1589 2954 ab
1610 2897 1679 2969 ipsis

79 3001 177 3052 sessa,
211 3000 244 3042 ac
267 2986 290 3042 si
320 2995 416 3056 aperte
443 2987 539 3042 dicat:
586 2988 645 3044 lmo
683 3005 776 3048 unum
831 3004 949 3063 qnoque
970 2987 1157 3060 philosophis,
1187 2987 1238 3058 qui
1258 2993 1299 3043 tut
1327 2993 1492 3044 senmurum
1517 2986 1678 3044 assertioni-

79 3091 113 3133 on
141 3075 208 3131 deus
237 3075 342 3145 piures.
372 3074 427 3142 Qui
455 3076 541 3131 etiam
570 3075 696 3146 qualiter
720 3076 777 3133 Deo
832 3079 938 3138 busad
966 3075 1272 3161 divinitatisnutiliarq
1294 3075 1353 3146 ipsu
1374 3075 1461 3133 etiam
1482 3075 1602 3133 Domino
1631 3089 1677 3132 re·

105 3165 141 3221 ad
165 3165 256 3235 ipsius
285 3164 390 3220 divinae
418 3163 567 3220 Trinitatis
586 3165 778 3236 cognitionem
830 3169 945 3228 velante
967 3166 1207 3234 conscenderunt,
1225 3164 1387 3222 testimonia
1401 3164 1584 3223 inducamus.
1602 3165 1679 3222 Licet

79 3255 160 3321 erint,
193 3253 303 3309 Paulus
326 3268 443 3324 quoque
472 3253 623 3324 Apostolus
650 3255 680 3310 in
707 3255 777 3326 Epi·
831 3273 932 3316 eurum
959 3255 1076 3328 plurimi
1106 3255 1143 3313 ab
1168 3254 1229 3325 ipso
1254 3267 1371 3326 quoque
1389 3253 1521 3325 apostolo
1551 3254 1679 3328 graviter

87 3344 232 3400 Romanos
255 3350 385 3413 patenter
408 3342 534 3399 insinuat
564 3343 661 3400 dicens
678 3359 685 3398 :
702 3344 779 3412 Quod
832 3345 1005 3420 arguantur,
1032 3360 1065 3402 eo
1090 3344 1169 3416 quud
1189 3345 1277 3416 juxta
1297 3343 1369 3400 illud
1384 3344 1462 3414 quud
1479 3343 1598 3415 ipsemet
1614 3345 1677 3402 ait:

79 3437 83 3484 t
107 3435 168 3501 Dei,
197 3434 373 3500 manifestum
396 3436 436 3486 est
458 3434 487 3486 in
519 3433 595 3496 illis,·
616 3437 687 3489 Deus
707 3436 778 3489 enim
832 3436 1040 3505 scientiaintlat
1056 3434 1155 3504 (iCor.
1172 3448 1232 3502 vrn,
1251 3433 1290 3505 i),
1319 3445 1356 3489 ex
1370 3432 1433 3503 ipsa
1452 3433 1558 3490 divinae
1570 3433 1680 3491 notitiae

79 3523 167 3578 elavit.
207 3522 360 3577 invisibilia
395 3524 466 3576 enim
499 3524 585 3592 ipsias
613 3528 779 3578 ocreatum
831 3524 1021 3598 prerogativa
1047 3522 1239 3594 superbiendo
1268 3521 1382 3593 reprobi
1409 3521 1475 3579 lacti
1504 3530 1590 3594 sunt3
1620 3537 1679 3579 nun

79 3628 96 3667 e
122 3629 153 3668 ea
179 3629 239 3683 que
256 3613 333 3679 sacta
360 3615 435 3680 sunt,
451 3612 586 3666 intellecto
607 3614 777 3683 conspiciun—
832 3615 912 3674 enim
933 3627 982 3671 eos
997 3612 1027 3669 in
1041 3611 1173 3682 exempla
1196 3611 1313 3668 vivendi
1340 3610 1394 3666 hoc
1409 3609 1470 3666 ioco
1493 3610 1681 3681 assumimus,

79 3706 180 3757 titana
208 3718 314 3771 qaoque
329 3701 387 3769 eius
414 3703 503 3755 uirtus
529 3705 554 3755 et
578 3702 780 3768 divinitasne
833 3705 881 3763 sed
896 3702 1016 3761 docendi
1032 3703 1092 3759 sive
1116 3699 1260 3768 credendi,
1285 3700 1360 3756 sicut
1378 3706 1406 3756 et
1425 3698 1604 3758 Salomonem
1628 3699 1683 3757 fre·

79 3791 280 3856 neccusabiles,
301 3792 366 3856 quia
393 3805 453 3845 cum
471 3793 658 3858 coqnocissent
681 3794 778 3859 Deum,
833 3800 965 3866 quenter.
987 3789 1078 3861 Cuius
1100 3797 1196 3846 tamen
1218 3787 1366 3859 sapientire
1391 3787 1562 3846 excellentia
1591 3789 1682 3860 ipsius

86 3884 173 3936 Deam
201 3882 431 3950 clarificaverunt,
460 3881 634 3947 naturalius
656 3885 778 3950 ocanni,
832 3883 919 3941 etiam
935 3877 1049 3935 Domini
1077 3877 1389 3935 testimuniuomnibns
1417 3877 1606 3948 praeierenda,
1632 3893 1684 3948 per

79 3975 176 4026 uerunt
204 3973 235 4024 in
256 3969 470 4040 capitationibus
493 3971 562 4035 suis,
585 3968 739 4041 etcalllom.
756 3986 778 4039 1,
833 3965 1095 4040 concupiscentiam
1114 3965 1305 4037 carnalesque
1320 3964 1484 4036 voluptates
1497 3964 1608 4021 devicta
1623 3965 1682 4022 ido·

79 4061 96 4132 .)
124 4059 205 4116 Unde
239 4066 266 4115 et
290 4058 468 4115 Claudianus
489 4057 666 4115 Praeiectorio
696 4059 781 4128 patri·
833 4057 952 4119 lolatriae
973 4055 1127 4126 consensit,
1149 4055 1249 4112 divino
1275 4054 1357 4112 onitu
1382 4053 1526 4122 derelicto,
1548 4067 1636 4125 quem
1652 4053 1682 4111 in

79 4155 135 4206 :atu
150 4149 255 4205 animae
280 4147 417 4216 scribens,
447 4146 491 4204 his
514 4147 647 4204 meminit
661 4147 777 4205 verbis:
835 4145 991 4221 scripturis
1005 4145 1067 4203 suis
1082 4151 1109 4201 et
1137 4143 1256 4201 docebat
1269 4151 1298 4201 et
1318 4141 1501 4214 predicabat.
1527 4141 1578 4198 Ad·
1596 4154 1683 4213 quem

79 4254 120 4292 nm
145 4238 302 4292 mortalium
327 4238 420 4304 qenai
440 4241 541 4291 natura
567 4236 663 4291 datum
682 4241 732 4306 est,
750 4241 780 4292 nt
796 4228 819 4283 D
835 4238 923 4297 eriam
947 4235 1058 4293 cultum
1081 4232 1131 4292 Dei
1156 4232 1405 4306 magnificandum
1433 4231 1493 4302 ipse
1522 4231 1609 4304 jussu
1633 4228 1683 4287 Dei

79 4326 180 4393 lortius
200 4330 316 4395 quaerat,
338 4329 369 4379 ut
383 4329 482 4393 necata
500 4326 587 4393 inopis
611 4325 731 4395 umbiqat
747 4324 780 4397 [i.
837 4326 976 4399 templum
990 4323 1154 4393 aedificavit,
1170 4338 1187 4380 a
1204 4337 1262 4394 quo
1286 4328 1367 4395 pater
1388 4320 1451 4393 ejus
1462 4321 1559 4393 iustus
1573 4319 1684 4377 inhibi-

79 4416 229 4470 nttardius
245 4416 346 4484 adepta
362 4414 596 4485 piasdiliqut,eo
615 4414 781 4486 marantius
837 4423 885 4474 tus
904 4415 968 4473 tuit.
986 4415 1063 4470 Deus
1092 4420 1190 4471 autem
1222 4406 1353 4485 reprobis
1371 4417 1399 4467 ut
1427 4408 1593 4467 infidelibus
1608 4423 1684 4465 nun-

80 4509 199 4560 uteretur
223 4508 335 4572 ueritas,
372 4521 423 4574 quo
464 4504 569 4559 diutius
599 4504 782 4573 desideratur,
837 4518 992 4577 nunquam
1021 4501 1151 4561 maxima
1173 4502 1250 4558 duna
1278 4499 1436 4567 distribuit,
1466 4513 1532 4573 quae
1560 4496 1685 4554 aliorum

80 4595 154 4650 usius
183 4598 327 4665 quaeritur,
343 4595 385 4649 uel
401 4593 507 4648 tordius
533 4596 684 4649 inuenitur.
712 4596 784 4649 Hinc
839 4590 1036 4653 doetrinaevel
1051 4593 1118 4649 usui
1142 4591 1303 4648 necessaria
1328 4589 1387 4647 iure
1406 4588 1493 4646 videl·
1516 4587 1644 4645 Necnon
1659 4591 1687 4643 et

79 4689 97 4738 il
123 4684 280 4754 philosophi
317 4699 423 4754 qnoque
455 4684 645 4739 eccellentibns
667 4686 785 4752 incentis
839 4699 891 4756 per
910 4681 1046 4755 reprobus
1064 4681 1158 4738 muita
1181 4679 1323 4737 miracula
1345 4685 1495 4751 operatur,
1520 4677 1555 4734 de
1579 4675 1688 4751 quibus¹

78 4775 119 4851 uli
132 4774 165 4828 de
176 4776 291 4828 emitote
317 4779 465 4840 moerentes
487 4754 610 4843 abusque
628 4773 786 4844 Ppthuporu
839 4773 952 4834 Veritas
970 4771 1001 4828 in
1015 4769 1189 4842 Evangelio:
1204 4770 1285 4826 hatti
1304 4768 1395 4824 dicent
1418 4766 1488 4824 mihi
1505 4767 1535 4821 in
1557 4766 1608 4821 illu
1622 4764 1666 4819 die
1677 4783 1688 4821 .·

79 4863 97 4918 ei
123 4865 213 4918 lonico
231 4865 340 4918 Thalete
353 4879 458 4933 semper
473 4863 641 4931 eastiterint,
662 4864 711 4931 qui
729 4862 784 4916 dis·
839 4863 962 4931 Domine,
987 4860 1112 4928 Domine,
1138 4874 1227 4914 nonne
1254 4859 1414 4914 innomine
1436 4862 1482 4913 tuo
1511 4853 1687 4927 prophetavi·

79 4968 87 5007 s
113 4955 187 5021 aliis,
222 4953 264 5008 vel
291 4955 320 5007 in
341 4959 421 5022 parte
454 4953 544 5023 operis
569 4950 647 5006 aliud
673 4951 788 5018 diqnum
840 4967 910 5021 mus,
939 4954 965 5006 et
990 4952 1021 5005 in
1044 4952 1151 5005 nomine
1166 4952 1210 5004 tuo
1232 4947 1368 5004 demuma
1394 4947 1531 5017 eiecimus,
1546 4946 1613 5000 etin
1636 4957 1687 4999 no-

79 5042 138 5110 laqe
161 5046 312 5097 senserunt.
336 5042 412 5097 Unde
433 5044 515 5098 etiam
543 5041 637 5097 doctor
665 5043 787 5109 centium
841 5043 914 5097 mine
929 5045 973 5095 tuo
991 5041 1109 5095 uirtutes
1130 5039 1231 5094 multas
1254 5039 1390 5106 lecimus?
1412 5040 1448 5092 Et
1465 5040 1531 5091 lunc
1545 5033 1691 5104 confitebor

90 5137 201 5201 iqnuros
225 5134 283 5186 ueri
302 5132 487 5202 pinilosuphos,
514 5148 596 5203 quarn
626 5132 788 5199 counitionis
840 5132 897 5187 iliis
908 5133 975 5201 quia
987 5144 1041 5184 non
1060 5131 1123 5184 noni
1139 5144 1196 5197 uus,
1211 5126 1375 5183 disceditea
1397 5141 1439 5181 me
1456 5139 1546 5181 omnes
1561 5121 1609 5192 qni
1622 5138 1690 5194 ope-

79 5237 129 5277 ires
164 5227 286 5291 accusat,
317 5222 444 5291 inquiens
470 5239 480 5277 .·
512 5239 527 5275 a
556 5221 711 5277 inuisibilia
739 5221 788 5276 Dei
841 5222 944 5277 cumini
956 5218 1130 5289 iniquitatem
1145 5216 1261 5289 (Marti.
1279 5231 1327 5285 ru,
1354 5217 1401 5286 22,
1420 5215 1477 5288 23).
1495 5216 1570 5272 Deus
1588 5221 1687 5272 aulem

79 5324 100 5365 ’u
124 5307 223 5364 mundi
247 5322 299 5379 per
328 5322 360 5362 ea
391 5321 452 5378 qua
481 5308 560 5376 sacta
590 5310 655 5363 sunt
681 5305 789 5364 intelie-
842 5322 911 5369 uum
925 5321 976 5382 pur
990 5308 1126 5380 reprobas
1153 5313 1205 5364 ant
1230 5305 1371 5365 miracula
1390 5303 1525 5377 ostendit,
1551 5311 1603 5365 aut
1623 5316 1687 5377 pro·

79 5485 152 5548 ttrol.
167 5495 237 5548 torn
254 5485 328 5560 hihi,
338 5486 392 5547 oui.
408 5487 471 5544 tbi.
