3804 5962
103 233 168 288 ibit
615 230 850 290 tnruoubcrlo
869 231 915 288 ho
933 227 1166 286 automatum.
1180 259 1216 270 -
1231 228 1296 286 tls.
1317 230 1340 284 1.
1741 262 1744 268 ·
1780 233 1848 289 tom

99 351 256 410 animalem
283 352 428 421 pertinent
454 353 556 421 vitam,
572 354 643 424 quia
669 354 731 411 haee
759 353 945 413 interioribus
959 356 984 408 Α
999 361 1050 423 tat,
1077 356 1187 426 gratior
1207 355 1244 412 sit
1270 354 1326 412 illis
1341 352 1451 426 quibus
1469 367 1499 411 se
1522 353 1698 412 manilestat.
1727 353 1772 410 Ex
1786 368 1845 426 quo

100 443 165 513 ipsa
180 440 319 512 relinquit
332 441 558 513 animabusque
574 458 694 514 peream
705 443 814 514 expleri
825 443 947 516 dignum
999 444 1092 514 magis
1106 459 1143 500 ex
1163 443 1332 501 dillicultate
1348 444 1515 513 Scripturm
1531 443 1691 507 laboratur,
1708 442 1845 500 moritum

99 545 159 587 non
176 538 228 587 est.
245 530 325 587 Unde
342 538 370 586 et
389 545 490 588 eorum
511 532 626 589 heresis
649 532 815 590 conlutatur
827 534 879 604 qui
893 536 945 590 llo-
1000 533 1138 590 lectorum
1162 533 1371 605 augemundo
1399 547 1458 603 quo
1480 531 1649 588 Psalmista:
1666 534 1770 599 Posuit,
1801 530 1845 588 in-

98 619 211 676 minum
231 618 328 675 lesum
355 619 516 676 nonaliam
544 621 670 678 animam
699 637 788 694 quam
813 631 946 679 sanctum
1000 623 1074 692 quit,
1101 622 1225 678 tenebras
1251 623 1396 677 latibulum
1424 637 1503 677 suum
1529 621 1613 693 (Psal.
1635 634 1706 691 xvir,
1734 617 1775 691 lu)
1793 635 1802 690 ;
1818 627 1847 677 et

100 708 239 779 Spiritum
266 707 372 764 habere
388 709 569 779 profitentur.
586 710 734 782 Reliquias
758 719 845 768 etiam
863 727 944 769 mun·
999 725 1117 767 rursum
1147 726 1153 766 :
1185 711 1337 766 Tenebrosc
1361 726 1435 781 aqua
1467 710 1719 764 innubibusaeris
1745 707 1845 780 (ibid),

99 799 184 854 danae
201 797 304 853 animae
318 811 376 853 non
399 797 557 869 incongrue
572 799 640 855 dicit
654 814 697 866 ea,
715 815 781 871 quae
796 801 833 856 ad
846 815 945 871 opera·
999 803 1073 871 quic,
1108 801 1205 871 inquit
1220 799 1387 868 Gregorius,
1410 799 1555 854 obscurata
1579 803 1618 853 est
1651 799 1787 852 sententia
1814 800 1845 852 in

100 889 208 944 tionem
236 887 301 958 ejus
326 901 417 957 quam
445 889 475 942 in
495 889 578 944 nobis
602 888 699 957 habet,
720 890 882 961 pertinent;
899 905 946 946 se-
996 889 1191 960 propheticis
1210 904 1262 955 quo
1277 891 1409 959 scriptum
1425 893 1464 943 est
1478 891 1509 942 in
1523 890 1580 956 tege
1607 887 1754 943 :Accessit
1766 888 1845 956 tlep-

99 976 229 1033 cundum
250 976 327 1047 quod
358 976 388 1032 in
420 977 588 1046 corporibus
610 979 672 1049 ipsa
682 979 855 1050 degenerare
879 980 946 1036 dici·
999 994 1040 1032 ses
1061 979 1257 1045 adecliginem
1279 979 1307 1032 in
1336 994 1390 1044 qua
1410 983 1468 1033 erat
1497 978 1570 1032 Deus
1603 975 1843 1046 (Enod.xx,2l).

100 1072 158 1132 tur,
173 1066 247 1121 sicut
262 1079 314 1121 suo
329 1065 389 1121 loco
418 1079 607 1136 exponemus.
624 1068 702 1124 Sicut
722 1069 798 1124 enim
813 1069 945 1140 reliquiae
999 1068 1034 1122 lit
1061 1067 1194 1123 Salomon
1217 1068 1247 1122 in
1269 1066 1506 1136 Paralipomenon
1534 1065 1594 1122 ait:
1612 1068 1745 1121 Dominus
1761 1065 1846 1134 polli-

97 1155 145 1211 his
159 1155 268 1226 quibus
283 1163 440 1225 supersunt
457 1155 591 1213 interiora
606 1157 762 1228 quidemst
778 1159 945 1230 indigniora
998 1155 1069 1209 titus
1097 1159 1136 1209 est
1162 1160 1192 1208 ul
1218 1155 1354 1209 habitaret
1381 1157 1410 1210 in
1431 1156 1548 1222 catiqine
1574 1154 1718 1224 (llParal.
1742 1167 1782 1220 vr,
1808 1151 1843 1224 l)·

96 1243 289 1298 videnturita
303 1244 364 1299 haec
388 1258 454 1314 quae
474 1258 532 1300 non
548 1245 582 1300 ad
605 1247 794 1303 aeternitatem
814 1249 943 1318 spiritus,
998 1241 1077 1298 Idem
1106 1243 1136 1297 in
1162 1242 1344 1299 Proverbiis:
1361 1243 1456 1300 Gloria
1478 1247 1518 1298 est
1538 1245 1589 1298 liei
1614 1243 1700 1297 celare
1722 1242 1843 1310 uerbum,

97 1330 148 1386 sed
164 1331 200 1387 ad
218 1331 387 1401 temporales
415 1332 479 1403 ojus
501 1334 678 1403 operationes
703 1336 834 1403 attinent,
851 1345 944 1406 poste·
999 1336 1025 1385 eh
1049 1332 1139 1399 gloria
1167 1346 1262 1399 repam
1298 1334 1463 1400 inuestigare
1492 1347 1641 1387 sermonem
1664 1332 1754 1400 (Prcu.
1778 1344 1847 1396 xxv,

97 1419 176 1475 riora
190 1419 330 1490 dignitate
355 1429 518 1477 censentur.
544 1422 677 1494 congrue
690 1424 775 1481 etiam
790 1424 858 1482 dicit
878 1427 943 1482 aui·
997 1418 1038 1490 2)-
1055 1418 1109 1483 Qui
1129 1419 1267 1475 etiamad
1292 1419 1509 1489 Scripturarum
1537 1419 1741 1476 obscuritatem
1761 1417 1847 1488 quasi

96 1523 176 1565 mam
206 1508 308 1564 mundi
337 1509 534 1581 nonaliqu'us
556 1513 598 1567 rei
626 1513 655 1575 in
684 1515 803 1583 mundo,
828 1515 944 1572 sicutet
998 1512 1034 1567 ad
1061 1510 1185 1567 latebras
1199 1512 1229 1567 in
1245 1510 1352 1583 quibus
1380 1512 1533 1568 nuntiatur
1560 1513 1846 1582 licus,perscrutan-

97 1597 225 1653 animam
255 1597 382 1654 hominis
396 1598 530 1668 dicimus,
544 1614 601 1655 non
616 1600 740 1673 alicujus
752 1604 874 1660 membri
890 1605 943 1661 hu·
999 1600 1060 1667 das,
1088 1599 1191 1656 invitat
1207 1615 1259 1656 ¹1⁰⁸
1275 1600 1303 1655 1¹1
1319 1600 1483 1656 Pi⁰i⁰ibii⁸
1511 1600 1608 1657 dicens
1619 1618 1630 1655 ··
1650 1599 1766 1669 SaPiihi
1785 1612 1846 1652 iim

97 1686 188 1742 mani.
213 1686 316 1741 Anima
341 1688 449 1757 quippe
471 1688 507 1744 ab
531 1688 685 1745 animando
709 1691 785 1748 dicta
816 1700 867 1759 est,
893 1709 945 1763 pec
961 1690 982 1744 Β
999 1690 1151 1744 adverteret
1158 1689 1320 1759 parabolam
1333 1694 1359 1744 et
1371 1691 1632 1760 interpretationem,
1647 1687 1729 1743 uerba
1739 1689 1847 1758 sapien·

99 1773 180 1829 aliud
212 1774 326 1843 proprie
354 1775 479 1831 animari
494 1775 602 1832 dicitur
628 1777 683 1833 nisi
699 1778 725 1833 id
749 1779 859 1850 inquo
886 1789 945 1837 tota
999 1780 1068 1834 tium
1095 1783 1121 1834 et
1142 1781 1289 1848 aenigmata
1312 1794 1404 1834 eorum
1425 1782 1515 1844 (Pecu.
1529 1793 1547 1847 1,
1563 1779 1602 1850 6).
1630 1777 1701 1842 Quae
1727 1776 1846 1848 quidem

98 1862 144 1918 vis
172 1862 362 1934 vegetationis
391 1864 430 1919 ita
456 1873 684 1935 consummatur,
714 1875 747 1924 ut
773 1869 813 1925 nil
834 1871 945 1939 corpori
997 1874 1077 1923 tanto
1104 1868 1238 1924 chariora
1266 1876 1335 1929 sunt
1350 1868 1501 1935 intellecta,
1531 1874 1641 1939 quanto
1655 1865 1685 1921 in
1704 1864 1749 1921 his
1763 1863 1843 1921 intel-

99 1951 141 2007 illi
154 1958 284 2021 vegetato
299 1953 445 2010 adhaerere
459 1954 640 2011 extrinsecus
655 1970 768 2013 necesse
784 1956 822 2014 sit
836 1959 872 2014 ad
893 1975 944 2015 vo·
997 1953 1120 2027 ligandis
1147 1955 1240 2026 major
1265 1969 1358 2025 operae
1383 1954 1457 2012 lacta
1482 1963 1524 2012 est
1553 1954 1691 2024 impensa.
1709 1953 1783 2009 llinc
1803 1960 1845 2009 est

98 2041 270 2112 getationcm
307 2055 397 2112 quarn
420 2042 506 2099 habet
540 2042 569 2099 in
604 2043 665 2114 ipso
706 2048 942 2103 conservandam.
999 2043 1070 2099 illud
1097 2043 1263 2114 Hieronymi
1285 2043 1321 2098 ad
1342 2057 1481 2114 magnum
1510 2053 1653 2100 oratorem
1681 2040 1843 2109 scribentis,

97 2128 169 2185 Cum
191 2129 290 2199 itaque
316 2131 455 2197 mundus,
470 2132 556 2201 Juxta
585 2133 780 2205 philosophos,
809 2138 945 2194 univorsa
997 2145 1085 2201 super
1117 2132 1171 2187 hoc
1198 2132 1292 2201 ipsum
1315 2132 1393 2202 quod
1419 2133 1449 2187 in
1476 2133 1596 2188 exordio
1622 2129 1845 2188 Proverbiorum

98 2217 261 2285 concludat,
296 2225 328 2274 ut
348 2219 483 2275 nilextra
516 2221 610 2290 ipsum
632 2222 772 2280 divinitus
795 2224 946 2296 disponen·
998 2219 1132 2276 Salomon
1151 2228 1321 2288 commonet,
1342 2229 1374 2278 ut
1395 2220 1589 2292 intelligamus
1616 2232 1846 2289 sermonespru-

98 2304 170 2361 dum
184 2307 377 2378 relinquatur,
394 2316 470 2364 recte
485 2310 583 2365 anima
602 2311 704 2367 mundi
716 2313 789 2369 sicul
807 2322 834 2370 et
847 2317 945 2372 anima
998 2309 1100 2365 dintiae
1126 2310 1329 2380 versutiasque
1345 2309 1510 2377 vermium,
1537 2309 1689 2379 Pisatilis
1702 2315 1730 2366 0¹
1746 2306 1847 2364 Obscu·

97 2393 225 2451 homiuis
252 2395 327 2451 dicta
352 2402 403 2462 est,
433 2410 500 2452 cum
533 2398 671 2454 universa
691 2400 734 2454 vis
746 2399 850 2457 animm
866 2401 896 2457 in
911 2417 944 2458 eo
996 2411 1063 2455 rum
1080 2412 1252 2465 sermonem,
1281 2398 1357 2455 dicta
1373 2400 1535 2469 sapientum
1547 2406 1575 2455 et
1590 2398 1756 2469 enigmata,
1781 2409 1848 2466 ιιι)

98 2492 338 2541 consummetur:
360 2485 430 2540 adeo
455 2494 487 2541 ut
507 2499 558 2541 uec
580 2486 673 2555 ipsum
689 2489 831 2545 mundum
846 2491 944 2548 oculos
997 2488 1113 2557 proprie
1125 2486 1341 2544 dialecticorum
1360 2497 1429 2545 sunt
1443 2495 1471 2544 et
1486 2486 1732 2558 philosophorum.
1749 2483 1846 2552 Quan-

98 2571 145 2628 rel
165 2581 267 2628 caetera
297 2587 435 2629 sensuum
459 2574 653 2631 instrumenta
680 2576 785 2633 habere
806 2581 943 2648 oportuit,
997 2583 1059 2631 tum
1081 2575 1168 2631 etiam
1196 2589 1309 2645 semper
1330 2576 1512 2647 philosophia
1543 2588 1651 2632 arcana
1679 2587 1733 2631 sua
1759 2573 1848 2630 nudis

98 2662 175 2718 sicut
189 2669 217 2718 et
232 2663 290 2732 ipse
305 2663 434 2733 perhibet
450 2663 538 2731 Plato,
571 2679 638 2721 cum
658 2665 739 2722 nulla
753 2660 836 2723 extr-'a
850 2668 943 2738 ipsunr
996 2663 1145 2736 publicare
1158 2664 1254 2720 verbis
1269 2664 1424 2735 dedignata
1446 2665 1493 2729 sit,
1509 2672 1537 2720 et
1548 2663 1674 2719 maxime
1689 2662 1723 2718 de
1737 2661 1846 2730 anima,

99 2758 278 2817 remaneant,
293 2752 328 2806 ad
346 2765 411 2822 quae
426 2752 477 2807 ista
494 2752 622 2824 aliquam
638 2754 880 2823 opportunitatem
894 2756 945 2811 ha·
997 2753 1032 2809 de
1051 2753 1117 2819 diis,
1136 2766 1185 2823 per
1200 2752 1331 2809 labulosa
1358 2753 1491 2824 quaedam
1516 2752 1666 2808 involucra
1681 2749 1761 2821 loqui
1778 2763 1848 2808 con·

100 2840 196 2896 beant.
996 2849 1140 2907 sueverat,
1158 2840 1204 2896 illc
1225 2856 1284 2897 non
1305 2840 1459 2897 mediocris
1487 2840 1684 2911 philosophus,
1701 2845 1729 2895 ιι
1748 2838 1849 2910 magni

136 2929 187 2985 llis
202 2943 238 2984 ex
253 2929 368 2985 Platone
383 2929 509 2986 breviter
527 2929 661 2998 collectis,
684 2939 771 3002 atque
786 2933 822 2989 ad
838 2941 943 2991 nostrae
997 2929 1150 3005 Ciceronis,
1184 2929 1326 3000 expositor
1355 2928 1527 2996 Macrobius,
1558 2927 1776 2999 diligentissime
1802 2927 1850 2983 do·

100 3016 163 3074 lidei
180 3018 373 3074 testimonium
390 3019 469 3082 satis,
487 3026 519 3075 ut
534 3020 668 3088 arbritor,
693 3021 844 3094 diligenter
854 3037 941 3093 expo·
959 2994 981 3053 ὓ
997 3029 1051 3076 cet.
1076 3018 1202 3075 Remotis
1225 3017 1303 3075 enim
1318 3018 1475 3090 generibus
1495 3017 1709 3088 figmentorum,
1723 3015 1783 3072 sive
1806 3014 1846 3070 ιι·

99 3106 170 3173 sitis,
200 3120 390 3178 consequens,
419 3107 551 3165 existimo
577 3109 613 3164 ad
628 3123 765 3180 sequaces
788 3111 942 3183 ejuscom-
998 3108 1178 3175 bulosorum,
1208 3121 1274 3178 quae
1299 3106 1481 3177 philosophos
1510 3119 1568 3163 non
1590 3105 1677 3175 dccet,
1694 3103 1848 3176 supposuit

96 3208 202 3263 meare,
217 3204 249 3252 ut
263 3210 296 3251 ea
310 3210 375 3266 quae
390 3194 426 3252 ab
453 3197 521 3267 ipsis
543 3212 661 3268 quoque
675 3198 710 3254 de
724 3200 822 3256 anima
841 3201 944 3258 mundi
998 3195 1069 3253 illud
1087 3196 1165 3267 quod
1181 3192 1378 3252 honestissime
1393 3202 1557 3251 assumunt.

98 3292 166 3341 sunt
179 3285 265 3352 dicta,
301 3285 382 3341 nulla
404 3285 515 3341 ratione
540 3287 744 3344 convenienter
758 3288 849 3360 accipi
863 3304 944 3360 posse
1396 3283 1456 3340 XX·

98 3380 301 3444 monstremus,
317 3373 374 3429 nisi
394 3372 502 3443 Spiritu
529 3384 628 3432 sancto
641 3391 691 3445 per
719 3377 945 3448 pulcherrimam
1033 3375 1081 3430 hit
1108 3387 1236 3445 namque
1248 3371 1325 3442 quod
1340 3373 1459 3443 quando
1477 3384 1627 3428 sacrarum
1641 3383 1741 3427 rernm
1755 3374 1848 3431 notio·

99 3457 242 3514 involucri
259 3459 384 3530 liguram
405 3462 598 3532 assignentur.
616 3464 675 3519 Hoc
688 3462 795 3534 quippe
808 3463 943 3534 loquendi
996 3478 1063 3520 nem
1078 3463 1133 3519 sub
1144 3461 1344 3533 piovelamine
1355 3463 1560 3532 tigmentorum
1571 3459 1845 3519 honestisettectam

99 3560 190 3618 genus
220 3547 395 3618 philosophis
419 3564 536 3620 quoque
565 3551 675 3607 sicutet
690 3550 837 3622 prophetis
859 3551 944 3607 lami·
998 3552 1094 3618 rebus,
1111 3558 1137 3607 et
1157 3551 1289 3607 vestitam
1299 3549 1467 3605 nominibus
1492 3551 1656 3618 enuntiant,
1671 3547 1777 3608 hocest
1792 3551 1846 3624 lig·

97 3633 284 3691 liarissimnm
313 3645 363 3704 est,
386 3645 417 3694 ut
446 3638 577 3695 videlicet
592 3641 627 3694 ad
643 3640 945 3710 arcanapuitosophiae
998 3640 1088 3698 menti
1103 3652 1194 3710 genus
1222 3639 1301 3708 quod
1329 3637 1425 3694 cautio
1439 3638 1474 3695 de
1492 3639 1600 3695 divinis
1621 3639 1708 3696 rebus
1722 3640 1846 3710 philoso-

97 3739 164 3778 cum
185 3725 316 3792 veniunt,
348 3726 388 3782 nil
412 3727 585 3798 vulgaribus
615 3728 710 3783 verbis
735 3727 865 3796 ederant,
896 3730 944 3786 sed
998 3729 1114 3800 phautis
1137 3727 1271 3783 admittit.
1296 3729 1366 3783 ltem
1390 3735 1451 3798 post
1478 3741 1573 3798 pauca
1599 3728 1772 3784 :Sciendum
1795 3735 1845 3797 est,

98 3813 363 3881 comparationibus
385 3815 607 3872 similitudinum
623 3816 754 3873 lectorem
772 3817 865 3889 magis
879 3818 944 3873 alli·
998 3816 1105 3887 inquit,
1128 3817 1158 3869 in
1185 3830 1289 3870 omnem
1315 3816 1527 3884 disputationem
1547 3812 1846 3887 pbilcscpbcsadr'nitt·

98 3900 188 3957 ciunt.
207 3904 274 3966 Qum
302 3904 378 3958 enim
408 3904 491 3975 quasi
516 3904 646 3961 labulosa
665 3905 944 3973 anteavidebantur,
1000 3911 1056 3960 tere
1076 3903 1213 3971 sabuhsa,
1243 3903 1347 3958 sedhis
1373 3907 1415 3958 uti
1435 3904 1522 3959 solent
1546 3920 1607 3958 cum
1633 3905 1676 3958 uel
1695 3905 1845 3973 deanima,

98 3997 126 4045 et
144 3991 274 4047 abomni
291 3993 413 4049 utilitato
430 4001 551 4064 remota,
581 3995 743 4050 secundum
771 3994 873 4052 litterae
896 4010 944 4052 su·
997 3994 1040 4049 uel
1069 3992 1101 4047 de
1128 3993 1251 4048 ethereis
1263 3993 1449 4065 potestatibus
1464 3992 1622 4062 loquuntur.
1647 3992 1843 4048 Ceterumau-

99 4079 245 4148 perficiem
260 4081 386 4150 gratiora
399 4087 478 4146 sunt,
494 4096 561 4138 cum
580 4083 693 4153 magnis
707 4082 791 4153 plena
805 4084 946 4154 mysteriis
1000 4087 1051 4136 tem
1074 4096 1135 4136 cum
1158 4081 1195 4135 ad
1222 4095 1358 4135 summum
1387 4084 1469 4136 ileum
1484 4085 1510 4135 et
1521 4083 1676 4150 principem
1713 4083 1843 4145 omnium,

99 4168 283 4235 postmodum
304 4177 426 4238 reperta,
452 4183 587 4241 magnam
604 4171 632 4228 in
647 4185 676 4227 se
692 4171 828 4228 doctrinae
850 4172 944 4228 conti·
1000 4175 1048 4240 qui
1080 4170 1156 4240 apud
1177 4169 1282 4225 Graecos
1298 4167 1447 4242 rbhyeciu,
1468 4172 1515 4239 qui
1538 4174 1564 4224 et
1579 4170 1758 4244 operosioris
1773 4186 1846 4226 nun·

98 4263 169 4311 nent
196 4256 426 4313 aedificationem.
456 4257 497 4314 Ob
513 4259 566 4314 hoc
585 4260 672 4327 enim,
689 4267 757 4314 teste
767 4261 943 4330 Augustino,
960 4281 983 4339 ῃ
999 4264 1126 4331 cupatur,
1146 4263 1281 4314 tractatus
1308 4274 1336 4314 se
1351 4258 1433 4313 audet
1452 4259 1585 4326 attcucrc,
1613 4261 1655 4314 uel
1677 4259 1715 4314 ad
1730 4263 1845 4314 mentem

100 4349 240 4413 teguntur
253 4357 288 4398 ne
299 4342 446 4411 vilescant,
473 4345 524 4414 qui
540 4346 666 4402 secundo
681 4346 798 4415 quidem
812 4347 888 4403 libro
905 4349 945 4405 lle
999 4365 1082 4419 quam
1094 4351 1182 4406 draci
1198 4352 1259 4400 νοῦν
1275 4347 1428 4417 appellant,
1457 4349 1603 4416 originales
1618 4364 1711 4403 rerum
1732 4345 1844 4418 species,

99 4431 235 4488 Doctrina
249 4430 421 4499 Christiana,
449 4447 514 4488 cum
536 4448 640 4491 causas
652 4433 830 4492 difficultatis
844 4436 889 4492 vel
905 4436 943 4492 ιι·
999 4453 1060 4508 qua
1083 4439 1150 4493 idea
1171 4438 1251 4493 dicta>
1274 4442 1347 4504 smtt,
1374 4437 1563 4503 continentem,
1579 4452 1726 4493 consummo
1751 4441 1846 4492 natam

99 4518 217 4575 cilitatis
232 4533 321 4576 sacrae
332 4521 488 4591 Scripturae
512 4525 645 4592 aperiret,
662 4524 701 4580 ait
719 4540 726 4580 :
743 4525 859 4582 Obscura
873 4542 946 4596 quae·
1001 4532 1028 4583 et
1058 4528 1208 4597 pmfectam
1236 4528 1300 4593 lieo,
1323 4541 1384 4580 cum
1409 4525 1442 4581 de
1465 4526 1517 4592 his,
1545 4527 1670 4596 inquam,
1695 4526 1846 4596 lequuntur

100 4607 165 4662 dam
190 4608 264 4663 dicta
292 4610 482 4666 densissimam
517 4611 663 4680 caliginem
695 4614 843 4683 obducunt,
873 4616 947 4682 quod
999 4630 1103 4671 summo
1127 4618 1181 4670 Deo
1202 4618 1234 4668 ut
1259 4618 1353 4676 mente,
1383 4616 1425 4669 nil
1456 4615 1612 4682 fabulosum
1632 4617 1740 4686 penitus
1764 4617 1847 4671 attin·

100 4701 188 4750 toturn
214 4699 354 4766 prouisum
382 4714 438 4754 esse
465 4701 598 4756 diuinitus
624 4717 679 4756 non
703 4701 807 4770 dubito,
830 4703 867 4758 ad
883 4703 946 4759 eda·
999 4709 1078 4775 quat.
1108 4704 1162 4759 Sed
1173 4705 1197 4758 si
1211 4703 1280 4774 quid
1295 4703 1328 4757 de
1342 4703 1385 4758 his
1402 4706 1545 4773 assignare
1556 4710 1698 4776 conantur,
1719 4719 1847 4773 quanm

99 4786 239 4840 mumdum
262 4786 353 4840 labore
376 4789 542 4856 superbiam,
560 4795 585 4844 et
599 4791 765 4846 intellectum
792 4793 946 4858 clastidia
999 4808 1146 4849 sennonem
1174 4792 1432 4860 tantummodo,scd
1461 4794 1653 4860 cogitationem
1678 4808 1782 4864 quoque
1800 4807 1844 4846 su·

99 4875 292 4942 reuocandum,
322 4879 366 4928 cui
391 4877 473 4942 facile
500 4879 668 4948 investigata
694 4879 854 4949 plerumque
882 4880 947 4935 mle-
996 4886 1099 4952 perant
1121 4882 1279 4942 humanam,
1292 4880 1329 4934 ad
1344 4881 1540 4936 similitudines
1563 4887 1588 4936 et
1603 4882 1727 4951 conopia
1748 4882 1846 4947 consu·

99 4968 189 5019 scunt.
219 4965 287 5019 llem
311 4962 383 5028 :Qut
403 4981 516 5033 prorsus
530 4983 584 5021 non
611 4971 755 5022 inueniunt
780 4968 854 5038 quod
875 4985 947 5040 qua·
1000 4973 1089 5039 giunt.
1114 4969 1160 5022 Sic
1186 4969 1261 5022 Plato
1273 4983 1333 5023 cum
1353 4969 1387 5024 de
1401 4973 1437 5020 τώ
1454 4971 1544 5041 ἀγαθῳ
1560 4972 1634 5040 loqui
1654 4973 1722 5024 esset
1740 4970 1847 5024 anima·

98 5058 165 5107 runt
183 5055 258 5120 same
272 5053 398 5108 laborant
415 5072 422 5120 ;
437 5059 486 5121 qui
502 5061 593 5111 nutem
611 5072 665 5111 non
679 5062 808 5123 quarunt
823 5098 832 5126 ,
846 5061 947 5124 quiain
1001 5063 1055 5127 tus,
1077 5056 1166 5112 dicere
1186 5057 1254 5125 quid
1274 5061 1311 5112 sit
1327 5072 1381 5112 ιιι
1405 5072 1489 5112 ausus
1508 5061 1558 5124 est,
1581 5058 1629 5112 hoc
1652 5059 1739 5113 solum
1762 5057 1797 5112 de
1818 5073 1848 5113 ee

98 5146 229 5212 promptu
241 5143 351 5210 habent,
366 5144 482 5208 fastidio
502 5161 572 5214 saepe
597 5152 778 5202 marcescunt.
793 5146 887 5218 Igitur
901 5160 946 5203 sa·
999 5151 1124 5212 sentient,
1146 5146 1219 5214 quad
1243 5147 1308 5201 sciri
1329 5147 1419 5215 qualis
1438 5149 1474 5201 sit
1489 5147 1523 5202 cb
1544 5146 1696 5202 haminibus
1719 5161 1847 5216 nonpos-

100 5229 226 5287 lubriter
238 5230 363 5300 Spiritus
378 5241 498 5289 sanctus
527 5235 567 5290 ita
583 5234 947 5304 Scripturasmodilicavit,
1001 5238 1047 5290 sit.
1073 5237 1165 5290 Solum
1184 5251 1246 5290 uero
1275 5239 1299 5290 ei
1323 5235 1494 5290 simillimum
1521 5236 1603 5292 solem
1628 5235 1661 5291 de
1695 5235 1848 5293 visibilibus

99 5326 133 5374 ut
148 5318 217 5375 locis
240 5321 433 5390 apertioribus
460 5322 528 5378 lami
544 5331 718 5391 occurreret,
731 5324 948 5382 obscurioribus
1000 5324 1112 5393 reperit,
1129 5328 1153 5376 el
1168 5323 1286 5392 pcrejus
1311 5322 1521 5379 similitudinem
1538 5341 1545 5391 ;
1563 5328 1637 5380 uiam
1662 5327 1778 5382 sermoni
1798 5341 1848 5382 ruo

99 5417 196 5464 autem
214 5408 345 5480 ⁸luistidia
367 5410 534 5482 detergeret
563 5410 649 5478 Quasi
674 5427 743 5485 ergo
767 5413 797 5470 in
831 5412 948 5471 latebris
1001 5411 1148 5469 attollendi
1160 5426 1188 5468 ee
1214 5411 1319 5467 adrian
1347 5412 1600 5482 comprehensibilia
1622 5414 1848 5486 potereeitrhha

99 5495 242 5554 Dominus
260 5497 419 5569 quiescere,
445 5501 552 5572 gaudet
575 5506 609 5558 ut
622 5515 682 5573 quo
700 5501 794 5576 magis
807 5516 837 5561 se
850 5502 947 5561 occul·
1002 5507 1027 5557 et
1040 5499 1147 5557 nullum
1161 5501 1219 5572 eius
1245 5500 1423 5558 simulacrum
1451 5516 1512 5557 cum
1534 5502 1589 5560 diis
1612 5504 1677 5562 aliis
1698 5505 1847 5561 commue-
