3804 5962
118 205 171 266 em
385 206 487 264 ruini
504 157 689 264 eremum
709 205 786 264 err.
806 206 896 266 reas
915 207 963 267 ru.
983 232 1021 253 -
1035 207 1254 268 renouentur
1273 209 1317 267 ar
1336 207 1600 270 ranosormoa.
1815 211 1867 267 ree

119 349 172 409 gre
191 331 325 405 cognosci
351 338 443 405 potest
456 331 552 405 qualis
566 331 612 390 vel
633 345 725 404 quam
743 331 838 390 benus
854 332 915 405 ipse
930 332 966 390 sit
980 330 1007 390 Α
1019 347 1081 392 εεεε
1092 334 1253 402 valeamus,
1278 334 1405 392 adnectit
1423 347 1653 393 commemorans
1676 335 1740 407 ejus
1764 333 1867 407 singn-

118 423 214 483 Peter.
238 421 321 479 dunc
345 429 442 478 numm
472 420 585 479 Christo
608 421 833 490 conformamur,
850 424 872 479 ei
889 429 966 481 vete·
1020 422 1110 480 larem
1133 423 1325 492 dilectionem,
1351 439 1441 495 quem
1474 424 1559 481 nobis
1581 423 1724 487 exhibuit,
1748 422 1867 480 dicens:

119 527 181 572 rem
196 511 342 569 hominem
361 524 428 568 eum
453 509 567 567 actibus
582 511 645 567 suis
660 511 853 583 disponentes,
871 513 965 582 ipsum
1019 513 1147 580 Quincti
1167 517 1290 585 pepercit
1324 517 1408 570 etiem
1432 518 1545 584 proprio
1573 515 1642 569 Filio
1665 528 1724 581 seo,
1745 512 1869 570 censub

119 602 277 661 induamus
304 599 461 668 Christum,
483 599 558 657 sieut
577 600 718 670 seriptum
741 608 802 657 est:
824 600 876 666 Qui
899 601 967 657 dicit
1019 602 1158 669 stantiali,
1172 618 1230 659 non
1246 603 1392 674 adoptive,
1408 602 1457 659 sed
1479 603 1598 669 tradidit
1622 603 1711 670 illum,
1734 601 1869 659 videlicet

119 707 149 751 se
169 694 199 747 in
218 690 323 747 tireio
347 704 466 758 meme,
490 689 568 745 debet
594 693 665 746 shut
691 689 739 744 illc
763 691 914 746 ambuleoit
941 695 967 747 ct
1019 691 1056 747 ad
1070 699 1190 748 mortem
1210 706 1262 762 pro
1287 692 1371 748 nubis
1399 692 1544 760 omnibus,
1569 691 1678 748 scilicet
1701 705 1775 763 ques
1795 704 1866 762 pra·

117 770 178 854 ipse
192 780 333 836 ambulare
347 777 373 849 (l
393 780 473 834 Joou.
503 793 535 842 ιι,
557 777 594 850 6).
620 779 672 845 lla,
699 779 832 850 inquam,
857 779 967 837 conlor·
1019 780 1113 850 scivit,
1138 787 1243 849 seu,ut
1259 779 1437 847 dictumest,
1463 779 1678 850 predestinavit
1703 788 1736 837 ut
1758 780 1788 837 in
1803 781 1868 853 ejus

118 884 179 928 mes
192 868 264 938 deri,
289 871 320 923 ut
346 869 385 922 sit
410 868 469 937 ipse
497 867 624 923 uidelicet
646 868 749 926 christi
765 870 967 938 primogenitus
1019 869 1160 941 sanguine
1182 876 1347 926 nostrornm
1375 869 1506 926 maculas
1528 868 1651 927 dilueret
1670 875 1864 939 peccaterum.

117 961 149 1016 ia
166 958 261 1014 multis
274 956 422 1024 fratribus,
444 955 473 1012 id
497 963 539 1013 est
559 956 635 1012 inter
646 956 754 1014 multos
772 956 824 1030 qui
837 957 966 1029 ejusdem
1018 957 1100 1025 Quod
1114 973 1182 1016 vero
1205 959 1255 1026 ait,
1273 959 1355 1014 etium
1367 962 1482 1030 proprio
1511 959 1590 1025 idtio,
1617 959 1712 1015 innuit
1727 959 1819 1017 Deum
1840 968 1867 1017 et

117 1047 213 1107 Patris
226 1052 295 1104 sunt
314 1045 366 1102 lilii
381 1059 431 1116 per
453 1044 648 1116 adoptionem,
674 1045 733 1116 ipse
746 1046 797 1117 qui
811 1059 862 1116 per
879 1054 965 1103 natu·
1019 1048 1086 1105 aliis
1096 1048 1239 1119 adoptivis
1261 1047 1330 1104 liliis
1348 1056 1434 1105 entca
1453 1047 1603 1119 pronubis
1627 1061 1687 1104 nun
1704 1048 1866 1120 pepercisse

118 1151 182 1195 ram
197 1136 286 1193 Filius
302 1142 346 1193 est
363 1148 442 1192 more
455 1134 716 1206 primogenitorum
736 1135 857 1192 excellat
869 1135 966 1207 digni·
1019 1136 1095 1194 sicut
1108 1137 1197 1206 lsalae,
1212 1151 1263 1194 seu
1285 1137 1427 1204 ieremiae,
1455 1136 1500 1194 vel
1532 1135 1681 1194 nonnullis
1706 1136 1772 1194 aliis
1799 1151 1865 1209 pro·

117 1232 259 1293 tate,non
284 1222 513 1295 eisadrequetur
531 1223 733 1291 similitudine,
757 1224 831 1281 siout
850 1231 878 1281 et
907 1226 966 1295 ipse
1019 1226 1183 1297 phetarum,
1209 1226 1258 1297 qui
1296 1226 1332 1282 ad
1357 1226 1498 1297 populum
1524 1226 1577 1282 liei
1607 1226 1699 1294 missi,
1727 1233 1866 1300 tanquam

116 1315 196 1375 Patri
215 1313 339 1386 aequelis
357 1319 410 1380 εει,
439 1311 524 1384 ouius
540 1313 635 1384 imago
649 1321 700 1369 est.
718 1313 770 1379 Qui
788 1318 879 1368 eutem
895 1327 967 1384 prte-
1017 1320 1160 1383 martyres
1175 1326 1228 1382 pro
1248 1311 1341 1369 salute
1365 1312 1516 1368 hominurn
1532 1319 1601 1369 sunt
1615 1312 1712 1369 occisi.
1729 1311 1866 1378 Quomodo

118 1405 304 1463 destinantur
317 1401 410 1470 electi,
434 1402 520 1458 idest
539 1401 576 1457 ad
599 1401 690 1458 vitam
705 1410 843 1459 aternam
859 1414 968 1472 prepa-
1019 1403 1091 1455 enim
1104 1404 1196 1470 etiem,
1212 1401 1242 1457 id
1253 1409 1296 1457 est
1307 1414 1367 1473 qua
1382 1402 1492 1458 ratione
1505 1408 1596 1471 potest
1609 1401 1665 1458 dici
1685 1408 1717 1458 ut
1732 1402 1772 1457 ita
1787 1407 1867 1458 tanto

116 1501 222 1552 rantur
239 1507 290 1563 per
303 1492 387 1549 tidem
407 1491 576 1559 illuminati,
595 1504 685 1562 quem
704 1490 797 1562 primo
825 1499 966 1561 tunquam
1019 1490 1055 1546 de
1073 1490 1227 1547 traditione
1249 1489 1314 1546 vitii
1335 1490 1381 1547 sui
1402 1491 1476 1547 dono
1499 1505 1558 1547 non
1584 1490 1694 1547 dederit
1709 1490 1794 1548 nobis
1807 1504 1865 1547 om·

117 1581 249 1640 omnium
264 1581 407 1639 bonorum
421 1580 645 1638 lundamentum
665 1581 841 1652 suscipiunt,
856 1594 966 1637 vucan·
981 1621 1003 1676 B
1020 1579 1080 1648 nia,
1109 1589 1213 1636 nostrae
1238 1579 1344 1637 scilieet
1370 1580 1458 1636 soluti
1485 1578 1669 1637 necessaria?
1698 1580 1765 1647 Quis
1786 1594 1864 1636 oceu-

115 1670 362 1743 impostmodum
387 1683 437 1742 per
455 1683 535 1741 spem
562 1669 655 1737 illexi,
679 1684 746 1726 cum
770 1670 831 1742 iam
852 1669 963 1725 miseri·
1020 1668 1372 1741 sebitiQuandoquidem
1389 1669 1511 1726 Deusde
1529 1671 1694 1738 nostraite,
1709 1669 1865 1728 ntdiotnm

117 1761 215 1820 eordie
236 1761 287 1817 liei
310 1767 339 1818 ει
367 1759 476 1817 virtute
505 1767 754 1817 sacramentorum
781 1760 908 1831 cognita,
928 1759 965 1815 ad
1019 1764 1072 1824 est,
1086 1756 1224 1814 sollicitus
1240 1764 1292 1825 est,
1315 1757 1419 1825 salute,
1436 1758 1523 1829 cujus
1538 1758 1682 1816 accusatio
1700 1759 1866 1831 quidquam

116 1851 190 1910 bene
212 1849 393 1922 operandum
426 1848 608 1913 alliciuntur,
642 1856 758 1920 propter
788 1858 964 1906 aetoruernm
1019 1846 1160 1903 adversus
1186 1860 1238 1903 nos
1266 1847 1396 1903 obtinere
1411 1847 1541 1917 poterit?
1564 1847 1703 1918 Nunquid
1719 1846 1866 1904 accusatio

117 1940 226 1998 scilieet
239 1938 472 1997 retributionem:
494 1939 598 1996 deinde
623 1938 824 2011 justificantur
846 1939 965 1996 sincere
1020 1935 1111 2006 ipsius
1125 1934 1184 2004 bei,
1193 1935 1245 2007 qni
1259 1949 1318 1991 non
1333 1935 1425 1991 solum
1438 1950 1496 1992 neu
1506 1943 1635 2003 accusat,
1647 1949 1752 1992 verum
1765 1935 1864 2004 etiam,

117 2029 269 2088 eharitatis
301 2027 416 2098 adactu,
449 2043 508 2086 non
528 2028 590 2100 jam
612 2028 669 2084 lieo
696 2035 753 2084 tam
775 2035 891 2099 propter
912 2042 967 2085 sue
1020 2023 1177 2080 nidlctum
1200 2031 1252 2092 εει,
1274 2023 1437 2095 justificat?
1458 2038 1492 2080 ao
1517 2025 1542 2080 si
1568 2024 1691 2081 diceret:
1708 2025 1782 2081 Non,
1810 2025 1867 2082 Aut

116 2133 206 2192 quam
229 2126 346 2190 propter
366 2118 463 2190 ipsum
492 2117 682 2186 adherentes,
698 2123 740 2189 iet
754 2118 880 2190 denique
904 2131 966 2174 ma·
1019 2113 1044 2170 si
1063 2113 1149 2170 etiam
1178 2121 1329 2170 aecusator
1351 2121 1423 2170 essct
1436 2114 1511 2184 quis,
1528 2114 1558 2169 in
1580 2121 1679 2171 nestra
1694 2114 1865 2171 condemna·

119 2208 299 2280 gnidcantur
313 2208 344 2263 in
358 2207 465 2265 coelesti
478 2207 588 2265 scilicet
601 2207 693 2278 patria
707 2207 865 2264 sublimati.
1019 2202 1095 2260 tione
1111 2201 1274 2273 perstiterit.
1303 2201 1444 2273 Nunquid
1465 2205 1523 2272 ipse
1555 2204 1695 2270 Christus,
1718 2203 1771 2276 qui
1799 2210 1867 2259 tan-

153 2294 279 2364 Quaestin
292 2309 323 2351 se
336 2295 390 2351 hoc
409 2296 470 2352 loco
485 2296 591 2368 ingerit
614 2296 648 2353 de
663 2297 762 2352 diviua
776 2297 884 2354 seilicet
899 2313 965 2369 pre·
1019 2297 1077 2347 ιιι]
1102 2290 1187 2346 nobis
1201 2289 1336 2347 exhibuit
1352 2290 1544 2359 dilectionem,
1562 2290 1638 2348 sicul
1654 2291 1713 2361 il)se
1728 2292 1769 2347 ³51
1786 2305 1793 2346 ²
1809 2292 1865 2348 Πα-

117 2383 257 2450 videntia,
280 2397 332 2440 seu
354 2384 616 2456 predestinatione,
642 2399 708 2457 quae
732 2385 857 2443 liberum
881 2387 965 2445 nobis
1015 2380 1105 2449 t'ttem
1131 2379 1180 2434 Ml
1205 2379 1385 2446 ditectionem,
1400 2386 1466 2448 etc,
1492 2387 1523 2436 1¹¹
1539 2394 1591 2450 ιιι)
1620 2388 1719 2437 11⁰Slr²
1745 2393 1866 2437 111⁰th

117 2470 272 2529 arbitrium
284 2469 399 2528 aulerre
413 2470 539 2541 videtur,
556 2487 621 2530 eum
633 2472 731 2529 omnia
744 2473 876 2532 videlicet
889 2475 965 2533 sicut
1020 2475 1067 2525 tur
1082 2467 1199 2526 salute?
1222 2482 1256 2526 ao
1284 2468 1309 2526 si
1324 2469 1450 2525 diceret:
1470 2468 1542 2526 Non.
1554 2470 1610 2524 lmo
1624 2475 1681 2540 qut.
1697 2468 1788 2537 Quasi
1803 2483 1861 2526 cor·

118 2560 207 2619 allen
222 2560 345 2632 provisa
376 2568 455 2631 sunt,
480 2576 593 2619 necesse
611 2562 646 2619 sit
665 2563 792 2633 evenire,
826 2578 880 2621 nee
910 2563 963 2620 eli·
1018 2558 1116 2629 rigens
1138 2558 1215 2628 quod
1230 2558 1352 2626 dixerat,
1367 2558 1418 2631 qui
1441 2566 1574 2616 mortuus
1588 2567 1639 2628 εει,
1664 2559 1800 2630 quodest
1824 2559 1864 2614 in-

116 2664 205 2724 quom
231 2649 468 2722 praedestinatum
496 2650 630 2721 possibile
650 2651 688 2708 sit
713 2652 817 2723 perire.
847 2652 962 2710 certum
1018 2646 1172 2716 firmitatis,
1214 2649 1403 2720 supponendo
1431 2649 1650 2705 resurrectionis
1680 2648 1804 2721 gloriam
1833 2647 1862 2703 in

117 2741 225 2815 quippe
243 2747 286 2797 εει
299 2738 397 2796 omnia
411 2746 570 2812 antequam
596 2740 667 2797 ssent
683 2755 716 2798 eo
738 2742 823 2799 modo
839 2756 899 2814 quo
914 2741 964 2798 lu-
1018 2735 1080 2806 ipso
1106 2737 1189 2793 nobis
1213 2737 1374 2794 exhibitam
1397 2744 1485 2809 atque
1510 2739 1693 2809 premissam,
1719 2751 1786 2810 que
1815 2750 1865 2793 nos

115 2838 184 2888 tura
198 2836 267 2887 eunt
287 2842 305 2885 a
325 2829 382 2914 lieo
411 2843 471 2886 esse
494 2829 629 2901 praevisa,
656 2832 717 2887 sive
732 2831 807 2888 bona
830 2831 962 2888 sinistre
1019 2824 1049 2880 in
1073 2826 1152 2882 omni
1175 2826 1363 2883 tribulatione
1384 2826 1510 2883 maxime
1538 2828 1711 2895 consolatur,
1738 2834 1767 2884 et
1791 2839 1864 2897 quo·

116 2917 205 2986 mala,
221 2931 274 2976 neo
302 2917 333 2974 in
360 2916 460 2989 aliquo
484 2917 698 2988 providentiam
712 2919 777 2990 ejus
795 2933 877 2990 pesse
892 2918 961 2976 lalli.
977 2895 1003 2958 α
1018 2914 1099 2971 niam
1112 2914 1284 2972 resurreetio
1299 2915 1508 2973 nonnullorum
1531 2916 1586 2973 luit
1607 2917 1710 2973 iterum
1741 2924 1866 2973 mortuo·

115 3006 189 3065 Cum
202 3006 301 3079 iteque
318 3006 398 3062 hune
413 3005 573 3072 bominem,
596 3007 650 3077 qui
664 3006 736 3064 lorte
765 3008 963 3066 moechaturus
1018 3016 1084 3060 rum
1102 3004 1177 3060 sieut
1189 3043 1192 3048 .
1204 3004 1314 3071 Lazari,
1338 3012 1371 3061 ut
1398 3005 1484 3062 etiam
1500 3005 1688 3075 reproborum
1704 3003 1759 3062 erit
1772 3004 1809 3061 ad
1827 3003 1863 3059 si·

115 3104 168 3165 est,
190 3094 354 3166 praeviderit
372 3094 587 3151 moechaturum
603 3106 673 3162 esse,
698 3107 814 3152 neeesse
832 3102 875 3152 est
893 3110 963 3152 eum
1017 3092 1140 3148 nistram
1164 3094 1445 3164 constituendorum,
1470 3095 1585 3152 subdit:
1604 3096 1657 3161 Qui
1672 3099 1712 3150 eet
1731 3094 1769 3149 od
1797 3093 1863 3149 deo·

115 3184 331 3242 moechaturum
353 3195 423 3239 esse.
452 3181 532 3247 Quod
554 3183 578 3238 si
597 3196 666 3238 eum
692 3197 806 3240 neeesse
833 3191 875 3241 est
901 3199 962 3243 esse
1017 3185 1102 3237 terem
1119 3182 1178 3248 Dei,
1200 3181 1229 3237 id
1252 3189 1294 3238 cst
1309 3182 1469 3240 secundum
1491 3184 1586 3254 ipsam
1600 3183 1865 3239 humanitatemre

115 3273 340 3338 mechaturum,
363 3272 417 3328 hoc
439 3277 481 3328 est
508 3270 682 3336 inevitabile,
711 3273 849 3345 jamnon
872 3274 963 3331 estli-
1017 3271 1184 3327 suscitatam
1220 3271 1251 3328 in
1278 3280 1384 3329 aeterna
1418 3272 1597 3330 beatitudine
1622 3279 1800 3345 perseverat,
1825 3269 1863 3328 ibi

115 3361 184 3420 bero
200 3361 264 3432 ejus
277 3357 397 3417 arbitrio
417 3373 468 3417 sen
490 3367 627 3430 potestate
652 3367 800 3431 peccatum
829 3362 883 3419 hec
896 3363 961 3420 evi·
1016 3373 1133 3431 quoque
1152 3374 1210 3417 non
1224 3360 1375 3418 immemor
1395 3370 1499 3418 nostrae
1518 3362 1629 3426 salutis,
1651 3361 1703 3419 ubi
1722 3368 1862 3433 tanquam

115 3448 263 3508 terellon
286 3461 355 3520 ergo
375 3455 491 3520 propter
512 3448 567 3505 hoc
589 3457 750 3520 peccatum,
773 3451 852 3522 quod
867 3452 959 3517 nulla·
1015 3449 1173 3506 advocatus
1190 3449 1303 3507 Patrem
1328 3449 1490 3521 interpellat
1507 3450 1668 3521 pronubis,
1694 3450 1790 3521 ipsam
1815 3450 1863 3507 vi·

114 3537 314 3598 tenusevitare
337 3537 439 3608 potuit,
456 3550 524 3594 reus
541 3546 583 3595 est
605 3538 835 3598 constituendus.
864 3541 961 3612 arque
1015 3537 1127 3606 delicet,
1144 3539 1172 3594 in
1193 3552 1253 3610 qua
1274 3545 1355 3595 tanta
1383 3540 1539 3610 pronubis
1560 3553 1663 3611 passus
1684 3547 1736 3608 est,
1763 3539 1863 3596 huma·

114 3625 269 3684 itaomnie
285 3626 362 3682 mala
388 3626 419 3683 in
442 3626 494 3683 liei
510 3627 724 3697 providentiam
746 3637 887 3701 tauquam
910 3645 961 3687 ee·
1015 3626 1137 3683 nitatem
1167 3627 1258 3685 oculis
1279 3629 1371 3684 Patris
1408 3642 1521 3699 semper
1540 3628 1751 3700 praesentando,
1775 3634 1804 3685 et
1825 3626 1863 3684 sic

114 3728 182 3773 rum
201 3715 395 3772 necessariam
417 3728 537 3772 oausam
554 3717 749 3788 retorquenda
763 3718 910 3787 videntur,
933 3724 960 3775 et
1015 3728 1066 3771 nes
1081 3717 1106 3771 ei
1129 3723 1269 3788 tanquam
1290 3717 1430 3774 mediator
1447 3716 1671 3775 reconciliando.
1697 3717 1863 3788 Interpellat

112 3805 156 3864 sic
174 3804 274 3862 omnia
292 3805 427 3865 eomodo
447 3819 506 3876 quo
521 3804 662 3863 eveniunt
685 3807 848 3865 necessario
862 3821 961 3878 prove
1016 3804 1115 3875 igitur,
1144 3813 1176 3863 ut
1195 3806 1306 3863 dictum
1325 3815 1378 3875 cst,
1399 3814 1540 3879 tanquam
1561 3808 1635 3864 inter
1657 3820 1710 3863 nos
1728 3815 1758 3863 et
1773 3807 1863 3877 Deum

113 3894 187 3964 nire,
203 3907 270 3952 cum
299 3893 408 3951 seilicet
422 3893 465 3951 sie
493 3907 511 3950 a
539 3895 596 3952 lieo
625 3897 748 3966 praevisa
769 3897 887 3965 luerint,
908 3911 960 3954 nec
1015 3895 1128 3951 medius
1144 3896 1310 3963 intercedat,
1332 3910 1383 3966 per
1400 3896 1501 3966 ipsam,
1518 3902 1550 3954 ut
1563 3897 1672 3952 dictum
1691 3903 1744 3965 est,
1761 3904 1864 3953 nostre

112 3982 174 4042 ullo
188 3984 274 4041 modo
288 3983 468 4055 aliterposse
486 3984 662 4057 contingere.
691 3986 749 4044 Nos
777 3996 875 4044 autem
891 3999 958 4042 con·
1014 3991 1127 4041 nature
1148 3985 1352 4042 substantiam.
1383 3983 1501 4042 Sanctos
1530 3985 1617 4042 etiam
1641 3985 1717 4056 ipsos
1740 3983 1860 4042 intereo·

112 4073 244 4132 cedimus
261 4086 330 4130 eum
356 4072 409 4144 qui
428 4073 627 4131 moeohaturns
640 4082 682 4132 est
708 4076 869 4133 necessario
888 4089 959 4133 mm·
1013 4071 1080 4128 dere
1093 4076 1122 4129 et
1135 4087 1218 4130 orare
1232 4088 1284 4145 pro
1306 4075 1391 4131 nobis
1410 4075 1536 4131 dicimus
1561 4074 1666 4132 allectu
1681 4075 1780 4145 potius
1795 4074 1861 4132 che·

112 4160 269 4218 ehaturnm
290 4173 361 4229 esse,
388 4174 455 4217 eum
480 4161 510 4218 id
536 4163 612 4219 Deus
636 4163 818 4235 providerim
833 4164 881 4221 sed
898 4178 958 4221 non
972 4168 997 4226 n
1012 4160 1108 4218 ritatis
1122 4163 1167 4220 vel
1181 4164 1350 4222 meritorum
1364 4178 1485 4222 suorum
1511 4163 1670 4237 sudragiis,
1689 4178 1781 4236 quam
1796 4178 1860 4236 pre·

113 4245 178 4304 ideo
187 4246 356 4319 simpliciter
369 4247 428 4305 diei
456 4249 593 4307 convenit
618 4264 685 4307 enm
707 4265 768 4309 esse
795 4255 956 4312 necessarie
1014 4248 1119 4308 latione
1137 4252 1227 4309 vocis.
1243 4254 1324 4312 Unde
1342 4260 1371 4312 et
1399 4268 1465 4312 cum
1485 4253 1627 4311 dicimus:
1650 4253 1750 4310 scaete
1772 4255 1860 4318 Petro,

111 4337 336 4394 moechaturum.
351 4336 415 4395 Non
439 4338 517 4395 enim
541 4337 601 4396 heo
624 4339 745 4398 modalis
768 4357 837 4400 oum
864 4343 957 4401 deter-
1011 4355 1123 4411 oropro
1137 4342 1224 4410 nobb,
1241 4342 1296 4400 tale
1312 4350 1353 4399 est
1375 4355 1408 4400 ao
1432 4343 1456 4400 si
1478 4343 1629 4401 dieamus:
1658 4344 1787 4400 dtiscrm
1816 4358 1861 4399 rio-

110 4425 271 4483 minatione
295 4425 376 4482 illem
402 4425 564 4499 simplicem
592 4428 687 4493 infert,
706 4430 741 4487 de
768 4446 827 4503 qun
838 4432 955 4503 quidem
1010 4434 1073 4498 stri,
1089 4433 1171 4499 Deus,
1183 4437 1299 4502 proptor
1309 4435 1408 4489 merito
1422 4434 1454 4488 a.
1471 4435 1557 4489 Petri.

110 4511 279 4587 diligentius
296 4515 497 4573 disserendum
511 4515 673 4590 Theologiae
697 4526 804 4576 nostroe
828 4533 953 4577 reserva·
1046 4517 1111 4586 Quis
1140 4536 1204 4589 erpo
1228 4537 1286 4578 uos.
1321 4521 1562 4594 Quandoquidem
1597 4521 1685 4579 tantis
1713 4522 1861 4581 beneflciis

109 4617 186 4672 mus,
200 4611 228 4663 et
249 4619 316 4677 qua
330 4603 493 4663 differentia
522 4604 561 4664 sit
586 4607 821 4678 providentireac
843 4609 955 4681 praede·
1009 4615 1124 4668 tantam
1147 4610 1231 4667 nobis
1255 4612 1380 4683 gratiam
1408 4611 1485 4669 Deus
1508 4612 1648 4682 exhibuit,
1668 4619 1698 4669 et
1721 4610 1751 4668 in
1767 4612 1860 4684 seipso

108 4693 275 4752 stinatinnis
288 4694 415 4752 seulati.
1014 4697 1208 4767 confirmavit,
1236 4714 1302 4771 quae
1324 4713 1369 4756 res
1391 4714 1443 4756 nos
1465 4699 1587 4757 ulterius
1611 4701 1714 4771 poterit
1737 4700 1861 4757 avellere

144 4782 217 4849 Quid
240 4799 313 4853 erqo.
336 4781 579 4857 Quandoquidem
606 4785 682 4843 Deus
711 4785 752 4842 ita
777 4794 877 4844 nostre
899 4789 952 4846 sol·
1012 4787 1049 4844 ab
1063 4787 1127 4859 eius
1141 4787 1315 4849 dilectione?
1331 4790 1371 4845 Ac
1391 4789 1416 4846 si
1438 4789 1564 4846 diceret:
1591 4788 1687 4847 Nulla.
1712 4792 1808 4861 litque
1832 4788 1860 4844 id

108 4870 207 4930 licitus
246 4881 288 4931 est
326 4872 431 4943 salute,
476 4880 508 4930 ut
527 4873 716 4964 xpraesoierit,
759 4877 952 4947 praedestinet,
1008 4877 1105 4934 statim
1133 4879 1302 4949 comprobat
1329 4893 1379 4949 per
1409 4893 1446 4936 es
1471 4893 1537 4949 quae
1566 4879 1693 4937 maxime
1719 4879 1860 4936 videntur

108 4962 325 5033 predestinatos
361 4971 455 5032 vocet,
484 4972 599 5021 voratos
630 4964 780 5037 jnstidoet,
812 4966 954 5038 justifica·
1007 4980 1089 5037 posse
1114 4967 1245 5024 homines
1269 4981 1286 5024 a
1312 4969 1368 5025 lieo
1389 4975 1527 5027 avertere.
1560 4969 1602 5025 lic
1631 4968 1726 5039 primo
1751 4967 1787 5026 de
1809 4968 1856 5025 ad·

108 5057 151 5108 tos
167 5051 344 5125 magnificet.
361 5052 437 5120 Quid
461 5052 591 5111 dicemus
618 5054 654 5111 ad
675 5056 747 5125 baeo,
782 5055 811 5112 id
834 5064 954 5115 estcon·
1007 5055 1099 5112 versis
1126 5055 1167 5113 sic
1193 5056 1261 5113 ait:
1293 5058 1456 5125 hebetatio,
1492 5071 1527 5115 ao
1555 5057 1580 5115 si
1618 5057 1750 5114 diceret:
1780 5058 1855 5114 Non.

106 5146 153 5198 tra
178 5140 242 5199 hac
270 5142 349 5213 quod
370 5141 609 5214 impedimentum
631 5143 791 5214 poterimus
805 5146 953 5204 inveniret
1006 5143 1166 5203 Tribulatio
1208 5146 1315 5204 dicitur
1340 5161 1523 5219 quacunque
1566 5145 1693 5219 corporis
1732 5145 1853 5206 afflietio

105 5227 226 5287 Nullum
246 5231 445 5303 utiquc,quia
467 5232 519 5289 etsi
548 5246 585 5290 ex
608 5233 691 5289 nobis
706 5232 816 5291 infirmi
839 5250 951 5305 sumus,
1005 5235 1051 5292 vel
1092 5236 1262 5305 verberatio,
1299 5238 1445 5310 angustia,
1490 5237 1595 5295 mentis
1639 5237 1786 5306 anxietas,
1826 5238 1858 5294 ut

106 5319 169 5389 quis
197 5324 292 5377 contre
318 5335 367 5377 nos
402 5321 558 5390 prevalere
594 5322 708 5393 poterit,
738 5325 764 5379 si
792 5327 863 5381 bers
902 5341 953 5397 pro
1005 5330 1033 5382 et
1054 5333 1159 5394 metus,
1183 5327 1345 5399 persecutio
1366 5327 1401 5385 de
1424 5326 1485 5384 loco
1508 5328 1545 5384 ad
1560 5327 1666 5396 locum,
1692 5327 1854 5399 pmpulsio,

104 5406 194 5473 nobb,
207 5407 237 5464 id
251 5415 294 5466 est
308 5423 376 5468 oum
404 5409 496 5465 ileum
521 5409 683 5470 habeamus
706 5412 885 5484 patronum?
913 5416 952 5472 be
1004 5413 1179 5486 periculum,
1208 5415 1312 5474 mortis
1334 5424 1504 5489 apparatus,
1534 5415 1660 5489 gladius,
1677 5416 1740 5489 ipsa
1765 5429 1852 5475 mors.

103 5494 318 5569 cujusquidem
333 5497 491 5569 patrocinio
512 5499 557 5558 vel
571 5500 734 5562 defensione
761 5502 833 5573 quia
854 5503 950 5563 mouri
1005 5505 1227 5577 Sioutsoriptum
1241 5504 1272 5564 in
1292 5507 1403 5579 psalmo
1424 5521 1505 5579 xnur,
1531 5518 1566 5565 ac
1597 5505 1777 5567 sidioeret:
1794 5505 1853 5565 ttri-
