3804 5962
92 203 160 259 ιθιῦ
356 199 461 255 PETRI
479 199 664 255 hemundi
684 198 761 257 091³.
781 197 871 255 PARS
890 196 938 254 111.
955 225 991 239 -
1003 196 1227 256 suspiceres
1244 195 1290 255 ΕΤ
1309 194 1570 253 philosophice.
1771 195 1838 252 idib

90 327 237 400 benignus
266 335 329 384 ete
353 326 511 396 contrario,
541 327 590 384 sed
622 341 681 384 non
701 327 762 399 ipse
788 329 869 385 Pater
895 334 937 385 est
950 327 976 382 Α
991 328 1115 397 diversa,
1154 341 1188 385 ac
1214 327 1332 384 tortasse
1371 325 1545 398 quibusdam
1569 324 1731 394 sententiis,
1771 339 1839 383 enm

90 416 191 485 Filius,
211 415 320 473 scilicet
348 414 404 483 sni,
432 415 476 471 rel
491 422 533 472 est
561 414 685 486 Spiritus
711 422 838 484 sanctus,
868 429 934 472 cum
990 431 1085 474 unum
1096 428 1289 486 nonunquam
1310 414 1458 471 contineat
1480 414 1558 486 quod
1573 414 1698 472 alterum
1714 427 1772 471 uon
1787 412 1838 471 ba·
1864 467 1869 479 ,

91 506 152 578 ipse
178 503 311 561 videlicet
326 504 410 560 Pater
433 518 491 560 non
506 503 640 574 procedat
661 518 697 561 ex
711 505 807 573 Patre,
823 504 877 561 hoc
893 511 935 562 est
988 504 1063 573 beat,
1075 503 1198 574 prolecto
1209 502 1403 559 anathematis
1414 516 1480 560 reus
1490 511 1575 571 esset,
1586 501 1637 574 qui
1647 516 1707 559 uno
1719 510 1834 574 recepto

91 610 128 653 ex
154 595 257 664 seipso,
279 592 324 650 vel
341 592 422 661 Filio,
446 593 521 650 sicut
532 601 560 650 et
575 591 697 663 Spiritus
713 608 749 650 ex
764 594 847 650 Patre
868 607 935 664 pro·
990 603 1092 650 caetera
1130 593 1243 664 symbla
1273 591 1437 648 conlitendo
1462 591 1594 648 recitaret
1621 590 1667 647 vel
1689 589 1839 661 reciperet.

92 683 167 742 cedit
193 683 254 740 sive
277 681 367 750 Filio;
384 695 442 738 non
466 681 543 738 euim
570 682 817 754 quemadmodum
843 683 937 740 bonus
1027 682 1133 738 uadem
1161 682 1271 737 ratione
1308 681 1350 738 rei
1382 688 1547 737 teneremur
1572 694 1609 737 ex
1638 680 1840 750 supplemento

92 774 142 830 Dei
168 771 289 829 aflectus
309 785 344 827 ex
373 772 501 841 potentia
528 772 591 842 ejus
617 780 644 828 et
670 771 813 841 sapientia
841 771 937 829 utdi·
991 771 1142 842 Evangelii
1158 770 1259 838 additi,
1275 785 1340 826 oum
1355 772 1383 826 in
1398 769 1619 828 Deuteronomio
1628 770 1736 841 ldoyses
1746 768 1840 825 dicat:

93 868 172 918 ctum
203 868 256 929 est,
278 860 416 930 procedit,
432 860 472 916 ita
502 860 629 931 potentia
654 860 717 932 ipsa
738 861 799 918 sive
825 861 936 931 sapien·
993 861 1072 928 Quod
1087 859 1223 931 precipio
1241 861 1303 928 tibi,
1329 861 1377 915 boc
1403 864 1510 915 tautum
1536 860 1842 927 camerescensem

96 950 135 1009 tia
159 965 196 1007 ex
224 949 326 1019 seipsis
357 949 510 1020 procedere
530 957 662 1019 possunt,
689 949 767 1020 quod
795 957 867 1007 esset
885 949 938 1006 Pa·
993 950 1144 1022 quidquam
1172 950 1260 1005 addus
1284 952 1326 1004 uel
1346 951 1453 1005 minuas
1481 951 1573 1021 (Dect.
1597 963 1651 1015 xri,
1677 947 1733 1018 ιι).
1765 946 1838 1003 hbui

94 1047 167 1097 uem
177 1038 224 1096 vel
237 1038 343 1095 i'ilinm
357 1052 418 1096 esse
439 1039 580 1110 Spiritum
596 1047 741 1095 sanctum.
993 1039 1093 1110 itaque
1105 1038 1254 1109 prohibuit
1277 1039 1455 1095 contrarium
1475 1037 1597 1109 aliquid,
1615 1051 1673 1094 non
1685 1035 1764 1108 quod
1776 1048 1842 1106 per-

134 1128 223 1186 Graeci
243 1135 340 1184 tamen
354 1141 392 1184 ex
406 1129 490 1184 Patre
501 1127 572 1195 solo,
589 1143 647 1185 non
662 1128 750 1184 etiam
765 1127 836 1184 Filio
854 1127 941 1196 Spiri·
994 1127 1108 1185 lectioni
1146 1128 1265 1195 deesset,
1302 1126 1441 1198 suppleri.
1470 1125 1608 1192 Quamvis
1640 1125 1726 1181 etiam
1757 1123 1842 1195 pessit

95 1226 159 1276 tum
183 1222 315 1273 sanctum
330 1217 481 1286 proaedere
498 1215 683 1292 profitentur,
693 1231 726 1274 eo
741 1216 848 1274 scilicet
862 1217 940 1288 quod
997 1215 1130 1287 intelligi,
1156 1223 1187 1272 nt
1210 1217 1328 1273 omnino
1360 1216 1548 1286 prohibeatur
1570 1215 1656 1270 homo
1684 1226 1720 1269 ex
1750 1211 1841 1282 seipso

97 1306 211 1366 Veritas
230 1305 259 1360 iu
289 1305 448 1376 Evangelio
474 1306 585 1378 integre
599 1306 764 1362 continente
778 1306 812 1362 de
827 1319 939 1376 proces·
994 1306 1092 1364 verbis
1104 1305 1370 1377 aliquidsupplere.
1387 1307 1468 1363 tune
1484 1319 1551 1362 vero
1568 1304 1652 1360 bomo
1666 1317 1702 1359 ex
1718 1317 1749 1359 se
1761 1301 1840 1359 aliud

97 1395 178 1453 sione
194 1393 320 1465 Spiritus
343 1394 476 1466 loquens,
497 1394 591 1452 solum
608 1397 723 1451 Patrem
737 1401 942 1452 commemorat
995 1395 1120 1463 adderet,
1146 1397 1170 1451 si
1193 1395 1247 1452 hoc
1265 1409 1299 1451 er
1325 1409 1411 1452 sensu
1434 1409 1498 1465 suo,
1528 1407 1586 1450 non
1602 1407 1639 1449 ex
1654 1390 1842 1462 inspiratione

98 1483 356 1552 dieanszsptruus
383 1485 560 1554 quioPatre
573 1483 695 1553 procedit
719 1483 808 1554 (Joou.
822 1483 940 1554 κιαι).
996 1484 1120 1555 Spiritus
1144 1492 1341 1555 presumeret,
1366 1484 1401 1541 de
1428 1498 1488 1554 quo
1516 1482 1633 1554 quidem
1668 1480 1782 1552 Spiritu
1804 1487 1844 1537 est

102 1572 158 1637 Qui
177 1571 262 1628 etiam
284 1585 372 1642 super
387 1573 441 1630 hoc
454 1572 532 1643 quod
545 1585 560 1627 a
572 1571 643 1628 Filio
662 1586 729 1629 enm
744 1586 862 1643 quoque
878 1585 942 1642 pro·
998 1574 1137 1644 scriptum
1153 1589 1160 1629 ι
1177 1574 1237 1629 Nou
1256 1575 1328 1628 enim
1340 1589 1387 1628 ecs
1399 1576 1464 1627 estis
1480 1574 1528 1642 qai
1547 1572 1700 1642 loquimini,
1717 1568 1767 1624 sed
1780 1567 1840 1639 Spi-

99 1661 198 1718 oedere
224 1659 356 1729 dicimus,
387 1675 445 1717 non
476 1661 670 1728 vehementer,
699 1667 829 1732 arguunt
856 1668 944 1731 atque
996 1666 1068 1718 ritus
1084 1664 1174 1718 Patris
1189 1664 1337 1731 vestrique·
1354 1661 1606 1731 loquiturinoobts
1623 1659 1735 1729 (blattis.
1759 1674 1785 1728 x,
1800 1659 1843 1729 2⁰t

100 1764 165 1808 reos
187 1748 381 1807 anathematis
400 1749 492 1806 teneri
516 1757 658 1813 asserunt,
684 1749 763 1821 quod
792 1749 821 1805 in
838 1749 942 1819 princi·
998 1751 1089 1808 blulta
1107 1751 1193 1806 eliam
1209 1750 1244 1806 de
1259 1750 1408 1807 miraculis
1430 1758 1596 1806 sanctorum
1625 1754 1653 1804 et
1668 1748 1703 1803 de
1716 1745 1763 1804 his
1783 1760 1845 1818 qua

101 1838 218 1910 palibus
242 1837 371 1895 conciliis
394 1852 459 1909 quae
476 1839 553 1909 apud
580 1853 628 1895 eos
643 1838 787 1894 celebrata
803 1844 882 1904 sunt,
907 1837 946 1893 ita
999 1840 1089 1896 sancti
1122 1840 1219 1895 Patres
1251 1847 1313 1909 post
1336 1838 1477 1908 apostolos
1503 1837 1680 1908 scripserunt
1708 1835 1846 1906 pradica-

102 1927 232 1999 symbola
255 1940 356 1983 eorum
388 1927 554 1999 subjunctis
575 1927 809 1984 anathematibus
835 1926 946 1983 sancita
1001 1942 1075 1985 mus.
1090 1928 1163 1983 cnm
1173 1935 1269 1984 tamen
1282 1926 1437 1998 Apostolus
1447 1926 1562 1982 dicitad
1572 1924 1689 1982 Galatas
1700 1923 1844 1981 scribens:

102 2024 181 2083 suut,
198 2023 230 2074 ut
255 2015 331 2072 nulli
355 2015 389 2071 de
413 2014 468 2072 fide
489 2016 637 2073 Trinitatis
661 2016 741 2072 eliud
771 2014 874 2081 dicere,
901 2015 947 2071 vel
1001 2018 1074 2073 Licet
1098 2032 1147 2071 mes
1179 2021 1228 2071 aut
1258 2017 1371 2084 augelus
1399 2014 1433 2068 de
1456 2015 1519 2068 emto
1542 2012 1744 2080 evangelizaret
1771 2011 1845 2066 uobis

103 2104 183 2162 aliud
211 2104 376 2174 praedicare,
401 2119 491 2176 qnam
514 2105 554 2162 ibi
578 2107 771 2175 contineatur,
795 2105 888 2161 liceat.
916 2106 948 2160 ln
1000 2112 1104 2178 praeter
1131 2106 1162 2160 td
1177 2105 1251 2175 quod
1272 2105 1488 2172 manqettaamus
1510 2102 1597 2170 uobis,
1627 2101 1775 2157 anathema
1802 2101 1847 2161 sit,

104 2194 213 2266 quibus
232 2193 350 2265 quidem
370 2195 508 2264 symbolis
531 2209 598 2250 eum
614 2195 644 2251 in
661 2195 840 2265 processione
859 2193 946 2264 Spiri·
1002 2199 1072 2252 sicut
1093 2195 1223 2266 predixi.
1244 2197 1279 2250 ut
1307 2209 1379 2247 nuuc
1405 2196 1504 2248 iterum
1532 2190 1591 2245 dico
1606 2205 1613 2245 ε
1630 2191 1661 2247 Si
1685 2192 1748 2261 quis
1771 2188 1843 2244 uobis

105 2288 152 2337 tus
178 2281 213 2336 de
241 2280 300 2336 solo
328 2282 411 2336 Patre
433 2290 673 2338 commemoretur
689 2281 881 2348 :Quicumque
902 2281 949 2337 ln·
1002 2285 1228 2351 eoauqetiaauem't
1245 2286 1347 2352 praeter
1370 2281 1401 2335 id
1429 2278 1503 2351 quod
1526 2280 1678 2349 accepistis,
1703 2279 1848 2332 anathemo

105 2369 224 2442 quiunt,
244 2367 347 2424 Filium
361 2368 479 2436 addam,
500 2370 815 2437 anathematismatum,
838 2370 950 2426 addunt
1003 2376 1040 2429 sit
1055 2373 1128 2442 (Gal.
1143 2386 1163 2439 r,
1177 2374 1204 2440 8,
1219 2370 1256 2441 9).
1272 2371 1354 2435 Quod
1369 2376 1466 2426 summ
1486 2375 1637 2439 opponunt
1652 2365 1744 2422 Grmci
1769 2377 1851 2422 eran·

104 2458 191 2517 etiam
206 2456 243 2512 ad
255 2457 506 2529 exaggerationem
529 2458 726 2528 impudentia,
752 2467 858 2516 nostrae
873 2457 947 2515 testi·
1004 2461 1125 2533 gelisam
1153 2459 1337 2517 traditionem
1352 2456 1389 2513 ad
1419 2457 1563 2527 integram
1578 2455 1643 2512 iidei
1667 2452 1848 2523 disciplinam

104 2545 237 2602 monium
265 2545 458 2603 damnationis
472 2545 547 2614 fidei,
563 2546 641 2617 quod
658 2548 745 2620 juxta
768 2548 950 2604 traditionem
1004 2549 1146 2616 sulficere,
1176 2560 1230 2603 uec
1258 2546 1420 2619 quidquam
1437 2544 1559 2602 ulterius
1587 2541 1754 2600 addendum
1781 2554 1850 2606 esse,

105 2634 309 2705 praedictorum
334 2633 523 2692 conciliorum
549 2636 603 2692 beo
631 2638 733 2694 tertius
747 2637 844 2694 Romae
867 2644 950 2693 tran·
1004 2645 1155 2710 praeterea
1169 2635 1280 2708 quaein
1295 2635 1390 2691 verbis
1416 2634 1603 2691 continentur
1616 2629 1803 2702 evangelicis,
1819 2629 1847 2685 in

108 2721 250 2792 scriptum
270 2723 300 2779 in
327 2723 427 2780 tabula
449 2728 588 2795 argentea
612 2726 731 2796 posteris
746 2726 875 2798 reliquit,
900 2738 951 2795 pro
1006 2742 1036 2784 se
1058 2727 1146 2783 etiam
1172 2725 1250 2796 ipsos
1273 2724 1443 2781 sententiam
1473 2721 1635 2792 proterunt.
1659 2723 1734 2778 cnm
1756 2727 1851 2777 autem

107 2822 214 2881 amore,
231 2820 263 2869 ut
289 2812 408 2883 ipsemet
422 2813 501 2882 dicit,
517 2823 544 2872 et
563 2815 677 2872 cautela
691 2816 859 2872 orthodoxa
874 2813 949 2870 lidei.
1007 2815 1147 2886 Spiritum
1162 2828 1179 2870 a
1194 2814 1253 2871 solo
1280 2813 1364 2871 Patre
1380 2811 1531 2884 procedere
1545 2811 1707 2873 (nonenim
1724 2808 1851 2879 Evange

107 2900 141 2956 ln
157 2914 217 2971 quo
231 2901 348 2973 quidem
369 2903 500 2972 symbolo
515 2903 576 2972 ipse
596 2918 713 2975 qnoque
728 2905 759 2961 io
774 2903 951 2974 processione
967 2906 988 2962 c
1005 2903 1077 2961 lium
1093 2917 1159 2960 aum
1174 2905 1264 2960 Patre
1292 2902 1443 2973 procedere
1469 2899 1611 2971 Spiritum
1637 2898 1715 2955 dicat
1728 2896 1789 2954 solo
1803 2895 1850 2952 ad·

108 2986 231 3058 Spiritus
256 2989 350 3046 solnm
381 2999 586 3047 commemorat
614 2993 735 3056 Patrem,
762 2992 807 3048 his
835 2992 952 3062 quidem
1002 2993 1104 3066 jungit
1123 2992 1200 3063 quod
1215 2992 1271 3063 ipsi
1287 2999 1448 3062 apponunt,
1465 2987 1726 3047 sedtantummodo
1741 2986 1853 3043 aPatre

107 3078 204 3135 verbis
220 3077 461 3148 :litimspiritum
479 3086 606 3134 cauatam
622 3083 768 3136 homiuum
793 3086 819 3136 et
836 3081 954 3150 oioiqtca-
1006 3081 1099 3152 dicit),
1124 3081 1285 3153 quaerimus
1312 3080 1399 3137 etiam
1430 3088 1458 3136 et
1480 3079 1694 3150 interrogamus
1719 3089 1770 3132 eos
1790 3087 1854 3131 conr

109 3172 193 3222 mrem
219 3183 254 3222 ea
272 3169 354 3222 Patre
365 3168 566 3237 procedentem,
592 3184 653 3224 cum
678 3171 760 3224 Patre
772 3176 799 3224 et
812 3170 886 3226 Filio
910 3184 951 3224 co·
1007 3171 1125 3227 credant
1140 3169 1278 3241 Spiritum
1293 3178 1426 3226 sanctum
1444 3182 1461 3224 a
1476 3169 1559 3224 Patre
1574 3165 1739 3238 procedere,
1755 3171 1854 3221 utrum

108 3255 282 3310 adorandum
308 3262 333 3310 et
362 3256 631 3326 conglorificandum,
649 3267 702 3314 etc.
724 3258 755 3313 ln
773 3266 884 3328 quanta
904 3271 955 3315 au·
1007 3260 1125 3316 credant
1160 3260 1254 3330 ipsum
1290 3259 1386 3316 asolo
1414 3260 1496 3314 Patre
1530 3254 1760 3328 praesumeret
1789 3266 1854 3310 oon.

109 3348 166 3399 tem
182 3344 345 3399 reverentia
367 3343 417 3400 illa
432 3344 604 3416 principalia
619 3347 742 3404 concilia
762 3346 885 3404 tenenda
899 3349 955 3405 sint
1007 3347 1088 3415 Quod
1113 3348 1137 3405 si
1158 3347 1198 3404 sic
1220 3356 1247 3405 et
1270 3362 1339 3405 vera
1362 3347 1399 3405 sit
1426 3346 1488 3403 heo
1516 3346 1594 3413 tides,
1620 3343 1723 3414 utique
1757 3344 1799 3399 ita
1815 3348 1854 3399 est

109 3431 212 3489 beatus
235 3430 387 3503 diligenter
413 3432 502 3503 aperit
529 3435 694 3506 Gregorius,
712 3435 765 3507 qui
790 3450 820 3492 se
844 3449 879 3492 ea
895 3444 957 3492 tan·
1008 3438 1086 3509 quod
1115 3436 1247 3494 videlicet
1261 3450 1278 3492 a
1294 3438 1353 3494 solo
1373 3437 1455 3493 Patre
1484 3435 1545 3505 ipse
1567 3432 1705 3504 procedit,
1727 3439 1757 3488 et
1780 3429 1855 3503 quod

110 3534 200 3592 quam
215 3530 344 3593 quatuor
358 3522 517 3595 Evangelia
540 3524 687 3595 suscipere
702 3533 730 3581 et
744 3526 877 3582 venerari
894 3540 956 3596 pro·
1011 3526 1066 3596 ipsi
1080 3539 1168 3596 super
1183 3526 1236 3583 hoc
1255 3527 1384 3583 sentiunt
1404 3523 1559 3581 salubriter
1573 3520 1667 3578 doceri
1687 3535 1740 3577 seu
1763 3518 1855 3578 conti·

111 3607 218 3676 fitetur,
253 3608 381 3667 undeet
407 3625 507 3669 eorum
533 3613 641 3681 serbis,
670 3628 725 3670 non
752 3615 845 3686 magis
868 3628 957 3685 quam
1010 3617 1076 3682 teri,
1092 3629 1151 3671 non
1176 3623 1219 3672 est
1234 3615 1428 3687 incongruum
1450 3612 1529 3685 quod
1544 3626 1602 3668 non
1630 3610 1710 3666 credi
1725 3609 1764 3665 sit
1780 3607 1856 3680 peri-

110 3696 294 3768 evangelicis,
305 3699 350 3755 vel
366 3699 471 3757 addere
481 3700 561 3757 alind
582 3701 625 3758 vel
638 3702 824 3759 substrahere
839 3703 957 3773 permit·
1012 3705 1154 3770 colosum,
1188 3703 1348 3775 presertim
1375 3716 1443 3761 cum
1470 3701 1547 3758 dicat
1574 3698 1726 3770 Apostolus
1746 3715 1754 3753 ι
1774 3696 1857 3757 carde

111 3786 155 3855 tit,
182 3786 221 3844 ita
250 3787 439 3845 Constantino
464 3791 598 3861 episeopo
621 3790 823 3848 Mediolanensi
848 3792 883 3849 de
899 3805 959 3848 ono
1013 3794 1186 3849 erediturad
1198 3795 1349 3864 justitium,
1368 3806 1413 3846 ore
1430 3797 1521 3848 autem
1540 3788 1728 3856 contessiopt
1757 3783 1797 3840 ad
1814 3797 1857 3838 sa·

111 3889 213 3935 eorum
237 3876 384 3934 scribens:
401 3880 455 3936 Nos
477 3883 589 3934 auctore
614 3882 792 3949 Veritatem
815 3886 958 3936 testacca·
1013 3882 1097 3938 tutem
1126 3882 1212 3953 (item
1239 3895 1267 3947 x,
1292 3881 1344 3952 ιθ).
1374 3880 1423 3937 Sin
1453 3886 1628 3936 autemnon
1656 3873 1745 3931 asoto
1773 3875 1855 3929 Patre

111 3968 225 4022 scientia
240 3968 363 4035 fatemur
378 3967 458 4037 edem
482 3969 706 4026 cbabedeueasts
732 3970 850 4042 symboli
871 3970 961 4025 illiba
1014 3970 1151 4041 spiritum
1177 3969 1329 4041 procedere
1346 3969 1474 4036 credant,
1495 3981 1561 4024 oum
1583 3978 1649 4023 eom
1665 3976 1682 4018 a
1697 3964 1782 4020 Patre
1797 3973 1856 4032 pro

112 4061 232 4127 iamper
245 4058 336 4112 omnia
355 4057 501 4124 custodire,
522 4058 716 4129 nihilqueejus
738 4059 961 4130 diffinitioniad«
1014 4059 1113 4117 cedere
1139 4073 1198 4116 uon
1224 4058 1370 4124 dubitant,
1398 4063 1509 4127 oportet
1536 4053 1616 4127 quod
1648 4056 1707 4109 tam
1733 4064 1751 4106 a
1777 4051 1860 4106 Patre

112 4141 186 4212 dm,
202 4143 274 4198 nibil
288 4145 461 4201 substrahere
483 4146 593 4202 audere.
611 4147 665 4204 Sed
679 4147 779 4218 siquis
798 4153 961 4204 contrusam
1014 4163 1105 4221 quam
1121 4148 1190 4206 Filio
1205 4162 1256 4204 seu
1269 4146 1306 4203 ab
1334 4146 1389 4203 alio
1407 4145 1502 4215 ipsum
1522 4141 1676 4215 procedere
1690 4139 1858 4204 assentiant,

113 4230 233 4302 quedem
263 4233 365 4288 scilieet
395 4235 470 4290 modi
492 4235 584 4304 tidem,
607 4238 664 4290 siue
690 4237 755 4306 plats
782 4239 904 4292 minusue
923 4238 961 4293 ad
1013 4245 1042 4296 et
1056 4238 1135 4310 quod
1159 4250 1272 4293 necesse
1286 4239 1328 4291 est
1342 4234 1431 4302 credi,
1447 4232 1564 4290 salubre
1579 4232 1616 4287 sit
1628 4227 1771 4296 confiteri,
1788 4226 1860 4284 sicut

113 4321 274 4391 sapiendum
285 4337 419 4393 usurpare
443 4327 560 4395 appetit,
571 4341 632 4380 eum
646 4327 720 4381 ommi
738 4325 870 4382 ditatione
880 4334 959 4398 post·
1015 4336 1043 4384 et
1071 4333 1173 4384 caetera
1187 4325 1285 4382 omnia
1304 4337 1371 4395 quae
1395 4321 1432 4378 ad
1451 4321 1536 4378 iidem
1566 4318 1710 4390 pertinent
1743 4315 1859 4373 catholi-

112 4411 204 4481 poaito
218 4411 490 4480 anathematizemus,
506 4419 588 4481 cipue
601 4431 619 4469 a
631 4416 695 4469 sinu
713 4415 845 4471 Ecclesia
862 4421 959 4472 matris
1015 4429 1089 4473 eam.
1104 4414 1162 4471 Nec
1186 4420 1272 4470 rectm
1286 4410 1457 4469 contessioni
1482 4407 1580 4478 oiiicit,
1597 4410 1621 4463 si
1636 4405 1781 4463 nonnulla
1795 4417 1859 4461 con·

113 4498 233 4555 alienum
251 4500 500 4558 essedecreoimus.
530 4503 586 4559 Sed
611 4503 814 4574 prolectocum
836 4505 957 4561 interdi-
1014 4503 1146 4562 tassionis
1182 4502 1273 4559 verba
1299 4501 1328 4558 in
1357 4498 1504 4558 canonicis
1533 4497 1653 4555 minime
1678 4495 1861 4567 reperiantur

114 4586 190 4644 citur
217 4601 253 4644 ne
273 4588 340 4658 quis
353 4588 436 4646 aliter
450 4590 549 4646 doceat
564 4598 615 4648 aut
638 4590 771 4661 predicet
790 4592 959 4650 catholicam
1014 4591 1180 4663 scripturis.
1200 4591 1242 4649 Ob
1266 4591 1320 4648 hoc
1341 4589 1419 4648 enim
1443 4586 1568 4645 maxime
1582 4583 1713 4657 symbola
1727 4581 1860 4641 reucilio·

114 4673 198 4732 tidem
222 4689 311 4748 quam
325 4677 355 4733 in
366 4677 510 4749 predictis
533 4679 699 4736 continetur
720 4679 856 4745 conciliis,
876 4678 960 4738 aliter
1014 4696 1080 4739 rum
1106 4678 1262 4752 scripturis
1284 4679 1342 4736 illis
1367 4684 1437 4735 sunt
1463 4674 1660 4748 superaddita,
1675 4680 1708 4728 ut
1735 4671 1787 4728 illa
1813 4671 1859 4728 do·

113 4763 305 4836 dictnmputo
326 4781 385 4823 non
404 4767 566 4825 secundum
587 4768 743 4825 verborum
765 4767 959 4827 diversitatem
1013 4777 1098 4828 ceant
1111 4770 1157 4827 rel
1181 4769 1325 4826 disserant
1347 4765 1472 4839 quesibi
1492 4771 1589 4837 aperte
1613 4775 1672 4819 non
1698 4759 1856 4818 habentur.

113 4852 162 4910 sed
190 4855 353 4914 mcundum
369 4855 435 4914 fidei
451 4856 711 4924 diversitatemac
726 4857 749 4913 si
764 4856 889 4927 dicatur,
905 4857 957 4914 ali·
997 4858 1085 4929 ‚Quis
1107 4858 1186 4916 enim
1207 4857 1387 4925 trinitatem,
1408 4855 1457 4913 sed
1474 4861 1529 4912 tres
1551 4863 1688 4924 personas
1711 4849 1742 4906 in
1763 4845 1859 4906 aasibi

113 4948 167 5011 ter,
191 4942 245 5001 hoa
260 4952 303 5002 est
317 4946 461 5003 contrario
483 4945 577 5012 modo,
593 4960 650 5002 uon
677 4946 791 5003 diverso
806 4946 960 5003 verborum
1014 4955 1170 5006 coeternas
1201 4953 1230 5004 et
1259 4943 1429 5017 coequales,
1454 4955 1582 5015 quarum
1611 4952 1801 5010 unaquaequo
1826 4936 1859 4995 sit

112 5044 194 5100 sono,
213 5034 284 5105 qnia
309 5042 338 5092 et
351 5049 404 5093 nos
427 5036 528 5093 Latine
554 5035 681 5093 dicimus
701 5035 780 5107 quod
795 5034 837 5092 illi
852 5033 958 5093 Graece.
1014 5036 1091 5095 bens
1100 5037 1131 5094 in
1142 5036 1199 5094 illis
1215 5033 1369 5106 scripturis
1385 5026 1446 5090 dici
1455 5030 1631 5098 meminerit,
1657 5036 1710 5086 aut
1735 5027 1859 5086 Pilatum

113 5117 192 5178 Sicut
206 5136 275 5195 ergo
289 5122 438 5182 diversum
451 5139 502 5195 pro
515 5125 644 5197 opposito
658 5124 774 5194 dieitur,
789 5124 830 5182 isa
848 5124 959 5182 diverso
1014 5126 1151 5184 Pontium
1178 5123 1330 5196 appellari,
1345 5128 1397 5179 aut
1414 5120 1451 5178 ad
1466 5120 1573 5177 interos
1588 5118 1718 5176 animam
1741 5115 1859 5174 descen-

113 5208 200 5267 modo
214 5211 293 5282 quod
306 5219 347 5271 est
372 5213 457 5271 aliter
472 5228 523 5286 pro
538 5214 667 5286 opposito
690 5215 773 5272 modu
788 5228 846 5272 non
862 5214 958 5271 iuoon-
1014 5214 1088 5272 disse
1110 5213 1227 5280 Christi,
1238 5220 1266 5270 et
1286 5211 1342 5269 alia
1367 5209 1501 5281 quadam
1529 5221 1596 5279 quse
1619 5207 1649 5263 in
1680 5205 1778 5263 verbis
1805 5216 1859 5262 non

113 5308 187 5368 grue
202 5301 338 5360 sumitur.
354 5302 493 5374 Alioquin
505 5318 573 5362 cum
589 5303 821 5377 unumquodque
844 5303 960 5361 illorum
1014 5302 1201 5362 continentur
1214 5299 1388 5359 canonicis?
1402 5298 1493 5358 ltulta
1506 5297 1631 5369 prolecto
1646 5293 1711 5352 fldei
1734 5305 1862 5351 necessa·

112 5384 300 5447 conciliorum
321 5392 472 5463 proprium
493 5393 685 5464 composuerit
700 5400 789 5466 atque
803 5391 961 5451 instituerit
1013 5392 1059 5451 ria
1075 5397 1138 5462 post
1164 5388 1358 5464 Euangeliou
1386 5386 1423 5446 ab
1450 5384 1599 5459 apostolis,
1625 5383 1671 5442 vel
1699 5381 1862 5455 apostolicis

112 5473 288 5548 symbolum,
307 5479 425 5552 sintque
439 5480 504 5551 ipsa
517 5481 650 5552 symbola
666 5482 704 5539 ab
723 5481 846 5540 invicem
861 5480 960 5540 verbis
1014 5480 1086 5538 viris
1103 5478 1201 5537 addita
1214 5485 1294 5549 sunt,
1309 5491 1377 5550 qna
1390 5489 1427 5534 ex
1448 5474 1544 5535 verbis
1552 5471 1730 5545 evangelicis
1740 5470 1861 5531 minime
