3804 5962
128 187 194 244 ilar
391 184 495 239 PETRI
513 182 702 238 annuatim
721 182 795 239 Ore.
816 180 907 237 PARS
927 180 976 234 lll.
988 179 1254 236 -rttuototitca
1274 180 1318 235 ET
1337 165 1599 238 ruinosoruiua.
1807 182 1867 238 titt

123 313 237 369 Paulam
250 315 275 364 et
290 308 470 364 Eustochium
489 311 519 360 in
547 308 714 374 expositione
732 305 861 374 Epistola
884 305 965 359 Pauli
980 306 1004 358 A
1019 305 1169 373 apostolus,
1197 308 1263 375 quia
1287 310 1446 374 persecutus
1474 321 1534 360 sum
1552 307 1702 361 Ecclesiam
1727 307 1800 369 Dei,·
1826 309 1869 364 sei

124 400 352 456 adPlilemonem
368 414 374 450 :
390 397 490 465 Neque
518 408 585 450 vero
606 395 767 463 putandum
793 399 835 450 est
850 391 970 449 Saulum
1025 395 1117 461 pratia
1142 395 1193 447 Dei
1219 409 1279 447 sum
1305 393 1336 448 id
1363 395 1510 462 quodsum
1532 396 1552 463 (l
1570 396 1700 460 Cor.1r,
1719 395 1769 466 9);
1794 397 1870 452 mint

123 477 314 545 antedictum
332 498 402 545 esse.
432 489 459 538 et
489 497 546 538 non
575 481 653 549 Saul,
682 482 752 551 quia
777 488 804 536 et
831 481 865 535 de
893 480 970 536 tribu
1025 495 1090 536 mus
1106 481 1135 536 iu
1151 495 1190 549 se,
1207 481 1327 552 grandis
1341 480 1505 538 inCnristo.

124 575 272 648 Beniamin
295 581 367 640 erat,
383 573 414 627 in
438 585 498 640 qua
521 570 575 626 hoc
594 560 697 626 nornen
720 569 891 625 familiarius
915 568 970 623 na-
1396 588 1489 644 XCIX·

123 664 257 729 bebatur,
290 661 314 717 si
340 659 458 730 quidem
491 665 518 714 et
543 657 589 713 ille
615 656 683 712 Saul
711 670 773 720 rex,
803 662 969 727 persecutor
1024 676 1101 742 Quod
1129 676 1245 730 Jacobus
1270 676 1374 744 justus,
1410 679 1500 743 fram
1528 680 1646 743 Domini,
1683 679 1761 749 filim
1787 681 1868 747 m

123 751 224 817 David,
240 750 274 806 de
294 749 372 805 tribu
387 745 536 817 Beniamin
563 746 626 801 luit.
643 745 722 811 Quod
750 752 847 800 autern
863 743 970 800 Saulus
1187 748 1301 815 rosept,
1318 750 1414 817 sponsi
1432 750 1537 808 Murtae,
1554 754 1579 803 ,q
1593 755 1698 806 contra,

122 837 367 902 anobisdicitur,
391 834 570 891 nonmirum
587 842 627 890 est
655 834 774 889 llebraea
797 833 914 889 nentina
934 831 969 886 ad
1057 835 1219 890 Ambrosius
1252 836 1471 904 inEpis-totoad
1493 836 1631 892 Galatam
1657 838 1719 894 pqr
1743 840 1867 895 pam,

122 927 340 986 similitudinem
361 925 526 981 Graeoorum
542 929 569 978 et
585 923 783 978 Romanorum
799 934 898 977 casum
921 920 969 975 de·
1022 925 1139 991 tratrem
1165 924 1439 992 Domini31ae0bus
1466 923 1518 980 isra
1539 927 1715 983 consuimus
1744 936 1808 984 em
1834 929 1867 985 ,q

122 1016 235 1083 olinari,
251 1023 283 1072 ut
298 1015 374 1071 sicut
392 1027 441 1083 pro
460 1012 562 1083 loseph
584 1010 725 1080 losepltus
747 1018 775 1066 et
802 1024 854 1080 pro
881 1008 969 1064 Jacob
1023 1011 1325 1082 apostoliseplsoopus
1344 1012 1562 1083 Hierosolymae3
1588 1014 1641 1071 tuit
1671 1023 1773 1073 aurem
1796 1017 1867 1075 filiu,

120 1107 252 1172 lacobus,
270 1105 310 1160 ita
331 1111 358 1159 et
373 1117 424 1172 pro
451 1101 518 1156 Saul
546 1115 663 1170 quoque
688 1098 793 1154 Saulus
818 1099 844 1153 in
871 1104 971 1152 nostra
1023 1099 1136 1169 loseph,
1164 1100 1213 1171 qui
1245 1104 1432 1170 nuncupatus
1461 1109 1503 1157 est
1533 1109 1614 1171 pater
1642 1104 1773 1172 Domini,
1797 1106 1867 1162 unde

122 1196 223 1267 lingua
236 1193 359 1249 dicitur·
376 1193 445 1246 stem
461 1191 493 1244 dt
515 1190 600 1244 Paul⁰
613 1194 637 1242 ⁶2
657 1187 804 1241 Balleia:
831 1184 968 1251 Quicum
1023 1197 1050 1244 et
1071 1189 1159 1245 trater
1179 1190 1292 1244 Domini
1318 1190 1477 1260 appellatus
1501 1199 1552 1246 est.
1577 1193 1774 1248 Ecclesiastico
1789 1195 1864 1250 iisn-

122 1285 256 1354 Paphum
283 1279 468 1350 pervonisset.
492 1275 969 1345 inveneruntquemdamiringum
1023 1281 1076 1339 riu,
1103 1277 1150 1331 lib.
1183 1278 1218 1344 ll,
1247 1293 1309 1346 onp.
1335 1279 1345 1331 l
1368 1294 1374 1332 :
1400 1279 1526 1335 lacobus
1550 1279 1578 1336 in
1607 1296 1695 1351 quem
1719 1282 1865 1339 dicemus

122 1387 189 1429 oum
204 1369 376 1442 proconsule
401 1366 499 1436 36Γὲῑο
528 1364 627 1431 P³u¹02
655 1364 716 1434 (lui,
740 1363 884 1418 accersitis
905 1362 970 1416 Bar·
1024 1364 1110 1421 irater
1127 1366 1240 1422 Domini
1256 1381 1307 1436 pro
1323 1381 1356 1423 eo
1379 1369 1455 1436 quod
1482 1376 1555 1425 osset
1579 1368 1657 1426 lilius
1680 1371 1800 1442 loseph,
1821 1373 1864 1443 qni

121 1462 198 1518 naba
213 1467 241 1516 et
269 1456 367 1522 Paulo,
383 1454 565 1511 desiderabat
591 1452 640 1507 Dei
665 1453 700 1509 ab
722 1453 763 1507 eis
784 1451 886 1506 audire
913 1464 970 1505 ser·
1023 1452 1128 1509 Christi
1145 1454 1228 1524 quasi
1257 1462 1338 1524 pater
1357 1455 1526 1522 habebatur,
1544 1458 1685 1527 quoniam
1698 1459 1865 1530 desponsata

123 1562 247 1606 raonem.
265 1545 422 1602 Desistente
448 1542 547 1612 itaque
570 1542 651 1610 llago
674 1543 734 1596 eta
760 1539 814 1595 lide
836 1538 967 1609 Sergium
985 1575 1005 1627 B
1023 1540 1118 1597 fuerat
1136 1542 1160 1597 ei
1178 1542 1266 1613 Virga
1292 1543 1391 1599 Maria.
1421 1543 1569 1612 Greporius
1587 1548 1863 1615 retransmisimus

122 1643 283 1709 separante,
314 1635 425 1698 Saulus,
461 1631 500 1686 eit
534 1629 693 1701 Scriptura,
723 1630 772 1697 qui
800 1631 825 1680 et
854 1627 966 1693 Paulus,

121 1726 241 1797 repletus
256 1724 364 1793 Spiritu
397 1727 501 1784 sancto,
523 1721 633 1771 intuens
658 1719 688 1769 in
703 1731 763 1769 eum
782 1714 875 1768 dicit:
893 1713 969 1782 Opti·

122 1813 312 1880 diabolinum
339 1810 447 1864 desistis
476 1807 630 1860 subuertere
661 1805 721 1858 uias
752 1804 867 1858 Domini.
902 1805 969 1857 Eece

121 1918 218 1959 manus
231 1901 341 1958 Domini
364 1901 496 1967 superte,
525 1901 550 1949 et
565 1899 618 1949 eris
644 1908 726 1947 cacas
746 1907 831 1958 usque
849 1890 887 1945 ad
904 1897 968 1944 tem-

120 2007 182 2062 pas.
212 1990 413 2056 Confestimque
427 1984 522 2039 cecidit
549 1998 634 2052 super
654 1997 714 2035 eum
738 1982 834 2048 calipti,
864 1983 889 2033 et
916 1983 966 2033 cir·

59 2127 68 2145 ,
121 2081 213 2135 coiens
229 2077 364 2148 querebat
381 2076 431 2143 qni
453 2075 477 2128 ei
500 2087 610 2126 manum
627 2071 715 2124 daret.
734 2071 806 2123 Tunc
823 2067 970 2138 proconsul

121 2168 248 2224 credidit.
263 2169 297 2220 Et
312 2179 375 2218 ouria
398 2180 415 2218 a
439 2161 532 2231 Papio
551 2161 737 2226 navigassent,
762 2157 863 2211 Paulus
880 2157 969 2225 etqui

121 2271 182 2310 cum
209 2256 257 2309 illo
286 2258 365 2306 erunt
391 2253 522 2305 uenerunt
555 2251 659 2315 Perpen
697 2245 865 2314 Pamphylia
893 2244 966 2314 (Act.

122 2358 184 2410 xm,
212 2342 300 2411 9-13).
326 2339 448 2395 attonde
486 2336 648 2407 diligenter,
679 2337 796 2405 quando
840 2333 968 2403 primum

121 2430 205 2488 Pauli
235 2442 338 2486 nomen
370 2424 521 2494 acceperit.
548 2424 583 2480 Ut
605 2423 682 2478 enim
708 2421 810 2490 Scipio,
840 2420 969 2491 subjecta

1024 1633 1130 1684 riorum
1158 1631 1206 1685 lib.
1234 1631 1255 1695 l,
1283 1648 1344 1701 cop.
1372 1632 1446 1687 xxn
1470 1650 1477 1686 :
1505 1634 1611 1690 Fertur
1645 1637 1774 1694 lacobus
1804 1652 1862 1709 apa·

1023 1717 1122 1785 stolus,
1152 1733 1218 1774 curn
1241 1715 1396 1775 Dominum
1419 1719 1478 1789 iam
1516 1729 1664 1777 mortuum
1690 1723 1811 1781 vidisset
1838 1726 1862 1780 in

1024 1819 1118 1872 cruce,
1134 1806 1287 1862 detestasse
1302 1821 1335 1862 ao
1357 1806 1472 1877 jnrasse
1492 1823 1645 1880 nunquam
1673 1825 1703 1866 se
1726 1822 1861 1869 comestu-

1024 1907 1089 1948 rum
1106 1908 1221 1963 panem,
1245 1895 1301 1950 nisi
1321 1895 1477 1951 Dominum
1500 1905 1629 1954 cerneret
1657 1909 1859 1975 resurgentem.

1023 1981 1117 2037 Tertia
1132 1981 1249 2038 denium
1264 1982 1311 2038 die
1334 1983 1447 2040 rediens
1466 1984 1608 2041 Dominus
1634 1987 1758 2057 spoliato
1779 1997 1861 2046 tarta·

1023 2083 1055 2125 ro
1070 2084 1137 2125 cnut
1163 2071 1309 2142 triumpho
1327 2073 1430 2128 lacobo
1457 2087 1486 2129 se
1512 2074 1665 2131 ostendens
1689 2079 1752 2133 ait:
1770 2079 1858 2147 stirpe,

1022 2158 1131 2227 lacobe,
1149 2160 1262 2223 comede,
1294 2164 1359 2231 quia
1383 2162 1479 2231 joma
1502 2166 1618 2218 mortuis
1642 2169 1793 2221 resumam.
1814 2167 1860 2224 ilic

1023 2254 1065 2303 est
1079 2248 1201 2304 lacobus
1228 2249 1332 2320 justus,
1367 2265 1453 2320 quem
1474 2251 1592 2309 tratrem
1615 2253 1728 2311 Domini
1753 2270 1858 2312 nuncu-

1023 2342 1091 2403 pant
1115 2350 1165 2405 pro
1179 2350 1211 2391 eo
1227 2337 1305 2406 quod
1319 2338 1422 2408 loseph
1439 2338 1524 2395 luerit
1545 2340 1622 2397 filius
1640 2355 1677 2398 ex
1697 2341 1754 2399 alia
1778 2357 1859 2400 uxore

1023 2424 1202 2495 progenitus
1220 2421 1401 2494 Hieronymus
1416 2430 1454 2482 De
1479 2428 1634 2485 illustribus
1659 2432 1740 2500 uiris,
1767 2447 1826 2502 cap.
1840 2431 1859 2486 ll

121 2519 230 2587 Alrica,
247 2515 372 2573 alrioani
392 2514 446 2569 sibi
464 2526 568 2568 nomen
593 2510 738 2580 imposuit,
763 2510 803 2565 ita
817 2519 844 2565 et
861 2509 969 2564 Paulus
1022 2511 1156 2581 lacobus,
1173 2513 1223 2583 qui
1248 2514 1409 2584 appellatur
1424 2516 1512 2572 lrater
1532 2518 1657 2582 Domini,
1680 2528 1858 2592 cognomento

121 2611 156 2666 ad
171 2605 402 2679 predicationem
422 2601 553 2672 gentium
569 2600 713 2654 admissus
728 2612 744 2653 a
765 2596 857 2668 primo
872 2596 969 2652 uecte-
1019 2601 1128 2671 justus,
1144 2607 1177 2655 ut
1191 2602 1325 2658 nonnulli
1342 2603 1521 2672 existimant,
1537 2605 1613 2663 filius
1638 2607 1744 2678 loseph
1758 2624 1794 2666 ex
1808 2609 1858 2664 alis

121 2699 170 2755 siae
197 2694 288 2767 spolio
316 2690 486 2763 proconsule
516 2688 614 2758 Sergio
642 2685 732 2742 Paulo
753 2685 881 2742 victoriae
908 2699 968 2741 suae
1022 2701 1123 2753 uxore,
1142 2697 1173 2744 ut
1193 2698 1289 2746 autem
1312 2691 1383 2748 milti
1400 2692 1526 2759 videtur,
1551 2695 1655 2762 Maria,
1671 2698 1780 2755 sororis
1806 2711 1856 2754 ma·

121 2783 241 2854 trophea
269 2779 366 2837 retulit
391 2779 542 2848 erexitque
564 2775 715 2842 vexillum,
744 2773 968 2829 11tPaulusdi·
1023 2776 1075 2832 tris
1088 2776 1214 2845 Domini,
1235 2779 1321 2849 cujus
1352 2780 1474 2837 loannes
1498 2781 1528 2838 iu
1559 2783 1632 2841 libro
1654 2799 1707 2842 suo
1726 2786 1857 2853 meminit,

120 2879 233 2928 seretur
246 2884 262 2926 e
276 2868 373 2925 Saule.
390 2867 417 2923 Si
447 2873 543 2921 autem
568 2871 595 2919 et
626 2862 822 2932 interpretatio
841 2860 967 2917 nominis

121 2961 273 3032 quaeritur,
290 2957 399 3012 Paulus
419 2955 448 3009 in
475 2953 594 3009 Hebraeo
619 2951 779 3007 mirabilem
803 2957 895 3005 sonat.
911 2950 964 3005 lie·

119 3061 189 3106 vera
204 3048 312 3104 mirum
327 3051 360 3100 ut
379 3051 441 3112 post
470 3040 549 3106 Saul,
574 3040 652 3109 quod
682 3039 888 3107 interpretatur
915 3051 965 3093 reu

119 3137 226 3209 petitus
242 3135 308 3205 (73),
333 3147 366 3188 eo
386 3130 464 3202 quod
480 3130 516 3185 ad
543 3127 707 3183 vexandam
722 3127 869 3181 ecelesiam
894 3126 965 3181 tuis·

119 3234 161 3282 set
186 3222 330 3280 adiabolo
347 3218 518 3290 postulatus,
541 3217 575 3271 de
602 3222 781 3284 persecutore
808 3228 858 3268 vas
887 3215 966 3270 tieret

118 3311 275 3370 electionis
305 3310 381 3362 Idem
409 3322 490 3374 super
525 3305 663 3373 Epistulas
692 3304 802 3357 Pauli:
829 3302 907 3359 Sicut
936 3304 965 3359 in

119 3401 244 3457 aliorum
259 3406 436 3461 sanctorum,
469 3394 554 3448 idest
576 3393 711 3457 Absarru,
734 3392 807 3446 Petri
829 3400 856 3447 et
883 3400 962 3448 raete·

119 3502 219 3546 rorum
234 3485 361 3557 proiectu
381 3491 408 3540 et
432 3485 606 3538 incremento
624 3489 734 3536 mutata
749 3487 816 3535 sum
836 3482 964 3546 nomina,

119 3584 255 3635 utessent
269 3576 357 3632 etiam
379 3573 439 3643 ipso
465 3570 579 3626 nomine
600 3569 677 3635 navi,
700 3570 738 3624 ita
761 3578 788 3624 et
812 3570 919 3625 Paulus
935 3569 964 3624 in

119 3666 214 3739 gratia
243 3663 393 3736 proficiens
418 3674 523 3716 nornen
553 3658 647 3728 ipsum
670 3659 801 3714 mutavit.
826 3659 965 3727 laqueti·

118 3771 181 3821 nus,
211 3753 416 3820 confessionum
443 3749 489 3803 lib.
516 3749 575 3804 Vlll
602 3764 608 3800 :
637 3749 700 3817 lpse
733 3745 870 3803 minimus
898 3761 964 3817 apo·

118 3843 269 3906 stolorum,
286 3856 353 3897 curu
378 3837 487 3893 Paulus
509 3836 664 3906 proconsul
690 3849 740 3904 per
754 3835 817 3905 ejus
831 3835 963 3890 militiam

117 3933 291 4004 subjugum
307 3928 412 3986 Christi
434 3925 476 3982 tui
497 3932 569 3980 esset
586 3924 701 3988 missus,
722 3923 780 3992 ipse
796 3937 913 3995 quoque
927 3938 964 3980 ex

1023 2864 1111 2933 itlius,
1135 2874 1197 2935 post
1224 2866 1384 2936 passionem
1409 2869 1521 2926 Domini
1542 2874 1638 2929 statim
1669 2874 1706 2930 ab
1734 2877 1857 2946 apostolis

1022 2952 1284 3024 Hierosolymorum
1313 2956 1464 3027 episeopus
1489 2959 1649 3018 ordinatus.
1676 2963 1752 3018 ldem
1770 2964 1856 3019 adoer-

1020 3056 1066 3095 sus
1082 3041 1270 3098 Helvidium:
1297 3045 1452 3102 Possumus
1482 3047 1535 3103 hac
1556 3049 1780 3109 existimationis
1804 3067 1856 3124 pos·

1020 3129 1155 3186 sibilitate
1169 3133 1350 3202 contendere,
1363 3134 1459 3204 plures
1474 3151 1592 3209 quoque
1606 3152 1715 3197 uxores
1730 3141 1856 3199 habuisse

1019 3218 1132 3287 loseph,
1158 3226 1186 3274 et
1218 3220 1252 3276 de
1287 3221 1331 3277 nis
1362 3224 1505 3281 uxoribus
1524 3240 1583 3282 esse
1604 3225 1709 3285 iratres
1739 3230 1856 3292 Domini,

1020 3307 1097 3377 quod
1114 3307 1245 3378 plerique
1271 3324 1329 3365 non
1346 3317 1403 3366 tam
1424 3313 1481 3382 pia,
1506 3328 1595 3384 quam
1624 3316 1728 3373 audaci
1755 3319 1856 3372 temen·

1020 3401 1075 3449 tate
1099 3395 1278 3468 confingunt.
1313 3399 1356 3456 Tu
1388 3400 1459 3457 dicis
1491 3403 1612 3459 Mariam
1636 3405 1781 3477 virginem
1805 3420 1854 3461 non

1020 3483 1176 3555 mansisse;
1196 3499 1248 3557 ego
1263 3486 1335 3543 milri
1359 3488 1424 3559 plus
1442 3491 1568 3561 vindico,
1591 3493 1679 3549 etiarn
1707 3495 1800 3564 ipsum
1818 3495 1853 3549 lo·

1019 3573 1088 3642 seph
1105 3573 1248 3644 virginem
1274 3575 1361 3633 luisse
1388 3593 1438 3648 per
1454 3580 1585 3647 Mariam,
1619 3586 1650 3637 ut
1672 3597 1710 3639 ex
1727 3581 1853 3654 virginali

1018 3660 1156 3732 conjugio
1170 3663 1252 3733 virgo
1276 3664 1352 3721 silius
1367 3676 1541 3724 nasceretur.
1567 3668 1596 3724 Si
1610 3671 1689 3726 enirn
1716 3671 1747 3727 in
1767 3672 1853 3727 virum

1018 3757 1151 3806 sanctum
1180 3750 1329 3809 lornioatio
1358 3769 1415 3811 non
1443 3757 1529 3820 eadit,
1562 3765 1589 3813 et
1627 3759 1715 3814 aliam
1744 3773 1852 3817 uxoren

1018 3852 1083 3893 eum
1100 3853 1158 3894 non
1182 3841 1316 3899 habuisse
1338 3843 1485 3912 scribitur,
1515 3846 1613 3903 Mariae
1639 3855 1750 3915 autem,
1775 3862 1852 3919 qnam

1019 3926 1140 3983 maritus
1173 3935 1290 3997 putatus
1327 3930 1384 4003 (rt)
1426 3940 1468 3989 est
1509 3934 1651 4001 babuisse,
1685 3944 1783 3993 custos
1810 3935 1855 3993 luit

116 4021 204 4077 Saulo
218 4019 325 4076 Paulus
340 4016 436 4073 vocari
456 4013 565 4069 amavit
588 4013 624 4068 ob
648 4021 704 4068 tarn
727 4027 866 4083 magnum
890 4013 963 4068 insi·
1020 4015 1136 4083 potius:
1159 4017 1344 4089 relinquitur,
1375 4035 1442 4076 eum
1468 4022 1610 4094 virginem
1637 4025 1779 4082 mansisse
1796 4039 1853 4082 cunr
1895 4008 1899 4081 i

116 4106 410 4182 gnerietoriae.ldem
426 4101 877 4172 Despicituetlittero:Paulus
897 4117 962 4158 crim
1018 4103 1115 4169 Maria,
1148 4105 1199 4176 qui
1228 4114 1308 4176 pater
1340 4109 1454 4167 Domini
1482 4113 1587 4168 meruit
1617 4113 1768 4183 appellari.
1791 4114 1856 4170 tien

115 4198 221 4255 Saulus
249 4197 329 4267 prius
356 4198 508 4249 vocaretur
545 4205 603 4246 non
627 4190 662 4245 ob
694 4190 789 4258 aliud,
819 4189 1131 4262 quanturanXXX,
1152 4209 1213 4263 cop.
1240 4196 1277 4249 lll
1312 4197 1481 4267 (tinniment.
1509 4202 1539 4255 in
1565 4200 1665 4258 blattis.
1693 4206 1769 4275 xm).
1796 4203 1855 4270 Qui·
1896 4270 1899 4317 Ι

116 4288 187 4344 milti
203 4286 328 4351 videtur,
345 4283 399 4338 hoc
426 4294 530 4336 nornen
558 4279 651 4349 elegit,
673 4278 730 4334 nisi
760 4287 792 4335 ut
810 4294 839 4335 se
867 4287 961 4336 osten·

115 4377 194 4434 deret
209 4386 333 4445 parvum
347 4379 485 4440 tanquam
509 4367 664 4422 minimum
684 4367 877 4436 apostolorum
897 4382 963 4424 oon-

115 4473 160 4521 tra
172 4462 311 4534 superbos
329 4467 358 4515 et
376 4459 411 4514 de
437 4458 498 4513 suis
513 4457 648 4526 operibus
673 4464 880 4524 presumentes
910 4471 961 4525 pro

114 4550 342 4611 commendanda
364 4547 414 4603 Dei
435 4545 536 4616 gratia.
563 4543 638 4598 ldem
666 4546 696 4596 in
719 4544 825 4611 psalmo
851 4544 959 4599 taxi:

114 4640 339 4706 rrimosautus,
365 4636 467 4692 deinde
492 4631 610 4696 Paulus,
627 4639 654 4687 et
683 4632 777 4702 primo
802 4633 956 4701 superbus,

113 4738 211 4803 postea
235 4727 361 4784 humilis.
390 4723 458 4780 Saul
478 4737 529 4778 rex
549 4721 692 4790 superbus
718 4720 780 4776 luit.
802 4722 843 4776 Ex
872 4720 960 4778 Saulo

112 4817 207 4876 lactus
237 4825 279 4874 est
309 4813 428 4879 Paulus,
453 4825 491 4866 ex
522 4809 645 4880 superbo
675 4808 823 4877 modicus;
853 4809 960 4866 Paulus

111 4908 187 4965 enim
212 4905 343 4963 modicus
369 4909 421 4958 est.
450 4898 537 4965 Audi,
572 4898 717 4967 quomodo
739 4897 826 4953 luerit
854 4898 959 4955 Saulus

111 5004 139 5053 et
154 4994 298 5068 quomodo
322 4992 357 5050 sit
381 4989 508 5046 Paulus:
532 4987 584 5053 Qui
597 4989 652 5053 sui,
670 4984 775 5056 inquit,
802 4994 958 5055 persecutor

1017 4279 1083 4334 darn
1111 4291 1262 4352 sequentes
1291 4284 1481 4343 deliramenta
1508 4290 1745 4360 apocryphorum
1771 4292 1855 4363 suspi·
1895 4324 1899 4379 1

1017 4376 1132 4435 cantur,
1157 4369 1259 4426 iratres
1283 4373 1395 4430 Domini
1419 4375 1488 4432 luris
1519 4385 1627 4434 stantes
1656 4393 1719 4436 esse
1740 4381 1856 4439 tiliosde

1017 4458 1144 4526 quadam
1160 4459 1341 4516 muliercula.
1359 4462 1412 4520 Sed
1431 4466 1620 4523 consobrinos
1633 4469 1791 4528 salvatoris
1808 4471 1854 4527 ιιι·

1017 4554 1074 4601 tres
1085 4546 1149 4616 ejus
1164 4546 1210 4602 hio
1225 4548 1384 4622 intelligere
1399 4552 1548 4622 debemus,
1560 4555 1670 4613 seilicet
1685 4557 1791 4617 liberos
1806 4572 1854 4616 ua·

1015 4641 1126 4690 testera
1145 4637 1218 4707 ejus,
1237 4637 1263 4692 id
1286 4646 1328 4694 est
1355 4641 1456 4697 matris
1479 4642 1573 4699 lasabi
1593 4643 1725 4715 junioris
1739 4658 1767 4705 et
1781 4648 1853 4705 tuto

1014 4729 1041 4777 et
1055 4723 1166 4793 loseph.
1187 4725 1261 4781 idem
1274 4731 1303 4780 in
1319 4730 1443 4798 Epistola
1456 4731 1493 4785 od
1508 4733 1622 4788 Galatas
1638 4735 1784 4795 :lacobus
1805 4739 1851 4794 lra-
1892 4720 1899 4821 i

1015 4818 1057 4867 ter
1072 4812 1183 4869 Domini
1199 4812 1316 4880 dicitur,
1334 4816 1472 4887 quoniam
1498 4821 1533 4877 de
1553 4821 1645 4879 Maria
1658 4823 1802 4898 cleophae,
1813 4840 1851 4883 so·

1014 4913 1079 4956 rore
1092 4902 1194 4959 matris
1206 4903 1332 4972 Domini,
1348 4915 1436 4964 natus
1449 4921 1510 4964 esse
1522 4919 1714 4970 monstratur.

1420 5012 1449 5070 C.

1891 4836 1898 4911 ι’

111 5088 136 5139 et
157 5085 330 5156 blasphemus
353 5087 380 5136 et
407 5081 559 5148 injuriosus
574 5074 596 5134 ll
621 5075 690 5129 Tim.
724 5090 745 5141 1,
764 5075 816 5146 ¹3).
842 5076 957 5132 Audissli
1009 5079 1092 5163 'quoa
1111 5098 1225 5153 lacobus
1242 5100 1346 5168 justus,
1375 5103 1466 5169 trater
1489 5106 1608 5172 Domini,
1632 5110 1744 5177 primus
1774 5110 1849 5178 tamt
1891 5124 1895 5145 ¹

110 5170 241 5239 saulum,
257 5169 328 5226 audi
351 5177 378 5225 et
407 5165 552 5223 Paulum:
578 5165 635 5232 Epo
663 5163 734 5217 enim
761 5177 831 5231 sum,
863 5163 958 5234 inquit

109 5260 238 5315 minimus
266 5259 460 5328 apostolornm,
490 5255 540 5324 qui
563 5267 617 5306 non
640 5267 701 5307 sum
730 5251 832 5319 dipaus
862 5256 958 5307 uocari

146 5431 202 5503 (7³)
217 5434 290 5490 Edd.
310 5449 316 5487 :
332 5433 481 5501 expetitus.

1171 5171 1311 5240 episcopus
1324 5173 1524 5245 Hierosoly-rna,
1542 5182 1567 5231 et
1582 5183 1688 5235 contra.

1046 5256 1236 5313 Ecclesiastico
1265 5259 1381 5316 historia
1397 5263 1445 5319 lib.
1470 5265 1505 5332 ll,
1526 5280 1589 5335 cap.
1605 5267 1617 5320 l
1636 5283 1642 5321 :
1660 5268 1739 5326 Duos
1764 5277 1847 5326 autem

1046 5429 1102 5502 (tt)
1118 5432 1227 5489 Monac.
1249 5451 1256 5489 z
1272 5441 1394 5506 optatus.
