3736 5962
107 172 158 228 dit
398 162 499 220 PETRI
518 162 793 221 temulentum.
814 161 904 220 PARS
922 162 960 219 ll.
980 190 1016 205 -
1033 160 1219 220 medones
1236 161 1283 219 ΕΤ
1301 159 1423 221 obliso.
1438 160 1564 221 Aseni.
1805 165 1852 219 tlt

105 307 157 367 pro
178 289 342 350 diuersitate
369 289 499 362 gentium
525 288 647 346 diversis
664 288 805 346 utendum
830 296 872 347 est
890 287 945 345 lin·
959 289 984 344 t
998 286 1108 360 quibus
1128 287 1186 345 dno
1209 287 1392 345 Testamenta
1416 287 1579 360 conscripta
1600 295 1680 358 sunt,
1707 295 1736 346 et
1755 287 1851 346 Domi·

104 382 181 456 guis,
197 381 237 438 ita
250 381 336 438 etiarn
357 393 407 450 pro
423 378 563 450 qualitate
577 377 743 436 auditorum
767 376 948 449 predicatio-
1002 377 1074 436 uicae
1097 376 1193 436 crucis
1214 376 1315 434 titulus
1339 377 1505 450 insignitus,
1529 391 1647 450 operam
1669 377 1784 446 dantes,
1801 377 1851 436 ali·

103 486 171 529 nem
192 469 345 541 temperari
373 468 517 537 convenit,
538 476 570 525 nt
585 466 722 539 parvulos
744 468 816 526 lacte
833 468 949 525 nutria·
1001 467 1073 539 quid
1087 467 1213 538 amplius
1226 480 1316 539 quarn
1331 467 1426 524 oaetori
1440 466 1539 524 fideles
1554 467 1598 523 his
1613 466 1723 524 festivis
1738 467 1852 525 addetis

103 574 180 627 mne,
209 558 323 615 adultos
350 572 423 628 pane
446 557 620 614 reficiamus.
645 557 737 628 Super
767 558 898 615 sedentes
917 558 948 616 in
1003 556 1162 628 preconiis.
1192 556 1276 622 Quod
1298 564 1325 613 ct
1347 556 1407 627 ipso
1430 556 1555 628 Spiritus
1581 556 1619 612 ad
1641 557 1784 614 honorem
1810 557 1854 615 sui

102 647 186 704 domo
213 647 288 719 ignis
303 647 349 703 illo
372 660 515 719 apparens
534 647 641 704 sedisse
654 647 770 716 dicitur,
786 662 846 718 qna
859 662 949 722 super
1001 647 1084 704 vobis
1097 659 1252 718 suggerere
1266 645 1413 717 dignetur,
1425 645 1487 716 qni,
1507 645 1558 702 ubi
1573 644 1637 702 rnlt
1652 645 1780 718 spirans,
1796 646 1855 704 sive

103 736 244 793 humilem
272 743 300 793 et
327 735 459 807 quietum
492 736 626 807 spiritum
654 750 741 793 suum
769 738 949 807 requiescere
1003 749 1072 793 sono
1087 735 1168 792 docet
1186 735 1316 802 interius,
1333 734 1393 791 sire
1407 732 1518 790 calamo
1530 733 1631 791 scribit
1642 733 1674 791 iu
1696 734 1854 803 mentibus,

103 826 244 883 Dominus
258 833 401 893 testatnr3
418 826 509 897 etqui
524 825 642 897 superbi
661 833 740 894 sunt,
755 826 846 884 divini
866 840 949 885 amo·
1003 839 1057 882 uec
1070 838 1165 882 moras
1178 824 1287 896 patitur
1301 824 1331 881 in
1353 823 1491 891 docendo,
1502 837 1555 880 nec
1569 823 1736 881 dilationem
1764 823 1853 881 hebet

102 914 143 972 ris
167 914 264 986 ignom
291 914 437 985 suscipere
465 928 524 972 uon
549 924 707 973 merentur.
735 915 809 972 Hinc
832 930 950 987 qnoque
1004 914 1035 970 in
1060 914 1222 971 scribendo.
1247 914 1310 985 lpse
1330 912 1525 971 infirmitatem
1550 921 1677 970 vestram
1701 912 1731 969 in
1755 921 1854 971 sancto

103 1003 175 1060 bene
194 1002 249 1059 illis
263 1003 401 1060 insedisse
420 1003 648 1075 dlotnscstiguis
662 1004 717 1074 ille,
734 1004 804 1076 quia
818 1014 951 1077 percepta
1004 1003 1118 1061 roboret
1145 1003 1301 1075 proposito,
1328 1002 1381 1073 qui
1412 1000 1496 1059 hodie
1523 1001 1666 1073 apostolos
1692 1001 1790 1060 induit
1817 1016 1855 1060 ex

103 1091 153 1148 illu
179 1092 274 1162 gratia
302 1105 369 1148 cum
388 1092 428 1149 eis
441 1100 503 1150 erat
527 1101 753 1163 perseveratura,
769 1094 844 1152 sicut
862 1103 890 1152 ει
900 1108 951 1151 an·
1005 1092 1072 1149 alto.
1096 1093 1160 1165 lpse
1175 1092 1274 1150 fictilia
1295 1105 1366 1149 vasa
1378 1098 1485 1160 vestra,
1500 1098 1528 1149 ει
1545 1089 1653 1149 luteam
1673 1091 1771 1149 adhuc
1784 1105 1855 1148 cru·

105 1187 150 1237 tea
163 1179 305 1237 Dominus
329 1180 364 1237 de
393 1181 454 1253 ipso
474 1180 610 1252 Spiritum
639 1182 810 1253 promiserat
833 1183 948 1241 dicens:
1005 1180 1071 1238 dam
1099 1189 1200 1238 testum
1214 1181 1281 1254 igne
1296 1180 1388 1239 divini
1411 1179 1519 1238 amoris
1531 1180 1717 1253 excoquendo
1736 1179 1849 1247 solidet,

105 1271 263 1325 Utmaneot
289 1271 427 1325 oobheum
447 1273 478 1326 iu
501 1276 631 1327 eternum
651 1272 745 1345 (John.
764 1287 826 1342 xiv,
850 1272 900 1344 16),
916 1274 951 1330 ln
1006 1285 1064 1341 quo
1078 1270 1285 1343 discipulorum
1297 1270 1385 1328 corde
1400 1269 1485 1328 hodie
1509 1269 1639 1340 replevit.
1660 1270 1759 1340 Ipsum
1774 1281 1856 1339 spon·

101 1371 162 1416 nna
179 1356 263 1415 domo
301 1360 468 1432 congregati
494 1360 632 1431 Spiritum
656 1369 855 1434 perceperunt,
881 1363 952 1434 quia
1005 1373 1055 1416 sus
1084 1366 1178 1418 vester
1198 1359 1338 1418 Dominus
1364 1359 1447 1416 lesus
1470 1357 1602 1416 Christus
1619 1357 1723 1416 vestris
1741 1369 1856 1428 semper

103 1447 272 1519 quicunque
282 1462 342 1506 non
352 1457 421 1507 sunt
432 1450 468 1507 de
480 1450 618 1518 Ecclesia,
633 1459 702 1509 sunt
717 1451 802 1509 alieni
815 1466 833 1508 a
846 1453 949 1525 gratie.
1006 1449 1152 1507 mentibus
1177 1449 1305 1520 inspiret,
1337 1457 1364 1506 ot
1388 1455 1529 1521 tanquam
1559 1447 1678 1506 arrham
1696 1447 1856 1520 desponsa·

102 1536 183 1594 Unde
197 1543 335 1608 stagnus
361 1538 505 1609 paschalis
525 1538 556 1596 in
575 1552 635 1597 una
650 1539 735 1598 domo
759 1539 867 1598 comedi
881 1555 952 1612 prm
968 1514 989 1569 B
1006 1538 1093 1597 tionis
1117 1545 1145 1596 ot
1168 1536 1309 1610 spiritale·
1320 1536 1428 1608 pignus
1450 1536 1525 1594 dotis
1548 1536 1631 1595 uobis
1653 1535 1807 1604 custodiat,
1822 1542 1856 1594 nt

102 1625 208 1695 cipitur
230 1624 332 1696 (Duod.
366 1641 419 1696 ιιι,
439 1629 480 1698 i),
507 1628 577 1700 qnia
605 1636 688 1687 extra
708 1629 866 1688 Ecclesiam
890 1630 951 1688 veri
1005 1627 1081 1685 sicut
1096 1628 1232 1700 apostolis
1254 1626 1395 1699 promisit,
1418 1634 1533 1685 maneat
1555 1625 1706 1685 vobiscum
1727 1626 1759 1683 in
1775 1632 1857 1685 mter·

102 1711 236 1771 sacrificii
265 1713 346 1772 locus
369 1729 427 1772 non
451 1715 585 1785 habetur,
613 1717 826 1790 etquicunque
840 1719 870 1776 in
884 1732 952 1776 arca
1005 1731 1086 1777 num.
1103 1719 1206 1775 Amen.

102 1816 161 1860 non
180 1801 309 1868 inerunt,
325 1804 468 1862 submersi
490 1805 600 1863 diluvio
613 1807 771 1879 perierunt.
791 1809 854 1866 lam
866 1808 952 1880 juxta
1326 1804 1442 1863 SEDDO
1458 1804 1532 1862 xlii.

101 1893 236 1966 quedam
248 1893 325 1951 dona
339 1894 478 1966 Spiritum
493 1905 627 1955 sanctum
645 1906 825 1971 acceperant,
842 1899 952 1971 quibus
1178 1909 1206 1950 tu
1220 1907 1308 1950 neom
1328 1909 1458 1952 strenuos
1477 1907 1680 1952 rsussoosttts·

102 1981 257 2040 insufflans
281 1983 392 2041 Veritas
419 1985 557 2044 dixerat:
579 1987 705 2058 Accipite
729 1988 865 2060 Spiritum
886 2005 951 2044 sen·
1040 1984 1192 2041 Maximam
1236 1984 1314 2056 apud
1355 1997 1407 2041 vos
1449 1983 1631 2041 testivitatem
1671 1983 1854 2042 Pentecostes

102 2087 163 2128 eum
182 2092 194 2130 .·
215 2089 332 2144 quorum
363 2077 526 2131 remiseritis
559 2082 681 2148 percote,
706 2084 759 2135 eto.
782 2078 874 2150 (doun.
896 2093 949 2146 xx,
1004 2080 1113 2145 quanto
1137 2072 1246 2144 maj0re
1260 2072 1355 2130 studio
1376 2072 1518 2131 celebrere
1532 2072 1671 2138 nitimini,
1693 2073 1857 2144 tantoplu-

101 2161 160 2231 ιθ)
174 2162 224 2219 sed
237 2163 339 2234 repleti
353 2163 461 2235 Spiritu
476 2172 575 2223 sancto
591 2180 650 2223 non
671 2175 765 2234 erent,
780 2167 854 2225 sicut
868 2166 952 2224 hodie
1004 2161 1085 2219 ribus
1101 2160 1336 2218 exhortationum
1352 2160 1536 2220 sermonibus
1553 2161 1590 2218 ad
1606 2160 1661 2218 hoc
1678 2159 1785 2233 cupitis
1806 2161 1855 2217 in·

102 2249 288 2308 factumesse
311 2260 491 2310 monstratur
516 2270 583 2311 cum
612 2255 742 2313 dicitur:
769 2258 951 2327 Depletisunt
1004 2251 1096 2308 citari.
1113 2250 1181 2307 Octo
1204 2251 1303 2321 itaque
1318 2249 1420 2307 diebus
1442 2263 1505 2306 eam
1534 2250 1720 2319 celebrantes,
1737 2249 1768 2306 in
1791 2248 1856 2305 sin·

102 2353 192 2395 omnes
205 2340 314 2410 Spiritu
335 2346 429 2397 sancto
446 2341 520 2414 (Aet.
536 2359 568 2408 u,
592 2343 630 2414 4).
652 2344 748 2400 Primo
771 2344 870 2416 itaque
885 2346 950 2416 qui·
1004 2339 1081 2413 gulis
1089 2339 1150 2396 istis
1158 2338 1289 2411 singulos
1313 2336 1432 2411 exigitis
1445 2352 1600 2396 sermones.
1618 2338 1701 2405 Quod
1724 2345 1759 2396 nt
1792 2352 1856 2410 per·

103 2428 227 2486 busdam
256 2428 340 2486 donis
353 2431 469 2500 initiati,
491 2432 575 2489 hodie
598 2433 739 2490 cumulati
763 2441 832 2492 snut
845 2442 874 2493 ει
886 2449 952 2492 con·
1004 2431 1089 2486 dcere
1102 2441 1218 2500 queam,
1234 2427 1289 2484 hoc
1302 2426 1413 2499 abipso
1428 2427 1536 2500 Spiritu
1561 2428 1634 2485 mihi
1666 2427 1770 2486 vestris
1793 2441 1855 2498 pre

103 2518 251 2575 summati.
276 2519 315 2576 De
343 2533 403 2590 qne
418 2520 536 2592 quidem
557 2522 710 2592 repletione
724 2522 848 2594 Spiritus
867 2526 951 2597 qnasi
1004 2519 1086 2577 cibus
1121 2519 1283 2589 impetrate.
1319 2517 1355 2574 ut
1387 2516 1526 2589 qnoniam
1555 2519 1643 2587 juxta
1672 2515 1854 2575 Dominicam

79 2607 200 2664 ‘statim
229 2615 425 2678 eructuantes,
455 2616 592 2681 ceperunt
628 2613 703 2680 loqui
743 2613 817 2692 eliis,
837 2615 949 2684 linquis,
1003 2608 1201 2675 assertionem,
1225 2607 1322 2664 scriba
1344 2608 1446 2665 doctus
1469 2607 1500 2663 in
1513 2620 1602 2679 regno
1617 2607 1669 2664 Dei
1688 2605 1793 2665 similis
1810 2615 1852 2664 est

102 2695 177 2754 sicut
192 2697 221 2754 in
242 2698 340 2755 Graeco
360 2698 494 2769 habetur,
519 2715 607 2772 qnam
623 2709 708 2759 antea
721 2702 856 2760 fecerant.
876 2704 948 2761 Nam
1003 2695 1314 2767 q0m1n1‚quiprotert
1332 2695 1367 2753 (¹0
1388 2695 1524 2753 miiitum
1545 2709 1597 2753 ⁸11⁰
1613 2700 1730 2754 nomi
1744 2705 1851 2764 Velm,

101 2796 156 2842 sua
183 2786 302 2857 propria
325 2788 436 2859 lingua,
467 2789 557 2847 idest
583 2791 731 2860 hebraica,
758 2805 945 2864 nequequam
964 2785 1078 2871 chanc
1104 2785 1249 2857 imperitia
1268 2799 1333 2842 mee
1358 2785 1518 2843 doctrinam
1542 2793 1686 2856 qnantum
1706 2785 1853 2854 valcheu-

101 2880 173 2932 tnnc
188 2872 269 2946 loqui
292 2876 478 2947 incipiebant,
499 2879 548 2935 sed
562 2879 625 2936 aliis
641 2893 715 2950 quas
745 2880 949 2951 ignoraverant
1004 2876 1086 2947 910⁰ss
1096 2874 1214 2942 imitari,
1231 2874 1266 2930 dfl
1279 2874 1361 2932 N⁰V0
1385 2874 1623 2942 Tisiamessiodd
1646 2875 1758 2934 Veteris
1778 2875 1853 2932 iesti-

101 2972 155 3029 pro
174 2958 340 3018 diversitate
368 2961 475 3018 scilicet
506 2962 656 3021 hominnm
676 2977 713 3020 cx
741 2966 820 3021 omni
834 2968 950 3026 natione
1004 2965 1101 3021 monia
1121 2962 1227 3036 stylum
1250 2970 1418 3021 convertere
1446 2970 1539 3033 curat,
1556 2971 1589 3021 ιιι
1608 2978 1641 3022 eo
1658 2965 1769 3037 gratior
1793 2965 1854 3022 bec

101 3048 234 3119 qumsnb
256 3047 327 3104 coelo
345 3056 397 3117 est,
413 3049 449 3105 ed
464 3050 539 3106 diem
561 3051 665 3108 testum
682 3053 864 3126 ierosolymis
884 3072 950 3115 con·
1003 3053 1168 3110 solemnitas
1207 3052 1359 3122 habeatur,
1388 3067 1447 3124 qno
1477 3053 1543 3125 ojus
1575 3051 1702 3125 dignitas
1725 3052 1853 3124 emplius

101 3143 299 3207 gregatornm.
326 3137 367 3195 De
382 3137 572 3209 quaqnidem
595 3139 760 3199 diversitate
780 3142 949 3216 linguarum
1003 3141 1233 3199 commendetur.
1274 3140 1354 3197 Hanc
1389 3140 1488 3212 itaque
1519 3141 1611 3199 sancti
1645 3141 1769 3214 Spiritus
1794 3149 1853 3199 tam

101 3236 160 3294 qno
178 3222 339 3283 mirabilior
361 3225 515 3294 habeatnr,
545 3227 573 3283 id
589 3228 710 3299 quidam
737 3240 900 3303 senserunt,
916 3242 950 3292 nt
1004 3231 1158 3303 gloriosam
1190 3229 1400 3288 solemnitatem
1445 3245 1497 3303 per
1541 3231 1676 3289 eumdem
1711 3231 1853 3302 Spiritum

101 3323 169 3366 cnm
184 3313 385 3371 omnesunius
400 3312 509 3386 linguae
524 3315 682 3386 prolatione
701 3324 863 3391 uterentur,
889 3323 950 3380 sin·
1003 3321 1154 3378 Psalmista
1181 3319 1356 3392 praevidens,
1383 3334 1516 3392 eamque,
1539 3326 1572 3378 ut
1594 3327 1715 3392 oportet,
1745 3321 1853 3378 nemn-

102 3397 179 3469 gulis
190 3400 373 3459 auditoribus
392 3403 507 3475 propria
522 3405 668 3477 cuiusque
687 3406 790 3479 lingua
805 3408 883 3482 loqui
904 3413 949 3468 vi·
1003 3409 1077 3467 sioni
1095 3409 1249 3466 Dominicae
1269 3408 1419 3479 copulans,
1435 3410 1472 3468 ad
1496 3409 1561 3482 ejus
1580 3408 1795 3481 jucunditatem
1814 3423 1856 3466 co

96 3487 249 3546 derentur.
272 3489 324 3548 Sed
345 3493 399 3550 hoc
422 3493 547 3563 protecto
567 3509 758 3567 nequaqnam
780 3507 852 3557 osset
870 3500 949 3572 loqui
1003 3498 1173 3557 lebrandam
1197 3512 1250 3555 nos
1268 3498 1452 3556 vehementer
1465 3499 1633 3568 admonens,
1649 3497 1778 3570 quodem
1792 3497 1854 3556 loco

101 3575 166 3633 aliis
178 3576 296 3650 linguis,
312 3581 362 3638 sed
377 3581 467 3639 videri
483 3582 548 3640 aliis
562 3583 662 3656 loqui;
682 3600 734 3643 neo
748 3588 854 3647 veritas
876 3599 950 3648 esset
1003 3589 1067 3646 ait:
1095 3589 1189 3656 Regno
1216 3593 1304 3656 terre,
1339 3592 1447 3644 cantate
1479 3591 1543 3657 Deo,
1583 3589 1698 3660 psallite
1729 3590 1852 3646 Domino.

101 3664 280 3738 linguarum,
301 3670 351 3727 sed
368 3671 466 3744 opinio
490 3672 676 3745 deceptorum
696 3677 873 3747 hominnm:
895 3695 949 3739 neo
1003 3679 1119 3734 Psutlite
1155 3680 1218 3746 Deo,
1243 3679 1293 3750 qui
1329 3679 1452 3734 escendit
1486 3693 1569 3748 super
1604 3679 1699 3735 ectum
1732 3679 1792 3735 ccli
1818 3678 1855 3734 od

101 3753 137 3812 de
155 3749 263 3829 li'ngnis
288 3759 450 3832 quidquam
479 3769 551 3819 esset
569 3765 705 3835 apostolis
730 3766 876 3840 collatum,
900 3771 948 3828 sed
1003 3770 1141 3825 orientem.
1174 3769 1241 3823 Dece
1266 3766 1344 3823 debit
1364 3769 1422 3824 voci
1442 3783 1499 3824 sua
1525 3782 1615 3823 nosen
1640 3770 1762 3837 uirtutis,
1791 3768 1856 3823 dete

101 3844 137 3903 de
151 3845 340 3921 intelligentie
363 3850 546 3909 auditoribus
559 3853 748 3924 inspiratum.
768 3858 883 3917 Falsum
902 3859 949 3918 de·
1003 3859 1119 3928 gumen
1132 3859 1186 3913 Deo
1200 3857 1619 3927 superlsmel:mcqnittcentiu
1646 3856 1706 3926 ejus
1720 3862 1746 3912 et
1764 3858 1853 3913 cutm

101 3933 191 4006 nique
204 3945 232 3994 et
245 3936 317 3995 illud
332 3948 405 3997 esset
428 3940 505 4012 quod
522 3941 559 3998 ab
575 3943 756 4003 auditoribus
769 3946 921 4006 dioebatur
940 3965 946 4005 :
1002 3948 1061 4016 eius
1075 3948 1106 4002 in
1131 3946 1258 4002 nubibus.
1281 3945 1420 4001 libabitis
1441 3946 1515 4002 Deus
1529 3947 1560 4001 in
1577 3948 1681 4002 sanctis
1696 3947 1764 4015 suis,
1780 3947 1852 4001 Deus

100 4023 267 4082 Audivimus
292 4043 334 4082 eos
359 4029 498 4096 loquentes
522 4029 626 4100 linquis
649 4036 750 4090 nostris
775 4037 865 4107 (ibid,
893 4041 947 4108 tl).
1001 4035 1087 4091 lsrael
1100 4053 1111 4090 .·
1125 4036 1184 4105 ipse
1215 4034 1293 4090 dudit
1313 4036 1443 4090 virtutem
1455 4040 1481 4091 et
1499 4035 1692 4103 fortitudinem
1704 4035 1779 4106 pleni
1793 4050 1849 4092 suar

101 4110 130 4168 Si
142 4117 221 4170 enirn
236 4115 342 4174 locutio
364 4116 534 4189 linguarum
559 4135 617 4178 non
632 4128 703 4191 erat,
720 4124 768 4181 sed
783 4125 946 4196 videbatur,
1003 4123 1157 4180 benefitii*
1182 4127 1253 4179 Deli
1282 4123 1367 4194 (Pssssb
1395 4138 1485 4194 Ulli,
1522 4127 1555 4181 ³³
1583 4131 1612 4182 θῑ
1643 4125 1727 4197 seq).
1753 4124 1854 4182 0ῑὴΰο

101 4198 207 4259 laisum
232 4212 276 4261 ost
294 4219 341 4263 eos
355 4205 470 4265 audisse
495 4209 526 4265 in
550 4208 607 4265 illis
635 4211 757 4269 verbnm
782 4215 861 4285 quod
889 4230 948 4274 nen
1002 4215 1101 4285 itaque
1131 4212 1241 4285 Spiritu
1273 4211 1455 4271 illuminatus
1488 4213 1638 4271 psalmista
1666 4214 1752 4271 etiam
1791 4222 1854 4286 post

101 4295 164 4346 ⁰l³²
177 4290 208 4347 51¹
223 4291 301 4362 ipsis.
1005 4302 1209 4360 escensionem
1227 4302 1352 4370 Domini,
1378 4303 1595 4362 descensionem
1618 4303 1747 4376 ejusdem
1766 4304 1855 4375 Spiri-

136 4379 201 4437 Non
215 4381 310 4440 solum
328 4383 419 4456 igitur
431 4385 467 4443 dc
482 4385 671 4461 intelligentie
694 4390 839 4451 interioris
856 4395 949 4464 verbi,
1005 4400 1052 4449 tus
1085 4391 1246 4449 mirabilem
1280 4398 1308 4449 ει
1332 4392 1456 4463 gratiam
1486 4392 1516 4449 in
1543 4392 1673 4450 nationes
1701 4392 1855 4450 nniversm

101 4482 205 4527 verum
230 4470 317 4529 etiam
339 4474 375 4530 dc
406 4477 642 4547 pronuntiatione
670 4479 733 4537 soni
767 4482 851 4540 hodie
883 4491 952 4541 sunt
1004 4480 1136 4550 effusam,
1151 4481 1278 4552 necjem
1303 4488 1337 4539 ut
1368 4489 1435 4540 ante
1463 4482 1494 4538 iu
1516 4481 1617 4538 indua
1641 4483 1733 4540 Deum
1752 4481 1855 4539 intelli-

101 4557 246 4629 instructi,
262 4575 299 4618 no
314 4563 385 4635 qnid
396 4564 468 4621 desit
482 4565 513 4622 in
529 4566 590 4624 nlla
605 4568 708 4640 gretia.
723 4571 805 4629 Unde
827 4587 952 4643 presens
1005 4585 1085 4643 gens,
1119 4570 1256 4628 universa
1278 4584 1369 4643 regna
1391 4573 1452 4643 jam
1472 4585 1524 4643 per
1544 4571 1633 4632 ¹hanc
1649 4571 1773 4644 gratiam
1799 4573 1855 4630 Deo

101 4647 268 4707 solemnitas
292 4659 405 4722 quanto
425 4654 600 4726 multipliore
624 4659 718 4731 gratia
752 4659 784 4717 nt
819 4662 950 4732 predita,
1004 4660 1153 4732 requisita,
1184 4659 1221 4716 nd
1245 4659 1341 4730 ipsum
1361 4659 1584 4732 gloriticundnm
1604 4660 1707 4717 inritat
1731 4660 1849 4718 diceus:

101 4744 182 4795 tanto
195 4739 306 4810 majore
332 4741 481 4801 devotione
509 4750 553 4803 est
579 4747 762 4816 celebranda,
777 4758 805 4807 et
820 4753 950 4809 omnium
1003 4751 1097 4818 lieqnu
1110 4754 1201 4819 terrae,
1215 4751 1326 4804 cantate
1350 4753 1413 4817 Deo,
1432 4749 1547 4821 psallite
1569 4752 1696 4817 Domino,
1719 4749 1774 4807 hoc
1788 4758 1853 4807 est:

101 4824 271 4900 linguarum
297 4829 434 4890 laudibus
462 4833 641 4903 honoranda,
666 4839 783 4908 quando
797 4840 834 4896 ad
850 4842 952 4913 praedi·
1005 4840 1152 4898 Universae
1164 4846 1272 4911 gentes,
1287 4852 1353 4909 quae
1381 4839 1441 4911 jam
1463 4839 1634 4897 aservitnto
1661 4838 1769 4896 diaboli
1787 4839 1855 4896 libe

102 4917 228 4975 candum
249 4920 385 4990 gentibus
398 4923 543 4980 universis
556 4938 662 4995 genera
670 4927 767 4983 omnia
781 4927 950 5002 linguarum
1004 4937 1075 4987 rate
1096 4941 1219 5001 regnare
1247 4927 1381 4999 cupistis,
1410 4927 1567 5000 glorificato
1595 4942 1683 5000 snper
1695 4928 1750 4985 hoc
1762 4928 1854 4986 Deum

102 5005 237 5075 apostolis
256 5015 325 5066 sunt
354 5009 468 5067 collata.
490 5012 587 5083 Atque
612 5014 726 5071 utinam
749 5030 809 5087 vos,
835 5033 951 5090 sponsae
1005 5032 1073 5076 voco
1088 5017 1231 5075 cantando
1245 5015 1379 5074 acsimnl
1407 5016 1572 5088 operatione
1587 5016 1743 5088 psallendo.
1759 5016 1802 5074 Ac
1817 5031 1854 5074 ne

102 5093 209 5150 christi
223 5093 363 5165 gloriosae,
387 5099 505 5171 quibus,
529 5108 562 5158 ut
576 5116 664 5173 snpra
678 5106 874 5178 meminimus,
889 5108 952 5167 haec
1004 5108 1096 5165 Deum
1109 5119 1291 5179 negaremus,
1308 5118 1396 5176 quem
1410 5105 1497 5177 juxta
1511 5105 1722 5164 humanitatem
1745 5120 1857 5164 assum

102 5181 267 5240 solemnitas
279 5186 441 5256 specialiter
455 5190 598 5249 incumbit
616 5194 797 5266 celebranda,
817 5199 950 5257 omnium
1004 5204 1093 5268 ptam,
1111 5195 1230 5254 localem
1256 5194 1304 5254 vel
1330 5193 1465 5252 mobilem
1495 5194 1693 5252 audiremus:
1720 5197 1790 5265 ipsi,
1813 5195 1857 5252 in·

100 5271 271 5344 linguarum
291 5277 447 5345 generibus
458 5278 573 5338 divinus
587 5281 617 5339 in
643 5297 678 5340 ea
692 5282 793 5344 laudes
816 5301 951 5346 resonare
1005 5285 1080 5356 quit,
1095 5285 1210 5356 psallite
1239 5288 1288 5357 qui
1313 5283 1459 5368 ιιιοειιιὶιί,Ι
1481 5291 1534 5341 ειε.
1564 5284 1704 5357 Superius
1735 5285 1855 5356 quidem

102 5360 247 5433 possetis!
275 5364 356 5428 Quod
373 5366 446 5437 quis
459 5383 518 5426 non
532 5370 675 5442 sullicitis,
699 5374 745 5432 vel
768 5376 822 5434 hoc
849 5377 950 5436 stltem
1004 5374 1141 5431 dixerat:
1169 5376 1224 5431 lter
1249 5375 1334 5444 toute
1357 5376 1382 5430 ei
1409 5374 1458 5441 qui
1471 5373 1595 5431 escendit
1621 5389 1705 5445 super
1716 5389 1854 5432 mosum.

102 5450 260 5520 efficiteut
274 5452 413 5512 doctrine
436 5457 527 5516 trium
541 5460 748 5533 principalium
768 5464 948 5537 linguarum,
1005 5462 1090 5522 Nunc
1103 5476 1171 5522 voro
1189 5463 1281 5522 dicit:
1301 5463 1353 5529 Qui
1377 5463 1503 5520 assentit
1522 5479 1608 5534 super
1632 5465 1727 5521 eoelum
1748 5463 1857 5520 cellud
