<?xml version="1.0" encoding="UTF-8"?>
<!DOCTYPE html PUBLIC "-//W3C//DTD XHTML 1.0 Transitional//EN"
    "http://www.w3.org/TR/xhtml1/DTD/xhtml1-transitional.dtd">
<html xmlns="http://www.w3.org/1999/xhtml" xml:lang="en" lang="en">
 <head>
  <title>
</title>
<meta http-equiv="Content-Type" content="text/html;charset=utf-8" />
  <meta name='ocr-system' content='tesseract 3.04.00' />
  <meta name='ocr-capabilities' content='ocr_page ocr_carea ocr_par ocr_line ocrx_word'/>
</head>
<body>
  <div class='ocr_page' id='page_1' title='image "./patrologiaecurs53unkngoog_0252.png"; bbox 0 0 3804 5962; ppageno 0'>
   <div class='ocr_carea' id='block_1_1' title="bbox 62 193 1008 256">
    <p class='ocr_par' dir='ltr' id='par_1_1' title="bbox 62 193 1008 256">
     <span class='ocr_line' id='line_1_1' title="bbox 62 193 1008 256; baseline 0.007 -9"><span class='ocrx_word' id='word_1_1' title='bbox 62 193 114 248; x_wconf 64' lang='lat'>4⁰³</span> <span class='ocrx_word' id='word_1_2' title='bbox 807 199 924 256; x_wconf 78' lang='lat' dir='ltr'>sunno</span> <span class='ocrx_word' id='word_1_3' title='bbox 942 200 1008 255; x_wconf 87' lang='lat' dir='ltr'>ltlv.</span> 
     </span>
    </p>
   </div>
   <div class='ocr_carea' id='block_1_2' title="bbox 1763 216 1818 272">
    <p class='ocr_par' dir='ltr' id='par_1_2' title="bbox 1763 216 1818 272">
     <span class='ocr_line' id='line_1_2' title="bbox 1763 216 1818 272; baseline 0.055 -3"><span class='ocrx_word' id='word_1_4' title='bbox 1763 216 1818 272; x_wconf 67' lang='lat'>494</span> 
     </span>
    </p>
   </div>
   <div class='ocr_carea' id='block_1_3' title="bbox 63 318 1817 404">
    <p class='ocr_par' dir='ltr' id='par_1_3' title="bbox 63 318 1817 404">
     <span class='ocr_line' id='line_1_3' title="bbox 63 318 1817 404; baseline 0.011 -31"><span class='ocrx_word' id='word_1_5' title='bbox 63 318 210 376; x_wconf 90' lang='lat' dir='ltr'>linisesse</span> <span class='ocrx_word' id='word_1_6' title='bbox 233 320 316 377; x_wconf 90' lang='lat' dir='ltr'>debet</span> <span class='ocrx_word' id='word_1_7' title='bbox 338 320 368 376; x_wconf 91' lang='lat' dir='ltr'>in</span> <span class='ocrx_word' id='word_1_8' title='bbox 390 320 527 377; x_wconf 92' lang='lat' dir='ltr'>omnibns</span> <span class='ocrx_word' id='word_1_9' title='bbox 550 336 616 392; x_wconf 86' lang='lat' dir='ltr'>quae</span> <span class='ocrx_word' id='word_1_10' title='bbox 635 323 759 394; x_wconf 82' lang='lat' dir='ltr'>agimus,</span> <span class='ocrx_word' id='word_1_11' title='bbox 775 332 809 381; x_wconf 93' lang='lat' dir='ltr'>ut</span> <span class='ocrx_word' id='word_1_12' title='bbox 831 324 917 396; x_wconf 77' lang='lat' dir='ltr'>glori·</span> <span class='ocrx_word' id='word_1_13' title='bbox 933 326 957 380; x_wconf 78' lang='lat' dir='ltr'>A</span> <span class='ocrx_word' id='word_1_14' title='bbox 973 325 1031 382; x_wconf 87' lang='lat' dir='ltr'>lias</span> <span class='ocrx_word' id='word_1_15' title='bbox 1066 328 1149 383; x_wconf 89' lang='lat' dir='ltr'>nobis</span> <span class='ocrx_word' id='word_1_16' title='bbox 1180 328 1302 385; x_wconf 90' lang='lat' dir='ltr'>virtutes</span> <span class='ocrx_word' id='word_1_17' title='bbox 1330 330 1485 400; x_wconf 89' lang='lat' dir='ltr'>impertire,</span> <span class='ocrx_word' id='word_1_18' title='bbox 1516 346 1582 403; x_wconf 82' lang='lat' dir='ltr'>qnae</span> <span class='ocrx_word' id='word_1_19' title='bbox 1616 332 1817 404; x_wconf 78' lang='lat' dir='ltr'>perfectionem</span> 
     </span>
    </p>
   </div>
   <div class='ocr_carea' id='block_1_4' title="bbox 61 407 917 1457">
    <p class='ocr_par' dir='ltr' id='par_1_4' title="bbox 61 407 917 1457">
     <span class='ocr_line' id='line_1_4' title="bbox 63 407 917 484; baseline 0.012 -22"><span class='ocrx_word' id='word_1_20' title='bbox 63 407 168 464; x_wconf 88' lang='lat' dir='ltr'>ficetur</span> <span class='ocrx_word' id='word_1_21' title='bbox 190 409 290 479; x_wconf 75' lang='lat' dir='ltr'>Densi,</span> <span class='ocrx_word' id='word_1_22' title='bbox 307 417 364 466; x_wconf 92' lang='lat' dir='ltr'>tres</span> <span class='ocrx_word' id='word_1_23' title='bbox 386 410 447 467; x_wconf 80' lang='lat' dir='ltr'>istae</span> <span class='ocrx_word' id='word_1_24' title='bbox 472 410 631 481; x_wconf 73' lang='lat' dir='ltr'><strong>petitiones,</strong></span> <span class='ocrx_word' id='word_1_25' title='bbox 648 419 680 468; x_wconf 94' lang='lat' dir='ltr'>ut</span> <span class='ocrx_word' id='word_1_26' title='bbox 701 412 840 480; x_wconf 80' lang='lat' dir='ltr'><strong>diximus,</strong></span> <span class='ocrx_word' id='word_1_27' title='bbox 857 416 917 484; x_wconf 88' lang='lat' dir='ltr'>pri·</span> 
     </span>
     <span class='ocr_line' id='line_1_5' title="bbox 63 497 915 570; baseline 0.008 -18"><span class='ocrx_word' id='word_1_28' title='bbox 63 511 125 553; x_wconf 83' lang='lat' dir='ltr'>ores</span> <span class='ocrx_word' id='word_1_29' title='bbox 148 497 389 569; x_wconf 78' lang='lat' dir='ltr'>glorificationem</span> <span class='ocrx_word' id='word_1_30' title='bbox 411 499 474 570; x_wconf 81' lang='lat' dir='ltr'>ejns</span> <span class='ocrx_word' id='word_1_31' title='bbox 498 499 652 570; x_wconf 88' lang='lat' dir='ltr'>postulant.</span> <span class='ocrx_word' id='word_1_32' title='bbox 670 502 723 557; x_wconf 90' lang='lat' dir='ltr'>Per</span> <span class='ocrx_word' id='word_1_33' title='bbox 740 502 915 559; x_wconf 79' lang='lat' dir='ltr'>Ezechielem</span> 
     </span>
     <span class='ocr_line' id='line_1_6' title="bbox 64 582 916 658; baseline 0.009 -21"><span class='ocrx_word' id='word_1_34' title='bbox 64 582 208 640; x_wconf 83' lang='lat' dir='ltr'>Dominus</span> <span class='ocrx_word' id='word_1_35' title='bbox 222 583 258 640; x_wconf 93' lang='lat' dir='ltr'>de</span> <span class='ocrx_word' id='word_1_36' title='bbox 277 586 406 654; x_wconf 82' lang='lat' dir='ltr'>reprobis</span> <span class='ocrx_word' id='word_1_37' title='bbox 429 586 537 643; x_wconf 79' lang='lat' dir='ltr'>ludaeis</span> <span class='ocrx_word' id='word_1_38' title='bbox 560 602 748 658; x_wconf 88' lang='lat' dir='ltr'>conquerens,</span> <span class='ocrx_word' id='word_1_39' title='bbox 764 597 791 646; x_wconf 91' lang='grc' dir='ltr'>ει</span> <span class='ocrx_word' id='word_1_40' title='bbox 810 604 858 645; x_wconf 89' lang='lat' dir='ltr'>eos</span> <span class='ocrx_word' id='word_1_41' title='bbox 871 591 916 645; x_wconf 92' lang='lat' dir='ltr'>in·</span> 
     </span>
     <span class='ocr_line' id='line_1_7' title="bbox 62 674 916 749; baseline 0.011 -23"><span class='ocrx_word' id='word_1_42' title='bbox 62 685 199 741; x_wconf 79' lang='lat' dir='ltr'>crepans,</span> <span class='ocrx_word' id='word_1_43' title='bbox 214 674 279 729; x_wconf 90' lang='lat' dir='ltr'>ait:</span> <span class='ocrx_word' id='word_1_44' title='bbox 302 677 404 730; x_wconf 83' lang='lat' dir='ltr'>Nomen</span> <span class='ocrx_word' id='word_1_45' title='bbox 427 681 550 731; x_wconf 87' lang='lat' dir='ltr'>sanctum</span> <span class='ocrx_word' id='word_1_46' title='bbox 573 693 660 731; x_wconf 89' lang='lat' dir='ltr'>meum</span> <span class='ocrx_word' id='word_1_47' title='bbox 685 678 758 743; x_wconf 84' lang='lat' dir='ltr'>quad</span> <span class='ocrx_word' id='word_1_48' title='bbox 778 679 916 749; x_wconf 72' lang='lat' dir='ltr'>polluistis</span> 
     </span>
     <span class='ocr_line' id='line_1_8' title="bbox 61 763 917 838; baseline 0.014 -24"><span class='ocrx_word' id='word_1_49' title='bbox 61 764 88 814; x_wconf 89' lang='lat' dir='ltr'>in</span> <span class='ocrx_word' id='word_1_50' title='bbox 111 763 242 828; x_wconf 74' lang='lat' dir='ltr'>pentibus</span> <span class='ocrx_word' id='word_1_51' title='bbox 265 763 374 834; x_wconf 78' lang='lat' dir='ltr'>(lineali.</span> <span class='ocrx_word' id='word_1_52' title='bbox 396 779 503 833; x_wconf 77' lang='lat' dir='ltr'>xxxva,</span> <span class='ocrx_word' id='word_1_53' title='bbox 523 766 579 837; x_wconf 73' lang='lat' dir='ltr'>il).</span> <span class='ocrx_word' id='word_1_54' title='bbox 605 765 695 833; x_wconf 87' lang='lat' dir='ltr'>Quam</span> <span class='ocrx_word' id='word_1_55' title='bbox 716 775 743 824; x_wconf 90' lang='lat' dir='ltr'>et</span> <span class='ocrx_word' id='word_1_56' title='bbox 765 769 917 838; x_wconf 78' lang='lat' dir='ltr'>Apostolus</span> 
     </span>
     <span class='ocr_line' id='line_1_9' title="bbox 61 852 917 927; baseline 0.011 -22"><span class='ocrx_word' id='word_1_57' title='bbox 61 852 235 907; x_wconf 88' lang='lat' dir='ltr'>sententiam</span> <span class='ocrx_word' id='word_1_58' title='bbox 252 852 402 921; x_wconf 88' lang='lat' dir='ltr'>inducens,</span> <span class='ocrx_word' id='word_1_59' title='bbox 419 855 459 911; x_wconf 88' lang='lat' dir='ltr'>ait</span> <span class='ocrx_word' id='word_1_60' title='bbox 483 870 489 910; x_wconf 96' lang='lat'><strong>:</strong></span> <span class='ocrx_word' id='word_1_61' title='bbox 510 857 612 912; x_wconf 84' lang='lat' dir='ltr'>h&#39;cmen</span> <span class='ocrx_word' id='word_1_62' title='bbox 633 858 704 910; x_wconf 89' lang='lat' dir='ltr'>enim</span> <span class='ocrx_word' id='word_1_63' title='bbox 728 858 779 911; x_wconf 76' lang='lat' dir='ltr'>liei</span> <span class='ocrx_word' id='word_1_64' title='bbox 799 874 847 927; x_wconf 87' lang='lat' dir='ltr'>per</span> <span class='ocrx_word' id='word_1_65' title='bbox 870 875 917 914; x_wconf 87' lang='lat' dir='ltr'>nas</span> 
     </span>
     <span class='ocr_line' id='line_1_10' title="bbox 62 939 914 1018; baseline 0.013 -26"><span class='ocrx_word' id='word_1_66' title='bbox 62 939 275 1009; x_wconf 81' lang='lat' dir='ltr'>blasphematur</span> <span class='ocrx_word' id='word_1_67' title='bbox 294 944 367 997; x_wconf 85' lang='lat' dir='ltr'>inter</span> <span class='ocrx_word' id='word_1_68' title='bbox 390 947 491 1011; x_wconf 83' lang='lat' dir='ltr'>pentes,</span> <span class='ocrx_word' id='word_1_69' title='bbox 513 946 584 999; x_wconf 86' lang='lat' dir='ltr'>sicut</span> <span class='ocrx_word' id='word_1_70' title='bbox 613 950 804 1014; x_wconf 83' lang='lat' dir='ltr'>scriptumest</span> <span class='ocrx_word' id='word_1_71' title='bbox 826 947 914 1018; x_wconf 84' lang='lat' dir='ltr'>(llam.</span> 
     </span>
     <span class='ocr_line' id='line_1_11' title="bbox 64 1029 917 1108; baseline 0.013 -25"><span class='ocrx_word' id='word_1_72' title='bbox 64 1043 101 1094; x_wconf 85' lang='lat' dir='ltr'>ru,</span> <span class='ocrx_word' id='word_1_73' title='bbox 127 1029 190 1100; x_wconf 72' lang='lat' dir='ltr'>all,</span> <span class='ocrx_word' id='word_1_74' title='bbox 217 1029 246 1085; x_wconf 95' lang='lat' dir='ltr'>in</span> <span class='ocrx_word' id='word_1_75' title='bbox 274 1030 329 1087; x_wconf 95' lang='lat' dir='ltr'>hoc</span> <span class='ocrx_word' id='word_1_76' title='bbox 361 1031 433 1102; x_wconf 86' lang='lat' dir='ltr'>ipso,</span> <span class='ocrx_word' id='word_1_77' title='bbox 460 1032 575 1101; x_wconf 91' lang='lat' dir='ltr'>scilicet,</span> <span class='ocrx_word' id='word_1_78' title='bbox 604 1041 637 1090; x_wconf 92' lang='lat' dir='ltr'>ut</span> <span class='ocrx_word' id='word_1_79' title='bbox 660 1035 770 1092; x_wconf 89' lang='lat' dir='ltr'>dictum</span> <span class='ocrx_word' id='word_1_80' title='bbox 800 1041 841 1094; x_wconf 89' lang='grc' dir='ltr'>εει</span> <span class='ocrx_word' id='word_1_81' title='bbox 866 1053 917 1108; x_wconf 90' lang='lat' dir='ltr'>per</span> 
     </span>
     <span class='ocr_line' id='line_1_12' title="bbox 64 1118 916 1196; baseline 0.012 -24"><span class='ocrx_word' id='word_1_82' title='bbox 64 1118 248 1188; x_wconf 90' lang='lat' dir='ltr'>prophetam.</span> <span class='ocrx_word' id='word_1_83' title='bbox 264 1118 512 1187; x_wconf 86' lang='lat' dir='ltr'>Quemadmodum</span> <span class='ocrx_word' id='word_1_84' title='bbox 535 1137 604 1194; x_wconf 82' lang='lat' dir='ltr'>ergo</span> <span class='ocrx_word' id='word_1_85' title='bbox 626 1137 731 1179; x_wconf 92' lang='lat' dir='ltr'>nomen</span> <span class='ocrx_word' id='word_1_86' title='bbox 755 1124 804 1181; x_wconf 87' lang='lat' dir='ltr'>Dei</span> <span class='ocrx_word' id='word_1_87' title='bbox 827 1125 916 1196; x_wconf 88' lang='lat' dir='ltr'>pollui</span> 
     </span>
     <span class='ocr_line' id='line_1_13' title="bbox 62 1205 915 1276; baseline 0.013 -16"><span class='ocrx_word' id='word_1_88' title='bbox 62 1206 121 1262; x_wconf 85' lang='lat' dir='ltr'>sire</span> <span class='ocrx_word' id='word_1_89' title='bbox 138 1205 346 1276; x_wconf 89' lang='lat' dir='ltr'>blasphemari,</span> <span class='ocrx_word' id='word_1_90' title='bbox 370 1209 425 1265; x_wconf 89' lang='lat' dir='ltr'>hoc</span> <span class='ocrx_word' id='word_1_91' title='bbox 446 1216 488 1267; x_wconf 90' lang='grc' dir='ltr'>εει</span> <span class='ocrx_word' id='word_1_92' title='bbox 517 1210 630 1267; x_wconf 85' lang='lat' dir='ltr'>irrideri</span> <span class='ocrx_word' id='word_1_93' title='bbox 659 1212 704 1268; x_wconf 86' lang='lat' dir='ltr'>vel</span> <span class='ocrx_word' id='word_1_94' title='bbox 722 1213 855 1271; x_wconf 80' lang='lat' dir='ltr'>villicari</span> <span class='ocrx_word' id='word_1_95' title='bbox 879 1215 915 1271; x_wconf 91' lang='lat' dir='ltr'>ab</span> 
     </span>
     <span class='ocr_line' id='line_1_14' title="bbox 64 1294 916 1373; baseline 0.013 -25"><span class='ocrx_word' id='word_1_96' title='bbox 64 1294 234 1352; x_wconf 78' lang='lat' dir='ltr'>infidelibus</span> <span class='ocrx_word' id='word_1_97' title='bbox 264 1297 391 1365; x_wconf 84' lang='lat' dir='ltr'>videtur,</span> <span class='ocrx_word' id='word_1_98' title='bbox 424 1313 491 1356; x_wconf 91' lang='lat' dir='ltr'>cum</span> <span class='ocrx_word' id='word_1_99' title='bbox 528 1313 660 1370; x_wconf 86' lang='lat' dir='ltr'>perverse</span> <span class='ocrx_word' id='word_1_100' title='bbox 695 1315 780 1373; x_wconf 85' lang='lat' dir='ltr'>agere</span> <span class='ocrx_word' id='word_1_101' title='bbox 808 1303 916 1359; x_wconf 90' lang='lat' dir='ltr'>videret</span> 
     </span>
     <span class='ocr_line' id='line_1_15' title="bbox 61 1385 915 1457; baseline 0.009 -18"><span class='ocrx_word' id='word_1_102' title='bbox 61 1399 106 1440; x_wconf 87' lang='lat' dir='ltr'>eos</span> <span class='ocrx_word' id='word_1_103' title='bbox 128 1385 184 1456; x_wconf 93' lang='lat' dir='ltr'>qui</span> <span class='ocrx_word' id='word_1_104' title='bbox 209 1400 238 1441; x_wconf 92' lang='lat' dir='ltr'>se</span> <span class='ocrx_word' id='word_1_105' title='bbox 260 1385 398 1457; x_wconf 90' lang='lat' dir='ltr'>populum</span> <span class='ocrx_word' id='word_1_106' title='bbox 422 1387 472 1444; x_wconf 85' lang='lat' dir='ltr'>Dei</span> <span class='ocrx_word' id='word_1_107' title='bbox 494 1389 637 1445; x_wconf 84' lang='lat' dir='ltr'>vocabant</span> <span class='ocrx_word' id='word_1_108' title='bbox 660 1407 666 1444; x_wconf 73' lang='grc' dir='ltr'>ε</span> <span class='ocrx_word' id='word_1_109' title='bbox 692 1390 732 1446; x_wconf 92' lang='lat' dir='ltr'>ita</span> <span class='ocrx_word' id='word_1_110' title='bbox 755 1392 915 1448; x_wconf 87' lang='lat' dir='ltr'>econtrario</span> 
     </span>
    </p>
   </div>
   <div class='ocr_carea' id='block_1_5' title="bbox 971 416 1819 1466">
    <p class='ocr_par' dir='ltr' id='par_1_5' title="bbox 971 416 1819 1466">
     <span class='ocr_line' id='line_1_16' title="bbox 973 416 1818 495; baseline 0.017 -26"><span class='ocrx_word' id='word_1_111' title='bbox 973 416 1145 472; x_wconf 83' lang='lat' dir='ltr'>confirmant</span> <span class='ocrx_word' id='word_1_112' title='bbox 1170 418 1284 472; x_wconf 74' lang='lat' dir='ltr'>animas.</span> <span class='ocrx_word' id='word_1_113' title='bbox 1307 417 1394 474; x_wconf 89' lang='lat' dir='ltr'>Cibus</span> <span class='ocrx_word' id='word_1_114' title='bbox 1423 420 1527 477; x_wconf 86' lang='lat' dir='ltr'>animae</span> <span class='ocrx_word' id='word_1_115' title='bbox 1552 429 1604 490; x_wconf 91' lang='lat' dir='ltr'>est,</span> <span class='ocrx_word' id='word_1_116' title='bbox 1631 430 1659 479; x_wconf 92' lang='lat' dir='ltr'>et</span> <span class='ocrx_word' id='word_1_117' title='bbox 1680 424 1818 495; x_wconf 87' lang='lat' dir='ltr'>spiritalis</span> 
     </span>
     <span class='ocr_line' id='line_1_17' title="bbox 972 503 1819 585; baseline 0.017 -27"><span class='ocrx_word' id='word_1_118' title='bbox 972 503 1035 574; x_wconf 86' lang='lat' dir='ltr'>ejus</span> <span class='ocrx_word' id='word_1_119' title='bbox 1063 507 1155 575; x_wconf 89' lang='lat' dir='ltr'>panis,</span> <span class='ocrx_word' id='word_1_120' title='bbox 1187 505 1374 578; x_wconf 83' lang='lat' dir='ltr'>intelligentia</span> <span class='ocrx_word' id='word_1_121' title='bbox 1407 509 1497 565; x_wconf 88' lang='lat' dir='ltr'>divini</span> <span class='ocrx_word' id='word_1_122' title='bbox 1521 511 1614 577; x_wconf 90' lang='lat' dir='ltr'>verbi,</span> <span class='ocrx_word' id='word_1_123' title='bbox 1634 513 1669 569; x_wconf 91' lang='lat' dir='ltr'>de</span> <span class='ocrx_word' id='word_1_124' title='bbox 1691 527 1750 584; x_wconf 92' lang='lat' dir='ltr'>quo</span> <span class='ocrx_word' id='word_1_125' title='bbox 1768 528 1819 585; x_wconf 90' lang='lat' dir='ltr'>per</span> 
     </span>
     <span class='ocr_line' id='line_1_18' title="bbox 972 592 1819 670; baseline 0.015 -23"><span class='ocrx_word' id='word_1_126' title='bbox 972 592 1087 662; x_wconf 87' lang='lat' dir='ltr'>hloysen</span> <span class='ocrx_word' id='word_1_127' title='bbox 1102 594 1225 651; x_wconf 88' lang='lat' dir='ltr'>dicitnr:</span> <span class='ocrx_word' id='word_1_128' title='bbox 1248 597 1308 651; x_wconf 86' lang='lat' dir='ltr'>Non</span> <span class='ocrx_word' id='word_1_129' title='bbox 1322 596 1352 650; x_wconf 84' lang='lat' dir='ltr'>in</span> <span class='ocrx_word' id='word_1_130' title='bbox 1373 598 1428 651; x_wconf 89' lang='lat' dir='ltr'>solo</span> <span class='ocrx_word' id='word_1_131' title='bbox 1441 613 1515 667; x_wconf 85' lang='lat' dir='ltr'>pane</span> <span class='ocrx_word' id='word_1_132' title='bbox 1532 601 1601 654; x_wconf 86' lang='lat' dir='ltr'>vivit</span> <span class='ocrx_word' id='word_1_133' title='bbox 1622 602 1709 670; x_wconf 87' lang='lat' dir='ltr'>homo,</span> <span class='ocrx_word' id='word_1_134' title='bbox 1726 604 1819 660; x_wconf 88' lang='lat' dir='ltr'>sedin</span> 
     </span>
     <span class='ocr_line' id='line_1_19' title="bbox 972 683 1817 761; baseline 0.017 -27"><span class='ocrx_word' id='word_1_135' title='bbox 972 685 1047 736; x_wconf 82' lang='lat' dir='ltr'>amari</span> <span class='ocrx_word' id='word_1_136' title='bbox 1065 683 1144 737; x_wconf 83' lang='lat' dir='ltr'>verlm</span> <span class='ocrx_word' id='word_1_137' title='bbox 1158 683 1231 749; x_wconf 81' lang='lat' dir='ltr'>quad</span> <span class='ocrx_word' id='word_1_138' title='bbox 1251 686 1376 754; x_wconf 83' lang='lat' dir='ltr'>procedit</span> <span class='ocrx_word' id='word_1_139' title='bbox 1395 686 1429 740; x_wconf 86' lang='lat' dir='ltr'>de</span> <span class='ocrx_word' id='word_1_140' title='bbox 1448 701 1493 740; x_wconf 87' lang='lat' dir='ltr'>ore</span> <span class='ocrx_word' id='word_1_141' title='bbox 1515 689 1564 742; x_wconf 86' lang='lat' dir='ltr'>Dei</span> <span class='ocrx_word' id='word_1_142' title='bbox 1587 687 1695 758; x_wconf 80' lang='lat' dir='ltr'>(natta.</span> <span class='ocrx_word' id='word_1_143' title='bbox 1714 705 1755 761; x_wconf 81' lang='lat' dir='ltr'>tv,</span> <span class='ocrx_word' id='word_1_144' title='bbox 1778 693 1817 761; x_wconf 78' lang='lat' dir='ltr'>l).</span> 
     </span>
     <span class='ocr_line' id='line_1_20' title="bbox 971 770 1817 850; baseline 0.017 -26"><span class='ocrx_word' id='word_1_145' title='bbox 971 770 1055 825; x_wconf 91' lang='lat' dir='ltr'>Hunc</span> <span class='ocrx_word' id='word_1_146' title='bbox 1070 785 1181 841; x_wconf 89' lang='lat' dir='ltr'>panem,</span> <span class='ocrx_word' id='word_1_147' title='bbox 1203 773 1290 829; x_wconf 90' lang='lat' dir='ltr'>idest</span> <span class='ocrx_word' id='word_1_148' title='bbox 1310 774 1528 846; x_wconf 80' lang='lat' dir='ltr'>intelligentiam</span> <span class='ocrx_word' id='word_1_149' title='bbox 1548 791 1637 833; x_wconf 86' lang='lat' dir='ltr'>sacrae</span> <span class='ocrx_word' id='word_1_150' title='bbox 1661 776 1817 850; x_wconf 79' lang='lat' dir='ltr'>Scripturae</span> 
     </span>
     <span class='ocr_line' id='line_1_21' title="bbox 971 859 1817 940; baseline 0.015 -27"><span class='ocrx_word' id='word_1_151' title='bbox 971 859 1021 928; x_wconf 89' lang='lat' dir='ltr'>qul</span> <span class='ocrx_word' id='word_1_152' title='bbox 1055 875 1113 916; x_wconf 93' lang='lat' dir='ltr'>non</span> <span class='ocrx_word' id='word_1_153' title='bbox 1148 862 1287 929; x_wconf 91' lang='lat' dir='ltr'>ruminat,</span> <span class='ocrx_word' id='word_1_154' title='bbox 1316 871 1343 919; x_wconf 91' lang='lat' dir='ltr'>el</span> <span class='ocrx_word' id='word_1_155' title='bbox 1370 864 1400 918; x_wconf 93' lang='lat' dir='ltr'>in</span> <span class='ocrx_word' id='word_1_156' title='bbox 1428 878 1461 920; x_wconf 94' lang='lat' dir='ltr'>eo</span> <span class='ocrx_word' id='word_1_157' title='bbox 1495 864 1666 923; x_wconf 89' lang='lat' dir='ltr'>divisionem</span> <span class='ocrx_word' id='word_1_158' title='bbox 1698 867 1817 940; x_wconf 75' lang='lat' dir='ltr'>ungulas</span> 
     </span>
     <span class='ocr_line' id='line_1_22' title="bbox 972 948 1818 1028; baseline 0.015 -26"><span class='ocrx_word' id='word_1_159' title='bbox 972 962 1028 1003; x_wconf 90' lang='lat' dir='ltr'>non</span> <span class='ocrx_word' id='word_1_160' title='bbox 1059 948 1154 1014; x_wconf 86' lang='lat' dir='ltr'>haber,</span> <span class='ocrx_word' id='word_1_161' title='bbox 1185 951 1367 1008; x_wconf 91' lang='lat' dir='ltr'>immundum</span> <span class='ocrx_word' id='word_1_162' title='bbox 1395 952 1504 1009; x_wconf 87' lang='lat' dir='ltr'>animal</span> <span class='ocrx_word' id='word_1_163' title='bbox 1533 953 1580 1010; x_wconf 86' lang='lat' dir='ltr'>lex</span> <span class='ocrx_word' id='word_1_164' title='bbox 1602 954 1715 1025; x_wconf 82' lang='lat' dir='ltr'>judicat</span> <span class='ocrx_word' id='word_1_165' title='bbox 1747 957 1818 1028; x_wconf 87' lang='lat' dir='ltr'>quia</span> 
     </span>
     <span class='ocr_line' id='line_1_23' title="bbox 971 1037 1818 1117; baseline 0.014 -25"><span class='ocrx_word' id='word_1_166' title='bbox 971 1037 1053 1093; x_wconf 91' lang='lat' dir='ltr'>nulla</span> <span class='ocrx_word' id='word_1_167' title='bbox 1093 1045 1135 1094; x_wconf 89' lang='lat' dir='ltr'>est</span> <span class='ocrx_word' id='word_1_168' title='bbox 1170 1039 1274 1094; x_wconf 91' lang='lat' dir='ltr'>mentis</span> <span class='ocrx_word' id='word_1_169' title='bbox 1309 1041 1464 1110; x_wconf 89' lang='lat' dir='ltr'>munditia,</span> <span class='ocrx_word' id='word_1_170' title='bbox 1510 1042 1561 1099; x_wconf 93' lang='lat' dir='ltr'>nbi</span> <span class='ocrx_word' id='word_1_171' title='bbox 1601 1057 1702 1101; x_wconf 91' lang='lat' dir='ltr'>eorum</span> <span class='ocrx_word' id='word_1_172' title='bbox 1751 1060 1818 1117; x_wconf 79' lang='lat' dir='ltr'>quae</span> 
     </span>
     <span class='ocr_line' id='line_1_24' title="bbox 971 1125 1818 1199; baseline 0.014 -19"><span class='ocrx_word' id='word_1_173' title='bbox 971 1125 1101 1196; x_wconf 84' lang='lat' dir='ltr'>praecipis</span> <span class='ocrx_word' id='word_1_174' title='bbox 1115 1127 1192 1182; x_wconf 88' lang='lat' dir='ltr'>Deus</span> <span class='ocrx_word' id='word_1_175' title='bbox 1208 1137 1304 1184; x_wconf 89' lang='lat' dir='ltr'>manet</span> <span class='ocrx_word' id='word_1_176' title='bbox 1320 1129 1493 1199; x_wconf 82' lang='lat' dir='ltr'>ignorantia.</span> <span class='ocrx_word' id='word_1_177' title='bbox 1511 1131 1639 1189; x_wconf 82' lang='lat' dir='ltr'>Verbum</span> <span class='ocrx_word' id='word_1_178' title='bbox 1659 1133 1709 1190; x_wconf 88' lang='lat' dir='ltr'>Dei</span> <span class='ocrx_word' id='word_1_179' title='bbox 1724 1135 1818 1192; x_wconf 90' lang='lat' dir='ltr'>rumi-</span> 
     </span>
     <span class='ocr_line' id='line_1_25' title="bbox 971 1215 1818 1294; baseline 0.013 -25"><span class='ocrx_word' id='word_1_180' title='bbox 971 1221 1031 1280; x_wconf 90' lang='lat' dir='ltr'>nat,</span> <span class='ocrx_word' id='word_1_181' title='bbox 1048 1215 1098 1284; x_wconf 91' lang='lat' dir='ltr'>qui</span> <span class='ocrx_word' id='word_1_182' title='bbox 1112 1215 1208 1285; x_wconf 91' lang='lat' dir='ltr'>ipsum</span> <span class='ocrx_word' id='word_1_183' title='bbox 1224 1216 1390 1286; x_wconf 76' lang='lat' dir='ltr'>trequentes</span> <span class='ocrx_word' id='word_1_184' title='bbox 1403 1218 1528 1286; x_wconf 90' lang='lat' dir='ltr'>resolvit,</span> <span class='ocrx_word' id='word_1_185' title='bbox 1544 1228 1577 1276; x_wconf 91' lang='lat' dir='ltr'>ut</span> <span class='ocrx_word' id='word_1_186' title='bbox 1590 1220 1757 1294; x_wconf 79' lang='lat' dir='ltr'>diligentius</span> <span class='ocrx_word' id='word_1_187' title='bbox 1775 1223 1818 1280; x_wconf 93' lang='lat' dir='ltr'>in·</span> 
     </span>
     <span class='ocr_line' id='line_1_26' title="bbox 972 1301 1819 1379; baseline 0.014 -23"><span class='ocrx_word' id='word_1_188' title='bbox 972 1301 1090 1373; x_wconf 78' lang='lat' dir='ltr'>telligat,</span> <span class='ocrx_word' id='word_1_189' title='bbox 1111 1304 1186 1358; x_wconf 92' lang='lat' dir='ltr'>sicut</span> <span class='ocrx_word' id='word_1_190' title='bbox 1205 1303 1421 1374; x_wconf 89' lang='lat' dir='ltr'>scriptumest:</span> <span class='ocrx_word' id='word_1_191' title='bbox 1439 1308 1475 1361; x_wconf 80' lang='lat' dir='ltr'>Et</span> <span class='ocrx_word' id='word_1_192' title='bbox 1490 1309 1519 1361; x_wconf 89' lang='lat' dir='ltr'>in</span> <span class='ocrx_word' id='word_1_193' title='bbox 1542 1307 1598 1376; x_wconf 79' lang='lat' dir='ltr'>leae</span> <span class='ocrx_word' id='word_1_194' title='bbox 1623 1310 1681 1379; x_wconf 84' lang='lat' dir='ltr'>ejus</span> <span class='ocrx_word' id='word_1_195' title='bbox 1704 1310 1819 1367; x_wconf 84' lang='lat' dir='ltr'>medita·</span> 
     </span>
     <span class='ocr_line' id='line_1_27' title="bbox 971 1391 1817 1466; baseline 0.015 -22"><span class='ocrx_word' id='word_1_196' title='bbox 971 1391 1045 1445; x_wconf 85' lang='lat' dir='ltr'>bitur</span> <span class='ocrx_word' id='word_1_197' title='bbox 1072 1391 1116 1445; x_wconf 87' lang='lat' dir='ltr'>die</span> <span class='ocrx_word' id='word_1_198' title='bbox 1142 1408 1173 1446; x_wconf 86' lang='lat' dir='ltr'>aa</span> <span class='ocrx_word' id='word_1_199' title='bbox 1191 1399 1267 1447; x_wconf 89' lang='lat' dir='ltr'>nacte</span> <span class='ocrx_word' id='word_1_200' title='bbox 1291 1394 1374 1464; x_wconf 82' lang='lat' dir='ltr'>(Psoi,</span> <span class='ocrx_word' id='word_1_201' title='bbox 1394 1409 1413 1463; x_wconf 90' lang='grc' dir='ltr'>ι,</span> <span class='ocrx_word' id='word_1_202' title='bbox 1443 1393 1480 1466; x_wconf 79' lang='lat'>2).</span> <span class='ocrx_word' id='word_1_203' title='bbox 1506 1396 1612 1453; x_wconf 86' lang='lat' dir='ltr'>Divisio</span> <span class='ocrx_word' id='word_1_204' title='bbox 1640 1406 1736 1455; x_wconf 91' lang='lat' dir='ltr'>aulem</span> <span class='ocrx_word' id='word_1_205' title='bbox 1760 1414 1817 1457; x_wconf 94' lang='lat' dir='ltr'>nn·</span> 
     </span>
    </p>
   </div>
   <div class='ocr_carea' id='block_1_6' title="bbox 58 1475 1822 5564">
    <p class='ocr_par' dir='ltr' id='par_1_6' title="bbox 58 1475 1822 5564">
     <span class='ocr_line' id='line_1_28' title="bbox 62 1475 1818 1556; baseline 0.01 -27"><span class='ocrx_word' id='word_1_206' title='bbox 62 1475 159 1545; x_wconf 89' lang='lat' dir='ltr'>ipsum</span> <span class='ocrx_word' id='word_1_207' title='bbox 186 1477 385 1534; x_wconf 79' lang='lat' dir='ltr'>sanctificatur</span> <span class='ocrx_word' id='word_1_208' title='bbox 409 1486 497 1549; x_wconf 89' lang='lat' dir='ltr'>alque</span> <span class='ocrx_word' id='word_1_209' title='bbox 521 1479 711 1550; x_wconf 74' lang='lat' dir='ltr'>benedicitur,</span> <span class='ocrx_word' id='word_1_210' title='bbox 736 1495 787 1537; x_wconf 90' lang='lat' dir='ltr'>seu</span> <span class='ocrx_word' id='word_1_211' title='bbox 808 1480 915 1536; x_wconf 91' lang='lat' dir='ltr'>lauda·</span> <span class='ocrx_word' id='word_1_212' title='bbox 970 1479 1046 1550; x_wconf 78' lang='lat' dir='ltr'>gulae</span> <span class='ocrx_word' id='word_1_213' title='bbox 1073 1495 1130 1551; x_wconf 90' lang='lat' dir='ltr'>qua</span> <span class='ocrx_word' id='word_1_214' title='bbox 1154 1481 1324 1549; x_wconf 87' lang='lat' dir='ltr'>incedimus,</span> <span class='ocrx_word' id='word_1_215' title='bbox 1345 1482 1477 1540; x_wconf 90' lang='lat' dir='ltr'>discretio</span> <span class='ocrx_word' id='word_1_216' title='bbox 1498 1491 1541 1540; x_wconf 92' lang='lat' dir='ltr'>est</span> <span class='ocrx_word' id='word_1_217' title='bbox 1562 1500 1650 1556; x_wconf 92' lang='lat' dir='ltr'>quam</span> <span class='ocrx_word' id='word_1_218' title='bbox 1672 1486 1702 1543; x_wconf 93' lang='lat' dir='ltr'>in</span> <span class='ocrx_word' id='word_1_219' title='bbox 1722 1487 1818 1546; x_wconf 87' lang='lat' dir='ltr'>verbis</span> 
     </span>
     <span class='ocr_line' id='line_1_29' title="bbox 64 1565 1818 1658; baseline 0.008 -39"><span class='ocrx_word' id='word_1_220' title='bbox 64 1572 109 1620; x_wconf 90' lang='lat' dir='ltr'>tnr</span> <span class='ocrx_word' id='word_1_221' title='bbox 127 1572 156 1622; x_wconf 93' lang='lat' dir='ltr'>et</span> <span class='ocrx_word' id='word_1_222' title='bbox 174 1565 365 1637; x_wconf 81' lang='lat' dir='ltr'>gloriticatnr,</span> <span class='ocrx_word' id='word_1_223' title='bbox 381 1581 448 1623; x_wconf 93' lang='lat' dir='ltr'>cum</span> <span class='ocrx_word' id='word_1_224' title='bbox 463 1568 529 1639; x_wconf 86' lang='lat' dir='ltr'>ejus</span> <span class='ocrx_word' id='word_1_225' title='bbox 543 1569 666 1639; x_wconf 91' lang='lat' dir='ltr'>populus</span> <span class='ocrx_word' id='word_1_226' title='bbox 690 1577 788 1626; x_wconf 89' lang='lat' dir='ltr'>sancte</span> <span class='ocrx_word' id='word_1_227' title='bbox 812 1584 845 1626; x_wconf 90' lang='lat' dir='ltr'>ac</span> <span class='ocrx_word' id='word_1_228' title='bbox 866 1584 915 1626; x_wconf 89' lang='lat' dir='ltr'>re·</span> <span class='ocrx_word' id='word_1_229' title='bbox 932 1605 953 1658; x_wconf 76' lang='lat' dir='ltr'><strong>B</strong></span> <span class='ocrx_word' id='word_1_230' title='bbox 971 1568 1077 1624; x_wconf 87' lang='lat' dir='ltr'>divinis</span> <span class='ocrx_word' id='word_1_231' title='bbox 1105 1569 1263 1640; x_wconf 82' lang='lat' dir='ltr'>habemus3</span> <span class='ocrx_word' id='word_1_232' title='bbox 1289 1585 1354 1626; x_wconf 92' lang='lat' dir='ltr'>cum</span> <span class='ocrx_word' id='word_1_233' title='bbox 1378 1571 1508 1628; x_wconf 90' lang='lat' dir='ltr'>videlicet</span> <span class='ocrx_word' id='word_1_234' title='bbox 1524 1573 1677 1644; x_wconf 83' lang='lat' dir='ltr'>diligenter</span> <span class='ocrx_word' id='word_1_235' title='bbox 1691 1575 1818 1633; x_wconf 91' lang='lat' dir='ltr'>attendi-</span> 
     </span>
     <span class='ocr_line' id='line_1_30' title="bbox 64 1654 1817 1735; baseline 0.008 -27"><span class='ocrx_word' id='word_1_236' title='bbox 64 1654 166 1725; x_wconf 80' lang='lat' dir='ltr'>llgiose</span> <span class='ocrx_word' id='word_1_237' title='bbox 191 1655 307 1724; x_wconf 82' lang='lat' dir='ltr'>vixerit,</span> <span class='ocrx_word' id='word_1_238' title='bbox 335 1663 363 1713; x_wconf 93' lang='lat' dir='ltr'>et</span> <span class='ocrx_word' id='word_1_239' title='bbox 389 1655 460 1712; x_wconf 90' lang='lat' dir='ltr'>illud</span> <span class='ocrx_word' id='word_1_240' title='bbox 482 1657 605 1713; x_wconf 88' lang='lat' dir='ltr'>vivenda</span> <span class='ocrx_word' id='word_1_241' title='bbox 629 1659 823 1728; x_wconf 88' lang='lat' dir='ltr'>compleverit,</span> <span class='ocrx_word' id='word_1_242' title='bbox 838 1659 916 1728; x_wconf 93' lang='lat' dir='ltr'>quod</span> <span class='ocrx_word' id='word_1_243' title='bbox 972 1671 1046 1726; x_wconf 86' lang='lat' dir='ltr'>mus,</span> <span class='ocrx_word' id='word_1_244' title='bbox 1062 1657 1132 1729; x_wconf 91' lang='lat' dir='ltr'>qnid</span> <span class='ocrx_word' id='word_1_245' title='bbox 1150 1659 1236 1729; x_wconf 80' lang='lat' dir='ltr'>J&#39;uxla</span> <span class='ocrx_word' id='word_1_246' title='bbox 1258 1658 1381 1715; x_wconf 84' lang='lat' dir='ltr'>litteram</span> <span class='ocrx_word' id='word_1_247' title='bbox 1402 1660 1439 1716; x_wconf 93' lang='lat' dir='ltr'>sit</span> <span class='ocrx_word' id='word_1_248' title='bbox 1460 1661 1672 1732; x_wconf 87' lang='lat' dir='ltr'>accipiendum,</span> <span class='ocrx_word' id='word_1_249' title='bbox 1693 1664 1764 1735; x_wconf 91' lang='lat' dir='ltr'>qnid</span> <span class='ocrx_word' id='word_1_250' title='bbox 1780 1663 1817 1722; x_wconf 90' lang='lat' dir='ltr'>ad</span> 
     </span>
     <span class='ocr_line' id='line_1_31' title="bbox 63 1744 1814 1823; baseline 0.006 -25"><span class='ocrx_word' id='word_1_251' title='bbox 63 1744 185 1814; x_wconf 88' lang='lat' dir='ltr'>ipsemet</span> <span class='ocrx_word' id='word_1_252' title='bbox 209 1744 350 1816; x_wconf 85' lang='lat' dir='ltr'>praecipit,</span> <span class='ocrx_word' id='word_1_253' title='bbox 370 1745 490 1803; x_wconf 90' lang='lat' dir='ltr'>dicens:</span> <span class='ocrx_word' id='word_1_254' title='bbox 516 1748 616 1802; x_wconf 80' lang='lat' dir='ltr'>laceat</span> <span class='ocrx_word' id='word_1_255' title='bbox 639 1748 689 1802; x_wconf 85' lang='lat' dir='ltr'>luc</span> <span class='ocrx_word' id='word_1_256' title='bbox 713 1754 806 1803; x_wconf 80' lang='lat' dir='ltr'>nestra</span> <span class='ocrx_word' id='word_1_257' title='bbox 827 1763 917 1804; x_wconf 86' lang='lat' dir='ltr'>aarum</span> <span class='ocrx_word' id='word_1_258' title='bbox 971 1761 1089 1803; x_wconf 90' lang='lat' dir='ltr'>sensnm</span> <span class='ocrx_word' id='word_1_259' title='bbox 1124 1750 1275 1818; x_wconf 77' lang='lat' dir='ltr'>naysticnnr</span> <span class='ocrx_word' id='word_1_260' title='bbox 1300 1748 1349 1817; x_wconf 82' lang='lat' dir='ltr'>¹rel</span> <span class='ocrx_word' id='word_1_261' title='bbox 1378 1749 1515 1806; x_wconf 82' lang='lat' dir='ltr'>moralem</span> <span class='ocrx_word' id='word_1_262' title='bbox 1539 1750 1576 1808; x_wconf 92' lang='lat' dir='ltr'>sit</span> <span class='ocrx_word' id='word_1_263' title='bbox 1601 1751 1814 1823; x_wconf 91' lang='lat' dir='ltr'>applicandum.</span> 
     </span>
     <span class='ocr_line' id='line_1_32' title="bbox 63 1820 1816 1911; baseline 0.005 -24"><span class='ocrx_word' id='word_1_264' title='bbox 63 1833 233 1903; x_wconf 75' lang='lat' dir='ltr'>hominibus,</span> <span class='ocrx_word' id='word_1_265' title='bbox 257 1839 288 1889; x_wconf 87' lang='lat' dir='ltr'>ut</span> <span class='ocrx_word' id='word_1_266' title='bbox 312 1834 425 1891; x_wconf 81' lang='lat' dir='ltr'>uideant</span> <span class='ocrx_word' id='word_1_267' title='bbox 445 1851 527 1906; x_wconf 85' lang='lat' dir='ltr'>opera</span> <span class='ocrx_word' id='word_1_268' title='bbox 550 1841 641 1891; x_wconf 86' lang='lat' dir='ltr'>vestra</span> <span class='ocrx_word' id='word_1_269' title='bbox 662 1837 740 1905; x_wconf 87' lang='lat' dir='ltr'>bona,</span> <span class='ocrx_word' id='word_1_270' title='bbox 762 1843 789 1893; x_wconf 88' lang='lat' dir='ltr'>et</span> <span class='ocrx_word' id='word_1_271' title='bbox 808 1838 916 1908; x_wconf 63' lang='lat' dir='ltr'>plotin—</span> <span class='ocrx_word' id='word_1_272' title='bbox 972 1820 1816 1911; x_wconf 77' lang='lat' dir='ltr'>Eanaqutdemintelligentiatrlplici,dumquasiquibus</span> 
     </span>
     <span class='ocr_line' id='line_1_33' title="bbox 63 1921 1816 1999; baseline 0.005 -21"><span class='ocrx_word' id='word_1_273' title='bbox 63 1928 120 1978; x_wconf 83' lang='lat' dir='ltr'>cml</span> <span class='ocrx_word' id='word_1_274' title='bbox 137 1925 249 1978; x_wconf 86' lang='lat' dir='ltr'>Patrem</span> <span class='ocrx_word' id='word_1_275' title='bbox 271 1929 389 1980; x_wconf 84' lang='lat' dir='ltr'>cestrum</span> <span class='ocrx_word' id='word_1_276' title='bbox 413 1929 460 1991; x_wconf 89' lang='lat' dir='ltr'>qui</span> <span class='ocrx_word' id='word_1_277' title='bbox 479 1927 509 1980; x_wconf 90' lang='lat' dir='ltr'>in</span> <span class='ocrx_word' id='word_1_278' title='bbox 532 1927 603 1981; x_wconf 74' lang='lat' dir='ltr'>coelb</span> <span class='ocrx_word' id='word_1_279' title='bbox 625 1933 664 1981; x_wconf 90' lang='lat' dir='ltr'>est</span> <span class='ocrx_word' id='word_1_280' title='bbox 679 1927 788 1996; x_wconf 77' lang='lat' dir='ltr'>(halla.</span> <span class='ocrx_word' id='word_1_281' title='bbox 805 1943 832 1994; x_wconf 86' lang='lat' dir='ltr'>v,</span> <span class='ocrx_word' id='word_1_282' title='bbox 856 1927 913 1999; x_wconf 74' lang='grc' dir='ltr'>ιι).</span> <span class='ocrx_word' id='word_1_283' title='bbox 971 1922 1036 1979; x_wconf 83' lang='lat' dir='ltr'>dant</span> <span class='ocrx_word' id='word_1_284' title='bbox 1052 1921 1169 1980; x_wconf 82' lang='lat' dir='ltr'>ferculis</span> <span class='ocrx_word' id='word_1_285' title='bbox 1183 1924 1281 1979; x_wconf 92' lang='lat' dir='ltr'>anima</span> <span class='ocrx_word' id='word_1_286' title='bbox 1293 1925 1431 1993; x_wconf 85' lang='lat' dir='ltr'>reficitur,</span> <span class='ocrx_word' id='word_1_287' title='bbox 1442 1928 1673 1998; x_wconf 86' lang='lat' dir='ltr'>veraprudenlia</span> <span class='ocrx_word' id='word_1_288' title='bbox 1688 1927 1816 1986; x_wconf 87' lang='lat' dir='ltr'>illustra·</span> 
     </span>
     <span class='ocr_line' id='line_1_34' title="bbox 62 2013 1817 2086; baseline 0.005 -19"><span class='ocrx_word' id='word_1_289' title='bbox 62 2013 100 2068; x_wconf 87' lang='lat' dir='ltr'>lle</span> <span class='ocrx_word' id='word_1_290' title='bbox 123 2026 187 2084; x_wconf 89' lang='lat' dir='ltr'>qua</span> <span class='ocrx_word' id='word_1_291' title='bbox 209 2013 295 2069; x_wconf 90' lang='lat' dir='ltr'>etlam</span> <span class='ocrx_word' id='word_1_292' title='bbox 317 2013 524 2086; x_wconf 83' lang='lat' dir='ltr'>glorificatione</span> <span class='ocrx_word' id='word_1_293' title='bbox 547 2015 596 2071; x_wconf 87' lang='lat' dir='ltr'>llei</span> <span class='ocrx_word' id='word_1_294' title='bbox 621 2015 664 2071; x_wconf 87' lang='lat' dir='ltr'>vel</span> <span class='ocrx_word' id='word_1_295' title='bbox 691 2016 916 2073; x_wconf 87' lang='lat' dir='ltr'>sanctificatione</span> <span class='ocrx_word' id='word_1_296' title='bbox 972 2019 1028 2078; x_wconf 93' lang='lat' dir='ltr'>lur,</span> <span class='ocrx_word' id='word_1_297' title='bbox 1055 2027 1108 2068; x_wconf 88' lang='lat' dir='ltr'>neo</span> <span class='ocrx_word' id='word_1_298' title='bbox 1136 2027 1273 2082; x_wconf 82' lang='lat' dir='ltr'>generare</span> <span class='ocrx_word' id='word_1_299' title='bbox 1296 2021 1387 2083; x_wconf 91' lang='lat' dir='ltr'>polest</span> <span class='ocrx_word' id='word_1_300' title='bbox 1402 2013 1554 2072; x_wconf 81' lang='lat' dir='ltr'>fastidium</span> <span class='ocrx_word' id='word_1_301' title='bbox 1586 2016 1642 2073; x_wconf 91' lang='lat' dir='ltr'>isla</span> <span class='ocrx_word' id='word_1_302' title='bbox 1662 2016 1817 2075; x_wconf 81' lang='lat' dir='ltr'>diversitas</span> 
     </span>
     <span class='ocr_line' id='line_1_35' title="bbox 61 2100 1816 2175; baseline 0.004 -19"><span class='ocrx_word' id='word_1_303' title='bbox 61 2100 154 2158; x_wconf 86' lang='lat' dir='ltr'>divini</span> <span class='ocrx_word' id='word_1_304' title='bbox 172 2103 299 2158; x_wconf 90' lang='lat' dir='ltr'>nominis</span> <span class='ocrx_word' id='word_1_305' title='bbox 324 2117 375 2174; x_wconf 92' lang='lat' dir='ltr'>per</span> <span class='ocrx_word' id='word_1_306' title='bbox 399 2104 531 2160; x_wconf 90' lang='lat' dir='ltr'>eumdem</span> <span class='ocrx_word' id='word_1_307' title='bbox 556 2105 722 2174; x_wconf 87' lang='lat' dir='ltr'>prophetam</span> <span class='ocrx_word' id='word_1_308' title='bbox 739 2119 915 2175; x_wconf 89' lang='lat' dir='ltr'>consequen·</span> <span class='ocrx_word' id='word_1_309' title='bbox 970 2101 1156 2157; x_wconf 80' lang='lat' dir='ltr'>ferculorum.</span> <span class='ocrx_word' id='word_1_310' title='bbox 1182 2101 1268 2157; x_wconf 89' lang='lat' dir='ltr'>Panis</span> <span class='ocrx_word' id='word_1_311' title='bbox 1287 2110 1383 2158; x_wconf 89' lang='lat' dir='ltr'>autem</span> <span class='ocrx_word' id='word_1_312' title='bbox 1407 2104 1694 2174; x_wconf 88' lang='lat' dir='ltr'>supersubstantialis</span> <span class='ocrx_word' id='word_1_313' title='bbox 1707 2105 1754 2163; x_wconf 93' lang='lat' dir='ltr'>hic</span> <span class='ocrx_word' id='word_1_314' title='bbox 1772 2106 1816 2164; x_wconf 92' lang='lat' dir='ltr'>in·</span> 
     </span>
     <span class='ocr_line' id='line_1_36' title="bbox 63 2189 1816 2265; baseline 0.005 -19"><span class='ocrx_word' id='word_1_315' title='bbox 63 2198 105 2246; x_wconf 89' lang='lat' dir='ltr'>ter</span> <span class='ocrx_word' id='word_1_316' title='bbox 121 2191 267 2248; x_wconf 81' lang='lat' dir='ltr'>Dominus</span> <span class='ocrx_word' id='word_1_317' title='bbox 281 2192 415 2265; x_wconf 82' lang='lat' dir='ltr'>adjungit</span> <span class='ocrx_word' id='word_1_318' title='bbox 430 2206 437 2248; x_wconf 91' lang='lat'>:</span> <span class='ocrx_word' id='word_1_319' title='bbox 460 2194 499 2250; x_wconf 79' lang='lat' dir='ltr'>Et</span> <span class='ocrx_word' id='word_1_320' title='bbox 520 2195 692 2263; x_wconf 76' lang='lat' dir='ltr'>sanctificabo</span> <span class='ocrx_word' id='word_1_321' title='bbox 707 2210 802 2250; x_wconf 87' lang='lat' dir='ltr'>namen</span> <span class='ocrx_word' id='word_1_322' title='bbox 815 2210 913 2263; x_wconf 90' lang='lat' dir='ltr'>meum,</span> <span class='ocrx_word' id='word_1_323' title='bbox 970 2189 1128 2262; x_wconf 86' lang='lat' dir='ltr'>telligenlia</span> <span class='ocrx_word' id='word_1_324' title='bbox 1142 2191 1257 2260; x_wconf 87' lang='lat' dir='ltr'>dicitur,</span> <span class='ocrx_word' id='word_1_325' title='bbox 1280 2193 1350 2262; x_wconf 90' lang='lat' dir='ltr'>qnia</span> <span class='ocrx_word' id='word_1_326' title='bbox 1366 2191 1450 2264; x_wconf 80' lang='lat' dir='ltr'>lange</span> <span class='ocrx_word' id='word_1_327' title='bbox 1473 2193 1520 2249; x_wconf 92' lang='lat' dir='ltr'>hic</span> <span class='ocrx_word' id='word_1_328' title='bbox 1539 2193 1621 2251; x_wconf 90' lang='lat' dir='ltr'>cibus</span> <span class='ocrx_word' id='word_1_329' title='bbox 1639 2195 1743 2253; x_wconf 84' lang='lat' dir='ltr'>animae</span> <span class='ocrx_word' id='word_1_330' title='bbox 1763 2211 1816 2254; x_wconf 84' lang='lat' dir='ltr'>sx-</span> 
     </span>
     <span class='ocr_line' id='line_1_37' title="bbox 62 2280 1816 2354; baseline 0.005 -20"><span class='ocrx_word' id='word_1_331' title='bbox 62 2280 135 2348; x_wconf 85' lang='lat' dir='ltr'>quod</span> <span class='ocrx_word' id='word_1_332' title='bbox 144 2282 284 2351; x_wconf 86' lang='lat' dir='ltr'>pollutum</span> <span class='ocrx_word' id='word_1_333' title='bbox 302 2288 342 2336; x_wconf 91' lang='lat' dir='ltr'>est</span> <span class='ocrx_word' id='word_1_334' title='bbox 360 2286 432 2337; x_wconf 86' lang='lat' dir='ltr'>inter</span> <span class='ocrx_word' id='word_1_335' title='bbox 446 2287 548 2350; x_wconf 78' lang='lat' dir='ltr'>pentes,</span> <span class='ocrx_word' id='word_1_336' title='bbox 564 2283 636 2349; x_wconf 88' lang='lat' dir='ltr'>quod</span> <span class='ocrx_word' id='word_1_337' title='bbox 659 2285 796 2354; x_wconf 81' lang='lat' dir='ltr'>polluistis</span> <span class='ocrx_word' id='word_1_338' title='bbox 819 2287 847 2338; x_wconf 89' lang='lat' dir='ltr'>in</span> <span class='ocrx_word' id='word_1_339' title='bbox 862 2300 915 2338; x_wconf 90' lang='lat' dir='ltr'>me·</span> <span class='ocrx_word' id='word_1_340' title='bbox 969 2280 1117 2337; x_wconf 89' lang='lat' dir='ltr'>cellentior</span> <span class='ocrx_word' id='word_1_341' title='bbox 1141 2287 1193 2348; x_wconf 90' lang='lat' dir='ltr'>est,</span> <span class='ocrx_word' id='word_1_342' title='bbox 1215 2294 1302 2350; x_wconf 91' lang='lat' dir='ltr'>qnam</span> <span class='ocrx_word' id='word_1_343' title='bbox 1324 2280 1472 2352; x_wconf 87' lang='lat' dir='ltr'>quodlibet</span> <span class='ocrx_word' id='word_1_344' title='bbox 1493 2282 1696 2351; x_wconf 89' lang='lat' dir='ltr'>substantiale,</span> <span class='ocrx_word' id='word_1_345' title='bbox 1720 2284 1749 2340; x_wconf 91' lang='lat' dir='ltr'>id</span> <span class='ocrx_word' id='word_1_346' title='bbox 1774 2292 1816 2343; x_wconf 88' lang='lat' dir='ltr'>est</span> 
     </span>
     <span class='ocr_line' id='line_1_38' title="bbox 62 2369 1817 2445; baseline 0.005 -23"><span class='ocrx_word' id='word_1_347' title='bbox 62 2369 218 2426; x_wconf 60' lang='lat' dir='ltr'>&amp;aearum</span> <span class='ocrx_word' id='word_1_348' title='bbox 244 2370 352 2443; x_wconf 79' lang='lat' dir='ltr'>(ezech.</span> <span class='ocrx_word' id='word_1_349' title='bbox 369 2386 466 2440; x_wconf 77' lang='lat' dir='ltr'>xxxvi,</span> <span class='ocrx_word' id='word_1_350' title='bbox 494 2372 549 2444; x_wconf 69' lang='grc' dir='ltr'>ιι).</span> <span class='ocrx_word' id='word_1_351' title='bbox 575 2371 655 2439; x_wconf 87' lang='lat' dir='ltr'>Quod</span> <span class='ocrx_word' id='word_1_352' title='bbox 678 2372 764 2430; x_wconf 88' lang='lat' dir='ltr'>etiam</span> <span class='ocrx_word' id='word_1_353' title='bbox 789 2372 915 2444; x_wconf 84' lang='lat' dir='ltr'>qualiter</span> <span class='ocrx_word' id='word_1_354' title='bbox 970 2369 1116 2440; x_wconf 89' lang='lat' dir='ltr'>corporale</span> <span class='ocrx_word' id='word_1_355' title='bbox 1144 2369 1323 2438; x_wconf 91' lang='lat' dir='ltr'>alimentum,</span> <span class='ocrx_word' id='word_1_356' title='bbox 1350 2369 1428 2441; x_wconf 92' lang='lat' dir='ltr'>quod</span> <span class='ocrx_word' id='word_1_357' title='bbox 1452 2385 1519 2427; x_wconf 89' lang='lat' dir='ltr'>cnm</span> <span class='ocrx_word' id='word_1_358' title='bbox 1537 2371 1712 2430; x_wconf 88' lang='lat' dir='ltr'>animalibus</span> <span class='ocrx_word' id='word_1_359' title='bbox 1733 2373 1817 2445; x_wconf 77' lang='lat' dir='ltr'>nobis</span> 
     </span>
     <span class='ocr_line' id='line_1_39' title="bbox 64 2459 1816 2532; baseline 0.004 -19"><span class='ocrx_word' id='word_1_360' title='bbox 64 2459 122 2528; x_wconf 84' lang='lat' dir='ltr'>fiat,</span> <span class='ocrx_word' id='word_1_361' title='bbox 140 2460 355 2531; x_wconf 85' lang='lat' dir='ltr'>subsequenter</span> <span class='ocrx_word' id='word_1_362' title='bbox 378 2462 505 2531; x_wconf 80' lang='lat' dir='ltr'>exponit,</span> <span class='ocrx_word' id='word_1_363' title='bbox 529 2461 625 2517; x_wconf 87' lang='lat' dir='ltr'>dicens</span> <span class='ocrx_word' id='word_1_364' title='bbox 650 2461 914 2528; x_wconf 80' lang='lat' dir='ltr'>:Etfaciamutin</span> <span class='ocrx_word' id='word_1_365' title='bbox 969 2465 1011 2513; x_wconf 91' lang='lat' dir='ltr'>est</span> <span class='ocrx_word' id='word_1_366' title='bbox 1038 2473 1200 2514; x_wconf 88' lang='lat' dir='ltr'>commune.</span> <span class='ocrx_word' id='word_1_367' title='bbox 1235 2460 1310 2514; x_wconf 88' lang='lat' dir='ltr'>Bene</span> <span class='ocrx_word' id='word_1_368' title='bbox 1338 2473 1406 2530; x_wconf 78' lang='lat' dir='ltr'>ergo</span> <span class='ocrx_word' id='word_1_369' title='bbox 1441 2466 1572 2517; x_wconf 90' lang='lat' dir='ltr'>nostrum</span> <span class='ocrx_word' id='word_1_370' title='bbox 1615 2460 1685 2517; x_wconf 92' lang='lat' dir='ltr'>dicit</span> <span class='ocrx_word' id='word_1_371' title='bbox 1712 2474 1816 2532; x_wconf 91' lang='lat' dir='ltr'>panem</span> 
     </span>
     <span class='ocr_line' id='line_1_40' title="bbox 60 2546 1814 2621; baseline 0.003 -20"><span class='ocrx_word' id='word_1_372' title='bbox 60 2552 205 2619; x_wconf 68' lang='lat' dir='ltr'>preceptis</span> <span class='ocrx_word' id='word_1_373' title='bbox 220 2551 287 2604; x_wconf 87' lang='lat' dir='ltr'>meis</span> <span class='ocrx_word' id='word_1_374' title='bbox 308 2549 460 2619; x_wconf 79' lang='lat' dir='ltr'>ambuletis,</span> <span class='ocrx_word' id='word_1_375' title='bbox 475 2557 528 2607; x_wconf 89' lang='lat' dir='ltr'>etc.</span> <span class='ocrx_word' id='word_1_376' title='bbox 554 2548 719 2621; x_wconf 74' lang='lat' dir='ltr'>libid.‚ii.)</span> <span class='ocrx_word' id='word_1_377' title='bbox 739 2546 818 2606; x_wconf 84' lang='lat' dir='ltr'>Sicut</span> <span class='ocrx_word' id='word_1_378' title='bbox 836 2550 912 2606; x_wconf 92' lang='lat' dir='ltr'>enim</span> <span class='ocrx_word' id='word_1_379' title='bbox 970 2547 1067 2614; x_wconf 86' lang='lat' dir='ltr'>istum,</span> <span class='ocrx_word' id='word_1_380' title='bbox 1095 2548 1148 2603; x_wconf 93' lang='lat' dir='ltr'>hoc</span> <span class='ocrx_word' id='word_1_381' title='bbox 1169 2557 1211 2603; x_wconf 86' lang='lat' dir='ltr'>est</span> <span class='ocrx_word' id='word_1_382' title='bbox 1242 2547 1392 2617; x_wconf 89' lang='lat' dir='ltr'>proprium</span> <span class='ocrx_word' id='word_1_383' title='bbox 1423 2548 1607 2605; x_wconf 90' lang='lat' dir='ltr'>rationalium</span> <span class='ocrx_word' id='word_1_384' title='bbox 1638 2549 1814 2608; x_wconf 91' lang='lat' dir='ltr'>animarum.</span> 
     </span>
     <span class='ocr_line' id='line_1_41' title="bbox 61 2635 1817 2710; baseline 0.002 -17"><span class='ocrx_word' id='word_1_385' title='bbox 61 2636 263 2708; x_wconf 90' lang='lat' dir='ltr'>quantumin</span> <span class='ocrx_word' id='word_1_386' title='bbox 297 2637 380 2694; x_wconf 90' lang='lat' dir='ltr'>nobis</span> <span class='ocrx_word' id='word_1_387' title='bbox 410 2646 461 2707; x_wconf 92' lang='grc' dir='ltr'><strong>εει,</strong></span> <span class='ocrx_word' id='word_1_388' title='bbox 489 2638 697 2694; x_wconf 87' lang='lat' dir='ltr'>inhonoramus</span> <span class='ocrx_word' id='word_1_389' title='bbox 720 2638 822 2701; x_wconf 87' lang='lat' dir='ltr'>Deum,</span> <span class='ocrx_word' id='word_1_390' title='bbox 847 2652 913 2694; x_wconf 92' lang='lat' dir='ltr'>cnm</span> <span class='ocrx_word' id='word_1_391' title='bbox 972 2635 1053 2700; x_wconf 83' lang='lat' dir='ltr'>Quod</span> <span class='ocrx_word' id='word_1_392' title='bbox 1068 2636 1138 2691; x_wconf 88' lang='lat' dir='ltr'>dicit</span> <span class='ocrx_word' id='word_1_393' title='bbox 1154 2636 1242 2697; x_wconf 82' lang='lat' dir='ltr'>bodie,</span> <span class='ocrx_word' id='word_1_394' title='bbox 1262 2635 1317 2691; x_wconf 92' lang='lat' dir='ltr'>tale</span> <span class='ocrx_word' id='word_1_395' title='bbox 1332 2644 1374 2691; x_wconf 90' lang='lat' dir='ltr'>est</span> <span class='ocrx_word' id='word_1_396' title='bbox 1388 2650 1421 2692; x_wconf 92' lang='lat' dir='ltr'>ac</span> <span class='ocrx_word' id='word_1_397' title='bbox 1435 2636 1458 2692; x_wconf 89' lang='lat' dir='ltr'>si</span> <span class='ocrx_word' id='word_1_398' title='bbox 1478 2637 1651 2693; x_wconf 75' lang='lat' dir='ltr'>dicerettln</span> <span class='ocrx_word' id='word_1_399' title='bbox 1670 2637 1724 2695; x_wconf 89' lang='lat' dir='ltr'>hac</span> <span class='ocrx_word' id='word_1_400' title='bbox 1739 2652 1817 2710; x_wconf 78' lang='lat' dir='ltr'>prat·</span> 
     </span>
     <span class='ocr_line' id='line_1_42' title="bbox 61 2724 1815 2798; baseline 0.002 -16"><span class='ocrx_word' id='word_1_401' title='bbox 61 2728 124 2798; x_wconf 89' lang='lat' dir='ltr'>ejns</span> <span class='ocrx_word' id='word_1_402' title='bbox 145 2734 290 2798; x_wconf 79' lang='lat' dir='ltr'>praecepta</span> <span class='ocrx_word' id='word_1_403' title='bbox 314 2728 543 2792; x_wconf 88' lang='lat' dir='ltr'>contemnimns;</span> <span class='ocrx_word' id='word_1_404' title='bbox 564 2728 604 2784; x_wconf 89' lang='lat' dir='ltr'>ita</span> <span class='ocrx_word' id='word_1_405' title='bbox 628 2734 656 2784; x_wconf 90' lang='lat' dir='ltr'>et</span> <span class='ocrx_word' id='word_1_406' title='bbox 679 2727 839 2784; x_wconf 89' lang='lat' dir='ltr'>econtrario</span> <span class='ocrx_word' id='word_1_407' title='bbox 862 2741 914 2783; x_wconf 93' lang='lat' dir='ltr'>no·</span> <span class='ocrx_word' id='word_1_408' title='bbox 970 2725 1043 2781; x_wconf 86' lang='lat' dir='ltr'>senti</span> <span class='ocrx_word' id='word_1_409' title='bbox 1064 2725 1134 2793; x_wconf 90' lang='lat' dir='ltr'>vita,</span> <span class='ocrx_word' id='word_1_410' title='bbox 1158 2725 1211 2781; x_wconf 93' lang='lat' dir='ltr'>hoc</span> <span class='ocrx_word' id='word_1_411' title='bbox 1227 2724 1309 2781; x_wconf 90' lang='lat' dir='ltr'>nobis</span> <span class='ocrx_word' id='word_1_412' title='bbox 1326 2725 1463 2780; x_wconf 86' lang='lat' dir='ltr'>viaticum</span> <span class='ocrx_word' id='word_1_413' title='bbox 1480 2725 1622 2795; x_wconf 86' lang='lat' dir='ltr'>ministra,</span> <span class='ocrx_word' id='word_1_414' title='bbox 1644 2740 1681 2783; x_wconf 93' lang='lat' dir='ltr'>ne</span> <span class='ocrx_word' id='word_1_415' title='bbox 1699 2726 1815 2785; x_wconf 84' lang='lat' dir='ltr'>delicia·</span> 
     </span>
     <span class='ocr_line' id='line_1_43' title="bbox 61 2813 1815 2888; baseline 0.002 -16"><span class='ocrx_word' id='word_1_416' title='bbox 61 2823 122 2874; x_wconf 89' lang='lat' dir='ltr'>stra</span> <span class='ocrx_word' id='word_1_417' title='bbox 146 2830 215 2872; x_wconf 93' lang='lat' dir='ltr'>eum</span> <span class='ocrx_word' id='word_1_418' title='bbox 241 2815 363 2872; x_wconf 89' lang='lat' dir='ltr'>honorat</span> <span class='ocrx_word' id='word_1_419' title='bbox 387 2815 558 2873; x_wconf 90' lang='lat' dir='ltr'>obedientia.</span> <span class='ocrx_word' id='word_1_420' title='bbox 580 2816 689 2873; x_wconf 91' lang='lat' dir='ltr'>Nomen</span> <span class='ocrx_word' id='word_1_421' title='bbox 721 2817 818 2888; x_wconf 92' lang='lat' dir='ltr'>itaqne</span> <span class='ocrx_word' id='word_1_422' title='bbox 839 2817 912 2886; x_wconf 83' lang='lat' dir='ltr'>ejus,</span> <span class='ocrx_word' id='word_1_423' title='bbox 971 2829 1036 2871; x_wconf 91' lang='lat' dir='ltr'>mus</span> <span class='ocrx_word' id='word_1_424' title='bbox 1055 2815 1155 2870; x_wconf 88' lang='lat' dir='ltr'>invia.</span> <span class='ocrx_word' id='word_1_425' title='bbox 1171 2813 1234 2870; x_wconf 90' lang='lat' dir='ltr'>Non</span> <span class='ocrx_word' id='word_1_426' title='bbox 1251 2814 1313 2870; x_wconf 91' lang='lat' dir='ltr'>sine</span> <span class='ocrx_word' id='word_1_427' title='bbox 1333 2813 1523 2871; x_wconf 86' lang='lat' dir='ltr'>admiratione</span> <span class='ocrx_word' id='word_1_428' title='bbox 1538 2814 1654 2872; x_wconf 85' lang='lat' dir='ltr'>videtur</span> <span class='ocrx_word' id='word_1_429' title='bbox 1673 2815 1815 2887; x_wconf 89' lang='lat' dir='ltr'>accipien-</span> 
     </span>
     <span class='ocr_line' id='line_1_44' title="bbox 61 2902 1816 2979; baseline 0.002 -18"><span class='ocrx_word' id='word_1_430' title='bbox 61 2905 139 2977; x_wconf 93' lang='lat' dir='ltr'>qnod</span> <span class='ocrx_word' id='word_1_431' title='bbox 155 2906 188 2961; x_wconf 91' lang='lat' dir='ltr'>in</span> <span class='ocrx_word' id='word_1_432' title='bbox 212 2919 243 2961; x_wconf 92' lang='lat' dir='ltr'>se</span> <span class='ocrx_word' id='word_1_433' title='bbox 262 2913 399 2979; x_wconf 83' lang='lat' dir='ltr'>sanctum</span> <span class='ocrx_word' id='word_1_434' title='bbox 414 2913 466 2973; x_wconf 92' lang='lat' dir='ltr'>est,</span> <span class='ocrx_word' id='word_1_435' title='bbox 483 2906 513 2962; x_wconf 96' lang='lat' dir='ltr'>in</span> <span class='ocrx_word' id='word_1_436' title='bbox 538 2906 621 2961; x_wconf 90' lang='lat' dir='ltr'>nobis</span> <span class='ocrx_word' id='word_1_437' title='bbox 639 2905 729 2962; x_wconf 90' lang='lat' dir='ltr'>eliam</span> <span class='ocrx_word' id='word_1_438' title='bbox 750 2905 914 2962; x_wconf 81' lang='lat' dir='ltr'>sanctifica·</span> <span class='ocrx_word' id='word_1_439' title='bbox 971 2904 1040 2961; x_wconf 89' lang='lat' dir='ltr'>dum</span> <span class='ocrx_word' id='word_1_440' title='bbox 1056 2904 1133 2975; x_wconf 93' lang='lat' dir='ltr'>qnod</span> <span class='ocrx_word' id='word_1_441' title='bbox 1149 2902 1226 2974; x_wconf 91' lang='lat' dir='ltr'>apud</span> <span class='ocrx_word' id='word_1_442' title='bbox 1246 2917 1298 2959; x_wconf 91' lang='lat' dir='ltr'>nos</span> <span class='ocrx_word' id='word_1_443' title='bbox 1318 2902 1347 2958; x_wconf 92' lang='lat' dir='ltr'>in</span> <span class='ocrx_word' id='word_1_444' title='bbox 1362 2903 1600 2960; x_wconf 90' lang='lat' dir='ltr'>consuetudinem</span> <span class='ocrx_word' id='word_1_445' title='bbox 1614 2903 1748 2962; x_wconf 79' lang='lat' dir='ltr'>Ecclesiae</span> <span class='ocrx_word' id='word_1_446' title='bbox 1762 2918 1816 2963; x_wconf 82' lang='lat' dir='ltr'>ve-</span> 
     </span>
     <span class='ocr_line' id='line_1_45' title="bbox 62 2992 1814 3066; baseline 0.001 -15"><span class='ocrx_word' id='word_1_447' title='bbox 62 3005 122 3064; x_wconf 89' lang='lat' dir='ltr'>tur,</span> <span class='ocrx_word' id='word_1_448' title='bbox 137 3008 207 3052; x_wconf 91' lang='lat' dir='ltr'>cum</span> <span class='ocrx_word' id='word_1_449' title='bbox 223 2995 265 3050; x_wconf 90' lang='lat' dir='ltr'>sie</span> <span class='ocrx_word' id='word_1_450' title='bbox 280 2994 336 3051; x_wconf 93' lang='lat' dir='ltr'>snb</span> <span class='ocrx_word' id='word_1_451' title='bbox 357 2995 474 3051; x_wconf 89' lang='lat' dir='ltr'>nomine</span> <span class='ocrx_word' id='word_1_452' title='bbox 488 2995 552 3066; x_wconf 85' lang='lat' dir='ltr'>ejus</span> <span class='ocrx_word' id='word_1_453' title='bbox 572 2994 711 3063; x_wconf 84' lang='lat' dir='ltr'>vivimus,</span> <span class='ocrx_word' id='word_1_454' title='bbox 729 3002 762 3051; x_wconf 95' lang='lat' dir='ltr'>ut</span> <span class='ocrx_word' id='word_1_455' title='bbox 777 2995 846 3065; x_wconf 90' lang='lat' dir='ltr'>ipse,</span> <span class='ocrx_word' id='word_1_456' title='bbox 863 3009 913 3051; x_wconf 88' lang='lat' dir='ltr'>eu·</span> <span class='ocrx_word' id='word_1_457' title='bbox 969 2993 1053 3061; x_wconf 92' lang='lat' dir='ltr'>nerit,</span> <span class='ocrx_word' id='word_1_458' title='bbox 1070 3002 1101 3050; x_wconf 91' lang='lat' dir='ltr'>nt</span> <span class='ocrx_word' id='word_1_459' title='bbox 1116 3008 1182 3049; x_wconf 89' lang='lat' dir='ltr'>cnm</span> <span class='ocrx_word' id='word_1_460' title='bbox 1197 2992 1355 3049; x_wconf 89' lang='lat' dir='ltr'>orationem</span> <span class='ocrx_word' id='word_1_461' title='bbox 1379 2992 1557 3049; x_wconf 85' lang='lat' dir='ltr'>Dominicam</span> <span class='ocrx_word' id='word_1_462' title='bbox 1578 2992 1608 3049; x_wconf 93' lang='lat' dir='ltr'>in</span> <span class='ocrx_word' id='word_1_463' title='bbox 1622 2993 1719 3051; x_wconf 86' lang='lat' dir='ltr'>verbis</span> <span class='ocrx_word' id='word_1_464' title='bbox 1743 2993 1814 3052; x_wconf 83' lang='lat' dir='ltr'>llat-</span> 
     </span>
     <span class='ocr_line' id='line_1_46' title="bbox 58 3081 1814 3156; baseline -0.001 -15"><span class='ocrx_word' id='word_1_465' title='bbox 58 3085 105 3155; x_wconf 83' lang='lat' dir='ltr'>jns</span> <span class='ocrx_word' id='word_1_466' title='bbox 130 3083 183 3140; x_wconf 81' lang='lat' dir='ltr'>titii</span> <span class='ocrx_word' id='word_1_467' title='bbox 208 3097 269 3140; x_wconf 91' lang='lat' dir='ltr'>esse</span> <span class='ocrx_word' id='word_1_468' title='bbox 293 3083 428 3153; x_wconf 87' lang='lat' dir='ltr'>dicimur,</span> <span class='ocrx_word' id='word_1_469' title='bbox 454 3099 491 3141; x_wconf 84' lang='lat' dir='ltr'>ex</span> <span class='ocrx_word' id='word_1_470' title='bbox 515 3084 576 3140; x_wconf 85' lang='lat' dir='ltr'>vita</span> <span class='ocrx_word' id='word_1_471' title='bbox 602 3092 700 3140; x_wconf 90' lang='lat' dir='ltr'>nostra</span> <span class='ocrx_word' id='word_1_472' title='bbox 727 3083 912 3156; x_wconf 81' lang='lat' dir='ltr'>glorificetur.</span> <span class='ocrx_word' id='word_1_473' title='bbox 970 3082 1037 3138; x_wconf 82' lang='lat' dir='ltr'>thei</span> <span class='ocrx_word' id='word_1_474' title='bbox 1059 3082 1288 3154; x_wconf 84' lang='lat' dir='ltr'>trequentemns‚</span> <span class='ocrx_word' id='word_1_475' title='bbox 1309 3081 1358 3152; x_wconf 93' lang='lat' dir='ltr'>qul</span> <span class='ocrx_word' id='word_1_476' title='bbox 1374 3095 1448 3149; x_wconf 90' lang='lat' dir='ltr'>eam,</span> <span class='ocrx_word' id='word_1_477' title='bbox 1465 3090 1498 3139; x_wconf 88' lang='lat' dir='ltr'>ut</span> <span class='ocrx_word' id='word_1_478' title='bbox 1519 3081 1628 3145; x_wconf 87' lang='lat' dir='ltr'>dictum</span> <span class='ocrx_word' id='word_1_479' title='bbox 1653 3089 1705 3151; x_wconf 88' lang='lat' dir='ltr'>est,</span> <span class='ocrx_word' id='word_1_480' title='bbox 1723 3083 1814 3154; x_wconf 86' lang='lat' dir='ltr'>perle-</span> 
     </span>
     <span class='ocr_line' id='line_1_47' title="bbox 60 3169 1814 3244; baseline 0 -14"><span class='ocrx_word' id='word_1_481' title='bbox 60 3174 96 3230; x_wconf 86' lang='lat' dir='ltr'>tn</span> <span class='ocrx_word' id='word_1_482' title='bbox 120 3181 222 3229; x_wconf 87' lang='lat' dir='ltr'>autem</span> <span class='ocrx_word' id='word_1_483' title='bbox 247 3173 287 3228; x_wconf 89' lang='lat' dir='ltr'>ita</span> <span class='ocrx_word' id='word_1_484' title='bbox 315 3186 420 3229; x_wconf 91' lang='lat' dir='ltr'>nomen</span> <span class='ocrx_word' id='word_1_485' title='bbox 450 3174 514 3244; x_wconf 87' lang='lat' dir='ltr'>ejus</span> <span class='ocrx_word' id='word_1_486' title='bbox 541 3172 736 3229; x_wconf 81' lang='lat' dir='ltr'>sanctificetur</span> <span class='ocrx_word' id='word_1_487' title='bbox 764 3173 793 3227; x_wconf 92' lang='lat' dir='ltr'>in</span> <span class='ocrx_word' id='word_1_488' title='bbox 819 3171 914 3239; x_wconf 89' lang='lat' dir='ltr'>nobis,</span> <span class='ocrx_word' id='word_1_489' title='bbox 970 3172 1044 3228; x_wconf 92' lang='lat' dir='ltr'>clins</span> <span class='ocrx_word' id='word_1_490' title='bbox 1070 3172 1225 3242; x_wconf 88' lang='lat' dir='ltr'>scripserit,</span> <span class='ocrx_word' id='word_1_491' title='bbox 1242 3185 1335 3228; x_wconf 92' lang='lat' dir='ltr'>unnm</span> <span class='ocrx_word' id='word_1_492' title='bbox 1359 3169 1422 3241; x_wconf 77' lang='lat' dir='ltr'>eJus</span> <span class='ocrx_word' id='word_1_493' title='bbox 1441 3169 1574 3240; x_wconf 85' lang='lat' dir='ltr'>verbum,</span> <span class='ocrx_word' id='word_1_494' title='bbox 1597 3171 1814 3230; x_wconf 81' lang='lat' dir='ltr'>caelerisomni·</span> 
     </span>
     <span class='ocr_line' id='line_1_48' title="bbox 60 3260 1814 3334; baseline -0.001 -15"><span class='ocrx_word' id='word_1_495' title='bbox 60 3262 208 3319; x_wconf 84' lang='lat' dir='ltr'>orandum</span> <span class='ocrx_word' id='word_1_496' title='bbox 234 3262 319 3318; x_wconf 88' lang='lat' dir='ltr'>nobis</span> <span class='ocrx_word' id='word_1_497' title='bbox 340 3269 438 3326; x_wconf 90' lang='lat' dir='ltr'>estut,</span> <span class='ocrx_word' id='word_1_498' title='bbox 463 3261 584 3333; x_wconf 85' lang='lat' dir='ltr'>expulso</span> <span class='ocrx_word' id='word_1_499' title='bbox 608 3275 625 3317; x_wconf 93' lang='lat' dir='ltr'>a</span> <span class='ocrx_word' id='word_1_500' title='bbox 646 3261 729 3318; x_wconf 92' lang='lat' dir='ltr'>nobis</span> <span class='ocrx_word' id='word_1_501' title='bbox 745 3276 834 3334; x_wconf 83' lang='lat' dir='ltr'>regno</span> <span class='ocrx_word' id='word_1_502' title='bbox 850 3261 914 3317; x_wconf 91' lang='lat' dir='ltr'>dia·</span> <span class='ocrx_word' id='word_1_503' title='bbox 970 3261 1024 3317; x_wconf 90' lang='lat' dir='ltr'>bns</span> <span class='ocrx_word' id='word_1_504' title='bbox 1039 3260 1166 3329; x_wconf 91' lang='lat' dir='ltr'>retentis,</span> <span class='ocrx_word' id='word_1_505' title='bbox 1189 3268 1410 3327; x_wconf 88' lang='lat' dir='ltr'>commutemus,</span> <span class='ocrx_word' id='word_1_506' title='bbox 1436 3273 1487 3330; x_wconf 92' lang='lat' dir='ltr'>pro</span> <span class='ocrx_word' id='word_1_507' title='bbox 1512 3261 1814 3332; x_wconf 82' lang='lat' dir='ltr'>supersubstantialem,</span> 
     </span>
     <span class='ocr_line' id='line_1_49' title="bbox 61 3347 1816 3423; baseline -0.001 -13"><span class='ocrx_word' id='word_1_508' title='bbox 61 3350 386 3422; x_wconf 65' lang='lat' dir='ltr'>miserrimumque</span> <span class='ocrx_word' id='word_1_509' title='bbox 410 3365 468 3423; x_wconf 93' lang='lat' dir='ltr'>qno</span> <span class='ocrx_word' id='word_1_510' title='bbox 493 3350 562 3407; x_wconf 87' lang='lat' dir='ltr'>dicit</span> <span class='ocrx_word' id='word_1_511' title='bbox 587 3350 740 3421; x_wconf 84' lang='lat' dir='ltr'>Apostolus</span> <span class='ocrx_word' id='word_1_512' title='bbox 765 3366 771 3404; x_wconf 91' lang='lat'>:</span> <span class='ocrx_word' id='word_1_513' title='bbox 792 3352 850 3407; x_wconf 86' lang='lat' dir='ltr'>Non</span> <span class='ocrx_word' id='word_1_514' title='bbox 875 3366 916 3404; x_wconf 85' lang='lat' dir='ltr'>re·</span> <span class='ocrx_word' id='word_1_515' title='bbox 970 3350 1076 3406; x_wconf 91' lang='lat' dir='ltr'>scilicet</span> <span class='ocrx_word' id='word_1_516' title='bbox 1093 3349 1170 3422; x_wconf 92' lang='lat' dir='ltr'>quod</span> <span class='ocrx_word' id='word_1_517' title='bbox 1194 3350 1254 3420; x_wconf 89' lang='lat' dir='ltr'>ipse</span> <span class='ocrx_word' id='word_1_518' title='bbox 1268 3349 1377 3422; x_wconf 90' lang='lat' dir='ltr'>posuit,</span> <span class='ocrx_word' id='word_1_519' title='bbox 1393 3347 1520 3406; x_wconf 89' lang='lat' dir='ltr'>dicentes</span> <span class='ocrx_word' id='word_1_520' title='bbox 1539 3351 1742 3421; x_wconf 88' lang='lat' dir='ltr'>quotidianum,</span> <span class='ocrx_word' id='word_1_521' title='bbox 1758 3351 1816 3408; x_wconf 90' lang='lat' dir='ltr'>sic-</span> 
     </span>
     <span class='ocr_line' id='line_1_50' title="bbox 61 3438 1815 3514; baseline 0 -17"><span class='ocrx_word' id='word_1_522' title='bbox 61 3447 125 3512; x_wconf 78' lang='lat' dir='ltr'>qnet</span> <span class='ocrx_word' id='word_1_523' title='bbox 138 3448 282 3511; x_wconf 72' lang='lat' dir='ltr'>penatum</span> <span class='ocrx_word' id='word_1_524' title='bbox 298 3443 327 3496; x_wconf 94' lang='lat' dir='ltr'>in</span> <span class='ocrx_word' id='word_1_525' title='bbox 342 3447 431 3496; x_wconf 84' lang='lat' dir='ltr'>vestro</span> <span class='ocrx_word' id='word_1_526' title='bbox 447 3441 722 3509; x_wconf 83' lang='lat' dir='ltr'>mortalipectaread</span> <span class='ocrx_word' id='word_1_527' title='bbox 735 3438 916 3495; x_wconf 81' lang='lat' dir='ltr'>obediendum</span> <span class='ocrx_word' id='word_1_528' title='bbox 969 3446 1002 3495; x_wconf 93' lang='lat' dir='ltr'>ut</span> <span class='ocrx_word' id='word_1_529' title='bbox 1025 3440 1115 3495; x_wconf 82' lang='lat' dir='ltr'>Lucas</span> <span class='ocrx_word' id='word_1_530' title='bbox 1136 3439 1198 3505; x_wconf 89' lang='lat' dir='ltr'>ait;</span> <span class='ocrx_word' id='word_1_531' title='bbox 1225 3438 1383 3508; x_wconf 81' lang='lat' dir='ltr'>presertim</span> <span class='ocrx_word' id='word_1_532' title='bbox 1408 3451 1475 3494; x_wconf 91' lang='lat' dir='ltr'>cum</span> <span class='ocrx_word' id='word_1_533' title='bbox 1497 3438 1587 3510; x_wconf 88' lang='lat' dir='ltr'>hujus</span> <span class='ocrx_word' id='word_1_534' title='bbox 1609 3439 1693 3512; x_wconf 89' lang='lat' dir='ltr'>panis</span> <span class='ocrx_word' id='word_1_535' title='bbox 1715 3438 1815 3514; x_wconf 79' lang='lat' dir='ltr'>digni-</span> 
     </span>
     <span class='ocr_line' id='line_1_51' title="bbox 64 3524 1817 3600; baseline 0.001 -14"><span class='ocrx_word' id='word_1_536' title='bbox 64 3532 295 3600; x_wconf 85' lang='lat' dir='ltr'>eancapiscentiis</span> <span class='ocrx_word' id='word_1_537' title='bbox 309 3530 368 3599; x_wconf 84' lang='lat' dir='ltr'>ejus</span> <span class='ocrx_word' id='word_1_538' title='bbox 385 3528 474 3600; x_wconf 87' lang='lat' dir='ltr'>(Ram.</span> <span class='ocrx_word' id='word_1_539' title='bbox 491 3544 530 3595; x_wconf 84' lang='lat' dir='ltr'>vr,</span> <span class='ocrx_word' id='word_1_540' title='bbox 549 3528 605 3599; x_wconf 71' lang='lat' dir='ltr'>til,</span> <span class='ocrx_word' id='word_1_541' title='bbox 621 3542 743 3599; x_wconf 78' lang='lat' dir='ltr'>regnum</span> <span class='ocrx_word' id='word_1_542' title='bbox 760 3527 810 3583; x_wconf 87' lang='lat' dir='ltr'>Dei</span> <span class='ocrx_word' id='word_1_543' title='bbox 825 3528 916 3583; x_wconf 90' lang='lat' dir='ltr'>adve-</span> <span class='ocrx_word' id='word_1_544' title='bbox 969 3535 1013 3583; x_wconf 92' lang='lat' dir='ltr'>tas</span> <span class='ocrx_word' id='word_1_545' title='bbox 1027 3542 1084 3584; x_wconf 88' lang='lat' dir='ltr'>non</span> <span class='ocrx_word' id='word_1_546' title='bbox 1100 3527 1197 3583; x_wconf 90' lang='lat' dir='ltr'>minus</span> <span class='ocrx_word' id='word_1_547' title='bbox 1211 3526 1333 3597; x_wconf 84' lang='lat' dir='ltr'>exprimi</span> <span class='ocrx_word' id='word_1_548' title='bbox 1350 3524 1493 3594; x_wconf 88' lang='lat' dir='ltr'>videatur,</span> <span class='ocrx_word' id='word_1_549' title='bbox 1515 3542 1581 3584; x_wconf 92' lang='lat' dir='ltr'>cum</span> <span class='ocrx_word' id='word_1_550' title='bbox 1595 3529 1817 3600; x_wconf 87' lang='lat' dir='ltr'>supersubstan-</span> 
     </span>
     <span class='ocr_line' id='line_1_52' title="bbox 62 3615 1815 3691; baseline -0.001 -15"><span class='ocrx_word' id='word_1_551' title='bbox 62 3621 123 3677; x_wconf 91' lang='lat' dir='ltr'>niat</span> <span class='ocrx_word' id='word_1_552' title='bbox 139 3619 171 3675; x_wconf 93' lang='lat' dir='ltr'>iu</span> <span class='ocrx_word' id='word_1_553' title='bbox 197 3618 291 3675; x_wconf 91' lang='lat' dir='ltr'>nobis.</span> <span class='ocrx_word' id='word_1_554' title='bbox 310 3616 345 3673; x_wconf 84' lang='lat' dir='ltr'>El</span> <span class='ocrx_word' id='word_1_555' title='bbox 360 3616 415 3674; x_wconf 92' lang='lat' dir='ltr'>hoc</span> <span class='ocrx_word' id='word_1_556' title='bbox 429 3625 471 3675; x_wconf 91' lang='lat' dir='ltr'>est</span> <span class='ocrx_word' id='word_1_557' title='bbox 493 3617 571 3688; x_wconf 92' lang='lat' dir='ltr'>qnod</span> <span class='ocrx_word' id='word_1_558' title='bbox 592 3617 718 3673; x_wconf 75' lang='lat' dir='ltr'>meando</span> <span class='ocrx_word' id='word_1_559' title='bbox 733 3616 857 3687; x_wconf 90' lang='lat' dir='ltr'>petimus</span> <span class='ocrx_word' id='word_1_560' title='bbox 872 3615 916 3671; x_wconf 92' lang='lat' dir='ltr'>di·</span> <span class='ocrx_word' id='word_1_561' title='bbox 970 3616 1043 3672; x_wconf 87' lang='lat' dir='ltr'>llalis</span> <span class='ocrx_word' id='word_1_562' title='bbox 1066 3616 1184 3682; x_wconf 88' lang='lat' dir='ltr'>dicitnr,</span> <span class='ocrx_word' id='word_1_563' title='bbox 1219 3630 1305 3686; x_wconf 91' lang='lat' dir='ltr'>quam</span> <span class='ocrx_word' id='word_1_564' title='bbox 1329 3629 1396 3671; x_wconf 90' lang='lat' dir='ltr'>cum</span> <span class='ocrx_word' id='word_1_565' title='bbox 1426 3615 1613 3685; x_wconf 88' lang='lat' dir='ltr'>quotidianus</span> <span class='ocrx_word' id='word_1_566' title='bbox 1644 3618 1815 3691; x_wconf 88' lang='lat' dir='ltr'>appellatur.</span> 
     </span>
     <span class='ocr_line' id='line_1_53' title="bbox 62 3702 1815 3775; baseline -0.001 -8"><span class='ocrx_word' id='word_1_567' title='bbox 62 3717 179 3766; x_wconf 88' lang='lat' dir='ltr'>centes:</span> <span class='ocrx_word' id='word_1_568' title='bbox 197 3708 338 3763; x_wconf 75' lang='lat' dir='ltr'>adueniat</span> <span class='ocrx_word' id='word_1_569' title='bbox 355 3723 469 3775; x_wconf 75' lang='lat' dir='ltr'>aequum</span> <span class='ocrx_word' id='word_1_570' title='bbox 484 3712 568 3772; x_wconf 89' lang='lat' dir='ltr'>tuum,</span> <span class='ocrx_word' id='word_1_571' title='bbox 595 3707 649 3762; x_wconf 91' lang='lat' dir='ltr'>boc</span> <span class='ocrx_word' id='word_1_572' title='bbox 663 3713 704 3762; x_wconf 90' lang='lat' dir='ltr'>est</span> <span class='ocrx_word' id='word_1_573' title='bbox 719 3712 802 3762; x_wconf 90' lang='lat' dir='ltr'>tuum</span> <span class='ocrx_word' id='word_1_574' title='bbox 820 3705 850 3761; x_wconf 92' lang='lat' dir='ltr'>in</span> <span class='ocrx_word' id='word_1_575' title='bbox 864 3719 915 3761; x_wconf 93' lang='lat' dir='ltr'>no·</span> <span class='ocrx_word' id='word_1_576' title='bbox 969 3705 1098 3775; x_wconf 85' lang='lat' dir='ltr'>lienique</span> <span class='ocrx_word' id='word_1_577' title='bbox 1122 3704 1145 3760; x_wconf 91' lang='lat' dir='ltr'>si</span> <span class='ocrx_word' id='word_1_578' title='bbox 1161 3703 1335 3761; x_wconf 88' lang='lat' dir='ltr'>arbitremur</span> <span class='ocrx_word' id='word_1_579' title='bbox 1355 3702 1520 3760; x_wconf 76' lang='lat' dir='ltr'>alialthaeo</span> <span class='ocrx_word' id='word_1_580' title='bbox 1544 3704 1646 3762; x_wconf 90' lang='lat' dir='ltr'>mellus</span> <span class='ocrx_word' id='word_1_581' title='bbox 1661 3707 1815 3765; x_wconf 86' lang='lat' dir='ltr'>dicendum</span> 
     </span>
     <span class='ocr_line' id='line_1_54' title="bbox 63 3793 1818 3868; baseline -0.001 -12"><span class='ocrx_word' id='word_1_582' title='bbox 63 3798 105 3856; x_wconf 88' lang='lat' dir='ltr'>bis</span> <span class='ocrx_word' id='word_1_583' title='bbox 121 3801 165 3855; x_wconf 88' lang='lat' dir='ltr'>ita</span> <span class='ocrx_word' id='word_1_584' title='bbox 193 3797 229 3854; x_wconf 93' lang='lat' dir='ltr'>sit</span> <span class='ocrx_word' id='word_1_585' title='bbox 252 3796 424 3864; x_wconf 89' lang='lat' dir='ltr'>dominium,</span> <span class='ocrx_word' id='word_1_586' title='bbox 440 3804 473 3853; x_wconf 95' lang='lat' dir='ltr'>nt</span> <span class='ocrx_word' id='word_1_587' title='bbox 487 3796 538 3852; x_wconf 89' lang='lat' dir='ltr'>tibi</span> <span class='ocrx_word' id='word_1_588' title='bbox 561 3805 748 3867; x_wconf 86' lang='lat' dir='ltr'>spontaneam</span> <span class='ocrx_word' id='word_1_589' title='bbox 772 3795 802 3851; x_wconf 95' lang='lat' dir='ltr'>in</span> <span class='ocrx_word' id='word_1_590' title='bbox 825 3794 916 3851; x_wconf 89' lang='lat' dir='ltr'>omni·</span> <span class='ocrx_word' id='word_1_591' title='bbox 969 3793 1056 3850; x_wconf 87' lang='lat' dir='ltr'>inisse</span> <span class='ocrx_word' id='word_1_592' title='bbox 1082 3794 1285 3864; x_wconf 87' lang='lat' dir='ltr'>quotidianum,</span> <span class='ocrx_word' id='word_1_593' title='bbox 1311 3806 1400 3863; x_wconf 92' lang='lat' dir='ltr'>quam</span> <span class='ocrx_word' id='word_1_594' title='bbox 1422 3793 1725 3863; x_wconf 83' lang='lat' dir='ltr'>supersubstantialem,</span> <span class='ocrx_word' id='word_1_595' title='bbox 1750 3796 1818 3868; x_wconf 89' lang='lat' dir='ltr'>quis</span> 
     </span>
     <span class='ocr_line' id='line_1_55' title="bbox 62 3881 1817 3955; baseline -0.003 -10"><span class='ocrx_word' id='word_1_596' title='bbox 62 3889 117 3945; x_wconf 88' lang='lat' dir='ltr'>bus</span> <span class='ocrx_word' id='word_1_597' title='bbox 137 3886 332 3944; x_wconf 84' lang='lat' dir='ltr'>exhibeamus</span> <span class='ocrx_word' id='word_1_598' title='bbox 352 3886 553 3943; x_wconf 90' lang='lat' dir='ltr'>obedientiam.</span> <span class='ocrx_word' id='word_1_599' title='bbox 572 3885 653 3950; x_wconf 78' lang='lat' dir='ltr'>Quod</span> <span class='ocrx_word' id='word_1_600' title='bbox 670 3894 702 3941; x_wconf 93' lang='lat' dir='ltr'>ut</span> <span class='ocrx_word' id='word_1_601' title='bbox 719 3885 769 3940; x_wconf 86' lang='lat' dir='ltr'>tlat</span> <span class='ocrx_word' id='word_1_602' title='bbox 784 3884 914 3940; x_wconf 90' lang='lat' dir='ltr'>anobis:</span> <span class='ocrx_word' id='word_1_603' title='bbox 970 3885 1022 3940; x_wconf 92' lang='lat' dir='ltr'>hoc</span> <span class='ocrx_word' id='word_1_604' title='bbox 1038 3881 1254 3953; x_wconf 80' lang='lat' dir='ltr'>presumptioni</span> <span class='ocrx_word' id='word_1_605' title='bbox 1270 3896 1329 3937; x_wconf 91' lang='lat' dir='ltr'>non</span> <span class='ocrx_word' id='word_1_606' title='bbox 1345 3881 1477 3950; x_wconf 90' lang='lat' dir='ltr'>imputet,</span> <span class='ocrx_word' id='word_1_607' title='bbox 1502 3889 1534 3936; x_wconf 93' lang='grc' dir='ltr'>ιιι</span> <span class='ocrx_word' id='word_1_608' title='bbox 1548 3896 1606 3937; x_wconf 93' lang='lat' dir='ltr'>non</span> <span class='ocrx_word' id='word_1_609' title='bbox 1623 3882 1716 3940; x_wconf 91' lang='lat' dir='ltr'>solnm</span> <span class='ocrx_word' id='word_1_610' title='bbox 1739 3883 1817 3955; x_wconf 78' lang='lat' dir='ltr'>Apo·</span> 
     </span>
     <span class='ocr_line' id='line_1_56' title="bbox 62 3968 1817 4045; baseline 0.001 -16"><span class='ocrx_word' id='word_1_611' title='bbox 62 3977 122 4031; x_wconf 73' lang='lat' dir='ltr'>Pici</span> <span class='ocrx_word' id='word_1_612' title='bbox 154 3976 281 4030; x_wconf 81' lang='lat' dir='ltr'>coloratas</span> <span class='ocrx_word' id='word_1_613' title='bbox 303 3982 351 4030; x_wconf 90' lang='lat' dir='ltr'>tua</span> <span class='ocrx_word' id='word_1_614' title='bbox 371 3979 400 4029; x_wconf 90' lang='lat' dir='ltr'>in</span> <span class='ocrx_word' id='word_1_615' title='bbox 424 3975 510 4043; x_wconf 86' lang='lat' dir='ltr'>nobis,</span> <span class='ocrx_word' id='word_1_616' title='bbox 539 3989 606 4045; x_wconf 83' lang='lat' dir='ltr'>qnae</span> <span class='ocrx_word' id='word_1_617' title='bbox 627 3976 670 4030; x_wconf 86' lang='lat' dir='ltr'>est</span> <span class='ocrx_word' id='word_1_618' title='bbox 697 3973 779 4030; x_wconf 89' lang='lat' dir='ltr'>tertia</span> <span class='ocrx_word' id='word_1_619' title='bbox 805 3972 913 4043; x_wconf 91' lang='lat' dir='ltr'>petitio.</span> <span class='ocrx_word' id='word_1_620' title='bbox 970 3972 1086 4042; x_wconf 90' lang='lat' dir='ltr'>stolum,</span> <span class='ocrx_word' id='word_1_621' title='bbox 1104 3985 1206 4028; x_wconf 84' lang='lat' dir='ltr'>verum</span> <span class='ocrx_word' id='word_1_622' title='bbox 1227 3970 1313 4027; x_wconf 90' lang='lat' dir='ltr'>etiam</span> <span class='ocrx_word' id='word_1_623' title='bbox 1339 3968 1493 4026; x_wconf 86' lang='lat' dir='ltr'>[lominum</span> <span class='ocrx_word' id='word_1_624' title='bbox 1517 3971 1660 4043; x_wconf 78' lang='lat' dir='ltr'>corrigere</span> <span class='ocrx_word' id='word_1_625' title='bbox 1680 3971 1817 4044; x_wconf 84' lang='lat' dir='ltr'>velimus,</span> 
     </span>
     <span class='ocr_line' id='line_1_57' title="bbox 62 4059 1818 4137; baseline -0.001 -18"><span class='ocrx_word' id='word_1_626' title='bbox 62 4064 135 4132; x_wconf 76' lang='lat' dir='ltr'>lna,</span> <span class='ocrx_word' id='word_1_627' title='bbox 152 4064 285 4137; x_wconf 89' lang='lat' dir='ltr'>inquam,</span> <span class='ocrx_word' id='word_1_628' title='bbox 302 4079 369 4136; x_wconf 76' lang='lat' dir='ltr'>quae</span> <span class='ocrx_word' id='word_1_629' title='bbox 384 4077 481 4121; x_wconf 90' lang='lat' dir='ltr'>errare</span> <span class='ocrx_word' id='word_1_630' title='bbox 501 4078 559 4119; x_wconf 94' lang='lat' dir='ltr'>non</span> <span class='ocrx_word' id='word_1_631' title='bbox 575 4069 675 4133; x_wconf 85' lang='lat' dir='ltr'>potest,</span> <span class='ocrx_word' id='word_1_632' title='bbox 689 4063 734 4120; x_wconf 81' lang='lat' dir='ltr'>rel</span> <span class='ocrx_word' id='word_1_633' title='bbox 750 4062 829 4118; x_wconf 92' lang='lat' dir='ltr'>mala</span> <span class='ocrx_word' id='word_1_634' title='bbox 842 4075 913 4118; x_wconf 88' lang='lat' dir='ltr'>esse.</span> <span class='ocrx_word' id='word_1_635' title='bbox 970 4077 1036 4118; x_wconf 93' lang='lat' dir='ltr'>cnm</span> <span class='ocrx_word' id='word_1_636' title='bbox 1053 4061 1098 4117; x_wconf 89' lang='lat' dir='ltr'>ille</span> <span class='ocrx_word' id='word_1_637' title='bbox 1118 4060 1159 4116; x_wconf 89' lang='lat' dir='ltr'>sic</span> <span class='ocrx_word' id='word_1_638' title='bbox 1175 4074 1239 4117; x_wconf 89' lang='lat' dir='ltr'>eam</span> <span class='ocrx_word' id='word_1_639' title='bbox 1260 4059 1416 4129; x_wconf 89' lang='lat' dir='ltr'>scripserit,</span> <span class='ocrx_word' id='word_1_640' title='bbox 1435 4059 1509 4116; x_wconf 90' lang='lat' dir='ltr'>sicut</span> <span class='ocrx_word' id='word_1_641' title='bbox 1522 4073 1585 4115; x_wconf 90' lang='lat' dir='ltr'>eam</span> <span class='ocrx_word' id='word_1_642' title='bbox 1601 4060 1733 4118; x_wconf 91' lang='lat' dir='ltr'>andierat</span> <span class='ocrx_word' id='word_1_643' title='bbox 1746 4075 1818 4133; x_wconf 88' lang='lat' dir='ltr'>apo-</span> 
     </span>
     <span class='ocr_line' id='line_1_58' title="bbox 63 4148 1819 4233; baseline -0.001 -24"><span class='ocrx_word' id='word_1_644' title='bbox 63 4154 146 4211; x_wconf 86' lang='lat' dir='ltr'>Tnnc</span> <span class='ocrx_word' id='word_1_645' title='bbox 162 4161 260 4211; x_wconf 89' lang='lat' dir='ltr'>antem</span> <span class='ocrx_word' id='word_1_646' title='bbox 274 4152 454 4211; x_wconf 86' lang='lat' dir='ltr'>volunlatem</span> <span class='ocrx_word' id='word_1_647' title='bbox 470 4152 521 4209; x_wconf 88' lang='lat' dir='ltr'>Dei</span> <span class='ocrx_word' id='word_1_648' title='bbox 532 4152 663 4221; x_wconf 86' lang='lat' dir='ltr'>iacimus,</span> <span class='ocrx_word' id='word_1_649' title='bbox 680 4167 746 4209; x_wconf 92' lang='lat' dir='ltr'>cnm</span> <span class='ocrx_word' id='word_1_650' title='bbox 763 4151 840 4223; x_wconf 92' lang='lat' dir='ltr'>qnod</span> <span class='ocrx_word' id='word_1_651' title='bbox 856 4151 915 4221; x_wconf 89' lang='lat' dir='ltr'>ipse</span> <span class='ocrx_word' id='word_1_652' title='bbox 932 4178 954 4233; x_wconf 74' lang='lat' dir='ltr'>D</span> <span class='ocrx_word' id='word_1_653' title='bbox 971 4152 1050 4208; x_wconf 90' lang='lat' dir='ltr'>stolis</span> <span class='ocrx_word' id='word_1_654' title='bbox 1071 4151 1156 4220; x_wconf 88' lang='lat' dir='ltr'>tradi,</span> <span class='ocrx_word' id='word_1_655' title='bbox 1176 4158 1204 4208; x_wconf 91' lang='lat' dir='ltr'>et</span> <span class='ocrx_word' id='word_1_656' title='bbox 1223 4150 1318 4207; x_wconf 90' lang='lat' dir='ltr'>abeis</span> <span class='ocrx_word' id='word_1_657' title='bbox 1342 4149 1433 4220; x_wconf 89' lang='lat' dir='ltr'>ipsam</span> <span class='ocrx_word' id='word_1_658' title='bbox 1458 4148 1604 4206; x_wconf 88' lang='lat' dir='ltr'>credimus</span> <span class='ocrx_word' id='word_1_659' title='bbox 1628 4148 1819 4222; x_wconf 74' lang='lat' dir='ltr'>frequentari,</span> 
     </span>
     <span class='ocr_line' id='line_1_59' title="bbox 64 4236 1819 4315; baseline -0.002 -16"><span class='ocrx_word' id='word_1_660' title='bbox 64 4242 210 4315; x_wconf 88' lang='lat' dir='ltr'>approbat</span> <span class='ocrx_word' id='word_1_661' title='bbox 224 4251 252 4300; x_wconf 92' lang='grc' dir='ltr'>ει</span> <span class='ocrx_word' id='word_1_662' title='bbox 267 4242 351 4299; x_wconf 91' lang='lat' dir='ltr'>nobis</span> <span class='ocrx_word' id='word_1_663' title='bbox 362 4241 497 4312; x_wconf 91' lang='lat' dir='ltr'>consulit,</span> <span class='ocrx_word' id='word_1_664' title='bbox 513 4241 674 4314; x_wconf 90' lang='lat' dir='ltr'>implemus.</span> <span class='ocrx_word' id='word_1_665' title='bbox 690 4243 762 4309; x_wconf 80' lang='lat' dir='ltr'>Fiat,</span> <span class='ocrx_word' id='word_1_666' title='bbox 784 4240 915 4312; x_wconf 88' lang='lat' dir='ltr'>inquam,</span> <span class='ocrx_word' id='word_1_667' title='bbox 972 4240 1047 4297; x_wconf 91' lang='lat' dir='ltr'>sicut</span> <span class='ocrx_word' id='word_1_668' title='bbox 1066 4241 1107 4297; x_wconf 90' lang='lat' dir='ltr'>eis</span> <span class='ocrx_word' id='word_1_669' title='bbox 1121 4247 1164 4296; x_wconf 90' lang='lat' dir='ltr'>est</span> <span class='ocrx_word' id='word_1_670' title='bbox 1188 4238 1303 4306; x_wconf 87' lang='lat' dir='ltr'>tradita,</span> <span class='ocrx_word' id='word_1_671' title='bbox 1320 4244 1347 4294; x_wconf 91' lang='lat' dir='ltr'>et</span> <span class='ocrx_word' id='word_1_672' title='bbox 1370 4236 1407 4292; x_wconf 88' lang='lat' dir='ltr'>ab</span> <span class='ocrx_word' id='word_1_673' title='bbox 1425 4237 1549 4307; x_wconf 89' lang='lat' dir='ltr'>apostolo</span> <span class='ocrx_word' id='word_1_674' title='bbox 1563 4237 1593 4294; x_wconf 92' lang='lat' dir='ltr'>in</span> <span class='ocrx_word' id='word_1_675' title='bbox 1608 4238 1708 4297; x_wconf 90' lang='lat' dir='ltr'>eadem</span> <span class='ocrx_word' id='word_1_676' title='bbox 1731 4238 1819 4298; x_wconf 84' lang='lat' dir='ltr'>eliam</span> 
     </span>
     <span class='ocr_line' id='line_1_60' title="bbox 63 4326 1315 4402; baseline -0.006 -15"><span class='ocrx_word' id='word_1_677' title='bbox 63 4336 135 4387; x_wconf 81' lang='lat' dir='ltr'>sicut</span> <span class='ocrx_word' id='word_1_678' title='bbox 155 4334 186 4386; x_wconf 85' lang='lat' dir='ltr'>in</span> <span class='ocrx_word' id='word_1_679' title='bbox 208 4332 282 4401; x_wconf 83' lang='lat' dir='ltr'>anie,</span> <span class='ocrx_word' id='word_1_680' title='bbox 303 4335 329 4387; x_wconf 86' lang='lat' dir='ltr'>et</span> <span class='ocrx_word' id='word_1_681' title='bbox 351 4335 382 4387; x_wconf 89' lang='lat' dir='ltr'>in</span> <span class='ocrx_word' id='word_1_682' title='bbox 398 4338 481 4400; x_wconf 76' lang='lat' dir='ltr'>luna,</span> <span class='ocrx_word' id='word_1_683' title='bbox 507 4338 540 4388; x_wconf 92' lang='lat' dir='ltr'>ut</span> <span class='ocrx_word' id='word_1_684' title='bbox 567 4331 629 4402; x_wconf 91' lang='lat' dir='ltr'>ipsa</span> <span class='ocrx_word' id='word_1_685' title='bbox 651 4331 737 4387; x_wconf 91' lang='lat' dir='ltr'>etiam</span> <span class='ocrx_word' id='word_1_686' title='bbox 765 4330 795 4385; x_wconf 91' lang='lat' dir='ltr'>in</span> <span class='ocrx_word' id='word_1_687' title='bbox 814 4330 919 4386; x_wconf 87' lang='lat' dir='ltr'>eoelum</span> <span class='ocrx_word' id='word_1_688' title='bbox 973 4327 1075 4400; x_wconf 81' lang='lat' dir='ltr'>lingua</span> <span class='ocrx_word' id='word_1_689' title='bbox 1090 4327 1172 4397; x_wconf 90' lang='lat' dir='ltr'>prius</span> <span class='ocrx_word' id='word_1_690' title='bbox 1186 4326 1315 4396; x_wconf 87' lang='lat' dir='ltr'>scripta‘l</span> 
     </span>
     <span class='ocr_line' id='line_1_61' title="bbox 64 4413 1820 4485; baseline -0.003 -8"><span class='ocrx_word' id='word_1_691' title='bbox 64 4429 254 4479; x_wconf 82' lang='lat' dir='ltr'>mnvertatur</span> <span class='ocrx_word' id='word_1_692' title='bbox 275 4429 361 4479; x_wconf 88' lang='lat' dir='ltr'>terra.</span> <span class='ocrx_word' id='word_1_693' title='bbox 384 4423 446 4479; x_wconf 87' lang='lat' dir='ltr'>Hoc</span> <span class='ocrx_word' id='word_1_694' title='bbox 467 4426 509 4478; x_wconf 91' lang='grc' dir='ltr'>εει</span> <span class='ocrx_word' id='word_1_695' title='bbox 533 4421 573 4478; x_wconf 88' lang='lat' dir='ltr'>sic</span> <span class='ocrx_word' id='word_1_696' title='bbox 588 4434 605 4476; x_wconf 94' lang='lat' dir='ltr'>a</span> <span class='ocrx_word' id='word_1_697' title='bbox 621 4419 786 4476; x_wconf 88' lang='lat' dir='ltr'>carnalibus</span> <span class='ocrx_word' id='word_1_698' title='bbox 813 4426 840 4475; x_wconf 91' lang='lat' dir='ltr'>et</span> <span class='ocrx_word' id='word_1_699' title='bbox 864 4426 920 4475; x_wconf 83' lang='lat' dir='ltr'>ter·</span> <span class='ocrx_word' id='word_1_700' title='bbox 1010 4417 1117 4482; x_wconf 84' lang='lat' dir='ltr'>Ouinta</span> <span class='ocrx_word' id='word_1_701' title='bbox 1136 4423 1233 4473; x_wconf 91' lang='lat' dir='ltr'>aulem</span> <span class='ocrx_word' id='word_1_702' title='bbox 1248 4413 1345 4485; x_wconf 91' lang='lat' dir='ltr'>petitio</span> <span class='ocrx_word' id='word_1_703' title='bbox 1362 4428 1428 4485; x_wconf 82' lang='lat' dir='ltr'>quae</span> <span class='ocrx_word' id='word_1_704' title='bbox 1450 4414 1627 4473; x_wconf 78' lang='lat' dir='ltr'>diciturzlit</span> <span class='ocrx_word' id='word_1_705' title='bbox 1648 4418 1820 4474; x_wconf 84' lang='lat' dir='ltr'>dimittens·</span> 
     </span>
     <span class='ocr_line' id='line_1_62' title="bbox 65 4504 1821 4583; baseline -0.005 -15"><span class='ocrx_word' id='word_1_706' title='bbox 65 4525 137 4568; x_wconf 87' lang='lat' dir='ltr'>rena</span> <span class='ocrx_word' id='word_1_707' title='bbox 153 4511 357 4583; x_wconf 83' lang='lat' dir='ltr'>quaerentibus</span> <span class='ocrx_word' id='word_1_708' title='bbox 370 4510 420 4568; x_wconf 90' lang='lat' dir='ltr'>illa</span> <span class='ocrx_word' id='word_1_709' title='bbox 438 4510 601 4581; x_wconf 91' lang='lat' dir='ltr'>impleatur,</span> <span class='ocrx_word' id='word_1_710' title='bbox 620 4510 726 4565; x_wconf 86' lang='lat' dir='ltr'>sicula</span> <span class='ocrx_word' id='word_1_711' title='bbox 741 4507 921 4579; x_wconf 90' lang='lat' dir='ltr'>spiritalibus</span> <span class='ocrx_word' id='word_1_712' title='bbox 975 4508 1014 4562; x_wconf 85' lang='lat' dir='ltr'>bis</span> <span class='ocrx_word' id='word_1_713' title='bbox 1034 4507 1127 4561; x_wconf 86' lang='lat' dir='ltr'>debila</span> <span class='ocrx_word' id='word_1_714' title='bbox 1146 4511 1251 4571; x_wconf 83' lang='lat' dir='ltr'>nostra,</span> <span class='ocrx_word' id='word_1_715' title='bbox 1269 4505 1338 4559; x_wconf 88' lang='lat' dir='ltr'>siaul</span> <span class='ocrx_word' id='word_1_716' title='bbox 1354 4508 1378 4557; x_wconf 91' lang='lat' dir='ltr'>et</span> <span class='ocrx_word' id='word_1_717' title='bbox 1393 4518 1441 4558; x_wconf 90' lang='lat' dir='ltr'>nos</span> <span class='ocrx_word' id='word_1_718' title='bbox 1465 4504 1629 4562; x_wconf 79' lang='lat' dir='ltr'>dimittimus</span> <span class='ocrx_word' id='word_1_719' title='bbox 1653 4506 1821 4562; x_wconf 82' lang='lat' dir='ltr'>debitoribus</span> 
     </span>
     <span class='ocr_line' id='line_1_63' title="bbox 64 4590 1820 4666; baseline -0.003 -10"><span class='ocrx_word' id='word_1_720' title='bbox 64 4608 92 4656; x_wconf 92' lang='grc' dir='ltr'>ει</span> <span class='ocrx_word' id='word_1_721' title='bbox 106 4600 236 4658; x_wconf 88' lang='lat' dir='ltr'>coelestia</span> <span class='ocrx_word' id='word_1_722' title='bbox 246 4600 488 4657; x_wconf 88' lang='lat' dir='ltr'>desiderantibus.</span> <span class='ocrx_word' id='word_1_723' title='bbox 973 4598 1084 4664; x_wconf 85' lang='lat' dir='ltr'>nastris,</span> <span class='ocrx_word' id='word_1_724' title='bbox 1103 4593 1269 4664; x_wconf 84' lang='lat' dir='ltr'>aequitatem</span> <span class='ocrx_word' id='word_1_725' title='bbox 1286 4590 1409 4662; x_wconf 86' lang='lat' dir='ltr'>postulat</span> <span class='ocrx_word' id='word_1_726' title='bbox 1421 4591 1551 4662; x_wconf 82' lang='lat' dir='ltr'>justitiae.</span> <span class='ocrx_word' id='word_1_727' title='bbox 1564 4594 1697 4666; x_wconf 83' lang='lat' dir='ltr'>AEquum</span> <span class='ocrx_word' id='word_1_728' title='bbox 1711 4592 1820 4666; x_wconf 88' lang='lat' dir='ltr'>qnippe</span> 
     </span>
     <span class='ocr_line' id='line_1_64' title="bbox 99 4680 1819 4760; baseline -0.004 -14"><span class='ocrx_word' id='word_1_729' title='bbox 99 4692 204 4746; x_wconf 79' lang='lat' dir='ltr'>ranem</span> <span class='ocrx_word' id='word_1_730' title='bbox 228 4696 351 4745; x_wconf 85' lang='lat' dir='ltr'>nostrum</span> <span class='ocrx_word' id='word_1_731' title='bbox 366 4689 659 4760; x_wconf 81' lang='lat' dir='ltr'>supersubstantialem</span> <span class='ocrx_word' id='word_1_732' title='bbox 674 4687 712 4744; x_wconf 83' lang='lat' dir='ltr'>da</span> <span class='ocrx_word' id='word_1_733' title='bbox 730 4687 807 4742; x_wconf 87' lang='lat' dir='ltr'>nobis</span> <span class='ocrx_word' id='word_1_734' title='bbox 830 4685 917 4742; x_wconf 87' lang='lat' dir='ltr'>hodie.</span> <span class='ocrx_word' id='word_1_735' title='bbox 973 4691 1025 4752; x_wconf 90' lang='lat' dir='ltr'>est,</span> <span class='ocrx_word' id='word_1_736' title='bbox 1045 4691 1072 4740; x_wconf 92' lang='lat' dir='ltr'>et</span> <span class='ocrx_word' id='word_1_737' title='bbox 1087 4683 1142 4739; x_wconf 93' lang='lat' dir='ltr'>hoc</span> <span class='ocrx_word' id='word_1_738' title='bbox 1158 4681 1271 4754; x_wconf 88' lang='lat' dir='ltr'>justitia</span> <span class='ocrx_word' id='word_1_739' title='bbox 1293 4680 1394 4751; x_wconf 81' lang='lat' dir='ltr'>exigit,</span> <span class='ocrx_word' id='word_1_740' title='bbox 1411 4688 1443 4737; x_wconf 92' lang='lat' dir='ltr'>ut</span> <span class='ocrx_word' id='word_1_741' title='bbox 1467 4683 1568 4753; x_wconf 90' lang='lat' dir='ltr'>quales</span> <span class='ocrx_word' id='word_1_742' title='bbox 1591 4696 1641 4754; x_wconf 87' lang='lat' dir='ltr'>per</span> <span class='ocrx_word' id='word_1_743' title='bbox 1655 4681 1819 4739; x_wconf 87' lang='lat' dir='ltr'>misericor-</span> 
     </span>
     <span class='ocr_line' id='line_1_65' title="bbox 64 4767 1820 4847; baseline -0.005 -13"><span class='ocrx_word' id='word_1_744' title='bbox 64 4777 239 4844; x_wconf 84' lang='lat' dir='ltr'>Praemissis,</span> <span class='ocrx_word' id='word_1_745' title='bbox 269 4784 302 4834; x_wconf 95' lang='lat' dir='ltr'>nt</span> <span class='ocrx_word' id='word_1_746' title='bbox 328 4777 438 4834; x_wconf 89' lang='lat' dir='ltr'>dictum</span> <span class='ocrx_word' id='word_1_747' title='bbox 465 4783 518 4845; x_wconf 92' lang='lat' dir='ltr'>est,</span> <span class='ocrx_word' id='word_1_748' title='bbox 545 4776 640 4832; x_wconf 88' lang='lat' dir='ltr'>tribus</span> <span class='ocrx_word' id='word_1_749' title='bbox 669 4774 856 4847; x_wconf 90' lang='lat' dir='ltr'>petitionibus</span> <span class='ocrx_word' id='word_1_750' title='bbox 884 4772 920 4829; x_wconf 88' lang='lat' dir='ltr'>ad</span> <span class='ocrx_word' id='word_1_751' title='bbox 973 4774 1050 4830; x_wconf 91' lang='lat' dir='ltr'>diam</span> <span class='ocrx_word' id='word_1_752' title='bbox 1071 4787 1123 4828; x_wconf 91' lang='lat' dir='ltr'>nos</span> <span class='ocrx_word' id='word_1_753' title='bbox 1136 4772 1306 4829; x_wconf 83' lang='lat' dir='ltr'>exhibemus</span> <span class='ocrx_word' id='word_1_754' title='bbox 1322 4767 1465 4838; x_wconf 80' lang='lat' dir='ltr'>proximo,</span> <span class='ocrx_word' id='word_1_755' title='bbox 1482 4770 1567 4827; x_wconf 91' lang='lat' dir='ltr'>talem</span> <span class='ocrx_word' id='word_1_756' title='bbox 1584 4769 1667 4827; x_wconf 90' lang='lat' dir='ltr'>uobis</span> <span class='ocrx_word' id='word_1_757' title='bbox 1687 4768 1820 4827; x_wconf 84' lang='lat' dir='ltr'>invenia-</span> 
     </span>
     <span class='ocr_line' id='line_1_66' title="bbox 64 4857 1821 4937; baseline -0.006 -13"><span class='ocrx_word' id='word_1_758' title='bbox 64 4868 207 4924; x_wconf 88' lang='lat' dir='ltr'>honorem</span> <span class='ocrx_word' id='word_1_759' title='bbox 235 4866 284 4922; x_wconf 85' lang='lat' dir='ltr'>Dei</span> <span class='ocrx_word' id='word_1_760' title='bbox 318 4867 539 4937; x_wconf 83' lang='lat' dir='ltr'>pertinentibus,</span> <span class='ocrx_word' id='word_1_761' title='bbox 574 4865 610 4922; x_wconf 90' lang='lat' dir='ltr'>ad</span> <span class='ocrx_word' id='word_1_762' title='bbox 635 4874 762 4937; x_wconf 91' lang='lat' dir='ltr'>quatuor</span> <span class='ocrx_word' id='word_1_763' title='bbox 795 4863 921 4933; x_wconf 89' lang='lat' dir='ltr'>reliquas</span> <span class='ocrx_word' id='word_1_764' title='bbox 974 4878 1039 4919; x_wconf 91' lang='lat' dir='ltr'>mus</span> <span class='ocrx_word' id='word_1_765' title='bbox 1061 4863 1163 4918; x_wconf 87' lang='lat' dir='ltr'>Deum.</span> <span class='ocrx_word' id='word_1_766' title='bbox 1189 4859 1290 4916; x_wconf 88' lang='lat' dir='ltr'>Debita</span> <span class='ocrx_word' id='word_1_767' title='bbox 1309 4857 1387 4924; x_wconf 89' lang='lat' dir='ltr'>dicit,</span> <span class='ocrx_word' id='word_1_768' title='bbox 1411 4871 1509 4927; x_wconf 78' lang='lat' dir='ltr'>peenas</span> <span class='ocrx_word' id='word_1_769' title='bbox 1533 4872 1584 4929; x_wconf 90' lang='lat' dir='ltr'>pro</span> <span class='ocrx_word' id='word_1_770' title='bbox 1599 4857 1821 4930; x_wconf 84' lang='lat' dir='ltr'>peccatisdebl-</span> 
     </span>
     <span class='ocr_line' id='line_1_67' title="bbox 63 4946 1822 5028; baseline -0.004 -17"><span class='ocrx_word' id='word_1_771' title='bbox 63 4956 177 5028; x_wconf 82' lang='lat' dir='ltr'>stylum</span> <span class='ocrx_word' id='word_1_772' title='bbox 197 4956 351 5023; x_wconf 85' lang='lat' dir='ltr'>convertit,</span> <span class='ocrx_word' id='word_1_773' title='bbox 374 4956 484 5028; x_wconf 92' lang='lat' dir='ltr'>quibus</span> <span class='ocrx_word' id='word_1_774' title='bbox 504 4963 635 5028; x_wconf 83' lang='lat' dir='ltr'>quatuor</span> <span class='ocrx_word' id='word_1_775' title='bbox 663 4953 846 5025; x_wconf 91' lang='lat' dir='ltr'>postulantur</span> <span class='ocrx_word' id='word_1_776' title='bbox 863 4951 921 5006; x_wconf 84' lang='lat' dir='ltr'>vir·</span> <span class='ocrx_word' id='word_1_777' title='bbox 974 4961 1027 5009; x_wconf 88' lang='lat' dir='ltr'>tas.</span> <span class='ocrx_word' id='word_1_778' title='bbox 1053 4950 1125 5008; x_wconf 84' lang='lat' dir='ltr'>Cum</span> <span class='ocrx_word' id='word_1_779' title='bbox 1151 4951 1238 5007; x_wconf 87' lang='lat' dir='ltr'>dicit:</span> <span class='ocrx_word' id='word_1_780' title='bbox 1265 4949 1342 5004; x_wconf 86' lang='lat' dir='ltr'>siaul</span> <span class='ocrx_word' id='word_1_781' title='bbox 1377 4953 1402 5002; x_wconf 88' lang='lat' dir='ltr'>et</span> <span class='ocrx_word' id='word_1_782' title='bbox 1423 4964 1471 5002; x_wconf 88' lang='lat' dir='ltr'>nos</span> <span class='ocrx_word' id='word_1_783' title='bbox 1493 4947 1659 5003; x_wconf 85' lang='lat' dir='ltr'>dimittimus</span> <span class='ocrx_word' id='word_1_784' title='bbox 1681 4946 1747 5004; x_wconf 87' lang='lat' dir='ltr'>aliis</span> <span class='ocrx_word' id='word_1_785' title='bbox 1770 4960 1822 5004; x_wconf 85' lang='lat' dir='ltr'>saa</span> 
     </span>
     <span class='ocr_line' id='line_1_68' title="bbox 64 5035 1822 5116; baseline -0.004 -14"><span class='ocrx_word' id='word_1_786' title='bbox 64 5053 153 5113; x_wconf 89' lang='lat' dir='ltr'>tutes,</span> <span class='ocrx_word' id='word_1_787' title='bbox 182 5045 213 5102; x_wconf 92' lang='lat' dir='ltr'>in</span> <span class='ocrx_word' id='word_1_788' title='bbox 237 5044 346 5116; x_wconf 91' lang='lat' dir='ltr'>quibus</span> <span class='ocrx_word' id='word_1_789' title='bbox 368 5045 460 5102; x_wconf 83' lang='lat' dir='ltr'>fidelis</span> <span class='ocrx_word' id='word_1_790' title='bbox 488 5044 592 5101; x_wconf 82' lang='lat' dir='ltr'>animae</span> <span class='ocrx_word' id='word_1_791' title='bbox 615 5043 750 5114; x_wconf 76' lang='lat' dir='ltr'>perfectio</span> <span class='ocrx_word' id='word_1_792' title='bbox 774 5039 918 5098; x_wconf 91' lang='lat' dir='ltr'>consistit:</span> <span class='ocrx_word' id='word_1_793' title='bbox 975 5041 1077 5108; x_wconf 87' lang='lat' dir='ltr'>debila,</span> <span class='ocrx_word' id='word_1_794' title='bbox 1103 5039 1172 5095; x_wconf 91' lang='lat' dir='ltr'>adeo</span> <span class='ocrx_word' id='word_1_795' title='bbox 1194 5052 1245 5094; x_wconf 92' lang='lat' dir='ltr'>nos</span> <span class='ocrx_word' id='word_1_796' title='bbox 1268 5039 1304 5094; x_wconf 90' lang='lat' dir='ltr'>ad</span> <span class='ocrx_word' id='word_1_797' title='bbox 1327 5037 1551 5096; x_wconf 89' lang='lat' dir='ltr'>misericordiam</span> <span class='ocrx_word' id='word_1_798' title='bbox 1578 5035 1771 5109; x_wconf 76' lang='lat' dir='ltr'>constringit,</span> <span class='ocrx_word' id='word_1_799' title='bbox 1788 5043 1822 5096; x_wconf 89' lang='lat' dir='ltr'>ut</span> 
     </span>
     <span class='ocr_line' id='line_1_69' title="bbox 64 5125 1822 5206; baseline -0.006 -13"><span class='ocrx_word' id='word_1_800' title='bbox 64 5134 226 5206; x_wconf 87' lang='lat' dir='ltr'>prudentia</span> <span class='ocrx_word' id='word_1_801' title='bbox 251 5134 372 5201; x_wconf 88' lang='lat' dir='ltr'>scilicet,</span> <span class='ocrx_word' id='word_1_802' title='bbox 395 5134 521 5205; x_wconf 77' lang='lat' dir='ltr'>iustitia,</span> <span class='ocrx_word' id='word_1_803' title='bbox 548 5131 749 5202; x_wconf 89' lang='lat' dir='ltr'>temperantia,</span> <span class='ocrx_word' id='word_1_804' title='bbox 774 5129 919 5186; x_wconf 86' lang='lat' dir='ltr'>tortitudo.</span> <span class='ocrx_word' id='word_1_805' title='bbox 976 5131 1037 5186; x_wconf 86' lang='lat' dir='ltr'>haec</span> <span class='ocrx_word' id='word_1_806' title='bbox 1060 5125 1150 5184; x_wconf 91' lang='lat' dir='ltr'>oratio</span> <span class='ocrx_word' id='word_1_807' title='bbox 1173 5140 1190 5182; x_wconf 88' lang='lat' dir='ltr'>a</span> <span class='ocrx_word' id='word_1_808' title='bbox 1212 5125 1294 5182; x_wconf 93' lang='lat' dir='ltr'>nobis</span> <span class='ocrx_word' id='word_1_809' title='bbox 1315 5128 1412 5200; x_wconf 89' lang='lat' dir='ltr'>patius</span> <span class='ocrx_word' id='word_1_810' title='bbox 1435 5126 1472 5184; x_wconf 92' lang='lat' dir='ltr'>ad</span> <span class='ocrx_word' id='word_1_811' title='bbox 1493 5125 1708 5183; x_wconf 88' lang='lat' dir='ltr'>damnationem</span> <span class='ocrx_word' id='word_1_812' title='bbox 1731 5138 1822 5199; x_wconf 90' lang='lat' dir='ltr'>qnam</span> 
     </span>
     <span class='ocr_line' id='line_1_70' title="bbox 65 5212 1820 5294; baseline -0.005 -14"><span class='ocrx_word' id='word_1_813' title='bbox 65 5224 144 5282; x_wconf 81' lang='lat' dir='ltr'>Sicut</span> <span class='ocrx_word' id='word_1_814' title='bbox 162 5228 264 5280; x_wconf 87' lang='lat' dir='ltr'>antem</span> <span class='ocrx_word' id='word_1_815' title='bbox 281 5222 435 5294; x_wconf 88' lang='lat' dir='ltr'>prudentia</span> <span class='ocrx_word' id='word_1_816' title='bbox 451 5227 509 5279; x_wconf 76' lang='lat' dir='ltr'>mm</span> <span class='ocrx_word' id='word_1_817' title='bbox 530 5229 657 5292; x_wconf 92' lang='lat' dir='ltr'>tempore</span> <span class='ocrx_word' id='word_1_818' title='bbox 672 5221 750 5291; x_wconf 92' lang='lat' dir='ltr'>prior</span> <span class='ocrx_word' id='word_1_819' title='bbox 772 5227 814 5276; x_wconf 93' lang='grc' dir='ltr'>εει</span> <span class='ocrx_word' id='word_1_820' title='bbox 834 5233 922 5290; x_wconf 90' lang='lat' dir='ltr'>qnam</span> <span class='ocrx_word' id='word_1_821' title='bbox 976 5219 1010 5273; x_wconf 90' lang='lat' dir='ltr'>ad</span> <span class='ocrx_word' id='word_1_822' title='bbox 1036 5217 1157 5272; x_wconf 88' lang='lat' dir='ltr'>salntem</span> <span class='ocrx_word' id='word_1_823' title='bbox 1176 5216 1299 5283; x_wconf 88' lang='lat' dir='ltr'>dicatur,</span> <span class='ocrx_word' id='word_1_824' title='bbox 1324 5216 1348 5272; x_wconf 87' lang='lat' dir='ltr'>si</span> <span class='ocrx_word' id='word_1_825' title='bbox 1365 5215 1563 5273; x_wconf 88' lang='lat' dir='ltr'>misericordes</span> <span class='ocrx_word' id='word_1_826' title='bbox 1587 5229 1645 5271; x_wconf 91' lang='lat' dir='ltr'>non</span> <span class='ocrx_word' id='word_1_827' title='bbox 1668 5212 1820 5272; x_wconf 75' lang='lat' dir='ltr'>fuerimus.</span> 
     </span>
     <span class='ocr_line' id='line_1_71' title="bbox 64 5302 1822 5384; baseline -0.005 -15"><span class='ocrx_word' id='word_1_828' title='bbox 64 5321 186 5381; x_wconf 69' lang='lat' dir='ltr'>paura,</span> <span class='ocrx_word' id='word_1_829' title='bbox 213 5313 296 5369; x_wconf 87' lang='lat' dir='ltr'>itaet</span> <span class='ocrx_word' id='word_1_830' title='bbox 319 5312 384 5384; x_wconf 77' lang='lat' dir='ltr'>eius</span> <span class='ocrx_word' id='word_1_831' title='bbox 406 5312 504 5383; x_wconf 90' lang='lat' dir='ltr'>petitio</span> <span class='ocrx_word' id='word_1_832' title='bbox 529 5310 608 5380; x_wconf 91' lang='lat' dir='ltr'>prior</span> <span class='ocrx_word' id='word_1_833' title='bbox 632 5309 761 5381; x_wconf 85' lang='lat' dir='ltr'>ponitur,</span> <span class='ocrx_word' id='word_1_834' title='bbox 788 5322 855 5364; x_wconf 92' lang='lat' dir='ltr'>cum</span> <span class='ocrx_word' id='word_1_835' title='bbox 882 5307 923 5363; x_wconf 93' lang='lat' dir='ltr'>di·</span> <span class='ocrx_word' id='word_1_836' title='bbox 976 5305 1122 5362; x_wconf 88' lang='lat' dir='ltr'>Debitores</span> <span class='ocrx_word' id='word_1_837' title='bbox 1145 5314 1256 5362; x_wconf 89' lang='lat' dir='ltr'>nostros</span> <span class='ocrx_word' id='word_1_838' title='bbox 1278 5304 1324 5360; x_wconf 93' lang='lat' dir='ltr'>hic</span> <span class='ocrx_word' id='word_1_839' title='bbox 1340 5305 1418 5373; x_wconf 88' lang='lat' dir='ltr'>dicit,</span> <span class='ocrx_word' id='word_1_840' title='bbox 1434 5305 1509 5363; x_wconf 90' lang='lat' dir='ltr'>sicut</span> <span class='ocrx_word' id='word_1_841' title='bbox 1525 5302 1676 5376; x_wconf 88' lang='lat' dir='ltr'>sequentia</span> <span class='ocrx_word' id='word_1_842' title='bbox 1699 5316 1822 5375; x_wconf 78' lang='lat' dir='ltr'>orange-</span> 
     </span>
     <span class='ocr_line' id='line_1_72' title="bbox 67 5393 1822 5471; baseline -0.005 -13"><span class='ocrx_word' id='word_1_843' title='bbox 67 5404 141 5460; x_wconf 88' lang='lat' dir='ltr'>titnr</span> <span class='ocrx_word' id='word_1_844' title='bbox 157 5419 166 5458; x_wconf 91' lang='lat'>:</span> <span class='ocrx_word' id='word_1_845' title='bbox 185 5403 292 5456; x_wconf 86' lang='lat' dir='ltr'>Panem</span> <span class='ocrx_word' id='word_1_846' title='bbox 306 5406 445 5469; x_wconf 83' lang='lat' dir='ltr'>nastrum,</span> <span class='ocrx_word' id='word_1_847' title='bbox 466 5409 533 5468; x_wconf 82' lang='lat' dir='ltr'>etc,</span> <span class='ocrx_word' id='word_1_848' title='bbox 559 5413 625 5471; x_wconf 83' lang='lat' dir='ltr'>quae</span> <span class='ocrx_word' id='word_1_849' title='bbox 639 5406 681 5455; x_wconf 91' lang='lat' dir='ltr'>est</span> <span class='ocrx_word' id='word_1_850' title='bbox 695 5397 790 5468; x_wconf 90' lang='lat' dir='ltr'>petitio</span> <span class='ocrx_word' id='word_1_851' title='bbox 808 5404 920 5469; x_wconf 91' lang='lat' dir='ltr'>quarta.</span> <span class='ocrx_word' id='word_1_852' title='bbox 978 5396 1008 5451; x_wconf 88' lang='lat' dir='ltr'>lii</span> <span class='ocrx_word' id='word_1_853' title='bbox 1024 5402 1152 5466; x_wconf 91' lang='lat' dir='ltr'>patenter</span> <span class='ocrx_word' id='word_1_854' title='bbox 1167 5393 1327 5464; x_wconf 89' lang='lat' dir='ltr'>insinuant,</span> <span class='ocrx_word' id='word_1_855' title='bbox 1348 5395 1399 5466; x_wconf 91' lang='lat' dir='ltr'>qni</span> <span class='ocrx_word' id='word_1_856' title='bbox 1414 5409 1466 5465; x_wconf 91' lang='lat' dir='ltr'>pro</span> <span class='ocrx_word' id='word_1_857' title='bbox 1484 5394 1529 5451; x_wconf 92' lang='lat' dir='ltr'>his</span> <span class='ocrx_word' id='word_1_858' title='bbox 1548 5408 1613 5466; x_wconf 84' lang='lat' dir='ltr'>quae</span> <span class='ocrx_word' id='word_1_859' title='bbox 1632 5393 1663 5449; x_wconf 90' lang='lat' dir='ltr'>ln</span> <span class='ocrx_word' id='word_1_860' title='bbox 1677 5406 1730 5449; x_wconf 90' lang='lat' dir='ltr'>nos</span> <span class='ocrx_word' id='word_1_861' title='bbox 1743 5406 1822 5451; x_wconf 92' lang='lat' dir='ltr'>com·</span> 
     </span>
     <span class='ocr_line' id='line_1_73' title="bbox 67 5482 1822 5564; baseline -0.007 -15"><span class='ocrx_word' id='word_1_862' title='bbox 67 5490 107 5550; x_wconf 81' lang='lat' dir='ltr'>tic</span> <span class='ocrx_word' id='word_1_863' title='bbox 120 5491 231 5564; x_wconf 79' lang='lat' dir='ltr'>junge,</span> <span class='ocrx_word' id='word_1_864' title='bbox 256 5498 291 5549; x_wconf 93' lang='lat' dir='ltr'>nt</span> <span class='ocrx_word' id='word_1_865' title='bbox 312 5491 349 5547; x_wconf 89' lang='lat' dir='ltr'>ab</span> <span class='ocrx_word' id='word_1_866' title='bbox 371 5489 508 5549; x_wconf 89' lang='lat' dir='ltr'>omnibus</span> <span class='ocrx_word' id='word_1_867' title='bbox 533 5496 583 5549; x_wconf 90' lang='lat' dir='ltr'>lua</span> <span class='ocrx_word' id='word_1_868' title='bbox 603 5487 739 5545; x_wconf 84' lang='lat' dir='ltr'>voluntas</span> <span class='ocrx_word' id='word_1_869' title='bbox 757 5484 920 5557; x_wconf 85' lang='lat' dir='ltr'>impleatur.</span> <span class='ocrx_word' id='word_1_870' title='bbox 977 5483 1120 5542; x_wconf 89' lang='lat' dir='ltr'>miserunt</span> <span class='ocrx_word' id='word_1_871' title='bbox 1134 5482 1259 5555; x_wconf 91' lang='lat' dir='ltr'>quodam</span> <span class='ocrx_word' id='word_1_872' title='bbox 1275 5482 1369 5541; x_wconf 90' lang='lat' dir='ltr'>debito</span> <span class='ocrx_word' id='word_1_873' title='bbox 1389 5498 1481 5556; x_wconf 80' lang='lat' dir='ltr'>poene</span> <span class='ocrx_word' id='word_1_874' title='bbox 1494 5483 1708 5555; x_wconf 80' lang='lat' dir='ltr'>astringuntur,</span> <span class='ocrx_word' id='word_1_875' title='bbox 1723 5487 1757 5539; x_wconf 93' lang='lat' dir='ltr'>nt</span> <span class='ocrx_word' id='word_1_876' title='bbox 1770 5493 1822 5552; x_wconf 89' lang='lat' dir='ltr'>pro</span> 
     </span>
    </p>
   </div>
   <div class='ocr_carea' id='block_1_7' title="bbox 0 0 1906 5962">
    <p class='ocr_par' dir='ltr' id='par_1_7' title="bbox 0 0 1906 5962">
     <span class='ocr_line' id='line_1_74' title="bbox 0 0 1906 5962; baseline 0 0"><span class='ocrx_word' id='word_1_877' title='bbox 0 0 1906 5962; x_wconf 95' lang='lat' dir='ltr'> </span> 
     </span>
    </p>
   </div>
  </div>
 </body>
</html>
