3804 5962
110 184 178 241 libb
338 224 347 237 ,
374 133 478 235 PE'i'Rl
498 178 689 236 occultior
708 179 784 236 OPP.
805 181 896 239 PARS
915 183 962 241 llt.
981 212 1016 225 -
1035 183 1253 241 rhrotoutca
1272 184 1316 239 ET
1334 183 1587 242 philosophica
1792 187 1851 243 litt
1898 176 1901 195 ⁵

108 308 145 377 lc,
160 320 227 364 cnm
243 311 392 375 peccatam
409 303 438 359 in
452 303 564 359 Patrem
577 311 604 360 et
619 303 648 359 in
659 303 766 360 Filium
782 306 1109 366 remissibltcnversus
1133 323 1181 366 ecs
1206 309 1353 380 precipue
1383 310 1508 381 agimus,
1533 310 1582 381 qni
1610 309 1696 367 sideru
1728 317 1851 368 nostram
1901 334 1902 378 t

76 440 78 444 .
108 396 186 453 dicat
200 393 310 466 (Metti.
325 407 378 458 xrr,
396 393 451 462 aa),
477 391 525 447 cui
544 398 642 462 aperte
656 406 714 448 non
726 393 854 451 insinuet
864 395 952 466 Spiri·
1008 397 1212 467 philosophicis
1227 399 1363 454 nituntur
1383 406 1552 470 oppugnare
1576 398 1770 466 documentis,
1784 413 1848 471 pre·

110 490 171 541 tum
185 482 280 554 ipsum
298 495 355 538 non
372 480 510 537 minorem
525 494 587 537 esse
601 480 683 537 Patre
696 488 724 537 et
742 482 825 551 Filio,
848 497 882 538 cc
903 497 953 554 per
1007 487 1105 543 sertim
1120 501 1187 543 cum
1214 501 1307 551 nemo,
1324 487 1381 542 nisi
1398 500 1448 557 per
1462 501 1496 543 ea
1510 500 1577 558 quac
1604 487 1715 557 recipit,
1732 501 1851 559 arguen-
1899 502 1901 509 ·

109 572 270 642 hocipsam
286 571 373 628 etiam
389 569 481 625 Deum
505 568 623 640 plenum
653 583 713 627 esse
739 571 814 628 sicut
834 581 877 630 cst
901 575 952 628 Pa·
1008 575 1124 642 dussit,
1148 582 1199 632 aut
1213 576 1439 644 convincendus,
1459 575 1547 631 etille
1572 575 1663 632 nimia
1689 575 1853 634 contusione

110 667 154 717 ter
172 661 242 729 ipse,
254 658 299 716 rel
315 658 433 716 Filiusi
1009 672 1183 732 conteratur,
1199 663 1251 734 qui
1267 677 1318 734 prr
1329 664 1428 720 eadem
1443 664 1581 731 vincitur,
1602 672 1731 736 perque
1742 664 1853 722 sincere

144 747 248 820 Liquet
262 748 361 819 itaque
375 762 412 804 ex
426 760 516 818 supra
538 747 639 817 positis
660 754 718 804 tarn
741 747 870 807 Verbum
893 747 953 816 liei,
1010 753 1167 810 nitebatur.

110 850 198 908 quam
214 836 354 907 Spiritum
375 835 440 905 ejus
466 837 731 903 brumesse,sicut
749 838 852 907 etipse
871 837 956 908 qu'us
1044 841 1231 911 Philosophus
1265 848 1362 897 autam
1397 854 1492 897 ununr
1521 839 1721 897 tantummodo
1766 840 1853 896 ileum

109 934 152 985 est
170 925 300 985 Verbum
312 924 357 982 rel
365 924 497 995 Spiritus.
515 925 678 996 intelligant
694 926 784 997 igitur
799 934 831 982 ut
847 926 955 983 dictum
1010 944 1180 1002 cognoscere
1191 944 1269 987 unus
1285 944 1321 985 ex
1351 931 1421 1000 ipsis
1445 929 1559 986 l'ullius
1575 929 1603 984 in
1628 929 1722 999 primo
1749 928 1849 986 iiheiu

110 1023 163 1083 cst,
185 1014 382 1073 hocVerbum
408 1014 534 1084 Domini,
562 1014 656 1070 idest
684 1015 789 1072 Filium
813 1015 874 1081 Dei,
897 1029 956 1072 non
1010 1021 1138 1075 ricorum
1164 1018 1293 1088 perhibet
1324 1019 1439 1074 dicens:
1467 1041 1478 1068 ι
1507 1018 1563 1074 Eos
1586 1018 1637 1088 qui
1670 1017 1856 1087 philosophie

111 1102 309 1165 transitorium
338 1102 469 1170 verbum,
506 1117 566 1159 non
593 1103 730 1168 audibile,
768 1104 816 1160 sed
847 1104 953 1160 intelle·
1011 1109 1284 1177 dantoperarnnon
1312 1108 1447 1163 arbitrari
1460 1107 1528 1162 deos
1546 1120 1616 1172 esse,
1631 1126 1645 1156 n
1670 1120 1705 1161 ac
1718 1105 1743 1160 si
1760 1112 1852 1176 aperte

112 1192 217 1262 ctuale,
245 1192 298 1249 hoc
329 1197 371 1247 est
399 1191 492 1261 ipsam
522 1191 661 1247 rationem
685 1192 748 1248 sive
782 1191 957 1261 Sapientiam
1011 1197 1480 1264 dicatzlmolleumunum,non
1508 1195 1576 1250 deos
1601 1194 1764 1264 pluresne
1791 1194 1853 1264 qui·

112 1289 284 1340 ssiaelefflaffl
311 1280 379 1348 1³80,
405 1293 494 1351 quam
518 1279 573 1336 (¹1⁰5
602 1279 735 1336 00¹¹V0¹15i
767 1279 959 1350 OmniSlliiess·
1012 1286 1067 1342 bus
1092 1284 1178 1341 ctiam
1199 1284 1359 1354 Apostolus,
1385 1291 1453 1339 teste
1482 1283 1656 1354 Augustino,
1684 1282 1850 1339 cumatile·

113 1371 195 1438 tiam,
224 1370 299 1425 sicut
331 1375 358 1424 ct
385 1367 509 1424 dicimus
542 1368 788 1437 omnipotentiam.
822 1367 902 1423 Unde
930 1375 958 1424 et
1012 1372 1161 1430 niensibus
1188 1371 1309 1442 locitans
1337 1386 1396 1428 rem
1427 1384 1561 1441 magnam
1573 1371 1743 1436 dixisset,ct
1764 1382 1856 1440 quma

112 1458 337 1530 scriptumest:
368 1457 463 1515 Ornrris
492 1457 635 1527 Sapientia
664 1472 681 1511 a
708 1458 822 1511 Domino
843 1459 895 1510 lieo
919 1461 958 1511 cst
1013 1462 1113 1532 paucis
1132 1466 1225 1529 posset
1240 1460 1373 1530 intelligi,
1390 1460 1467 1530 quod
1482 1460 1511 1514 in
1537 1459 1586 1515 illo
1609 1457 1717 1514 scilicet
1731 1460 1854 1525 uiuimus,

114 1553 210 1605 etcum
226 1547 273 1602 iile
300 1548 358 1613 suit
372 1548 499 1617 leempu,
528 1550 553 1600 ct
566 1550 607 1600 est
629 1551 691 1600 cute
712 1561 799 1600 anum
825 1545 921 1615 (dccli.
938 1561 958 1614 r,
975 1583 996 1637 B
1013 1564 1150 1608 inruemur
1169 1553 1194 1602 et
1215 1565 1319 1616 sumus,
1337 1548 1449 1618 adjecit,
1474 1549 1569 1603 «sicut
1591 1554 1619 1603 et
1642 1546 1731 1602 vestri
1748 1546 1855 1616 quum

118 1640 153 1708 1).
169 1634 223 1703 Qui
242 1636 329 1692 etiam
350 1635 380 1691 in
407 1633 481 1692 libro
509 1632 663 1704 Sapientiae
690 1646 777 1690 verus
799 1633 849 1689 lici
870 1633 959 1690 Filius
1015 1639 1145 1692 diruunt
1160 1638 1229 1704 (not.
1251 1635 1391 1707 1111,18).
1410 1656 1421 1683 ι
1454 1635 1492 1690 lle
1519 1634 1626 1690 talibus
1648 1647 1769 1690 rursum
1789 1634 1855 1690 idern

114 1723 142 1783 ct
153 1723 407 1783 consubstantialis
431 1730 620 1790 monstratur,
647 1720 961 1778 addlilereniiamsci·
1014 1725 1167 1794 Apostolus
1192 1725 1229 1779 ad
1268 1725 1411 1780 Romanos
1446 1723 1563 1779 scribit:
1598 1722 1676 1789 erod
1699 1728 1798 1776 notum
1821 1726 1855 1777 ert

114 1814 182 1872 licet
192 1813 393 1884 adoptivorum
407 1811 544 1877 liliorum,
568 1811 603 1867 de
621 1810 728 1880 quibus
753 1823 804 1880 per
823 1810 959 1879 predica·
1016 1815 1273 1881 brimoniacum
1300 1819 1339 1868 est
1367 1814 1441 1866 illis:
1469 1815 1538 1866 bens
1568 1814 1639 1865 enim
1666 1811 1724 1864 iliis
1748 1812 1858 1878 mamse-

115 1903 223 1961 tionem
237 1901 301 1974 ejus
322 1902 379 1957 Deo
405 1899 553 1970 acquisitis
576 1900 712 1969 scriptum
735 1905 798 1955 est:
826 1898 962 1968 Quotquot
1016 1904 1119 1957 stanit:
1149 1902 1302 1956 inuisibilia
1325 1904 1396 1955 enim
1416 1902 1538 1968 ipsiusc
1562 1900 1857 1968 creeturomundiper

116 1996 207 2048 autern
244 1993 404 2060 rccepuunt
433 2004 504 2055 cum,
537 1986 614 2043 dedit
640 1991 679 2042 eis
699 1992 865 2058 potestatem
892 1988 962 2056 filios
1017 2005 1048 2044 eo
1074 2007 1134 2060 que
1155 1993 1232 2056 sacta
1257 1996 1320 2044 sarni
1349 1990 1488 2044 intellecta
1513 1990 1730 2057 conspiciuntur,
1761 1990 1856 2056 semu·

116 2082 167 2138 Dei
178 2079 343 2151 natureae.
360 2093 379 2145 r,
407 2077 461 2150 li).
487 2076 534 2134 Sic
556 2076 664 2148 quippo
688 2090 755 2133 curn
778 2075 843 2147 ejus
868 2074 963 2146 passio
1019 2082 1216 2146 ternaquopue
1241 2080 1329 2132 uirtus
1346 2078 1671 2146 rjusctdiciuitas:ita
1690 2082 1721 2130 ut
1741 2080 1799 2131 sint
1819 2078 1856 2130 iu·

10 2241 12 2245 ¹
119 2168 149 2225 in
164 2167 310 2239 Sapientia
326 2165 476 2223 manifeste
499 2165 729 2236 prophetaretur,
756 2166 831 2221 inter
860 2171 964 2220 caetera
1019 2165 1196 2228 accusabiles,
1224 2168 1289 2232 quia
1312 2181 1371 2220 cunr
1396 2169 1581 2233 ccpnoeissent
1613 2169 1700 2220 licum
1719 2181 1775 2221 non
1796 2167 1860 2220 sicu

118 2256 155 2313 ab
171 2256 269 2326 impiis
282 2254 393 2310 dictum
410 2261 471 2310 est:
503 2255 533 2310 Si
560 2256 686 2308 animast
711 2269 790 2309 cerus
804 2252 891 2308 Filius
903 2255 962 2322 liei,
1020 2253 1107 2308 Deum
1131 2254 1428 2323 ntouficoeerunt,aut
1452 2258 1558 2322 pretias
1587 2259 1717 2323 eprncnt3
1734 2253 1784 2308 sed
1801 2267 1856 2308 coa·

118 2345 249 2414 suscipiet
286 2340 377 2407 illum,
399 2346 425 2394 et
444 2340 572 2397 liberabit
594 2341 628 2395 de
648 2357 732 2395 manu
764 2344 964 2396 contrariorum
1019 2349 1137 2398 nument
1153 2346 1182 2397 in
1204 2344 1414 2411 capitationibus
1437 2342 1496 2398 suis
1525 2344 1612 2414 (Rom.
1631 2358 1654 2411 r,
1682 2342 1789 2414 tout).
1807 2341 1858 2398 Nec

119 2431 198 2504 (Sap.
223 2445 254 2498 n,
281 2428 333 2501 ia).
364 2429 444 2484 Hanc
464 2435 492 2506 ct
515 2435 612 2497 aperte
642 2428 856 2498 generationem
881 2428 965 2498 prcii-
1021 2432 1128 2489 mirum
1143 2445 1210 2487 cum
1225 2439 1252 2486 et
1281 2432 1439 2487 Salornonis
1461 2432 1510 2486 illa
1529 2431 1668 2500 sapientia
1691 2445 1741 2500 per
1760 2442 1861 2487 concu-

121 2526 200 2577 tetur
213 2524 313 2574 sancta
327 2515 425 2572 anima
440 2529 491 2585 per
505 2515 597 2571 Deum
613 2515 744 2584 liberata,
775 2531 841 2574 curn
860 2517 888 2573 in
909 2517 966 2573 Ec·
1020 2520 1188 2591 piscentiam
1216 2521 1404 2591 carnalesque
1438 2520 1598 2591 volirptaies
1627 2519 1751 2588 devicta,
1778 2518 1861 2574 idolo·

120 2609 277 2668 elosiastico
308 2607 394 2664 dicit:
419 2608 547 2661 innocent
564 2607 707 2661 Dominum
730 2609 840 2662 Patrem
857 2607 967 2661 Domini
1022 2611 1113 2667 latriae
1131 2610 1317 2677 consenserit,
1344 2610 1440 2666 divino
1468 2609 1560 2675 cultu,
1590 2608 1732 2679 quercia
1760 2608 1862 2665 suiset

120 2700 183 2767 mu,
212 2699 244 2752 ut
274 2710 329 2751 non
362 2694 534 2764 &relinquat
559 2709 601 2749 me
636 2697 666 2749 in
694 2693 738 2750 dic
780 2694 967 2749 tribulationis
1022 2697 1141 2753 docebat
1165 2706 1191 2754 ct
1219 2698 1404 2767 praedicabat,
1434 2698 1591 2764 derelicto„
1607 2697 1650 2752 hd
1675 2695 1860 2767 poemorum

121 2782 290 2857 mercibccli.
304 2798 342 2851 cr,
356 2782 410 2855 14).
1023 2785 1135 2842 cultum
1149 2787 1198 2842 liei
1218 2786 1475 2857 magnificandum,
1493 2788 1552 2856 ipsc
1565 2787 1650 2856 jussu
1662 2784 1712 2841 Dei
1728 2784 1863 2854 templum

156 2873 242 2932 Nunc
260 2878 358 2930 autem
379 2876 442 2942 past
457 2868 619 2926 testimonia
635 2869 842 2940 prophetarum
862 2868 967 2925 deiide
985 2917 1005 2972 C
1024 2873 1185 2941 mdillcarit,
1214 2888 1231 2929 a
1250 2889 1308 2945 quo
1329 2882 1408 2944 pater
1431 2874 1494 2945 ejus
1513 2874 1609 2944 justus
1637 2871 1783 2929 inhibitus
1804 2871 1863 2929 inii.

120 2961 280 3030 Trinitatis,
297 2958 578 3016 lihctcttestimonia
601 2957 838 3027 philosophorum
859 2970 968 3027 suppo·
1023 2965 1207 3018 ltcusautem
1235 2962 1365 3032 reprobis
1389 2964 1475 3019 etiam
1490 2971 1517 3019 et
1542 2959 1708 3018 infidelibus
1732 2973 1864 3016 nonnun-

121 3063 190 3107 nerc
212 3062 285 3120 quos
309 3046 346 3103 ad
372 3047 461 3102 unius
484 3044 534 3101 Dei
570 3044 791 3116 intelligentiam
814 3052 878 3101 turn
906 3047 969 3114 ipsa
1024 3064 1112 3122 qnam
1133 3052 1260 3106 maxima
1275 3052 1349 3106 dona
1364 3051 1521 3117 distribuit,
1538 3065 1603 3120 quae
1624 3049 1752 3106 aliorum
1767 3047 1864 3105 doctri

124 3133 565 3210 philosophiaeraticperduxib
596 3146 655 3205 (lua
679 3133 967 3204 (111181110310111111,
1024 3138 1130 3196 nmvel
1155 3139 1221 3195 usui
1246 3140 1407 3196 necessaria
1440 3140 1501 3195 lore
1519 3138 1608 3205 videt,
1633 3151 1745 3193 necnon
1765 3144 1794 3193 et
1821 3148 1866 3207 per

126 3226 280 3283 inuisibilia
298 3227 386 3297 ipsius
403 3223 623 3277 Deiatrwittrss
649 3222 746 3277 muudi
770 3237 822 3292 aet
854 3237 885 3277 ea
909 3237 969 3291 pue
1024 3228 1161 3299 reprobos
1186 3228 1278 3284 inulta
1304 3228 1444 3284 nriracula
1473 3235 1619 3298 operatur,
1650 3226 1686 3282 de
1709 3226 1823 3297 quibus
1841 3226 1868 3280 in

124 3316 203 3383 tacta
233 3316 308 3381 surtt,
344 3309 483 3365 intellecta
515 3310 722 3378 conmiciuntur
746 3310 840 3380 (Rom.
870 3327 890 3377 r,
912 3310 968 3380 20),
1025 3317 1182 3389 Evangelio
1199 3316 1330 3374 Veritas:
1345 3318 1426 3372 illulti
1436 3317 1526 3371 dicent
1537 3315 1605 3369 mibi
1619 3319 1649 3369 in
1663 3315 1715 3368 illa
1729 3313 1792 3369 die:
1818 3315 1868 3369 Dc-

124 3409 187 3460 tum
203 3399 263 3471 ipsa
278 3395 532 3455 continentissimae
552 3395 618 3453 vitae
631 3395 770 3453 sobrietas
789 3397 916 3469 quodam
930 3397 971 3454 eis
1025 3409 1106 3474 mine,
1136 3408 1258 3473 bomine,
1288 3421 1375 3459 ponpa
1399 3408 1428 3459 p,
1455 3407 1562 3459 nomine
1581 3407 1626 3458 mo
1647 3402 1870 3473 propinavimus

126 3488 228 3549 morito
245 3489 274 3546 id
311 3488 406 3558 ipsum
432 3486 598 3558 acquisivit.
630 3487 784 3558 Oportebat
806 3489 919 3561 qnippe
938 3496 972 3545 ul
1026 3499 1052 3549 et
1070 3500 1100 3549 in
1120 3496 1227 3550 nomine
1250 3500 1295 3551 tuo
1322 3495 1455 3549 damonia
1487 3494 1624 3562 ejecimus,
1650 3496 1675 3546 et
1701 3493 1731 3544 in
1757 3491 1867 3545 nominc

126 3578 294 3638 luncciiam
319 3578 349 3634 in
377 3577 446 3647 ipsis
460 3577 646 3648 praesignaret
678 3577 753 3634 Deus
780 3590 831 3648 per
853 3578 972 3648 aliquod
1027 3589 1075 3640 tuo
1088 3585 1203 3638 uirtutes
1218 3584 1319 3638 multas
1346 3581 1486 3649 fecimus?
1515 3585 1548 3637 lit
1580 3587 1643 3636 tunc
1666 3579 1815 3649 confitebor
1836 3577 1871 3631 tt·

126 3666 349 3726 abundantioris
371 3667 471 3738 gratiae
493 3665 615 3732 donum,
632 3679 722 3738 quant
741 3667 882 3735 acceptior
896 3667 932 3723 sit
946 3665 972 3724 ei
1027 3671 1071 3738 lis,
1092 3674 1226 3742 quianon
1242 3673 1377 3727 ironicos.
1397 3671 1530 3726 buccditc
1554 3685 1638 3734 arne,
1656 3670 1705 3738 qui
1720 3665 1870 3736 operamini

128 3758 179 3831 qui
197 3756 291 3814 sobrie
313 3755 442 3824 vicinat
469 3770 499 3813 sc
525 3755 562 3813 ab
589 3755 731 3812 illecebris
759 3755 848 3827 huius
872 3755 972 3813 mundi
1027 3763 1201 3831 iniquitatem
1230 3760 1338 3830 (Metti.
1369 3775 1418 3827 vn,
1443 3763 1489 3826 aa,
1511 3759 1566 3828 23).
1595 3757 1667 3815 Corn
1698 3764 1800 3812 antem
1824 3766 1872 3825 per

127 3861 179 3920 par
192 3852 388 3917 contemptum
404 3846 468 3918 ejus
491 3845 647 3914 subtrahit,
664 3858 753 3916 qnam
777 3846 829 3916 qui
842 3845 973 3917 volupta-
1021 3850 1165 3919 ‚reprobos
1186 3849 1260 3906 Deus
1282 3856 1333 3904 aut
1352 3848 1497 3904 miracula
1521 3846 1652 3913 ostendit,
1677 3853 1730 3901 aut
1754 3843 1872 3915 prophe·

128 3936 207 3995 tibus
229 3936 293 4008 ejus
311 3934 425 3992 deditus
445 3934 593 4005 spurcitiis
622 3935 758 3991 omnibus
770 3949 800 3990 se
816 3935 971 4004 immergit.
1027 3939 1082 3994 tias
1097 3937 1238 4008 loquitur,
1254 3945 1305 3993 aut
1319 3936 1454 4008 numlibet
1473 3949 1580 4005 magna
1599 3940 1746 4002 operatur,
1765 3945 1824 3990 non
1837 3931 1872 3987 ad

129 4026 250 4092 Quaniae
263 4030 361 4082 butem
386 4022 566 4079 bbslissessiiffl
583 4028 611 4078 θῑ
638 4021 821 4078 contineniiae
837 4021 893 4093 (Ω)
909 4021 972 4092 tihi·
1029 4026 1184 4083 utilitatem
1206 4026 1332 4095 ipsorum
1358 4026 1455 4096 agitur
1479 4023 1550 4095 (11),
1575 4022 1683 4092 cuibus
1702 4022 1798 4077 utitur
1811 4028 1873 4076 tan-

128 4114 239 4186 loscphi
253 4113 370 4182 luerint,
387 4111 479 4168 sancti
502 4111 589 4167 etiarn
610 4110 739 4167 doctores
764 4111 894 4177 tradunt,
915 4109 974 4182 ‚qui
1030 4129 1118 4188 quam
1133 4114 1350 4185 instrumentis;
1379 4115 1427 4170 sed
1444 4113 1538 4183 potius
1565 4112 1701 4175 aliorum,
1730 4123 1807 4180 quos
1830 4109 1874 4164 (ῃ.

129 4212 275 4262 eteorum
301 4202 393 4260 vitam
418 4201 455 4257 ad
482 4208 610 4256 nostram
639 4201 863 4271 increpationem
890 4199 976 4256 indu·
990 4244 1013 4298 ll
1029 4215 1139 4264 struere
1154 4217 1204 4274 per
1233 4204 1300 4260 istos
1324 4203 1463 4271 intendat,
1492 4201 1544 4272 qui
1559 4208 1585 4256 et
1605 4212 1656 4270 per
1671 4196 1876 4269 indignosmt.

130 4299 201 4351 cunt
214 4292 283 4366 (la),
297 4300 326 4349 ct
338 4292 479 4366 pleraque
497 4303 534 4347 ex
558 4289 738 4347 documentis
753 4304 853 4347 eorum
880 4304 974 4347 mora·
1030 4294 1136 4352 nistros
1150 4291 1250 4363 gratie
1264 4306 1324 4347 som
1347 4291 1422 4347 dona
1446 4305 1504 4347 non
1524 4290 1656 4345 descrens
1680 4285 1813 4357 qrrotidie
1830 4298 1875 4342 sa·

130 4380 207 4440 libas
222 4381 267 4440 rel
279 4381 447 4440 testimoniis
461 4379 528 4438 iidei
554 4380 589 4435 ad
607 4379 825 4436 edificationem
847 4389 976 4436 nostram
1030 4389 1177 4440 eramenta
1204 4379 1338 4436 Ecclesia
1368 4380 1402 4436 ad
1435 4375 1718 4435 invocationem-sui
1750 4373 1877 4431 nominis

131 4478 306 4529 assumant:
335 4469 481 4542 quodqui
510 4468 637 4539 ignorat,
655 4468 730 4537 legat
751 4467 853 4524 saltem
874 4467 975 4525 lliero·
1030 4470 1189 4542 specialiter
1226 4469 1281 4541 (13)
1316 4469 1429 4525 coniicit
1464 4468 1495 4523 in
1532 4467 1653 4523 salutern
1683 4462 1874 4520 credentium.

130 4573 253 4631 nymum
279 4567 379 4618 contra
402 4557 599 4624 boviniacum,
623 4565 650 4614 et
677 4556 783 4613 viderit
804 4563 916 4628 quanta
941 4557 976 4614 de
1030 4560 1258 4618 Beneautemet
1279 4572 1329 4626 per
1352 4558 1485 4628 indignos
1510 4570 1562 4611 seu
1590 4553 1718 4610 infideles
1746 4552 1876 4609 maxima

131 4661 233 4708 corum
247 4647 407 4704 virtutibus
421 4644 468 4703 vel
496 4652 666 4703 caurorum
688 4644 839 4716 gentilium
853 4644 974 4717 peierat,
1031 4651 1107 4706 bens
1121 4655 1266 4718 operatur,
1283 4648 1334 4719 qui
1355 4646 1452 4702 serbis
1480 4644 1552 4700 asini
1569 4643 1737 4714 prophetam
1757 4642 1816 4714 (to)
1830 4640 1875 4698 do

131 4740 168 4798 ad
182 4735 393 4809 impudentiam
405 4733 513 4792 scilicet
525 4733 604 4792 illius
618 4733 746 4792 haretici
760 4734 974 4792 conterendam.
1030 4739 1148 4807 cuitus
1164 4737 1253 4807 siper
1269 4750 1390 4808 magnos
1417 4742 1528 4791 tanturn
1558 4745 1666 4802 nragna
1694 4737 1875 4801 operaretur,

130 4828 256 4886 llaxime
273 4833 412 4884 autemst
426 4839 479 4882 nos
494 4825 548 4881 hoc
569 4837 655 4896 opere
669 4822 838 4881 testimoniis
860 4838 911 4882 seu
927 4838 976 4881 ra·
1031 4826 1188 4885 virtutibus
1212 4826 1380 4895 meritisque
1406 4822 1529 4879 hominis
1553 4818 1644 4891 magis
1658 4832 1748 4890 qnam
1771 4818 1877 4876 divine

131 4917 259 4978 tionibus
269 4915 507 4989 philosophorum
529 4912 583 4970 niti
611 4912 754 4982 convenit,
784 4912 814 4968 in
841 4927 901 4984 quo
925 4913 975 4970 ad·
1032 4916 1131 4992 gratiae
1143 4916 1206 4973 hec
1220 4915 1428 4974 tribuerentur.

166 5099 223 5172 (tal
252 5099 285 5157 ln
322 5095 539 5156 introductione
575 5095 611 5152 ad
644 5092 828 5166 theologiam,
855 5094 976 5149 inconti-
1067 5084 1629 5163 (11)11111.,ερι·1111111111,1111111111
1659 5083 1757 5141 codice
1782 5091 1877 5142 nostro

130 5175 232 5230 nentia
268 5170 343 5229 mala
387 5169 506 5229 omnino
529 5174 557 5225 ct
596 5173 696 5225 contra
734 5165 862 5223 auctoris
894 5177 974 5223 men·
1031 5164 1195 5237 specialiter.
1390 5231 1395 5242 .

130 5250 198 5302 um.
1066 5234 1124 5306 (16)
1160 5232 1311 5304 Scriptura
1352 5230 1470 5286 arcetum
1516 5235 1601 5285 vocat
1650 5242 1710 5284 uon
1759 5227 1877 5299 propha-

182 5315 213 5370 13
234 5312 320 5381 Ibid,
334 5314 480 5372 abaciam.
1029 5314 1099 5363 tam.

185 5385 216 5440 tt
242 5385 277 5442 ln
305 5383 518 5444 introductione
533 5380 570 5439 ad
596 5379 770 5454 theologiam
798 5391 850 5450 pro
879 5381 974 5447 cetur

129 5452 239 5527 legitur
253 5470 344 5528 aruc,
363 5456 441 5529 quod
451 5452 566 5515 nullom
579 5452 665 5513 etheit
674 5462 802 5511 mosum.
