3804 5962
99 223 153 278 tlte
397 220 500 276 Putet
518 220 706 279 Abellam
725 221 803 278 OPP.
822 222 913 279 bans
931 221 967 278 11.
983 250 1018 264 -κ
1034 222 1220 281 SERMONES
1239 223 1282 278 ET
1301 222 1422 281 OPUSC.
1441 223 1559 281 ASCET.
1800 228 1856 283 060

99 346 151 405 ιιι
169 351 311 416 tanquam
340 357 378 401 ιι
404 344 511 413 studio,
537 351 565 401 et
588 343 793 403 deliberatione
821 347 950 404 commit·
967 347 991 401 Α
1008 354 1086 404 tanto
1116 345 1220 418 maiori
1244 345 1309 403 odio
1339 345 1474 418 quelibet
1499 356 1567 405 sunt
1583 346 1727 418 habenda,
1743 356 1854 420 quanto

101 435 191 494 timus
217 432 427 491 abominabiles
450 432 536 489 etium
559 433 617 490 ileo
646 432 739 492 allecti
758 434 845 507 jnxta
878 435 951 494 illud
1007 435 1137 508 turpiora
1159 437 1189 493 in
1212 449 1242 493 se
1265 443 1429 503 censentur,
1459 444 1487 493 et
1514 437 1550 494 ab
1567 436 1715 495 honestate
1734 439 1856 496 virtutis

99 522 280 583 Psalmiste:
307 520 512 579 Abominebiles
537 524 606 590 (acti
629 528 693 578 runt
716 525 746 580 in
772 524 873 580 studiis
894 527 965 583 sub.
1005 524 1130 596 amplius
1155 525 1302 593 recedunt,
1336 533 1364 582 ιι
1392 524 1565 605 naturaliter
1591 527 1737 598 quoslibet
1762 529 1856 601 magis

102 612 187 685 (Prot.
223 625 286 679 ιιιιι,
312 611 363 682 ll:
384 610 470 682 quasi
497 611 700 681 exsecrabiles,
721 619 750 670 ιι
778 611 862 670 valde
891 613 950 670 odi·
1006 611 1167 671 oflendunt.

101 701 174 760 biles
202 714 239 757 ex
274 700 319 756 bis
347 699 376 756 in
404 701 512 772 qulbus
544 701 666 758 scienter
693 710 950 773 presumpserunt.
1042 702 1182 773 benique,
1213 709 1245 759 ut
1269 702 1387 776 singula
1410 703 1464 760 sibi
1488 702 1660 761 conterendo
1688 704 1857 778 diligentius

101 793 213 848 llorum
240 797 337 846 autem
364 788 419 845 aliu
448 789 612 847 criminalia
637 789 785 860 dicuntur,
813 806 879 863 que
904 806 954 863 per
1006 799 1122 862 peecata
1148 791 1352 862 dijudicemus,
1380 806 1580 863 comparemus
1604 794 1730 851 venialia
1758 795 1853 853 crimi-

101 878 235 937 edectnm
270 877 386 951 cognita
420 892 502 935 nevo
541 893 655 951 magne
689 879 781 951 culpe
807 880 953 938 bominem
1007 878 1135 949 nelibus,
1167 888 1265 950 utpote
1293 881 1474 951 superfluam
1499 882 1701 940 comestionem
1726 884 1856 956 perjurio

102 967 269 1038 detrabunt,
295 977 328 1024 ιιι
352 981 509 1024 consensus
533 968 662 1039 perJuril
688 968 845 1038 homicidii,
869 969 952 1026 adul·
1008 976 1036 1024 ιι
1052 969 1213 1037 adulterio,
1231 977 1258 1026 et
1283 984 1459 1042 queremus,
1484 972 1512 1028 in
1526 973 1754 1044 transgressione
1769 975 1856 1045 cujus

102 1057 179 1126 terii,
203 1070 271 1128 que
294 1056 455 1128 plurimum
478 1056 634 1113 Ecclesiam
657 1056 863 1114 scandalizant.
879 1057 953 1115 Cum
1007 1057 1102 1129 magis
1129 1066 1273 1128 peccatur,
1291 1061 1336 1116 vel
1365 1061 1576 1131 ampliuslleus
1590 1068 1794 1118 contemnatur
1814 1070 1854 1119 at-

9 1223 13 1230 ,
104 1161 173 1206 vero
209 1158 299 1215 supra
336 1159 425 1217 quam
454 1159 568 1202 necesse
597 1153 649 1214 est,
679 1145 743 1203 cibo
769 1144 955 1217 indulgemus
1008 1160 1066 1218 que
1089 1145 1262 1204 otlendatur.
1288 1148 1399 1217 Nescio,
1424 1148 1555 1206 fortassis
1576 1149 1773 1221 respondebis,
1788 1165 1857 1208 cnm

103 1234 150 1294 vel
174 1249 232 1292 non
248 1234 383 1291 mediocri
397 1234 480 1292 cultu
494 1249 529 1291 ex
546 1248 621 1291 vana
638 1235 729 1308 gloria
752 1249 805 1291 nos
828 1235 955 1292 adorna-
1008 1235 1143 1292 nonnulli
1172 1236 1409 1307 pbilosophorum
1439 1238 1536 1294 omnia
1558 1245 1674 1308 peccata
1693 1238 1775 1309 paria
1791 1253 1854 1295 cen-

104 1337 183 1393 ntus,
198 1323 263 1381 etsi
278 1324 331 1380 boc
344 1323 467 1381 scienter
482 1324 697 1395 presumimus,
713 1338 772 1381 non
789 1324 850 1380 hec
862 1323 955 1381 criml·
1009 1331 1142 1382 suerunt.
1170 1326 1208 1381 ltt
1235 1326 1259 1382 si
1274 1326 1351 1383 banc
1365 1326 1587 1399 pbilosopbiam,
1604 1327 1663 1383 imo
1676 1326 1856 1383 manilestam

105 1413 137 1469 ni
152 1412 349 1481 ascribuntur,
372 1421 400 1470 et
420 1413 499 1485 apud
521 1410 627 1470 mult'os
647 1411 713 1485 plus
727 1412 823 1472 laudis
837 1412 955 1483 babent,
1009 1413 1161 1471 stultitiam
1185 1413 1269 1486 sequi
1293 1415 1373 1483 velis,
1399 1430 1483 1488 eque
1497 1416 1606 1474 bonum
1623 1416 1858 1474 acrimiualibus

107 1513 196 1572 qnam
207 1500 439 1571 vituperationis.
1010 1511 1038 1559 et
1051 1501 1217 1559 venialibus
1245 1502 1388 1560 abstinere
1403 1505 1538 1574 peccatis,
1564 1506 1634 1577 quia
1650 1519 1733 1577 eque
1746 1505 1857 1561 malum

160 1605 434 1666 c,p‚xv1‚p2mm
448 1608 544 1664 meleu,
556 1612 593 1664 ,q
611 1609 788 1664 ,leviorem
802 1609 900 1678 culpe,
1011 1599 1053 1648 cst
1082 1591 1143 1648 bec
1165 1599 1193 1648 et
1222 1591 1271 1648 illa
1297 1593 1492 1650 committere:
1509 1607 1563 1650 cnr
1589 1608 1657 1666 ergo
1684 1593 1859 1650 abstineres

305 1695 389 1750 quam
399 1679 743 1748 provieribesabstinerel
971 1680 1175 1748 nvenialibus
1205 1681 1339 1751 preferre
1367 1681 1433 1754 quis
1464 1683 1569 1740 audeat
1597 1682 1780 1740 abstinentie
1807 1682 1860 1738 cri·

143 1766 226 1836 Sunt,
252 1767 304 1839 qui
319 1768 482 1839 perfectius,
510 1777 537 1826 ct
562 1769 624 1826 ideo
648 1769 752 1827 melius
774 1768 874 1825 dicunt
890 1781 953 1839 pro·
1011 1769 1166 1827 minalium
1180 1768 1194 1823 l
1207 1769 1288 1836 Quod
1309 1771 1334 1827 si
1350 1772 1419 1842 quis
1432 1771 1503 1830 torte
1529 1772 1661 1844 requirat
1676 1772 1753 1828 unde
1768 1770 1857 1842 conji-

107 1856 238 1914 riderea
262 1857 427 1914 venialibus
453 1859 577 1930 peccatis
600 1872 721 1931 quama
745 1856 953 1921 criminalibus,
1011 1872 1074 1916 cere
1099 1858 1256 1928 possimus,
1284 1859 1341 1915 Deo
1371 1862 1463 1932 magis
1488 1860 1639 1931 displicere
1656 1860 1857 1930 transgressio·

107 1961 142 2004 eo
157 1945 235 2019 quod
250 1945 396 2004 difficilius
411 1947 440 2004 id
462 1947 605 2016 videatur,
621 1956 648 2005 ιι
671 1948 789 2019 majoris
798 1947 886 2005 studii
900 1946 955 2002 sol·
1010 1961 1077 2004 nem
1092 1946 1240 2015 adulterii,
1270 1961 1360 2018 quam
1386 1948 1617 2020 superfluitatem
1633 1949 1703 2016 cibi,
1720 1947 1765 2005 lex
1786 1948 1858 2005 divi·

108 2035 259 2093 licitudine
274 2035 412 2109 indigeat.
435 2037 547 2104 Quibus
565 2037 692 2108 primum
709 2037 782 2094 illud
801 2036 957 2109 respondeo
1011 2050 1059 2102 na,
1085 2044 1116 2093 ut
1137 2036 1273 2105 arbitror,
1304 2037 1405 2094 docere
1430 2052 1482 2094 nos
1504 2045 1603 2108 potest,
1632 2051 1698 2108 que
1723 2038 1760 2093 ad
1790 2037 1859 2093 illud

108 2124 298 2182 Tullianum:
321 2126 400 2191 Quod
414 2129 439 2182 si
454 2126 629 2195 laboriosum,
645 2143 700 2183 noa
723 2127 784 2183 ideo
798 2127 956 2194 cleriorum.
1014 2109 1195 2195 puniendum
1210 2126 1323 2183 nullam
1346 2141 1437 2198 pene
1464 2126 1686 2183 satistactiouem
1714 2125 1859 2193 instituit3

108 2212 247 2285 Alioquin
261 2213 380 2285 maioris
394 2216 488 2272 meriti
512 2216 589 2286 apud
613 2216 768 2272 bominum
786 2223 889 2283 essent,
907 2213 959 2286 qui
1014 2214 1067 2270 boc
1095 2228 1163 2271 vcro
1188 2229 1247 2272 non
1276 2216 1406 2287 qualibet
1431 2229 1526 2287 pene,
1554 2214 1602 2272 sed
1617 2228 1739 2271 summe
1760 2213 1862 2270 mortis

111 2302 314 2374 gravejuqum
330 2303 401 2374 legis
416 2312 616 2374 portaverunt,
629 2319 718 2376 quam
731 2304 960 2376 quievangclica
1013 2303 1168 2361 alllictione
1208 2304 1340 2360 damnari
1379 2304 1513 2361 decrevit.
1549 2303 1610 2370 Quo
1633 2302 1709 2360 enim
1737 2301 1861 2359 charitas

111 2389 244 2446 libertale
271 2390 459 2449 deserviunt:
497 2392 566 2464 quia
606 2395 693 2451 timor
720 2407 833 2464 penam
863 2393 958 2462 babet,
1013 2393 1151 2467 proximi,
1177 2407 1266 2464 qnam
1289 2392 1443 2463 Apostolus
1467 2392 1666 2465 plenitudinem
1689 2393 1756 2461 lepis
1779 2391 1859 2448 dicit.

112 2492 202 2551 quam
231 2478 355 2548 perlecta
370 2481 496 2538 ebaritas
525 2481 602 2539 tores
630 2483 727 2551 mittit,
744 2489 772 2539 ιι
790 2483 961 2554 quicunque
1015 2482 1141 2554 amplius
1156 2481 1279 2548 laeditur,
1306 2484 1398 2554 magis
1419 2491 1519 2540 contra
1532 2495 1598 2538 eam
1611 2482 1720 2552 agitur,
1744 2490 1772 2537 et
1798 2495 1860 2538 anr-

111 2567 214 2625 timore
236 2577 376 2640 aguntur,
401 2569 466 2640 plus
491 2584 575 2641 opere
604 2571 747 2639 laborant,
772 2585 861 2642 quam
888 2586 962 2642 quos
1016 2571 1093 2640 plius
1107 2578 1251 2641 peccatur.

113 2655 241 2712 ebaritas
267 2665 440 2727 spontaneos
465 2653 542 2716 lacit.
568 2659 648 2717 Unde
677 2660 840 2717 laborantes
851 2667 878 2716 et
895 2674 960 2716 one·
1052 2658 1175 2726 Quodsi
1201 2659 1333 2715 adhunc
1352 2660 1470 2716 modum
1488 2659 1614 2731 singulis
1638 2658 1800 2716 venialibus
1814 2671 1860 2729 pe·

113 2752 193 2802 ratos
217 2744 254 2800 ad
276 2759 366 2803 suave
377 2746 495 2820 jugum,
515 2755 543 2805 et
558 2749 708 2806 onusleve
723 2750 896 2806 sumendum
912 2750 964 2805 llo·
1017 2749 1133 2806 niteret
1154 2747 1359 2804 criminalibus
1381 2749 1505 2820 peccatis
1527 2749 1652 2805 invicem
1678 2748 1800 2813 collatis,
1825 2746 1860 2803 si·

115 2833 216 2890 minus
245 2833 427 2903 exhortatur,
455 2844 487 2894 ut
511 2836 642 2895 videlicet
666 2837 701 2894 de
729 2838 867 2894 servitute
881 2837 962 2908 legis,
1018 2837 1079 2894 mul
1103 2836 1191 2892 ctiam
1227 2843 1285 2892 tam
1310 2837 1364 2893 ista
1397 2835 1506 2904 omnis,
1538 2851 1627 2908 quam
1658 2837 1707 2894 illa
1735 2837 1863 2893 conterre

116 2937 177 2996 qua
201 2925 413 2992 premebantur,
429 2925 465 2981 ad
481 2925 643 2982 libertatem
667 2926 961 2997 transeantEvange·
1018 2924 1154 2991 velimus,
1183 2930 1213 2979 nt
1238 2923 1356 2979 omnino
1383 2923 1490 2980 scilicet
1512 2924 1676 2981 satisfacere
1702 2923 1863 2991 veleamus,

115 3012 158 3082 lii,
173 3020 201 3070 et
220 3013 272 3085 qui
295 3026 313 3069 a
338 3013 439 3070 timore
460 3013 646 3084 inceperant,
670 3015 809 3071 charitate
824 2990 1208 3084 consum-cnequaqnam
1234 3009 1357 3082 refugio.
1379 3011 1540 3089 'Ponamus
1580 3026 1648 3084 ergo
1685 3018 1717 3067 ut
1756 3009 1865 3082 aliquis

116 3112 246 3169 mentur,
271 3115 338 3173 que
358 3102 420 3158 sine
446 3101 614 3159 dilllcultate
630 3104 728 3159 omnia
743 3102 853 3171 suliert,
867 3104 964 3160 omnia
1019 3114 1124 3173 magno
1146 3098 1244 3155 studio
1270 3098 1306 3155 ab
1329 3098 1466 3155 omnibus
1496 3098 1656 3156 venialibus
1681 3106 1781 3157 caveat
1805 3112 1866 3170 pec

117 3193 238 3248 sustinet
254 3204 260 3245 :
278 3190 413 3259 carnalis,
429 3190 479 3246 sed
493 3190 651 3260 spiritualis
672 3206 753 3249 amor
765 3193 816 3248 Dei
830 3200 910 3250 tanto
922 3200 965 3249 est
1018 3189 1091 3246 catis
1105 3196 1133 3244 ιι
1158 3188 1241 3244 nulla
1255 3187 1421 3243 criminalia
1445 3195 1527 3244 curet
1555 3189 1656 3257 vitare,
1683 3196 1711 3246 et
1732 3202 1801 3245 cum
1817 3186 1865 3244 illa

82 3323 84 3328 .
116 3277 228 3347 tortior,
243 3285 354 3349 quanto
379 3280 482 3335 verior.
503 3279 574 3346 Quis
593 3281 679 3337 etiam
694 3283 803 3337 nesciet
818 3280 965 3337 dilbcilius
1019 3278 1119 3335 omnia
1146 3283 1257 3344 caveat,
1284 3276 1338 3332 boc
1366 3285 1540 3346 presumat:
1570 3278 1727 3349 quiscum
1755 3278 1785 3335 in
1812 3277 1865 3333 boc

118 3366 201 3424 nobis
225 3367 367 3436 provideri
393 3366 533 3440 apulice,
554 3382 645 3441 qnam
670 3371 706 3427 eb
733 3371 830 3440 boste;
856 3369 902 3427 vel
927 3369 965 3426 ab
1019 3369 1112 3426 levius
1142 3379 1260 3438 peccare
1279 3365 1433 3436 judicabit,
1451 3367 1658 3423 autmeliovem
1672 3381 1742 3430 esse,
1761 3367 1790 3423 in
1805 3365 1866 3421 bec

85 3484 88 3489 ,
118 3454 291 3513 otlendiculo
312 3457 394 3526 parvi
423 3455 537 3527 lapidis,
564 3472 654 3529 quam
670 3457 795 3531 magui?
819 3457 870 3514 Sed
892 3472 966 3514 nun·
1020 3470 1193 3529 precavens,
1218 3455 1268 3511 illa
1296 3454 1452 3511 incurrat?
1480 3455 1638 3512 Collatione
1663 3455 1764 3526 itaque
1791 3454 1867 3511 lacta

118 3542 191 3615 quid
206 3542 269 3600 ideo
293 3543 322 3600 id
337 3558 439 3602 cavere
465 3547 544 3618 quod
568 3547 715 3605 difficilius
727 3555 780 3615 est,
796 3547 899 3604 mellus
914 3553 966 3603 eut
1019 3554 1079 3611 tam
1103 3544 1300 3616 singulorum,
1316 3550 1348 3600 ut
1372 3543 1509 3613 diximus,
1524 3558 1613 3616 quem
1630 3544 1763 3601 omnium
1777 3541 1867 3601 simul

119 3630 267 3688 salubrius
275 3631 539 3703 iudicamuslNon
555 3636 666 3709 utique.
678 3636 792 3704 Quare?
807 3637 876 3709 quia
887 3636 966 3707 quod
1020 3634 1143 3692 invicem
1173 3640 1370 3704 peccatorum,
1398 3632 1510 3705 liquere
1533 3633 1668 3702 arbitror,
1688 3647 1746 3690 non
1761 3631 1868 3690 melius

120 3718 267 3777 dilticilius
278 3729 330 3785 est.
346 3736 458 3788 cavere,
474 3725 572 3782 rninus
593 3733 683 3794 potest
697 3740 810 3783 nocere.
825 3725 963 3799 sicergo,
1019 3721 1065 3779 vel
1080 3722 1199 3794 majoris
1217 3721 1398 3792 perteettoms
1411 3735 1472 3779 csse
1486 3722 1611 3778 venialia
1622 3731 1739 3793 peccata
1752 3736 1866 3789 cavere,

118 3810 174 3868 etsi
196 3823 337 3881 ponamus
359 3812 508 3871 dilfieilius
522 3828 539 3870 a
553 3814 716 3873 venialibus
741 3816 862 3887 peccatis
876 3830 966 3888 quarn
1020 3825 1109 3884 quern
1132 3810 1304 3868 criminalia.
1332 3811 1360 3868 Si
1379 3812 1448 3883 quis
1468 3819 1575 3879 tamen,
1591 3826 1657 3870 cum
1673 3809 1722 3867 illa
1738 3811 1868 3881 primum

119 3912 137 3955 a
165 3901 366 3959 criminalibus
392 3902 553 3973 providere,
580 3904 647 3977 plus
672 3913 767 3961 tamen
795 3904 849 3961 boc
878 3905 966 3961 vitari
1019 3901 1164 3967 vitaverit,
1193 3901 1254 3957 bec
1279 3901 1470 3970 postmodum,
1500 3908 1532 3957 ut
1557 3908 1675 3970 oportet,
1700 3899 1793 3957 vitare
1816 3911 1866 3954 va-

9 4028 11 4035 ·
97 3984 208 4061 'quam
237 4005 304 4062 que
331 3991 536 4062 periculosiora
566 3999 645 4060 suut,
671 3993 815 4062 convenit,
854 4000 968 4065 etque
1020 3989 1116 4058 luerit,
1144 3990 1174 4046 in
1198 3989 1253 4045 boc
1267 3989 1384 4061 quidem
1408 3988 1497 4046 lateor
1522 3989 1658 4046 virtutem
1678 3989 1743 4060 ejus
1754 3987 1790 4044 ad
1806 4000 1868 4058 per.

118 4078 257 4149 majorem
279 4086 428 4136 merentur
446 4094 571 4151 penam,
595 4088 623 4137 et
647 4081 755 4151 quibus
776 4081 902 4152 amplius
921 4082 967 4139 ol·
1021 4078 1172 4136 lectionem
1199 4077 1380 4150 pervenisse;
1410 4092 1463 4134 nec
1490 4085 1586 4134 tamen
1615 4079 1677 4135 ideo
1699 4075 1868 4149 posteriora,

119 4165 197 4224 leudi
224 4167 368 4223 eredimus
396 4168 498 4236 Deum,
522 4175 550 4225 et
574 4171 668 4241 magis
691 4169 716 4226 ei
744 4184 778 4227 ea
806 4170 965 4241 displicere.
1023 4169 1053 4225 in
1068 4168 1176 4240 quibus
1190 4167 1400 4223 consummatio
1421 4167 1538 4224 virtutis
1552 4167 1691 4234 consistit,
1707 4174 1775 4223 sunt
1792 4165 1867 4236 prio-

118 4254 181 4322 Quo
195 4255 272 4311 enim
294 4256 421 4325 amplius
443 4256 498 4328 ipsi
513 4271 563 4327 per
586 4271 712 4315 amorem
735 4260 919 4329 iuberemus,
935 4274 967 4317 eo
983 4287 1009 4346 n
1024 4257 1106 4315 ribus
1124 4256 1309 4328 preterenda,
1339 4270 1393 4312 nec
1417 4264 1498 4313 tenta
1521 4256 1710 4313 retributione
1729 4262 1798 4312 sunt
1825 4254 1868 4310 di·

119 4340 268 4400 sollicitius
294 4356 396 4400 cavere
424 4345 562 4403 debemus
587 4346 696 4418 quibos
725 4349 818 4420 magis
844 4348 967 4407 ellendi-
1024 4360 1092 4417 gna.
1118 4346 1335 4417 seponamque
1356 4345 1384 4400 in
1409 4345 1574 4414 operatione
1597 4345 1721 4416 alicujus
1753 4342 1869 4400 edillcii

119 4439 179 4500 tur,
203 4440 231 4489 et
261 4448 328 4505 que
349 4433 408 4504 ipse
434 4435 530 4509 magis
556 4436 708 4507 improbat.
726 4437 781 4503 Qui
805 4439 882 4495 enim
901 4453 968 4495 vere
1022 4435 1120 4492 minus
1135 4442 1235 4507 agunt,
1258 4433 1312 4505 qui
1336 4433 1487 4503 perlicinnt
1504 4434 1600 4505 ipsum
1614 4448 1702 4505 quam
1718 4433 1769 4506 qui
1784 4440 1871 4491 antea

111 4514 247 4594 *aliquem
278 4521 382 4595 diligit,
411 4539 470 4581 non
506 4533 564 4581 tam
586 4525 726 4582 damnum
754 4541 851 4596 snum,
877 4540 967 4599 quam
1021 4524 1131 4596 operati
1151 4531 1229 4591 sunt,
1254 4532 1284 4582 et
1305 4524 1498 4595 quiextrcmo
1519 4537 1613 4580 assere
1634 4521 1664 4579 in
1685 4538 1868 4581 consumma·

118 4610 258 4669 odensam
284 4612 380 4679 amici,
411 4614 457 4670 vel
485 4623 699 4686 comtemptum
724 4630 826 4674 cavere
852 4618 965 4690 satagit,
1023 4613 1098 4670 tione
1120 4611 1214 4682 operis
1234 4612 1325 4683 posito
1354 4610 1449 4681 ipsum
1472 4611 1636 4683 perficiunt,
1660 4619 1692 4667 ut
1709 4613 1751 4668 sic
1766 4612 1870 4670 domus

116 4700 204 4774 juxta
218 4699 291 4758 illud
306 4702 450 4771 Apostoli:
467 4703 594 4759 Claritas
621 4720 676 4760 non
704 4708 802 4772 querit
831 4721 891 4773 que
917 4720 969 4761 sua
1022 4701 1147 4773 perlecta
1163 4699 1222 4768 liat,
1240 4715 1307 4772 que
1321 4699 1392 4756 dum
1407 4700 1576 4770 impertecta
1596 4699 1652 4757 luit
1667 4701 1780 4767 domus,
1795 4714 1871 4772 opus

118 4791 212 4863 reniti
228 4791 287 4849 Gor.
304 4805 368 4862 ιιιι,
383 4793 437 4864 5);
461 4800 488 4849 ιι
516 4807 657 4850 rursum:
676 4796 759 4852 Nemo
788 4795 863 4865 quod
889 4810 968 4850 suum
1022 4804 1082 4847 non
1096 4797 1167 4846 erat.

117 4886 157 4938 ert
180 4885 296 4950 queret,
319 4880 368 4937 sed
382 4881 456 4949 quod
469 4882 622 4955 citerius(l
643 4885 704 4940 Gor.
721 4897 753 4953 x,
765 4884 824 4952 ιι).
845 4883 872 4939 Si
887 4897 966 4954 ergo,
1058 4878 1194 4936 Sullioere
1220 4879 1374 4949 bucusque
1398 4877 1523 4934 arbitror
1547 4892 1599 4935 nos
1626 4877 1661 4935 ad
1676 4879 1870 4951 cognitionem

118 4978 253 5027 nontam
277 4984 329 5040 pro
350 4980 448 5029 nostro
473 4971 580 5030 damno
606 4985 761 5044 quampro
777 4971 824 5028 [lei
848 4970 967 5036 otlensa,
1023 4969 1143 5041 peccati,
1168 4975 1312 5040 quantum
1344 4966 1491 5024 memorie
1515 4968 1636 5035 occurit,
1654 4966 1810 5037 laborasse,
1839 4977 1871 5026 ut

118 5054 257 5115 debemus
280 5072 382 5116 cavere
405 5067 530 5131 peccata,
559 5061 683 5130 prolecto
710 5060 775 5132 plus
793 5072 827 5117 ca
841 5060 969 5118 cavenda
1023 5072 1056 5114 eo
1083 5057 1188 5115 melius
1213 5056 1309 5114 careri
1330 5056 1428 5127 possit,
1451 5071 1509 5129 quo
1535 5056 1703 5128 diligentius
1722 5058 1871 5130 cognitum

117 5144 650 5220 sunt,inquibnsmegisotlonditur.
667 5148 786 5216 Quodsi
806 5147 970 5222 illamque
1022 5146 1119 5204 luerit.
1145 5147 1212 5204 blali
1240 5147 1348 5218 quippe
1374 5145 1478 5202 notitia
1504 5145 1583 5217 iusto
1612 5146 1708 5203 deesse
1731 5162 1791 5203 nou
1822 5161 1872 5219 po-

119 5246 177 5304 qne
202 5235 342 5305 poeticam
365 5239 550 5297 attendamus
578 5238 761 5308 sententiam,
795 5238 829 5296 de
855 5252 968 5297 morum
1023 5241 1086 5303 test,
1099 5250 1153 5293 nec
1165 5250 1269 5293 cavere
1283 5235 1349 5307 quis
1360 5233 1464 5292 vitium
1479 5234 1535 5290 nisi
1546 5235 1697 5306 cognitum
1712 5236 1800 5293 valet.

120 5320 227 5380 scilicet
236 5322 400 5382 honestate:
1112 5328 1178 5383 Car.
1194 5324 1284 5384 xvii.
1309 5325 1349 5379 De
1368 5327 1539 5396 peccatorum
1553 5325 1782 5380 reconciliatione.

262 5410 386 5469 Odorem
399 5430 508 5483 peecare
524 5416 587 5472 boni
598 5418 711 5473 uirtutis
724 5432 826 5484 emec,
1059 5414 1095 5471 lit
1116 5413 1260 5487 quoniam'
1278 5412 1393 5486 plagam
1419 5413 1526 5471 anime
1554 5414 1793 5482 monstravimus,
1820 5429 1873 5472 cu·

564 5505 659 5570 tlon„
675 5507 764 5576 ttptse
781 5519 843 5574 xvi,
859 5507 903 5561 57.
1022 5502 1143 5562 rationis
1171 5502 1332 5562 remedium
1360 5501 1529 5562 studeamus
1545 5516 1553 5571 ;
1568 5502 1716 5562 ostendere
1732 5503 1810 5563 unde
1837 5504 1869 5563 il·
