3736 5962
109 200 161 254 eos
394 199 493 255 emm
512 196 698 254 leuchum
718 199 794 255 ope.
816 197 960 255 neustr.
1034 184 1220 256 eunuchus
1244 199 1287 255 ιτ
1309 199 1429 258 ceusu.
1449 199 1570 259 escen.
1802 201 1856 261 too

108 324 154 384 bis
168 323 277 381 scilicet
298 323 397 395 puniri
420 324 478 381 sint
499 321 589 395 digni.
611 321 722 388 Quibus
742 322 859 394 quidem
883 323 959 381 banc
974 325 998 379 l.
1013 323 1080 380 dam
1094 330 1138 382 est
1156 323 1192 380 ab
1214 323 1325 397 angelis
1343 323 1457 382 Christo
1477 325 1667 397 triumphanti
1686 340 1790 398 pompe
1814 329 1858 384 vi-

108 428 223 487 poenam
245 416 390 485 quantum
415 413 444 470 in
465 413 549 469 nobis
572 420 614 469 est
634 411 818 483 remittimus,
844 428 911 470 cum
926 413 955 471 in
1010 411 1284 471 etorielisexbibite.
1307 417 1370 486 lpse
1394 414 1501 487 quippe
1528 430 1581 473 rex
1600 414 1752 473 hominum
1775 417 1858 487 pari-

106 505 147 564 cis
166 504 202 562 ad
226 502 451 561 satisfactionem
472 500 591 573 peratis,
617 502 728 559 nullam
754 510 871 575 propter
901 505 956 561 hoc
1008 508 1052 558 ter
1070 509 1157 574 atone
1172 502 1352 575 angelorum,
1373 504 1493 561 alteram
1517 505 1554 561 ab
1580 505 1758 574 hominibus,
1783 506 1857 563 alte-

104 594 264 654 vindictam
284 591 413 650 exerceri
436 592 581 649 volumus.
598 592 634 661 Et
656 591 765 650 honest
789 607 842 650 nos
856 608 955 664 pmnas
1008 604 1071 648 ram
1084 591 1121 648 ab
1142 591 1252 664 angelis
1273 593 1442 664 hujusmodi
1462 594 1687 664 venerationem,
1713 595 1789 652 sicut
1810 597 1857 669 ju·

104 686 273 744 delictorum
293 682 330 739 ed
353 682 574 739 similitudinem
595 681 646 739 Dei
662 681 818 755 ignoscere,
836 697 903 740 cum
919 684 953 740 il·
1008 689 1085 738 stum
1107 679 1210 750 iuerat,
1228 682 1362 754 suscepit.
1380 683 1413 740 ln
1428 683 1527 740 Remis
1556 684 1664 756 quippe
1690 684 1856 755 palmarum

103 775 139 835 lis
154 776 189 834 de
203 774 289 832 illatis
311 772 428 846 injuriis
448 771 654 844 poenitentibus
676 779 704 828 ct
729 772 764 828 ed
780 772 955 831 satisfactio·
1006 771 1211 843 lerosolymam
1236 772 1364 842 venicus,
1381 772 1523 845 imperiali
1539 787 1627 842 more,
1646 786 1663 830 a
1680 775 1774 832 turbis
1788 790 1855 832 eum

103 879 170 923 nem
193 863 313 937 paratis,
337 877 452 920 omnem
479 861 520 918 eis
537 861 697 919 vindictam
721 861 896 931 relaxamus,
921 869 954 920 ut
1006 860 1143 918 laudibus
1167 868 1209 918 est
1224 869 1387 934 susceptus,
1410 872 1551 934 tanquam
1573 878 1624 920 rex
1647 861 1734 921 Issaei
1749 871 1777 923 et
1801 866 1856 922 ιε·

99 955 161 1028 jam
183 968 232 1012 eos
256 953 286 1010 in
310 951 391 1009 nullo
416 951 531 1022 penitus
550 964 602 1021 pro
626 944 672 1006 his
687 950 791 1021 punire
816 951 951 1009 velimus.
1007 964 1052 1006 res
1066 949 1210 1007 Dauidica
1234 951 1332 1022 stirpis
1348 951 1384 1008 ab
1404 952 1445 1009 eis
1460 951 1602 1010 salutatus
1626 966 1660 1009 ec
1674 952 1851 1012 benedictus.

101 1043 240 1116 Alioquin
256 1057 315 1100 non
329 1047 398 1098 sunt
415 1040 495 1112 digni
513 1040 602 1097 venie
621 1039 754 1111 quandiu
767 1040 952 1112 impoeniten-
1007 1039 1096 1112 Cujus
1111 1038 1226 1106 humili,
1252 1040 1300 1096 cui
1317 1040 1469 1110 insidebat,
1492 1042 1625 1113 jumento
1640 1042 1790 1100 deuotione
1804 1058 1854 1115 po·

101 1141 144 1191 tes
158 1133 188 1190 in
207 1146 261 1190 sue
283 1131 443 1203 persistunt
462 1129 583 1197 malitia,
599 1143 652 1185 nec
675 1127 779 1186 debere
802 1129 950 1187 volumus.
1006 1127 1067 1199 puli
1087 1141 1145 1185 non
1169 1128 1263 1185 solum
1286 1140 1381 1186 ramos
1400 1130 1547 1193 arborum,
1564 1131 1613 1187 sed
1635 1131 1721 1188 etiem
1738 1132 1855 1203 propria

102 1229 136 1281 ut
157 1221 291 1295 quandiu
313 1219 383 1278 tales
409 1218 477 1286 sint,
504 1231 629 1289 apoena
657 1217 772 1290 penitus
795 1218 951 1276 absolvan-
1005 1217 1179 1274 vestimenta
1194 1216 1405 1288 substernente,
1431 1218 1542 1291 aliquid
1559 1234 1648 1291 supra
1670 1220 1854 1279 consuetudi-

102 1319 174 1383 tur;
197 1325 250 1369 nec
264 1325 317 1367 nos
339 1306 412 1366 velle
433 1306 567 1364 convenit
582 1305 660 1379 quod
684 1307 791 1364 scimus
814 1306 878 1363 lleri
892 1321 950 1364 non
1005 1320 1070 1364 nem
1086 1315 1265 1365 terrenorum
1286 1323 1409 1380 regnum
1421 1309 1483 1367 ιιι
1499 1311 1564 1381 ejus
1577 1311 1723 1368 veneratio
1738 1310 1851 1369 habuit.

102 1414 195 1473 posse,
210 1399 256 1457 uel
281 1398 400 1455 minime
414 1396 577 1454 convenire.
593 1394 646 1452 Sed
669 1394 749 1465 dicis,
766 1410 826 1467 qua
840 1396 950 1454 ratione
1004 1393 1073 1451 lnde
1095 1395 1132 1452 ad
1159 1396 1300 1467 templum
1325 1405 1467 1470 tanquam
1482 1399 1518 1456 ad
1543 1399 1693 1472 proprium
1713 1399 1853 1471 palatium

101 1488 147 1547 his
169 1489 221 1561 qui
243 1489 304 1561 jam
327 1502 395 1546 rere
418 1486 567 1558 ponimur,
588 1498 641 1541 uec
667 1483 698 1541 in
718 1492 833 1557 peccato
858 1486 949 1556 persi·
1003 1483 1116 1553 populis
1137 1482 1238 1542 laudes
1256 1485 1485 1545 acclamantibus
1500 1488 1651 1558 deductus,
1668 1489 1853 1561 sacrilegium

101 1585 191 1648 stunt,
212 1591 303 1649 poene
328 1591 380 1648 pro
404 1584 518 1648 peccato
543 1573 713 1646 debeantur,
737 1574 872 1631 maximae
894 1574 949 1632 illa
965 1624 986 1680 B
1004 1573 1216 1644 negotiatorum
1237 1574 1303 1632 inde
1324 1583 1456 1646 potenter
1472 1577 1627 1648 expellens.
1645 1585 1789 1650 tanquam
1805 1593 1854 1636 re-

101 1681 169 1738 quec
184 1673 253 1723 sunt
276 1663 469 1722 damnationis
483 1661 622 1720 aetemae‘l
636 1665 694 1719 Aut
706 1661 729 1719 si
742 1662 803 1733 jam
827 1676 886 1720 non
901 1663 948 1720 de·
1004 1661 1052 1733 gia
1064 1676 1135 1720 usus
1147 1670 1283 1735 potestate
1303 1665 1397 1735 ipsum
1413 1665 1553 1737 expiavit,
1576 1673 1604 1724 et
1625 1666 1725 1724 divine
1743 1667 1853 1725 virtute

101 1755 217 1823 bentur,
249 1754 393 1826 quomodo
421 1752 527 1811 dimitti
560 1751 704 1824 possunt?
734 1751 787 1809 Sed
821 1752 947 1822 prolecto
1004 1764 1092 1809 caecos
1108 1751 1166 1809 illic
1186 1752 1366 1821 illuminans,
1399 1755 1607 1813 miraculorum
1635 1756 1779 1814 beneficiis
1800 1756 1852 1814 do·

100 1859 167 1902 cum
199 1841 315 1901 nullum
343 1850 495 1914 peccatum
523 1841 658 1899 credatur
685 1840 872 1914 impunitum,
899 1856 948 1899 nn·
1002 1854 1083 1898 mum
1112 1854 1195 1899 suam
1225 1844 1413 1902 consecravit.
1432 1844 1510 1903 Sicut
1534 1852 1631 1904 autem
1655 1846 1695 1903 ibi
1716 1853 1788 1904 tunc
1814 1847 1852 1904 eb

100 1946 250 2008 quaquam
282 1947 300 1989 a
337 1931 431 1990 debito
459 1946 551 2003 poena
584 1931 637 2003 ipsi
663 1930 749 1988 etiem
778 1931 948 2003 prenitentes
1003 1929 1169 1988 hominibus
1196 1947 1275 1990 more
1307 1932 1489 2005 triumphalis
1513 1949 1634 2007 pompae,
1657 1943 1690 1993 ut
1712 1935 1850 2008 diximus,

99 2037 218 2095 prorsus
234 2029 303 2080 sunt
318 2021 453 2091 absoluti,
471 2028 504 2079 ut
518 2020 543 2077 si
557 2034 616 2078 non
631 2020 829 2088 damnatoriis,
846 2020 946 2078 saltem
1002 2024 1043 2076 εει
1060 2018 1236 2091 honoratus3
1260 2021 1300 2079 ita
1324 2020 1464 2079 hodierna
1497 2023 1542 2080 die
1566 2022 1722 2080 ascendens
1743 2023 1773 2080 in
1793 2038 1850 2081 cm-

99 2111 275 2186 purgatoriis
297 2111 327 2169 in
345 2111 401 2169 bac
424 2110 494 2180 vita,
519 2110 579 2168 siue
594 2109 625 2167 in
645 2111 754 2181 lutura,
778 2109 947 2182 subiaceant
1001 2107 1073 2178 lum,
1103 2109 1139 2166 ab
1167 2110 1279 2183 angelis
1307 2111 1333 2168 ei
1367 2112 1587 2170 occurrentibus
1617 2120 1659 2170 est
1687 2119 1849 2185 susceptos.

99 2203 201 2276 poenis.
223 2202 353 2269 Quarum
378 2200 496 2274 quidem
519 2214 683 2271 poenarum,
711 2200 818 2258 lutura
839 2199 947 2257 scilicet
1002 2195 1131 2260 Quorum
1145 2197 1203 2255 duo
1224 2197 1388 2258 assistentes
1402 2201 1433 2258 in
1452 2201 1525 2258 albis
1548 2201 1727 2259 solemnibus
1741 2202 1790 2272 pia
1804 2203 1849 2260 al-

97 2291 176 2361 viiae,
202 2290 363 2364 quamlibet
385 2289 551 2362 graviorem
564 2303 626 2346 esse
645 2289 747 2346 beatus
770 2288 871 2346 asserit
884 2290 946 2346 Au·
1001 2284 1146 2343 locutione
1160 2286 1317 2359 discipulos
1341 2287 1536 2360 consolantur,
1552 2290 1678 2349 dicentes
1693 2308 1700 2346 :
1715 2293 1778 2349 Viri
1793 2293 1849 2350 Go-

97 2381 232 2456 gustinus
246 2380 312 2452 (lb),
334 2392 423 2451 quem
438 2392 623 2450 quaecunque
642 2389 726 2449 poena
741 2377 777 2435 sit
793 2378 859 2435 vitae
875 2391 946 2449 prae·
1000 2375 1077 2445 litei,
1091 2384 1144 2433 etc.
1167 2376 1242 2449 (ιιι.
1253 2393 1271 2441 1,
1287 2378 1342 2451 tl.)
1365 2379 1460 2451 liujus
1485 2389 1582 2439 autem
1609 2395 1745 2439 ascensus
1759 2381 1847 2439 mire-

98 2471 197 2529 semts,
1000 2463 1085 2521 bilem
1101 2465 1222 2538 gloriam
1238 2466 1293 2524 illis
1316 2476 1419 2526 mutue
1432 2468 1518 2526 lende
1532 2470 1758 2539 concinentibus,
1780 2484 1848 2528 cum

135 2559 193 2616 llas
220 2572 289 2630 ergo
317 2570 427 2628 pmuas,
454 2571 519 2630 quae
545 2555 642 2614 adbuc
669 2555 875 2627 penitentibus
896 2554 944 2612 de·
1001 2552 1065 2610 eliis
1087 2555 1299 2614 admirantibus
1314 2557 1421 2629 sapius
1435 2567 1622 2631 quererent:
1647 2559 1713 2625 Quis
1736 2565 1777 2616 est
1797 2565 1849 2616 iste

97 2650 213 2717 ιεειει,
237 2647 321 2704 nobis
344 2645 450 2704 dimitti
471 2645 663 2718 postulamus,
683 2659 719 2703 ne
743 2645 777 2703 dc
800 2644 945 2718 magnitn-
999 2659 1050 2699 rea
1069 2641 1187 2713 gloria?
1208 2644 1291 2718 (Psoi.
1319 2661 1398 2716 xxm,
1425 2648 1452 2720 8)
1478 2647 1527 2705 elii
1546 2649 1751 2720 respondentes
1775 2650 1848 2707 dice

96 2739 162 2798 dine
181 2739 310 2810 ipsarum
334 2750 385 2808 per
399 2735 609 2808 impatientiam
636 2735 672 2791 ad
691 2741 806 2805 peccate
830 2733 945 2791 releba·
1001 2732 1086 2789 bant:
1115 2735 1245 2788 Dominus
1268 2735 1350 2801 sortis
1370 2741 1395 2790 et
1419 2741 1523 2807 poten,
1543 2741 1676 2794 Dominus
1693 2743 1793 2809 potens
1817 2743 1846 2794 in

97 2843 174 2898 mur,
190 2828 265 2886 sicut
285 2826 326 2883 illi
349 2825 469 2893 iaciunt,
490 2824 543 2895 oui
566 2837 656 2895 snpra
672 2822 701 2879 id
724 2822 801 2894 quod
827 2828 945 2892 possunt
996 2824 1093 2892 proelio
1123 2821 1224 2893 (ibid).
1249 2823 1285 2879 Et
1309 2837 1447 2881 rursum:
1471 2828 1603 2882 Dominus
1630 2831 1765 2884 uirtutum
1790 2831 1847 2899 ipse

96 2917 207 2987 tentati,
228 2914 423 2974 succumbunt
446 2913 557 2982 simia
578 2927 636 2984 quo
660 2911 776 2983 quidem
800 2911 943 2982 patientia
960 2902 983 2960 G
999 2917 1039 2967 est
1054 2927 1104 2967 rea
1129 2912 1224 2981 otone
1246 2913 1333 2982 litte,
1353 2912 1405 2986 ιο).
1423 2916 1533 2973 Horum
1556 2914 1665 2987 duplex
1685 2918 1844 2989 responsio,

95 3007 218 3075 deiectu,
241 3004 311 3063 dum
336 3003 497 3075 probemur
521 3001 551 3057 in
572 3000 805 3069 adversitatibus,
828 2999 942 3057 liberari
999 3015 1125 3073 quorum
1144 3008 1171 3058 et
1187 3001 1294 3072 duplex
1310 3012 1492 3075 praecesserat
1504 3004 1608 3077 jussio,
1631 3005 1675 3063 bis
1688 3007 1728 3064 ita
1746 3008 1844 3064 dicen-

96 3110 261 3168 precamur,
288 3107 356 3152 cum
385 3091 537 3150 subditur:
565 3092 602 3146 ut
628 3106 662 3145 nc
691 3105 739 3144 nos
770 3088 884 3145 indueus
912 3091 943 3144 in
997 3090 1085 3149 tium:
1106 3092 1230 3146 Attollite
1247 3097 1353 3162 portos,
1380 3097 1532 3164 principes,
1558 3100 1674 3166 uestras,
1700 3102 1726 3151 et
1761 3099 1847 3153 elenu·

96 3186 281 3243 tentetionem.
307 3180 405 3237 Talem
425 3177 623 3250 temperantia
638 3177 777 3236 uirtutem
797 3183 889 3250 rogat,
906 3192 943 3235 εε
995 3181 1074 3248 mini,
1094 3185 1179 3250 perte
1193 3182 1334 3238 eternales
1356 3182 1448 3254 (ibid,
1470 3183 1694 3258 insuperque
1714 3185 1764 3242 elii
1791 3185 1845 3243 hoc

94 3271 330 3350 suggestionibus
349 3268 534 3327 voluntatum
557 3266 683 3339 prebeat
698 3280 856 3325 assensum.
876 3267 942 3324 'lale
996 3266 1155 3336 audientes,
1194 3268 1278 3339 quasi
1318 3270 1444 3341 quadam
1476 3271 1667 3329 admiratione
1699 3274 1844 3339 commoti,

93 3373 136 3425 est
161 3378 248 3437 ergo:
275 3360 442 3420 Neinduecs
465 3372 514 3413 nos
533 3359 765 3425 intentationem,
795 3369 829 3412 ac
851 3355 875 3414 si
897 3356 940 3412 di·
996 3351 1147 3428 geminate
1163 3356 1287 3428 jussioni
1316 3359 1491 3430 geminatam
1522 3360 1698 3420 subnectunt
1721 3362 1843 3422 interro·

92 3463 187 3524 cetur,
206 3466 244 3510 ne
265 3447 413 3522 permittes
436 3460 489 3503 nos
508 3445 549 3503 ita
567 3446 682 3514 tentari,
709 3452 742 3502 ut
762 3445 792 3502 iu
816 3445 942 3503 adversi·
995 3440 1148 3517 gerionem,
1176 3461 1242 3504 cnm
1275 3448 1406 3507 videlicet
1436 3449 1537 3507 aiunt:
1562 3449 1628 3518 Quis
1647 3456 1687 3508 est
1713 3454 1767 3509 iste
1794 3469 1845 3509 rec

93 3543 201 3602 tatibus
222 3538 401 3606 deficiamus,
425 3535 472 3593 vel
493 3535 592 3606 pravis
614 3533 853 3605 concupiscentiis
873 3548 940 3592 suc·
995 3533 1116 3602 glorie?

92 3631 265 3693 cumbamus
284 3628 363 3686 victi.
392 3625 446 3682 Sed
469 3625 553 3681 tibere
574 3639 657 3680 nosn
677 3624 757 3693 moto,
771 3622 826 3681 hoc
840 3630 882 3680 cst
903 3623 941 3681 da
1030 3623 1166 3697 Legimus
1200 3624 1365 3696 Dominum,
1391 3626 1488 3699 ejectis
1515 3642 1533 3684 a
1554 3630 1681 3686 terrestri
1709 3631 1842 3703 paradiso

91 3719 290 3781 lentitudinem
313 3723 340 3774 ct
363 3716 453 3774 robur
480 3713 570 3771 animi
595 3713 737 3771 invictum
759 3711 796 3769 ad
818 3711 940 3770 adversa
994 3712 1095 3785 primis
1109 3713 1286 3784 hominibus,
1312 3715 1479 3788 diligentem
1495 3724 1583 3789 atque
1607 3718 1742 3778 solertem
1757 3734 1844 3794 ange-

91 3810 227 3887 qnaelibet
240 3805 400 3874 toleranda,
415 3818 452 3861 ne
467 3810 548 3862 motu
567 3803 666 3875 aliquo
681 3802 727 3860 uel
744 3801 939 3873 pusillanimi·
993 3803 1087 3860 lorum
1104 3804 1276 3875 custodiam,
1293 3820 1359 3877 qne
1374 3805 1491 3864 minime
1509 3806 1568 3864 lelli
1592 3809 1688 3880 possit,
1712 3810 1751 3867 ibi
1778 3825 1844 3868 con-

91 3903 149 3959 tate
164 3897 340 3958 declinemus
352 3909 371 3953 a
384 3893 565 3952 rectitudine.
582 3892 750 3950 Notandum
764 3906 832 3949 vcro
848 3891 937 3964 quod,
993 3892 1118 3950 stituisse
1141 3892 1218 3964 (den.
1247 3895 1297 3968 nt.)
1323 3894 1404 3952 Unde
1427 3903 1454 3952 et
1473 3895 1545 3953 bene
1564 3897 1726 3967 cherubim,
1753 3897 1781 3956 id
1800 3907 1842 3957 est

90 3989 169 4050 velut
184 3988 286 4046 beatus
300 3984 431 4043 meminit
445 3980 936 4056 Augustinusinlinchiridion(lb),
990 3983 1133 4052 plenitudo
1161 3986 1280 4039 scientie
1309 3997 1326 4039 a
1353 3983 1493 4054 propbeta
1520 3993 1672 4044 vocantur.
1712 3988 1746 4044 lli
1773 4003 1841 4062 ergo

89 4086 198 4152 septem
235 4077 288 4135 has
314 4073 474 4146 petitiones,
508 4086 582 4144 quas
614 4071 766 4129 Matthaeus
793 4068 936 4139 distinxit,
992 4072 1087 4146 gladio
1106 4072 1233 4144 quodem
1253 4072 1386 4131 llammco
1406 4081 1494 4147 etque
1507 4076 1636 4134 versatili
1652 4077 1758 4149 ejectos
1773 4078 1840 4137 illos

90 4168 183 4227 buces
206 4166 236 4224 in
259 4164 391 4238 quinque
428 4175 503 4234 quas
521 4159 625 4232 posuit,
654 4160 779 4218 breviter
806 4173 935 4230 compre·
952 4198 975 4254 D
992 4161 1028 4219 eb
1055 4161 1136 4220 editu
1164 4162 1293 4234 peradisi
1317 4171 1447 4221 arcentes
1473 4172 1561 4237 atque
1584 4165 1757 4232 inhibentes,
1787 4168 1842 4227 ιιι

88 4254 198 4314 bendit.
224 4254 317 4310 Lucas
340 4251 449 4324 quippe
473 4249 512 4307 in·
524 4248 640 4307 duabus
665 4249 767 4320 primis
792 4247 936 4320 petitioni·
991 4250 1053 4323 ipso
1072 4251 1167 4324 gladio
1190 4252 1274 4323 quasi
1293 4252 1470 4324 quibusdam
1486 4254 1575 4324 portis
1594 4253 1743 4313 introitum
1756 4256 1841 4316 clau-

87 4344 153 4413 bus,
178 4355 252 4416 quas
270 4348 298 4399 et
323 4341 382 4412 ipse
406 4340 494 4412 ponit,
520 4339 575 4396 hoc
601 4346 658 4396 est:
680 4339 869 4410 Sonctitmtur
888 4354 937 4393 no·
992 4347 1088 4397 serent
1111 4345 1199 4411 atoue
1213 4340 1419 4398 obstruxerant
1445 4342 1581 4412 paradisi.
1608 4343 1651 4400 Ad
1676 4358 1750 4415 quos
1777 4346 1841 4417 qui-

87 4449 149 4490 men
174 4439 262 4500 tuum,
285 4434 311 4487 et
334 4429 464 4485 adveniet
482 4444 597 4498 regnum
614 4433 700 4497 tuum,
722 4428 835 4485 tertiam
858 4441 935 4484 com·
991 4429 1055 4486 dem
1072 4429 1225 4501 principes,
1247 4429 1276 4487 id
1299 4437 1342 4488 est
1365 4431 1484 4503 angelos
1507 4431 1546 4489 ibi
1568 4432 1605 4489 ad
1629 4433 1789 4492 custodiam
1806 4435 1840 4493 il·

86 4521 238 4596 prehendit
257 4533 346 4593 quam
365 4517 515 4576 llettbaeus
540 4517 703 4591 distinguit,
724 4517 849 4576 scilicet:
874 4519 936 4573 Fiet
988 4516 1048 4576 lem
1070 4518 1254 4590 presidentes
1278 4518 1309 4576 iu
1334 4520 1430 4593 ligura
1450 4520 1571 4580 coelestis
1595 4522 1733 4594 peradisi,
1756 4523 1840 4583 bodio

83 4614 213 4671 uoluntas
243 4615 302 4677 tuo,
332 4618 472 4680 tanquam
498 4606 675 4664 arbitremur
702 4606 752 4664 illa
778 4621 837 4664 non
861 4605 933 4675 lieri,
989 4608 1073 4665 nobis
1093 4608 1124 4664 in
1139 4622 1258 4666 escensu
1281 4609 1386 4667 Christi
1409 4611 1539 4680 reserati,
1565 4626 1645 4670 nunc
1669 4613 1777 4672 dicitur
1793 4615 1840 4672 :0

82 4701 139 4760 uisi
168 4701 223 4759 hoc
250 4699 337 4758 etiem
359 4697 548 4769 compleatur.
579 4696 715 4755 Ultimam
739 4709 817 4763 vero,
843 4709 934 4767 ouem
987 4712 1049 4766 vos,
1062 4697 1218 4769 principes,
1234 4698 1317 4757 idest
1332 4699 1478 4771 prepositi
1492 4700 1618 4772 paradisi
1638 4702 1780 4772 custodes,
1797 4712 1839 4762 at·

83 4791 235 4851 tlattbeus
256 4787 391 4861 supponit
415 4792 443 4844 et
461 4785 554 4843 Lucas
569 4792 674 4843 tacet:
703 4783 757 4842 Sed
784 4784 871 4840 libero
884 4800 933 4840 nos
989 4784 1076 4843 tollite
1101 4784 1161 4856 jam
1186 4791 1297 4844 vestras
1311 4795 1417 4858 portas,
1447 4787 1536 4846 idest
1557 4790 1726 4848 submovete
1753 4790 1837 4848 illam

82 4883 196 4950 omem,
218 4880 258 4938 ita
275 4893 313 4936 ex
332 4875 504 4949 precedenti
530 4874 654 4946 pendere
670 4876 761 4930 Lucas
786 4880 929 4943 autumet,
986 4883 1112 4934 vestram
1141 4888 1230 4948 quem
1264 4876 1392 4935 diximus
1425 4877 1621 4938 obstruentem
1657 4879 1837 4951 clausuram,

81 4977 115 5030 ut
127 4969 170 5029 ilii
183 4970 214 5027 in
229 4981 318 5028 unam
339 4966 503 5038 petitionem
523 4964 558 5021 sit
578 4961 792 5036 conjungenda.
808 4961 889 5030 Quod
903 4969 930 5021 ει
986 4973 1013 5023 et
1038 4965 1120 5024 illum
1143 4965 1306 5024 uersatilem
1330 4966 1452 5026 avertite
1478 4967 1619 5040 gladium,
1640 4969 1692 5042 qui
1717 4970 1837 5041 proinde

80 5059 144 5133 lpse
166 5056 264 5116 innuit
285 5054 462 5128 conjunctio,
487 5053 545 5124 sed,
571 5051 750 5125 interposita.
776 5053 875 5123 Amen,
901 5051 930 5110 id
985 5053 1137 5124 versatilis,
1155 5053 1240 5112 idest
1265 5055 1380 5113 mobilis
1400 5055 1496 5128 potius
1519 5071 1609 5129 quam
1624 5057 1702 5115 llxus
1728 5066 1774 5115 est
1792 5058 1838 5116 di·

80 5155 123 5209 eet
139 5147 199 5205 liet.
986 5149 1060 5214 ctus,
1082 5143 1153 5215 quia
1176 5143 1353 5217 quandoque
1371 5146 1547 5203 avertendus
1570 5153 1598 5205 ct
1619 5146 1838 5207 submovendus

406 5229 526 5291 SEllllo
544 5230 603 5288 llil.
984 5234 1035 5290 ost.
1058 5233 1100 5303 lit,
1121 5247 1137 5289 o
1159 5246 1220 5303 uos,
1245 5241 1343 5306 portu,
1367 5233 1520 5292 elevamini
1550 5235 1710 5306 eternales,
1737 5235 1768 5294 id
1794 5244 1837 5296 est

353 5328 382 5378 tn
405 5336 452 5380 om
471 5335 656 5380 escunsronrs
984 5319 1105 5379 sublata
1121 5328 1149 5380 ει
1165 5322 1306 5382 submotu
1320 5323 1351 5381 in
1372 5329 1513 5382 aternum
1528 5333 1627 5396 estote,
1653 5333 1682 5383 et
1695 5323 1839 5386 introibit·

113 5408 297 5474 mensionis
333 5409 491 5469 Dominicee
512 5410 614 5469 festive
637 5409 819 5482 jucunditas,
847 5423 926 5483 ιιι·
982 5422 1035 5468 rex
1055 5409 1164 5482 gloriae,
1186 5425 1245 5471 non
1262 5412 1380 5486 quidem
1408 5419 1549 5487 terrenus,
1574 5415 1624 5476 sed
1643 5414 1696 5488 oui
1721 5413 1758 5474 ed
1777 5429 1835 5474 ιε-

114 5542 171 5616 (tt)
189 5538 307 5610 Petrol,
324 5545 393 5598 tom.
410 5536 563 5606 xxxmu,
579 5535 632 5594 col.
649 5539 710 5593 879.
1018 5534 1074 5608 (lt)
1090 5535 1205 5608 Petrol,
1226 5544 1294 5597 tom.
1312 5535 1370 5610 XL,
1386 5538 1441 5601 col.
1458 5541 1521 5613 ιιι,
1536 5541 1598 5598 ιιι.
