3804 5962
514 194 712 255 runniouii
730 195 952 255 cuuisriiiiii.
966 224 1002 239 -
1016 193 1079 254 utu.
1097 195 1141 253 iv.

1683 36 1804 43 -μ

1642 196 1712 253 tati

94 324 243 385 vocabulis
262 323 467 383 laborandum.
494 347 509 375 ι
528 326 570 383 id
594 325 672 397 quod
693 339 798 397 respon
828 324 937 383 husus
956 324 1053 393 habet,
1082 324 1107 382 si
1135 324 1171 382 ad
1203 299 1363 382 doctrinam
1391 331 1419 382 et
1444 322 1640 396 intelligentie
1669 322 1710 381 la·
1751 296 1753 301 ’

79 417 120 473 tod
137 416 229 487 placet
248 414 320 471 mihi
335 413 396 470 sola
410 412 615 485 intelligentie,
640 413 688 470 sed
708 414 810 485 requi-

79 507 111 563 ba
128 519 189 562 esse
212 502 368 567 catholica,
385 502 457 574 quia
480 516 539 558 nou
555 501 616 559 sine
634 515 723 559 causa
737 503 811 573 Apo·

78 593 210 651 levitates
231 591 387 649 rethorum
407 605 459 647 nos
474 591 563 648 vitare
582 591 727 657 admonet,
748 599 809 649 tum

79 695 87 738 ι
110 687 322 750 contemptores
336 686 504 735 sanctorum
519 678 671 736 videamur
697 687 724 736 et
749 678 809 749 Spi-

79 771 145 827 mcti
171 769 369 841 colloquitur
390 768 420 825 in
435 769 491 837 eis;
519 777 580 825 tum
595 768 681 825 etiam
704 769 809 841 magis,

79 903 82 915 .
98 859 130 916 in
142 858 241 915 verbis
255 858 313 914 tuis
327 870 433 912 sanum
452 870 571 914 sensum
587 856 717 925 haberes,
734 856 811 913 alius

79 946 265 1014 henderctur,
281 945 333 1017 qui
346 959 464 1003 sensum
486 952 570 1002 tuum
589 959 647 1002 non
669 944 811 1017 intellige·

79 1034 243 1093 scandalum
256 1034 362 1091 erroris
375 1033 441 1089 inde
455 1042 592 1091 sumeret.

79 1157 194 1229 titaque
218 1158 305 1214 etiam
330 1171 398 1214 cum
421 1171 509 1215 seusu
531 1156 621 1214 rerba
645 1156 759 1223 idonea,
774 1156 811 1213 ad

79 1246 190 1309 tionem,
212 1260 272 1302 non
287 1245 520 1316 commistum
539 1252 567 1302 ει
582 1245 661 1302 dicas
681 1245 717 1301 ad
732 1246 812 1302 hunc

79 1357 83 1391 t
110 1334 362 1403 manilestandum‚
380 1348 439 1391 non
468 1335 553 1390 Pater
577 1342 620 1391 est
635 1335 735 1402 Filius,
762 1333 810 1391 sed

79 1423 119 1480 totl
140 1431 182 1479 cst
210 1423 294 1479 Pater
308 1430 350 1479 est
375 1421 485 1489 Filius,¹
501 1423 554 1478 boc
575 1429 617 1478 est
639 1422 740 1479 eadem
768 1429 812 1478 est

79 1525 156 1583 oque
181 1511 305 1568 essentia
337 1509 397 1567 siro
434 1511 606 1567 substantia.
635 1511 694 1568 Nec
731 1510 811 1567 dicas

79 1612 221 1668 personam
249 1612 310 1655 esse
338 1599 429 1667 illam,
449 1599 526 1669 quod
549 1607 592 1655 est
613 1598 707 1655 dicere
735 1598 810 1656 idem

79 1688 196 1757 oprium
213 1687 376 1758 utriusque,
401 1687 451 1744 sed
474 1688 550 1745 hanc
569 1700 720 1757 personam
735 1687 810 1743 idem

79 1776 120 1834 iod
145 1776 195 1833 illa
210 1784 262 1844 est,
280 1776 333 1833 boc
348 1783 390 1833 est
412 1776 542 1847 ejusdem
557 1776 725 1833 substantia
738 1790 809 1833 csse.

80 1872 131 1922 uta
155 1871 252 1922 autem
275 1865 460 1922 veneratione
486 1865 571 1922 ctiam
596 1865 687 1922 verba
711 1864 812 1922 divina

80 1967 98 2009 a
120 1953 188 2023 sint,
214 1954 259 2010 tis
283 1954 413 2024 ipsorum
437 1953 582 2022 admonet,
600 1968 666 2024 quae
681 1953 811 2024 quotidie

79 2048 144 2098 enta
165 2041 299 2098 Ecclesia
318 2040 443 2108 conficit,
460 2055 528 2097 cum
551 2040 587 2097 ad
603 2041 810 2098 invocationem

79 2128 148 2185 riuis
163 2129 237 2185 mira
252 2130 328 2185 Deus
340 2138 488 2200 operatur,
504 2130 591 2186 etiam
611 2142 660 2201 per
685 2131 812 2187 immun·

79 2233 98 2275 ts
125 2218 283 2276 ministros.
310 2219 391 2276 Unde
414 2227 442 2276 et
458 2221 559 2277 merito
587 2220 744 2278 christiana
766 2234 810 2278 re·

79 2307 152 2365 erbis
174 2322 291 2379 quoque
315 2307 422 2364 divinis
441 2309 632 2366 reverentiam
660 2309 811 2379 exhibens,

79 2409 103 2452 ta
125 2395 301 2451 vocabulum
325 2398 375 2451 Dei
402 2410 546 2466 usurpare
564 2411 622 2453 non
651 2396 810 2465 consuevit,

81 2481 184 2538 mobile
208 2481 281 2539 illud
303 2482 438 2550 custodit,
455 2484 533 2553 quod
558 2491 616 2539 tam
631 2497 649 2539 a
667 2484 811 2555 gentibus,

80 2570 187 2628 ludaeis
206 2571 243 2626 ad
258 2578 407 2627 creaturas
430 2586 645 2642 nonnunquam
667 2573 811 2630 detortum

79 2672 113 2715 tm
138 2659 258 2730 utrique
279 2659 348 2715 deos
374 2659 534 2716 nominent.
558 2661 621 2730 ipse
641 2661 729 2717 etiam
753 2659 813 2717 Pri·

865 415 999 472 cultatem
1023 414 1104 487 loqui
1126 414 1312 480 intendimus,
1332 420 1364 470 ut
1381 427 1447 470 cunt
1470 411 1578 469 dicitur
1601 411 1707 483 ligura-

865 503 922 562 tire
947 504 981 560 de
1006 504 1061 560 lieo
1088 502 1158 575 quia
1180 501 1270 560 nescit
1298 501 1398 568 malos,
1428 501 1490 558 ideo
1515 500 1639 572 liguram
1659 514 1709 558 ex·

866 593 1012 651 tendentes
1033 592 1175 660 dicamus,
1197 591 1340 662 quianon
1365 591 1419 648 scit
1441 603 1540 648 omnes
1565 590 1709 659 homines,

864 682 910 739 vel
926 681 1015 738 nescit
1029 680 1137 739 omnia.
1157 681 1206 737 Vel
1225 681 1248 737 si
1270 679 1364 737 dicam
1387 678 1458 750 quia
1481 678 1568 735 adoro
1581 692 1708 746 crucem,

865 769 928 824 ideo
947 768 1100 824 concedam
1123 783 1168 824 me
1190 766 1313 825 adorare
1336 764 1502 823 insensibile
1522 763 1568 821 rei
1583 764 1708 837 iignum.

865 855 917 914 Vel
936 855 960 911 ει
984 856 1078 912 dicam
1103 870 1148 913 mc
1162 855 1278 913 credere
1303 856 1332 910 in
1348 854 1495 934 Christum
1515 852 1562 909 vel
1577 852 1710 909 ‘adorare

864 960 943 1012 cum,
963 944 1015 1017 qui
1037 945 1123 1001 etiam
1147 944 1300 1017 figurative
1324 942 1398 1014 lapis
1420 951 1471 1000 aut
1502 955 1619 1013 serpeus
1641 939 1710 998 dici-

865 1041 931 1103 tur;
959 1033 1022 1090 ideo
1051 1047 1095 1089 me
1118 1033 1148 1088 in
1175 1032 1298 1103 lapidem
1325 1032 1440 1089 credere
1463 1029 1509 1088 rel
1538 1030 1567 1085 in
1592 1042 1719 1100 serpen.

866 1131 921 1181 tem
937 1135 1077 1188 annuam,
1106 1121 1149 1177 vel
1175 1122 1296 1179 adorare
1323 1121 1447 1193 lapidem
1466 1126 1519 1176 aut
1539 1126 1710 1189 serpentem.

865 1212 923 1266 iot
951 1225 1020 1266 cum
1056 1209 1191 1267 Christus
1224 1224 1261 1266 ert
1289 1209 1442 1267 divinitate
1469 1215 1497 1266 ct
1530 1206 1712 1264 humanitate

866 1293 926 1355 una
954 1299 991 1355 sit
1019 1305 1167 1368 compacta
1207 1312 1340 1370 persona,
1368 1305 1395 1354 et
1426 1311 1479 1370 pro
1516 1303 1595 1367 parte
1623 1295 1712 1361 bens.

866 1401 918 1458 pro
931 1394 1012 1458 parte
1037 1387 1121 1444 bomo
1141 1386 1265 1454 dicatur,
1288 1394 1375 1458 atque
1391 1387 1421 1442 iu
1445 1386 1506 1457 ipso
1528 1386 1612 1441 homo
1636 1383 1713 1440 licus
1793 1380 1798 1391 '

865 1491 926 1534 esse
951 1476 1075 1544 dicatur,
1101 1476 1171 1548 quia
1199 1476 1247 1532 bic
1271 1475 1312 1532 illi
1341 1477 1371 1532 in
1386 1489 1475 1533 unam
1505 1486 1657 1545 personam
1677 1471 1713 1529 sit

866 1566 976 1634 unitus,
1004 1565 1098 1635 sitque
1122 1564 1222 1622 divina
1247 1565 1411 1623 substantia
1438 1572 1555 1633 aetema,
1583 1562 1713 1619 bumana

828 1669 926 1727 Boon
953 1661 1070 1723 aeterna,
1100 1661 1281 1712 nontamen
1311 1654 1373 1711 ideo
1402 1650 1556 1711 concedere
1581 1650 1714 1723 cogimur

866 1746 943 1818 quod
962 1758 1022 1801 non
1044 1751 1085 1801 est
1113 1751 1254 1801 eternum
1277 1758 1338 1801 csse
1361 1751 1517 1814 eternum3
1539 1756 1593 1798 nec
1621 1740 1714 1813 Scrip-

866 1841 959 1906 pturae
984 1833 1154 1905 figurativas
1177 1833 1336 1891 locutiones
1360 1832 1438 1890 ultra
1462 1832 1517 1888 boc
1541 1830 1619 1902 quod
1639 1830 1713 1887 scri·

866 1930 947 1995 ptum
973 1936 1087 1979 neccsse
1115 1930 1157 1979 εει
1184 1922 1312 1979 extendi.
1343 1922 1397 1981 Sed
1423 1936 1477 1978 nec
1500 1920 1640 1992 cuiquam
1669 1918 1712 1977 las

865 2017 917 2080 est,
943 2024 961 2066 a
988 2019 1126 2068 consueta
1151 2009 1363 2083 significatione
1397 2023 1558 2067 sermonem
1587 2020 1714 2066 commn-

866 2108 937 2168 tare‚
960 2098 1016 2156 nisi
1037 2098 1063 2155 ei
1087 2099 1172 2170 cujus
1196 2099 1368 2171 gravissima
1398 2098 1516 2156 videtur
1543 2096 1711 2165 auctoritas,

865 2197 917 2246 aut
945 2187 1045 2259 aliqua
1070 2195 1191 2245 ornatos
1217 2189 1270 2245 hcc
1298 2188 1477 2246 commendet
1506 2187 1608 2259 gratia.
1639 2184 1714 2254 Quid

865 2277 953 2336 etiam
972 2277 1079 2334 mirum
1107 2277 1132 2334 si
1156 2291 1239 2334 voces
1263 2291 1330 2334 cum
1354 2291 1371 2333 a
1398 2275 1539 2334 creaturis
1560 2275 1597 2331 od
1621 2276 1712 2331 iteum

867 2366 1092 2433 transieruntur,
1117 2365 1358 2438 significationem
1384 2364 1507 2431 varient,
1535 2369 1632 2434 utpote
1657 2363 1713 2418 boc

866 2468 971 2513 nomen
1009 2453 1091 2511 Pater
1123 2455 1170 2511 vel
1206 2453 1306 2523 Filius,
1338 2451 1561 2512 constructionis
1595 2464 1714 2523 quoquc

867 2544 926 2602 rim
950 2549 1138 2610 commutent,
1163 2558 1231 2600 cum
1258 2543 1316 2601 iliae
1342 2543 1429 2600 etiam
1456 2543 1485 2598 id
1513 2541 1622 2598 iaciant
1649 2553 1715 2611 qum

865 2631 1107 2703 significationem
1121 2631 1289 2689 nullatenus
1313 2637 1427 2688 mutare
1445 2629 1583 2687 ridentur
1596 2627 1611 2682 i
1625 2627 1712 2684 Nemo

79 2745 235 2804 tdoctoret
255 2747 379 2817 scriptor
398 2746 538 2818 loquendi
560 2747 591 2804 in
617 2747 813 2805 locutionibus
867 2721 978 2794 quippe
1009 2728 1085 2777 '⁰⁰¹⁶
1112 2719 1277 2792 intefligeffl
1308 2720 1449 2775 ¹¹¹¹i¹³²⁰¹¹¹
1478 2725 1529 2774 ³¹¹¹
1562 2714 1714 2816 ¹¹¹?er
1760 2752 1762 2758 ‘

79 2848 92 2891 θ
121 2848 207 2892 usum
243 2834 442 2892 &mummium
470 2849 531 2892 esse
560 2835 704 2893 admonet·
740 2837 813 2892 Bene
867 2809 939 2866 alias
962 2809 1070 2866 formas
1085 2809 1124 2865 ita
1151 2823 1167 2864 a
1192 2808 1329 2881 subJ'eetis
1352 2807 1521 2864 substantiis
1545 2804 1658 2873 dirtdtt,
1682 2809 1714 2860 ut

79 2936 100 2978 n
123 2936 191 2979 „um
216 2922 322 2979 locutio
347 2923 587 2995 significationem
611 2939 670 2981 non
685 2938 721 2982 ex
749 2924 813 2995 μὴ,
867 2911 916 2955 cas
930 2897 966 2954 ab
989 2898 1030 2954 eis
1052 2911 1175 2954 numero
1198 2895 1243 2953 rel
1257 2895 1448 2954 essentialiter
1461 2894 1590 2950 diversas
1613 2889 1711 2950 existi-

79 3011 198 3068 minum
219 3011 332 3068 habeat.
349 3012 431 3078 Quod
455 3026 524 3070 vero
547 3014 586 3071 ait
608 3005 810 3086 Augustinus:
829 3015 851 3071 G
868 2994 935 3043 ⁰¹⁶¹·
952 2985 1010 3043 N⁰⁰
1026 2986 1103 3084 ‘¹⁰5⁸‘
1128 3000 1196 3084 ΨΒ
1218 2985 1287 3042 (Ῑῑθίῑ
1310 2984 1451 3081 unitam?
1474 2983 1536 3082 ⁰⁶f¹
1557 2980 1603 3038 Ἴθι
1620 2993 1713 3037 mmm

79 3099 167 3168 erbis,
193 3113 261 3156 cum
287 3113 333 3156 res
346 3107 465 3167 constet,
484 3103 679 3158 controversia
709 3101 814 3158 lacien·
869 3075 969 3142 Deum*
990 3082 1041 3131 ΜΠ
1056 3072 1268 3144 ⁸¹¹¹¹P¹¹⁰¹⁸²¹⁰m
1293 3073 1354 3140 Μ’
1378 3079 1406 3129 ⁰¹
1428 3069 1585 3141 ⁸¹m⁹¹¹oem
1609 3069 1712 3135 Deum’

91 3194 143 3256 est,
166 3208 177 3236 ε
204 3187 243 3244 ibt
259 3202 328 3245 sane
350 3189 581 3260 intelligendum,
604 3188 653 3247 ΠΜ
677 3189 712 3247 ,10
727 3190 814 3247 rebus
868 3163 945 3222 sicui
961 3162 1099 3219 unitatem
1118 3161 1222 3218 animae
1243 3161 1288 3218 vei
1309 3175 1398 3218 unam
1412 3161 1551 3226 animam,
1570 3164 1621 3215 aut
1646 3155 1714 3213 sim·

79 3275 112 3331 :io
134 3282 196 3332 orta
220 3285 273 3343 est,
290 3277 343 3333 boc
357 3284 399 3334 cst
413 3277 447 3333 de
472 3277 646 3348 inquirenda
670 3285 697 3334 ct
720 3277 815 3334 discu-

91 3363 211 3421 reritate
236 3379 334 3422 rerum
358 3365 566 3436 potiusquam
591 3365 625 3421 de
643 3365 815 3435 proprietate

79 3466 134 3508 um.
162 3452 234 3509 Cum
258 3453 409 3524 enimjam
434 3452 462 3508 ld
478 3453 619 3510 habemus
639 3452 717 3523 quoti
740 3465 815 3522 pute

78 3552 113 3609 ιε,
133 3540 189 3596 boc
212 3548 253 3596 est
279 3540 358 3596 illam
383 3554 483 3597 rerum
505 3538 708 3597 certitudinem
725 3553 814 3610 quam

79 3628 225 3700 pabamus
255 3643 315 3684 non
344 3635 386 3685 εει
416 3629 581 3685 curandum
615 3642 673 3700 quo
709 3640 814 3698 genere

79 3730 125 3773 um
148 3716 175 3772 id
201 3716 285 3774 uobis
304 3716 494 3788 significetur,
516 3723 577 3784 aut,
601 3715 813 3788 comprobetur,

79 3818 118 3861 tm
142 3805 181 3862 ita
202 3820 263 3863 esse
282 3813 440 3863 teneamus.
468 3810 504 3862 ht
522 3818 590 3862 vero
614 3804 639 3862 ει
661 3804 696 3861 de
720 3803 815 3861 verbis

79 3909 90 3951 ι
113 3902 190 3952 mota
206 3895 303 3962 luerit,
319 3909 356 3951 au
372 3894 503 3952 videlicet
517 3908 610 3951 sermo
630 3893 682 3965 qni
697 3893 813 3956 dicitur,

81 3983 89 4039 l
115 3983 188 4040 illud
211 3983 314 4041 habeat
338 3984 431 4041 dicere
453 3984 528 4040 sicut
549 3983 691 4047 hocloco
711 3981 816 4055 quaerl·

80 4084 173 4129 rnou
193 4073 301 4129 scillcet
326 4086 391 4129 vere
407 4071 521 4129 dicatur
539 4073 623 4129 Pater
645 4078 687 4128 εει
715 4069 815 4138 Filius,

79 4167 121 4217 ota
145 4161 341 4218 controversia
366 4161 403 4217 ad
426 4160 487 4218 rint
511 4161 668 4219 verborum
690 4167 733 4217 est
748 4159 817 4216 rcic

100 4372 219 4430 lortasse
235 4372 342 4445 aliquis
363 4374 441 4444 quod
464 4373 626 4430 secundnm
640 4375 817 4445 propositam

79 4461 187 4530 ionem,
217 4463 246 4518 in
275 4476 335 4532 qua
362 4463 471 4520 dicitnr
498 4464 582 4520 Pater
615 4478 672 4520 non
701 4472 743 4521 est
772 4463 816 4521 ri-

79 4563 107 4605 nc
120 4549 227 4607 scilicet
244 4549 328 4607 modo
344 4551 420 4622 quod
437 4565 495 4608 non
510 4558 552 4607 εει
568 4550 643 4607 idem
666 4552 816 4622 proprium

79 4651 134 4708 tue,
158 4638 224 4694 licet
245 4639 336 4694 etiam
360 4638 457 4696 dicero
475 4639 559 4696 Pater
583 4653 640 4697 non
664 4647 707 4697 cst
727 4640 813 4706 Deus,

79 4739 136 4783 >mo
173 4741 232 4783 uon
260 4735 303 4783 est
329 4728 462 4799 animai;
495 4742 561 4785 cum
596 4728 729 4786 videlicet
756 4743 815 4785 non

79 4828 114 4870 tm
151 4816 302 4886 proprium
334 4816 456 4874 istorum
493 4817 567 4875 sicut
604 4831 658 4873 nec
686 4815 813 4874 illorum.

79 4902 117 4959 od
151 4905 385 4974 respondendum
423 4914 465 4961 est
491 4906 569 4977 quod
600 4905 689 4963 rerba
716 4912 815 4962 nostra

83 5004 111 5046 nt
132 4991 282 5058 translata,
310 5000 342 5049 nt
363 4994 423 5064 jam
448 5008 538 5064 supra
559 4994 753 5064 meminimus,
777 5008 815 5051 ex

81 5078 257 5151 ngularitate
279 5081 384 5139 ditium
413 5081 592 5150 substantiae,
622 5070 696 5140 sicut
714 5084 813 5155 singu·

79 5165 322 5238 significationem,
348 5171 387 5225 ita
413 5179 441 5226 et
469 5170 648 5242 singularem
676 5185 813 5230 nonnun-

79 5257 284 5314 tonstructione
299 5257 475 5315 contrahunt
490 5273 618 5317 sensum.

79 5375 143 5418 erea
167 5376 224 5419 non
248 5372 359 5434 oportet
384 5364 554 5437 ligurativas
586 5374 614 5423 et
638 5366 814 5441 improprias

79 5463 124 5507 nes
150 5451 258 5522 porrigi
283 5452 360 5510 ultra
389 5454 558 5525 hecquem
585 5455 742 5514 auctoritas
766 5458 812 5515 rel

870 3252 1024 3323 plicitatem
1047 3251 1151 3307 animae
1170 3251 1215 3308 vel
1233 3248 1392 3321 simplicem
1408 3249 1536 3305 animam
1560 3246 1595 3303 ad
1622 3244 1714 3301 alium

869 3353 986 3396 sensum
1017 3340 1079 3396 haec
1093 3340 1214 3395 nomina
1229 3339 1259 3395 in
1287 3339 1344 3395 ileo
1359 3336 1472 3407 accipit,
1502 3347 1592 3408 quant
1608 3334 1639 3390 ιιι
1653 3331 1713 3388 ani-

870 3441 965 3484 mam:
987 3442 1044 3484 non
1061 3435 1156 3484 tamen
1181 3428 1221 3484 ita
1234 3427 1357 3484 dicimus
1377 3426 1519 3483 unitatem
1540 3422 1586 3480 rel
1609 3420 1716 3493 simpli·

870 3519 984 3573 citatem
1005 3530 1067 3574 csse
1089 3516 1230 3582 animam,
1253 3515 1328 3572 sicut
1342 3528 1403 3572 esse
1420 3516 1523 3572 Deum.
1546 3511 1598 3571 Sed
1614 3509 1716 3583 quaii-
1761 3539 1764 3544 -

870 3604 917 3661 bet
941 3603 1102 3660 iormarum
1116 3604 1235 3660 uomina
1258 3604 1317 3660 lieo
1341 3601 1477 3674 copulata
1496 3600 1587 3658 solam
1610 3597 1714 3656 identi-

871 3699 956 3748 tatem
975 3691 1105 3748 essentiae
1132 3698 1326 3747 monstrant:
1358 3704 1393 3746 ac
1420 3692 1443 3746 si
1473 3689 1605 3746 dicamus
1638 3687 1714 3744 idem

869 3794 929 3837 esse
949 3778 1092 3835 unitatem
1117 3778 1424 3850 quodDenm,t1uod
1449 3777 1568 3834 minime
1597 3777 1627 3832 ιιι
1655 3787 1713 3831 ειε-

871 3867 938 3925 ιειιε
953 3866 1093 3938 contingit
1117 3867 1298 3934 substantiis,
1318 3867 1392 3923 sicut
1413 3866 1494 3934 alibi,
1515 3880 1582 3922 cunt
1606 3863 1642 3920 de
1661 3861 1718 3918 dis·

871 3956 996 4014 cretione
1026 3953 1314 4026 praedicamentorum
1347 3955 1565 4022 dissereremus,
1594 3948 1718 4008 ostendi·

821 4065 825 4077 ·
872 4059 947 4102 mus.
973 4044 1050 4110 Quid
1074 4043 1174 4115 itaque
1194 4043 1301 4101 mirum
1324 4043 1347 4100 si
1372 4044 1455 4101 Pater
1478 4049 1506 4099 ct
1537 4039 1629 4098 Filius
1655 4040 1717 4097 boc

873 4133 992 4191 nomina
1015 4147 1033 4189 a
1055 4133 1197 4190 creaturis
1220 4131 1255 4188 ad
1280 4133 1371 4189 Deum
1396 4131 1534 4188 translata
1554 4130 1583 4185 iu
1602 4135 1715 4186 creatu·

831 4223 912 4296 pris
934 4221 992 4279 sibi
1010 4221 1145 4292 copntata
1160 4220 1252 4278 solam
1277 4221 1457 4278 identitatem
1480 4219 1611 4276 essentie
1634 4230 1717 4275 mon-

870 4317 969 4377 strent,
986 4309 1015 4366 in
1039 4311 1096 4366 lieo
1111 4316 1211 4367 autem
1234 4310 1262 4366 id
1277 4309 1370 4367 solum
1395 4324 1454 4366 non
1474 4308 1592 4377 iaciant,
1618 4306 1667 4364 scd
1689 4311 1717 4362 et

872 4400 988 4469 insuper
1008 4398 1186 4456 identitatem
1211 4399 1411 4470 proprietatis,
1436 4413 1504 4456 cnm
1529 4412 1545 4455 ε
1574 4392 1718 4454 contrario

870 4487 988 4544 nomina
1016 4486 1176 4544 lormarnm
1212 4489 1269 4544 Deo
1302 4487 1448 4558 copulata,
1485 4486 1576 4545 solam
1612 4481 1715 4542 identi-

870 4581 956 4632 tatem
971 4574 1101 4633 essentie
1117 4583 1277 4634 monstrent
1291 4591 1357 4647 quae
1377 4576 1407 4633 in
1425 4575 1567 4634 creaturis
1582 4573 1719 4633 contenta

870 4675 928 4719 uon
944 4663 1037 4721 sunt?

904 4750 978 4808 iilud
1002 4759 1099 4810 autem
1119 4753 1282 4823 Athanasii,
1308 4754 1385 4825 quoti
1409 4753 1469 4812 ait:
1492 4776 1506 4805 ε
1530 4752 1746 4825 Omnipoteus‘

871 4840 962 4908 Pater,
980 4841 1161 4910 omnipotens
1184 4841 1285 4911 Filius,
1308 4843 1490 4915 omnipotens
1510 4842 1635 4914 Spiritus
1649 4855 1716 4898 san·

868 4934 943 4997 ctus,
963 4948 978 4978 o
1008 4929 1136 4987 maxime
1169 4930 1288 4989 lortassc
1316 4932 1488 4990 confirmare
1517 4932 1643 4998 ridetur,
1684 4936 1717 4987 nt

868 5016 1061 5075 concedamus
1076 5017 1183 5075 Filium
1202 5034 1331 5091 quoque,
1352 5021 1412 5077 sive
1428 5020 1567 5091 Spiritum
1581 5026 1715 5077 sanctum
1788 5070 1793 5074 ,

868 5118 928 5161 esse
944 5106 1067 5175 Patrem,
1091 5121 1160 5164 cum
1183 5108 1300 5177 scilicet,
1316 5116 1349 5166 ut
1367 5109 1614 5180 supradiximus,
1632 5107 1717 5164 Pater

866 5207 903 5250 er
931 5195 1058 5264 potentia
1073 5195 1111 5252 sit
1134 5196 1239 5256 dictos.
1254 5198 1329 5255 sicut
1351 5197 1442 5256 Filius
1464 5212 1501 5256 ex
1516 5194 1666 5269 sapientia,
1689 5202 1717 5254 et

867 5281 992 5351 Spiritus
1019 5297 1056 5340 ex
1083 5284 1269 5356 benignitate.
1286 5286 1356 5352 Quis
1382 5287 1470 5344 etiam
1497 5299 1604 5359 negare
1628 5291 1717 5357 queat

866 5370 941 5442 puin
957 5385 1140 5444 unaquaque
1166 5386 1354 5443 personarum
1377 5381 1476 5447 potens
1498 5374 1535 5431 sit
1558 5380 1586 5430 ct
1599 5371 1716 5443 sapiens

867 5466 893 5516 ct
910 5458 1059 5532 benigna?
1082 5459 1157 5519 Cum
1178 5459 1277 5532 itaque
1305 5461 1395 5519 Filius
1420 5461 1457 5519 sit
1481 5460 1558 5519 bens
1579 5459 1716 5532 omnipo-
