3804 5962
120 163 186 256 taes

375 195 479 252 Purur
497 196 692 252 inmunitat-
705 197 780 254 OPP.
802 198 891 255 PARS
910 199 959 255 lli.
983 229 1000 239 ··
1024 197 1248 258 ruuououtca
1269 200 1312 255 ΕΤ
1330 199 1595 256 rutlosurutcit.

1798 202 1854 255 last

114 328 294 394 corporatur,
328 327 362 377 ut
397 327 522 376 maneat.
553 322 710 378 Gennadius
747 327 786 380 be
812 326 963 381 ortaodoao
978 325 1003 380 lt
1018 326 1135 383 modum
1149 340 1201 383 nos
1225 326 1348 384 dicimus
1373 334 1430 382 tres
1451 339 1586 395 personas
1601 338 1694 383 unam
1713 325 1855 383 essentiam

35 414 38 419 ’
115 412 188 474 ade:
203 408 359 469 omousion
384 421 454 479 ergo
480 415 522 464 est
541 411 734 467 coessentialis
758 413 787 468 in
813 414 963 470 divinitate

114 502 192 558 Pater
212 497 317 556 Filius:
341 496 492 552 omousion
517 498 591 553 Patri
613 506 641 555 ct
661 500 730 556 Filio
755 501 877 570 Spiritus
900 515 964 558 san-

115 597 188 647 ctus·
214 586 344 651 isidorus,
373 584 530 653 aequatos.
551 585 600 640 lib.
626 587 674 644 rt.
702 604 762 658 cup.
788 589 843 646 lv:
870 588 964 645 Trini-

116 684 159 734 tas
174 673 316 746 appellata
335 673 475 743 estquod
496 673 546 729 irat
569 681 660 731 totum
685 691 779 734 unum
793 692 830 734 ex
845 678 965 748 quibus-

115 766 182 822 dam
219 761 314 818 tribus
348 762 432 833 quasi
467 762 591 819 trinitas.
629 765 710 818 itera:
746 766 780 821 ln
817 766 870 821 bac
905 765 965 821 Tri·

1019 413 1064 470 vel
1086 414 1287 471 substantiam.
1318 415 1392 469 litem
1421 414 1484 469 libr.
1511 414 1582 471 Vde
1597 415 1675 470 Tria.
1698 431 1761 485 cop.
1786 414 1855 471 liltt:

1018 502 1194 573 Quapropter
1223 503 1294 559 illud
1324 503 1469 575 praecipue
1489 510 1650 572 teneamus,
1668 503 1815 575 quidquid
1830 505 1856 559 al

1019 606 1049 648 so
1078 582 1184 647 dicitur
1205 590 1304 648 divina
1333 591 1506 659 sublimitas,
1535 590 1768 648 substantialiter
1798 592 1857 653 dicit
1889 568 1894 633 Ι

1019 678 1097 750 quod
1120 685 1214 734 autem
1231 679 1269 734 ad
1291 678 1402 749 aliquid
1426 694 1484 736 non
1501 678 1743 747 substantialiter,
1759 679 1808 736 sed
1822 693 1857 735 re

1020 766 1118 835 latire,
1145 774 1314 837 tantamque
1337 768 1397 823 viru
1422 781 1483 823 εεεε
1502 767 1630 839 ejusdem
1655 767 1860 826 substantiali

115 853 205 911 nitate
227 849 284 908 alia
305 849 481 921 appellativa
503 852 631 918 nomina,
657 853 714 909 alia
744 854 861 924 propria
885 862 963 910 sunt.
1020 858 1103 911 Patre
1116 863 1143 911 ει
1159 855 1228 910 Filio
1242 864 1269 912 ει
1285 855 1395 925 Spiritu
1410 862 1520 921 sancto,
1539 862 1573 912 ut
1595 855 1744 927 quidquid
1764 856 1860 914 deslu-

115 939 235 1011 Propria
257 946 325 995 sunt
347 938 525 1005 essentialia,
551 946 582 995 ut
605 941 680 995 Deus
694 948 721 996 et
745 942 885 998 Dominus
905 957 964 998 om-
1021 941 1096 1012 gnlis
1118 942 1195 999 adse
1211 942 1286 1013 ipsos
1301 943 1418 1008 dicitur,
1441 958 1501 1000 non
1524 943 1677 1014 pluraliter
1692 944 1725 1001 in
1745 958 1861 1013 summa,

115 1029 259 1102 nipoteus,
297 1025 501 1092 immutabilis,
541 1026 728 1091 immortalis:
755 1037 782 1085 ει
809 1029 875 1086 inde
904 1044 966 1101 pro
1020 1030 1068 1086 sed
1097 1030 1284 1101 singulariter
1310 1032 1480 1102 accipiatur.
1510 1034 1595 1087 ilem:
1620 1031 1773 1104 Quidquid
1802 1047 1859 1104 ergo

116 1116 191 1189 pria,
224 1114 296 1186 qnia
330 1114 421 1184 ipsam
460 1113 626 1185 significant
665 1117 867 1186 substantiam,
901 1133 968 1189 qnae
1021 1116 1057 1173 ad
1070 1130 1100 1173 εε
1114 1117 1207 1186 ipsum
1223 1118 1327 1174 dicitur
1357 1120 1484 1186 beus,et
1508 1117 1688 1189 desingulis
1708 1118 1859 1189 personali·

117 1217 211 1262 unum
238 1202 293 1274 (89)
317 1210 395 1259 ειιιιι.
426 1203 607 1272 appellativa
643 1218 729 1261 vero:
758 1207 842 1263 Pater
867 1213 894 1263 ct
921 1208 965 1263 rt·
1021 1211 1064 1259 ter
1077 1204 1193 1272 dicitnr,
1218 1212 1245 1260 ει
1260 1204 1347 1261 simul
1373 1206 1407 1262 de
1423 1206 1484 1276 ipsa
1511 1205 1651 1262 Trinitate
1667 1221 1729 1263 non
1755 1207 1859 1278 plurali

117 1292 228 1350 lineet
256 1289 380 1361 Spiritus
416 1297 534 1347 sanetus
560 1299 588 1348 et
615 1293 783 1362 procedens;
814 1295 913 1351 eadem
938 1302 966 1352 et
1021 1301 1073 1360 ter,
1103 1293 1151 1349 sed
1186 1293 1372 1365 singulariter
1399 1294 1514 1351 dicitur.
1545 1295 1621 1349 idem
1646 1294 1712 1350 libr.
1739 1297 1787 1350 vlt
1810 1312 1858 1365 cup.

119 1377 249 1436 relatiua.
273 1377 348 1446 arip.
373 1379 665 1448 superapparens
690 1381 729 1438 od
753 1381 894 1453 Remis,
922 1385 965 1452 la)
1022 1380 1092 1437 lili:
1117 1381 1201 1436 Pater
1219 1382 1255 1437 ad
1277 1396 1306 1438 se
1331 1382 1437 1439 dicitur
1461 1397 1593 1452 persona,
1624 1398 1684 1439 non
1710 1383 1746 1441 ad
1770 1384 1858 1441 Filium

119 1466 192 1526 libro
213 1465 293 1523 lilll:
316 1468 404 1533 Quum
427 1468 499 1522 beati
520 1467 603 1537 pedes
625 1471 870 1538 euonqetiaontium
886 1471 964 1526 bono.
1021 1467 1067 1524 vel
1082 1469 1118 1524 ad
1142 1469 1279 1539 Spiritum
1304 1478 1447 1527 sanctum.
1470 1471 1545 1526 idem
1567 1473 1606 1526 lie
1628 1471 1858 1528 concordiaeque·

119 1553 189 1623 Quae
217 1553 274 1612 sint
300 1553 483 1626 bonaque
510 1555 593 1611 bonis
621 1556 741 1624 addidit,
770 1559 965 1630 requiramus.
1021 1556 1203 1624 parietinam:
1234 1561 1300 1615 llaec
1330 1561 1480 1625 sententia,
1510 1561 1587 1630 quod
1624 1560 1717 1617 Filius
1743 1560 1858 1617 doctrim

120 1644 218 1702 Unum
231 1649 258 1700 et
282 1657 384 1701 verum
409 1643 530 1714 bonurn,
555 1645 629 1715 quia
652 1645 683 1700 in
707 1645 790 1703 Patre
804 1655 832 1704 et
855 1648 926 1703 Filio
940 1655 967 1704 et
984 1663 1004 1717 B
1022 1648 1179 1716 Patrisest,
1201 1648 1330 1705 dissoluit
1349 1647 1464 1704 Sabellii
1487 1649 1628 1716 baeresim,
1649 1650 1702 1721 qui
1728 1663 1814 1706 ausus
1826 1656 1856 1702 est

121 1731 231 1804 Spiritu
243 1740 342 1789 sancto
356 1738 407 1801 est,
433 1731 508 1789 bona
531 1734 694 1790 nominavit
708 1736 775 1807 (90).
795 1736 968 1805 Anqustious
1023 1735 1119 1792 dicere
1147 1738 1259 1792 Patrem
1288 1744 1316 1792 ct
1345 1735 1450 1792 Titium
1482 1737 1540 1792 diro
1569 1736 1689 1794 nomina
1720 1751 1791 1803 esse,
1820 1734 1856 1792 sed

120 1822 152 1876 in
182 1822 246 1877 libr.
271 1822 283 1877 l
307 1821 493 1877 lle-doctrina
527 1823 697 1879 Christiane:
726 1825 782 1880 iles
810 1825 873 1880 aliae
900 1832 968 1880 sunt
1023 1835 1113 1880 unam
1138 1836 1210 1877 rem.
1236 1822 1366 1893 alicuius
1389 1823 1670 1880 estenirndoctrina
1691 1824 1857 1889 Filiiaisur
1891 1890 1894 1897 Ι

121 1910 231 1982 quibus
254 1909 566 1979 incommutatio
590 1911 699 1982 quibus
723 1913 872 1970 utendum.
899 1913 968 1979 lllae,
1022 1918 1147 1976 nonest,
1162 1911 1238 1966 idem
1257 1913 1286 1965 in
1309 1914 1478 1980 onpositione
1501 1912 1537 1967 ed
1553 1927 1657 1982 popum
1679 1915 1856 1969 leumiim:

122 2000 231 2071 quibus
260 1997 414 2056 iruondutn
440 2005 492 2068 εει,
528 2014 581 2057 nos
609 2000 705 2058 beatos
736 2000 867 2059 iaciuntt
895 2002 969 2071 istis,
1000 1999 1174 2064 anamodo
1193 1999 1271 2071 ignis
1295 2000 1416 2056 coelestis
1449 2011 1565 2071 generat
1586 2015 1621 2057 ex
1642 2016 1672 2058 se
1698 2003 1760 2073 ipso
1780 2000 1858 2072 splen·

123 2087 233 2161 quibus
248 2087 388 2146 utendum
403 2095 455 2155 est,
469 2089 617 2145 tendentes
632 2089 667 2144 ad
692 2090 902 2146 beatitudinem
917 2089 971 2146 ad·
1024 2089 1123 2145 dorem
1138 2088 1212 2144 lucis
1225 2095 1251 2144 ct
1275 2089 1408 2158 producit
1433 2097 1622 2158 vaporarunt
1650 2105 1721 2146 ειιιιι
1746 2090 1801 2146 sint
1816 2089 1861 2144 tria

122 2179 263 2250 juvamur
284 2177 349 2248 (iil).
373 2177 442 2233 l'rni
466 2184 508 2234 cst
535 2177 675 2234 inherere
701 2192 799 2235 armore
821 2178 908 2235 alicui
930 2177 972 2234 rei
1024 2176 1167 2244 iurabas,
1186 2177 1396 2232 ununisintin
1423 2178 1595 2244 substantia,
1624 2178 1665 2233 ita
1685 2177 1810 2235 Trinitas
1828 2184 1862 2234 etl

125 2272 243 2337 propter
256 2279 287 2321 εε
301 2266 389 2334 ipsam
399 2280 407 2334 3
424 2266 465 2321 uti
481 2272 588 2333 autem,
614 2266 692 2336 quod
708 2266 736 2321 in
761 2280 847 2322 usum
861 2267 972 2323 venerit
1025 2279 1086 2322 una
1101 2264 1154 2335 (94)
1179 2264 1325 2335 majestas.
1352 2268 1533 2335 Hieronymus
1555 2268 1584 2319 ia
1598 2269 1698 2336 psalm.
1722 2267 1860 2324 imit:

126 2353 163 2410 ad
188 2353 217 2409 id
241 2352 319 2423 quod
343 2366 423 2408 arnas
458 2353 647 2409 obtinendum
681 2353 796 2420 reterre,
823 2355 847 2409 si
875 2362 971 2410 tamon
1025 2354 1288 2422 Fstndomentuejus
1307 2356 1337 2408 ia
1364 2355 1501 2410 montibus
1527 2355 1861 2424 sanctissimusque

126 2440 285 2498 amandum
318 2447 360 2497 est
392 2441 464 2497 Nam
500 2455 571 2498 usus
597 2441 713 2498 illicitus
741 2441 850 2499 abusus
879 2441 974 2511 potius
1026 2450 1102 2498 certe
1131 2441 1273 2498 Ecclesiae.
1303 2441 1373 2508 Quum
1397 2450 1465 2498 suut
1494 2451 1590 2499 autern
1615 2442 1806 2500 fundamenta
1817 2442 1859 2499 nisi

126 2531 173 2588 vel
201 2529 302 2586 abusio
329 2529 507 2586 nominanda
530 2538 581 2586 εει.
613 2531 641 2586 Si
669 2530 763 2587 redire
792 2531 821 2586 in
850 2530 972 2600 patriam
1027 2531 1111 2587 Pater
1133 2537 1161 2585 ει
1183 2529 1273 2585 Filius
1296 2538 1323 2585 et
1338 2529 1462 2600 Spiritus
1482 2528 1622 2586 sanctus?
1646 2531 1858 2602 Loquiturlau-

126 2619 275 2682 volumus,
305 2618 357 2674 ubi
386 2612 463 2674 beati
486 2632 547 2674 esso
574 2633 739 2688 possumus,
765 2617 907 2675 utendum
932 2624 974 2673 est
1027 2617 1089 2675 lus:
1121 2622 1206 2689 Quasi
1233 2622 1341 2687 sapiens
1370 2619 1533 2674 architectus
1555 2617 1773 2686 fundumentum
1796 2620 1860 2690 posui
1889 2622 1892 2665 t

126 2707 247 2775 mundo,
275 2722 333 2764 nun
363 2706 528 2777 iruonduut,
556 2707 760 2765 utinrisibilia
785 2707 833 2763 Dei
863 2721 913 2777 per
940 2718 974 2762 aa
1029 2706 1050 2777 (l
1068 2707 1118 2763 uor
1142 2705 1193 2772 ιιι),
1219 2705 1273 2761 hoc
1296 2712 1338 2761 est
1367 2706 1451 2761 iidem
1478 2706 1635 2763 Trinitatis.
1662 2707 1704 2761 Et
1725 2708 1781 2762 ulio
1802 2709 1859 2762 loco:

127 2796 286 2871 quaefacta
310 2804 378 2854 sunl
395 2797 537 2854 intellecta
565 2797 788 2866 conspiciantur.
815 2794 974 2867 Resigitur
1028 2795 1233 2865 Euspectubaut
1257 2797 1329 2848 enim
1360 2797 1498 2849 ciuitatem
1519 2794 1664 2849 iubentem
1684 2795 1861 2863 fetadometttos

127 2886 236 2957 quibus
257 2884 413 2943 iruendutu
432 2893 485 2942 est.
520 2886 604 2940 Pater
627 2893 654 2941 ει
680 2886 771 2941 Filius
794 2892 820 2940 et
849 2884 974 2954 Spiritus
1028 2885 1269 2954 cstjetsortisearet
1292 2883 1417 2940 conditor
1439 2886 1509 2938 Ιιειιε
1533 2881 1626 2952 (liebr.
1649 2885 1795 2952 rudoltus
1813 2893 1861 2952 pus

127 2983 255 3043 sanctus,
284 2976 442 3044 eademque
478 2973 604 3029 Trinitas
627 2987 742 3029 summa
768 2986 828 3027 una
855 2972 971 3042 quidem
1028 2987 1130 3030 sumus
1146 2973 1239 3029 dicere
1259 2971 1388 3028 niontesi
1408 2970 1568 3041 Apostolos3
1586 2971 1690 3027 inillis
1708 2978 1791 3028 erant
1809 2970 1860 3025 luu-

128 3065 247 3137 (dulres
270 3071 321 3132 εει,
346 3062 567 3131 communisque
590 3061 727 3116 omnibus
753 3060 971 3128 iruentibusea,
1028 3063 1172 3128 damenta,
1213 3060 1262 3116 ubi
1298 3060 1424 3130 primum
1449 3060 1540 3130 posita
1565 3068 1608 3115 εει
1645 3057 1858 3116 sidesEcclesiae.

128 3152 152 3209 si
171 3162 267 3211 ιειιιειι
282 3165 328 3208 ιεε
349 3157 375 3207 ει
391 3163 449 3204 non
462 3161 561 3204 rerum
580 3147 710 3203 omnium
726 3148 873 3213 causasit,
889 3147 911 3203 si
931 3154 971 3203 ta·
1027 3151 1116 3205 idem:
1143 3149 1182 3204 ite
1205 3149 1301 3205 tribus
1333 3147 1493 3204 virtutibus
1517 3147 1609 3202 David
1630 3146 1660 3203 in
1686 3148 1796 3217 psalmo
1816 3153 1858 3201 trs

127 3253 194 3296 ιιιειι
217 3246 245 3296 ει
270 3251 367 3293 rausa.
392 3236 466 3290 idem
481 3236 529 3289 lib.
544 3235 595 3292 Vll
614 3237 652 3288 ile
678 3236 820 3303 Trinitotc,
843 3250 903 3304 cop.
920 3234 971 3291 tv:

128 3327 165 3384 Et
178 3326 248 3382 dum
263 3324 443 3393 intelligatur
464 3322 562 3377 saltem
584 3322 613 3376 in
634 3323 786 3392 aenignratc
808 3322 887 3393 quod
907 3321 974 3378 dici-

128 3422 186 3482 tur,
202 3413 310 3484 placuit
321 3412 361 3468 ita
375 3410 442 3478 dici,
459 3418 492 3467 ut
509 3409 651 3467 diceretur
666 3410 788 3481 aliquid,
808 3425 876 3467 cum
891 3425 973 3482 quae-

128 3509 242 3560 reretur
262 3499 332 3572 quia
354 3498 410 3555 tria
430 3497 498 3564 sint,
514 3511 581 3567 quae
600 3496 655 3553 tria
669 3511 730 3554 esse
745 3497 813 3554 sides
826 3513 895 3555 vera
909 3513 973 3569 pro-

128 3590 254 3658 nuntiat,
280 3602 346 3644 oum
367 3594 395 3643 ot
416 3587 529 3643 Patrem
555 3600 613 3641 uon
635 3585 703 3642 dicit
721 3600 782 3643 esso
809 3587 925 3654 Filium,
946 3595 974 3644 et

129 3678 267 3750 spiritum
294 3683 438 3746 sanctum,
462 3675 540 3746 quod
568 3681 610 3731 est
633 3675 742 3733 donum
772 3676 831 3743 liei,
860 3677 973 3732 Patrem

128 3769 199 3826 dicit
212 3780 272 3824 εεεε
286 3780 339 3822 nec
354 3763 468 3820 lilium.
490 3765 574 3819 item:
599 3764 672 3819 Cum
691 3772 844 3821 conaretur
868 3764 972 3820 buma-

128 3871 169 3917 na
191 3855 290 3926 inopia
312 3853 456 3926 loquendo
478 3852 604 3922 prolerre
627 3852 662 3907 ad
686 3852 835 3908 hominnm
860 3867 972 3920 sensus,

129 3945 209 4020 quod
230 3951 307 4002 tenet
330 3941 500 3999 denomino
525 3941 592 4008 Deo,
620 3940 717 3996 timuit
741 3941 835 3997 dicere
858 3948 915 3997 tres
929 3955 973 3997 es·

1027 3239 1146 3308 spiritus
1168 3237 1291 3306 postulat
1315 3236 1412 3292 dicens
1436 3238 1521 3304 (Psoi.
1547 3252 1572 3302 n,
1591 3235 1649 3306 lul:
1674 3236 1783 3306 Spiritu
1800 3234 1859 3305 pria

1027 3324 1112 3396 cipali
1133 3327 1262 3393 confirmo
1285 3338 1346 3393 me3
1373 3325 1504 3393 spiritum
1530 3327 1634 3377 rectum
1661 3325 1766 3378 innovo
1788 3324 1815 3376 itt
1832 3322 1860 3372 ei·

1027 3414 1146 3469 secribus
1162 3414 1242 3479 mcis;
1266 3413 1547 3481 spiritumsnnctum
1567 3416 1644 3465 trium
1673 3426 1707 3465 ne
1734 3413 1859 3478 auseae
1891 3436 1895 3483 q

1026 3518 1077 3558 me.
1094 3501 1149 3569 Qui
1164 3508 1232 3558 sunt
1255 3499 1300 3555 isti
1317 3507 1374 3556 tres
1399 3498 1538 3568 spiritus?
1565 3497 1737 3569 principalis
1759 3496 1858 3569 spiritus
1891 3494 1895 3553 i

1028 3591 1111 3648 Pater
1136 3597 1196 3657 εει;
1233 3597 1327 3645 ιεειιιε
1356 3589 1476 3658 spiritus
1512 3587 1644 3642 Christus
1669 3594 1734 3656 est,·
1760 3585 1857 3657 spiritus

1027 3687 1147 3735 sanctus
1174 3677 1298 3748 Spiritus
1320 3683 1438 3733 sanctus
1464 3683 1516 3731 εει.
1548 3675 1622 3730 idem
1651 3677 1682 3729 in
1707 3675 1813 3744 psalmo
1835 3685 1856 3726 t:

1028 3766 1166 3837 Spiritum
1183 3772 1294 3821 rectum
1314 3764 1350 3819 ad
1365 3762 1525 3819 vivendum
1539 3770 1566 3820 ει
1581 3762 1805 3819 discernendum
1816 3760 1859 3816 sic-

1028 3863 1061 3911 ut
1082 3863 1168 3911 antea
1197 3861 1292 3909 rectus
1319 3853 1375 3909 init
1403 3852 1432 3906 in
1462 3866 1517 3908 me.
1547 3851 1628 3905 rtem:
1659 3852 1704 3907 Tu
1727 3850 1778 3923 qui
1806 3848 1863 3919 legis

1028 3952 1156 4001 sanctam
1183 3941 1372 4012 scripturam,
1392 3941 1438 3996 bic
1461 3940 1630 3996 Trinitatem
1658 3953 1805 3996 summam
1830 3937 1864 3992 in·

128 4034 246 4102 sentias,
263 4047 299 4090 ne
318 4031 528 4102 intelligeretur
543 4030 572 4085 in
598 4028 646 4084 illa
668 4043 783 4086 summa
805 4031 974 4100 equalitate

129 4125 191 4183 ulla
215 4122 377 4181 diversitas.
404 4120 516 4176 Rursus
535 4132 600 4185 ,non
618 4131 679 4174 εεεε
693 4118 749 4173 tria
767 4120 898 4188 quaedam
915 4134 973 4177 uon
1029 4121 1203 4192 propbetiae;
1224 4119 1359 4189 spiritum
1375 4116 1575 4188 principalem,
1596 4115 1728 4186 Patrem3
1744 4115 1870 4186 spiritum

129 4220 241 4287 poterat
269 4211 373 4278 diuers,
400 4208 478 4279 quod
517 4206 668 4273 sabellius,
703 4207 756 4276 qui
783 4207 814 4263 in
841 4208 1149 4286 baeresimnrectutn,
1168 4207 1290 4277 Filium3
1308 4205 1442 4276 spiritum
1458 4211 1601 4271 sanctum,
1626 4204 1722 4274 ipsum
1738 4203 1872 4276 Spiritum

129 4305 238 4374 lapsus,
267 4300 352 4357 dixit.
379 4301 463 4354 item:
479 4295 630 4366 Loquendi
652 4309 741 4351 causa
762 4296 796 4352 de
820 4296 975 4354 ineffabili·
1028 4305 1172 4356 sanctum.

129 4393 196 4459 bus,
226 4398 260 4447 ut
282 4388 336 4445 lari
366 4386 464 4457 aliquo
491 4398 638 4455 possemus
666 4385 760 4451 inodo,
788 4386 867 4456 quod
895 4385 976 4443 ellari

128 4480 210 4540 nullo
224 4478 308 4535 modo
325 4488 488 4548 possumus,
515 4474 625 4530 dictum
644 4477 719 4529 esta
743 4475 847 4530 nostris
871 4474 977 4531 Graecis

129 4583 191 4627 una
217 4566 341 4626 essentia
367 4572 423 4620 tres
452 4561 621 4618 substantiae
648 4562 753 4632 (93),a
782 4561 887 4620 Latinis
917 4578 976 4620 una
1065 4566 1174 4619 Boetius
1202 4561 1235 4614 de
1260 4562 1411 4615 restitute:
1452 4561 1553 4615 liccem
1584 4557 1702 4613 omnino
1743 4557 1873 4629 praedica·

117 4657 252 4717 'essentia
265 4656 311 4713 rel
326 4651 490 4712 substantia
505 4655 562 4707 tres
579 4664 715 4720 persone,
733 4652 812 4721 quia,
829 4652 903 4708 sicut
914 4653 976 4723 jam
1029 4660 1127 4709 menta
1141 4650 1309 4711 traduntur.
1327 4662 1393 4719 quaa
1407 4647 1442 4704 de
1458 4647 1547 4703 rebus
1567 4645 1705 4703 omnibus
1723 4647 1875 4703 nniversa-

129 4747 270 4813 diximus,
300 4758 359 4802 non
383 4741 512 4798 aliterin
552 4754 683 4796 sermone
724 4739 827 4795 Latino
852 4741 977 4798 essentia
1031 4740 1095 4796 litor
1108 4738 1311 4810 praedicantur,
1328 4736 1355 4792 id
1370 4744 1422 4804 est,
1439 4735 1612 4801 substantia,
1635 4734 1775 4804 qualitas,
1787 4748 1874 4806 qnan-

129 4833 396 4910 quamsubstantia
417 4831 487 4888 solet
511 4829 644 4901 intelligi.
659 4830 741 4884 item:
764 4827 847 4895 =Quod
864 4828 898 4886 de
913 4843 976 4900 per·
1029 4829 1106 4896 titas,
1133 4836 1186 4883 etc.
1209 4828 1277 4880 ilem
1292 4827 1326 4880 de
1352 4824 1422 4880 lieo:
1449 4823 1612 4879 substantia
1632 4822 1661 4877 in
1683 4821 1732 4878 illo
1758 4838 1816 4880 non
1838 4829 1875 4879 est

129 4926 208 4983 sonis
233 4922 393 4984 secundum
427 4926 566 4985 nostram,
596 4919 650 4974 boc
675 4926 717 4974 est
741 4917 776 4974 do
803 4917 976 4975 substantiis
1030 4916 1203 4981 substantia,
1234 4914 1283 4970 sed
1310 4913 1389 4968 ultra
1412 4912 1624 4981 substantiam
1648 4909 1715 4966 item
1741 4911 1874 4984 qualitas,

129 5011 289 5072 secundum
303 5010 468 5068 aencorum
494 5006 742 5063 consuetudinem.
758 5006 805 5063 Sic
832 5006 909 5063 enim
936 5005 976 5063 illi
1029 5015 1108 5064 etc...
1124 5019 1191 5076 quae
1204 5003 1453 5072 evenirequount.
1471 5001 1637 5065 Nemeum
1654 4999 1784 5057 dicimus
1793 5001 1872 5062 bens,

129 5102 231 5161 dicunt
255 5103 313 5157 tres
338 5097 515 5156 substantias
542 5109 632 5154 unam
657 5096 821 5162 essentiane,
839 5095 977 5168 quemad·
1030 5093 1221 5152 substantiam
1246 5090 1363 5164 quidem
1389 5088 1554 5160 significare
1577 5087 1723 5153 uidemur,
1746 5088 1796 5145 sed
1816 5101 1871 5143 eant

1030 4033 1142 4104 telliqo;
1190 4031 1328 4102 Spiritum
1377 4037 1522 4095 sanctum,
1565 4028 1618 4083 boc
1661 4034 1704 4085 est
1744 4025 1869 4099 spiritum

1416 4364 1469 4419 lii.

1100 4454 1177 4521 Quod
1191 4469 1243 4509 nou
1257 4455 1293 4509 sit
1314 4456 1384 4509 Dcite
1400 4453 1453 4523 (95)
1471 4452 1634 4518 substantio,
1647 4454 1674 4505 et
1686 4456 1795 4506 contro.

1066 5238 1124 5307 (aa)
1144 5236 1226 5291 Cous.
1242 5250 1250 5288 ι
1267 5232 1400 5300 quedam.

1078 5310 1122 5376 93)
1139 5307 1222 5362 Cous.
1236 5320 1242 5360 :
1256 5305 1437 5360 substantias.

1078 5377 1121 5446 94)
1141 5377 1226 5433 Cous.
1243 5375 1350 5431 omittit
1364 5388 1430 5427 aaa.

1066 5449 1120 5520 (95)
1136 5446 1221 5518 Apud
1231 5445 1316 5504 Cous.
1330 5445 1407 5502 deest
1422 5447 1503 5500 bees.

176 5245 224 5312 89)
239 5243 322 5302 Cous.
334 5256 341 5296 :
355 5241 425 5297 ιιιειιι
440 5253 491 5310 pro
510 5256 571 5310 quae
586 5256 680 5295 unum.

154 5382 159 5394 Ι
178 5317 223 5385 aa)
237 5316 289 5396 llic
310 5315 390 5373 loeus
413 5310 490 5383 apud
507 5314 591 5372 cous.
615 5312 645 5368 in
662 5311 718 5367 line
741 5308 831 5381 bujns
845 5309 977 5379 quaestio-

131 5384 325 5521 ωίίξῗῗῗῖἓιτιε.
344 5457 478 5512 uiuotaus.
