3804 5962
744 254 797 310 SlC
815 254 860 311 ΕΤ
877 253 960 311 NON.
1662 247 1728 306 lits

79 375 129 433 rod
143 375 258 432 eredere
273 376 416 434 netarium
430 392 492 437 esse
504 380 570 451 quis
584 394 642 437 non
663 380 824 454 intelligat?
839 380 863 436 ll
878 381 917 438 sis
933 390 984 439 aut
1010 380 1116 438 collisis
1142 380 1279 437 membris
1306 377 1425 450 spiritus
1439 379 1590 447 tamquam
1618 376 1647 432 in
1663 376 1730 433 sede

79 464 222 521 teritorum
245 473 272 522 et
294 479 482 535 personarum
499 468 676 540 justissimus
690 469 827 527 distrihu·
882 482 936 526 sua
960 469 1085 527 violatus
1104 475 1238 541 erumpat
1256 476 1307 526 aut
1330 467 1443 534 elllnat,
1460 464 1568 522 incidat
1584 464 1615 522 in
1630 465 1747 537 Domi-¹

81 557 151 608 tem:
174 555 275 610 actum
292 562 343 622 est,
370 561 402 612 nt
427 556 483 612 alia
508 557 619 613 carnali
643 558 756 629 populo,
772 559 829 616 alia
882 573 954 616 num
979 558 1047 615 vitae
1074 562 1168 615 metus
1203 555 1313 623 mortis,
1342 555 1365 613 si
1392 553 1469 626 quod
1498 553 1602 611 emisso
1626 552 1731 624 spiritu

79 641 126 698 tali
160 655 213 711 pro
240 649 402 712 temporum
428 647 618 717 congruentia
643 647 827 718 juberentur.
884 655 1016 705 mortuus
1032 653 1085 717 est,
1100 661 1158 703 non
1174 645 1315 703 libertatis
1334 659 1394 701 sua
1408 643 1444 700 ad
1460 642 1642 700 moriendum
1658 655 1729 699 usus

79 745 127 802 rgo
143 731 259 799 mirum,
276 731 300 787 si
315 731 423 788 hostem
440 733 602 804 deceptione
622 735 829 807 dignnmjussi
882 742 924 792 est
952 742 1097 806 potestate.
1127 733 1209 802 Quod
1235 733 1258 789 si
1291 746 1329 789 ex
1356 748 1384 789 se
1409 738 1606 801 mortuusest,
1629 737 1656 788 et
1678 742 1730 800 per

79 819 211 889 decipere,
240 820 291 889 qui
312 828 394 876 erant
422 822 518 878 adhue
532 823 610 894 digni
628 824 738 881 hostem
751 825 828 881 deci·
883 837 912 880 se
927 823 1060 894 spiritum
1084 822 1220 889 reddidit,
1239 829 1354 879 nonest
1370 829 1463 878 terror
1489 821 1589 877 mortis
1606 819 1635 876 in
1653 827 1730 891 pote-

82 906 215 964 Ncndum
243 911 326 964 erant
348 908 562 982 idoneiqnibns
580 911 827 970 dicereturzllili·
882 918 954 968 state
983 910 1133 971 moriendi.
1169 913 1252 966 item:
1284 911 1349 967 Haec
1375 909 1463 967 stulta
1488 917 1577 980 atque
1608 906 1731 965 ridicula

79 997 174 1052 ¹e'oo'cos
192 1000 294 1051 cestros
311 996 421 1068 (Metti.
445 1015 472 1066 v,
487 998 543 1068 ti),
573 1000 622 1074 sed
649 1000 757 1071 quibus
772 1000 829 1056 dici
883 1006 961 1066 snnt,
979 1006 1012 1057 ut
1038 1001 1068 1054 in
1096 1006 1233 1070 potestate
1258 999 1399 1071 ponendae
1414 997 1518 1054 animae
1534 1010 1594 1054 suae
1607 1009 1640 1051 ac
1652 1009 1732 1065 resu-

80 1092 139 1140 ret:
165 1085 269 1152 Diliges
297 1087 452 1154 proximum
481 1091 557 1142 tuum
580 1093 606 1143 et
633 1089 722 1144 oderis
737 1092 827 1144 inimi·
883 1087 994 1144 mendae
1009 1086 1081 1143 mori
1099 1087 1219 1156 timeret,
1250 1087 1286 1144 ad
1301 1093 1514 1143 sacramentum
1545 1085 1610 1142 vite
1626 1085 1731 1141 huma·

79 1179 148 1228 tcum
170 1172 260 1244 (ibid,
285 1175 343 1244 lat.
374 1174 520 1232 inchoatio
536 1176 667 1235 lactaest
695 1165 829 1250 quaedam
883 1189 928 1232 naa
947 1175 1003 1233 snb
1032 1175 1191 1233 voluntatis
1209 1175 1414 1233 snaelibcrtatc
1437 1174 1609 1231 moriturus.
1640 1176 1729 1229 itero:

79 1261 235 1335 vaedagogo,
265 1270 298 1319 ut
328 1263 464 1333 magistro
491 1262 624 1335 perfectio
652 1273 828 1325 servaretur.
884 1264 989 1322 Timeri
1017 1277 1095 1322 mors
1120 1278 1179 1321 nou
1205 1272 1297 1336 potest
1319 1271 1347 1321 et
1369 1265 1399 1320 in
1423 1263 1572 1321 voluntate
1590 1261 1732 1320 moriendi

347 1369 469 1427 Lxxx,
883 1361 910 1410 et
939 1353 969 1409 in
999 1360 1136 1425 potestate
1163 1353 1289 1410 vivendi.
1333 1355 1418 1410 lum:
1453 1351 1538 1424 Virgo
1566 1350 1644 1408 enim
1672 1364 1732 1408 non

78 1458 203 1516 Chr-mus
217 1474 265 1513 nec
293 1458 439 1514 secundum
459 1460 592 1514 hominem
615 1474 716 1530 passus
742 1461 830 1528 suem
883 1441 939 1497 nisi
964 1454 1002 1497 CX
1025 1447 1124 1498 83,ΠοῘο
1139 1440 1247 1511 spirllll
1267 1441 1378 1514 genuit·
1406 1441 1442 1497 Εῑ
1457 1438 1592 1513 quamvis
1617 1444 1731 1496 tamum

230 1535 279 1583 out
296 1532 428 1598 timuerit,
445 1535 470 1585 et
485 1535 588 1585 contro.
884 1529 921 1586 ad
949 1528 1129 1586 nativitatem
1152 1528 1248 1585 carnis
1274 1542 1311 1586 ex
1325 1543 1355 1585 se
1378 1529 1470 1596 daret,
1493 1532 1637 1599 quantum
1650 1539 1688 1583 ex
1702 1539 1732 1583 so

79 1621 144 1675 rrius
179 1622 217 1674 lte
253 1621 398 1688 Trinitate,
440 1620 488 1675 tto.
521 1619 595 1674 llll:
626 1618 830 1691 Expugnanda
884 1617 998 1674 leminae
1027 1617 1205 1674 edendorum
1233 1630 1386 1688 corporum
1411 1615 1550 1686 susceptis
1567 1612 1733 1687 originibus

85 1722 164 1766 nunc
188 1715 228 1764 est
243 1709 337 1764 omnis
357 1707 452 1778 impiae
474 1708 640 1764 assertionis
660 1709 779 1772 occasio,
800 1716 828 1766 et
844 1708 866 1762 B
883 1706 1092 1776 impenderent,
1110 1721 1169 1763 non
1185 1713 1282 1762 tamen
1297 1705 1430 1763 Christus
1446 1719 1498 1776 per
1513 1704 1650 1761 hnmana
1663 1715 1729 1759 oon·

79 1812 85 1854 t
112 1798 252 1854 haeretieen
289 1796 474 1867 blasphemia
502 1797 734 1854 transcurrenda
762 1803 831 1854 sunt
885 1793 1024 1865 captionis
1046 1794 1152 1851 coaluit
1185 1801 1330 1851 naturam.
1362 1792 1418 1850 Sed
1443 1793 1537 1851 omnis
1563 1805 1655 1848 eausa
1679 1804 1732 1847 na·

79 1885 201 1942 cationes
233 1891 266 1940 ut
304 1888 410 1941 veritas
438 1885 583 1958 Evangelii
622 1901 672 1957 per
696 1900 730 1943 ea
758 1887 829 1957 ipsa,
885 1883 979 1939 scendi
1011 1882 1125 1939 invecta
1140 1896 1192 1954 per
1225 1883 1375 1954 Spiritum,
1392 1879 1734 1939 tenuitinhominisna·

79 1987 93 2030 s
118 1974 266 2031 obscurari
294 1973 456 2041 videbatur,
481 1975 601 2031 eluceat.
631 1975 739 2033 Volunt
752 1976 830 2031 enim
886 1971 997 2028 tivitate
1028 1971 1107 2042 quod
1135 1973 1235 2027 matris
1261 1980 1312 2041 est,
1338 1973 1406 2028 euni
1429 1978 1526 2027 tamen
1555 1968 1673 2026 baberet
1702 1967 1734 2024 in

78 2076 114 2119 ue
138 2062 242 2118 horum
270 2076 306 2118 ex
327 2063 469 2132 passionis
491 2076 551 2119 suae
567 2070 645 2120 metu
670 2068 757 2120 etex
786 2063 830 2120 in·
886 2058 998 2131 origine
1026 2059 1104 2130 quod
1132 2060 1209 2117 Deus
1236 2067 1288 2116 est.
1311 2061 1382 2116 liine
1397 2059 1522 2130 suseepti
1549 2057 1733 2115 hominissa·

79 2150 274 2221 sepeliendi,
303 2165 361 2206 non
392 2151 421 2205 in
446 2159 552 2207 natura
580 2165 646 2207 enm
670 2151 830 2223 impassibi-
886 2155 1066 2207 crementum
1090 2148 1229 2205 Dominus
1258 2149 1317 2219 ipse
1350 2148 1474 2206 ostendit
1502 2148 1621 2204 dicens:
1650 2146 1734 2204 Nemo

79 2240 93 2295 a}
108 2239 205 2304 luisse,
231 2247 264 2295 ut
292 2240 342 2309 qui
382 2240 478 2294 timuit
492 2247 520 2295 et
542 2239 643 2311 doluit,
664 2255 722 2296 non
746 2241 831 2298 luerit
886 2236 1010 2291 escendit
1030 2237 1060 2290 ln
1085 2237 1189 2302 cutum,
1216 2238 1272 2291 nui
1296 2240 1343 2307 gui
1370 2236 1509 2292 descendit
1534 2236 1568 2291 de
1591 2236 1664 2303 ecto,
1686 2235 1734 2289 Fi·

90 2342 124 2384 ea
148 2328 293 2397 potestatis
322 2327 486 2395 securitate,
507 2342 572 2398 qnae
600 2343 657 2385 non
674 2330 764 2398 timot,
785 2330 830 2387 vel
886 2325 941 2380 lius
956 2326 1071 2380 bominis
1100 2327 1147 2395 qui
1161 2330 1201 2380 esi
1216 2329 1246 2379 in
1264 2326 1327 2381 coelo
1349 2325 1437 2398 (lodie
1469 2340 1509 2389 ιιι,
1532 2324 1584 2394 13)·
1605 2321 1734 2391 Qu⁰sld0

99 2415 218 2486 spiritus
243 2417 467 2486 incorruptione,
485 2432 552 2487 qnae
581 2431 638 2472 non
667 2417 752 2486 dolet,
782 2420 831 2476 sed
886 2413 956 2472 coelo
980 2413 1136 2482 deseendit,
1153 2420 1300 2485 concepta
1322 2413 1357 2469 de
1384 2413 1493 2484 Spiritu
1508 2412 1630 2484 originis
1645 2424 1735 2487 causa

79 2504 127 2560 tris
150 2518 166 2560 a
190 2505 246 2559 Deo
273 2506 355 2560 Patre
375 2514 488 2561 naturae
516 2512 543 2561 et
562 2493 700 2562 humanae
724 2507 830 2577 passio·
885 2510 937 2559 est.
966 2501 1120 2559 Nonenim
1149 2502 1261 2572 corpori
1285 2502 1375 2560 Maria
1394 2503 1534 2574 originem
1564 2500 1652 2569 dedit,
1669 2500 1735 2556 licet

79 2593 232 2663 apidaverit
257 2599 344 2659 metu,
364 2593 443 2649 etad
470 2594 627 2664 corporalis
650 2609 741 2665 poenae
762 2610 831 2652 con·
887 2591 922 2646 ad
950 2592 1126 2647 incrementa
1150 2599 1326 2661 partumque
1365 2591 1494 2662 corporis
1529 2603 1614 2645 omne
1655 2586 1734 2660 quod

79 2681 127 2737 erit
155 2681 344 2751 atrocitatem,
377 2683 448 2751 guia
473 2683 612 2751 scriptum
648 2683 702 2738 sit:
734 2686 832 2739 Tristis
887 2693 974 2736 sexus
1002 2679 1046 2735 sui
1074 2685 1116 2736 est
1133 2679 1265 2736 naturale
1293 2679 1457 2737 contulerit.
1486 2680 1572 2734 item:
1602 2679 1638 2734 Et
1664 2676 1734 2733 Ver·

79 2771 144 2824 rima
165 2785 323 2836 medosque
344 2770 381 2825 ud
400 2777 513 2824 mortem
532 2772 642 2837 (Metti.
667 2786 748 2840 xxvi,
774 2771 831 2845 38),
888 2768 957 2825 bum
972 2781 1038 2825 caro
1053 2767 1178 2834 lactum,
1200 2781 1267 2824 cum
1287 2781 1354 2824 caro
1370 2775 1454 2834 esset,
1480 2781 1539 2823 non
1565 2774 1734 2823 tamennon

78 2872 159 2915 sum:
178 2859 350 2928 Siposstiite
369 2865 418 2928 est,
444 2864 566 2917 trauseat
590 2876 662 2915 ame
683 2860 758 2916 enlm
781 2864 833 2917 iste
887 2864 948 2913 crat
975 2863 1002 2912 et
1025 2856 1164 2913 Verbum.
1193 2859 1277 2912 item:
1297 2855 1434 2913 Absolute
1459 2861 1556 2912 autem
1583 2852 1734 2925 Apostolus

105 2948 165 3017 39);
194 2954 221 3003 et
249 2947 338 3003 illud:
369 2950 439 3004 bees
465 2965 551 3016 meus,
571 2964 657 3018 quere
668 2965 710 3005 me
731 2951 831 3005 dereti-
848 2983 870 3041 C
888 2946 977 3017 hujus
1001 2945 1201 3002 inenarranda
1231 2959 1375 3017 corporea
1409 2957 1470 3002 csse
1496 2943 1655 3001 nativitatis
1686 2954 1733 2998 sa·

79 3033 206 3106 illuct.
231 3038 343 3102 xar,2;
371 3037 467 3091 Metti.
493 3051 580 3105 xxvrr,
609 3037 828 3110 lolliocquo·
886 3039 1068 3091 crementum
1096 3032 1210 3091 locutus
1234 3042 1278 3091 est
1315 3033 1430 3090 dicens:
1460 3034 1569 3088 Primm
1594 3030 1671 3086 homo
1700 3029 1734 3086 de

79 3125 166 3194 Pater,
184 3124 339 3178 commendo
353 3129 382 3178 in
403 3141 500 3180 monus
527 3131 586 3182 tetus
602 3129 731 3197 spiritum
744 3145 831 3184 mcum
887 3127 965 3178 letrae
991 3124 1065 3193 limo,
1104 3123 1235 3178 secundus
1270 3122 1347 3179 homo
1375 3121 1410 3178 de
1447 3122 1509 3178 eoelo
1536 3121 1558 3191 ll
1585 3120 1646 3176 Cor.
1680 3132 1732 3185 xv,

86 3226 171 3281 xxrrr,
188 3214 243 3282 66).
257 3214 297 3268 hc
322 3214 448 3283 primum
468 3223 624 3286 antequam
650 3231 687 3272 cx
702 3217 747 3273 bis
762 3217 830 3288 ipsis
884 3211 940 3282 47)-
968 3210 1038 3268 Cum
1073 3210 1113 3269 all
1147 3212 1296 3267 secundum
1321 3211 1458 3268 huminem
1481 3210 1515 3265 de
1541 3209 1615 3276 cmlv,
1644 3205 1731 3279 01'581·

92 3300 329 3368 demonstremus,
358 3315 411 3357 nec
435 3303 582 3358 metuendi
606 3304 640 3360 de
654 3318 684 3361 se
711 3305 740 3360 in
762 3319 830 3361 eum
885 3314 950 3356 nem
973 3299 1039 3370 ejus
1062 3312 1099 3355 ex
1119 3300 1350 3370 supervenientis
1379 3300 1409 3364 in
1438 3298 1587 3370 Virginem
1609 3295 1733 3366 Spiritus

79 3387 179 3442 itatem
207 3386 342 3443 incidisse
370 3387 507 3458 aliquam,
527 3403 580 3445 neo
606 3389 731 3458 dolendi,
748 3405 829 3461 quae·
884 3388 978 3446 sancti
1014 3387 1095 3445 aditu
1129 3395 1248 3446 testatus
1280 3397 1332 3447 est.
1363 3390 1454 3446 item:
1492 3391 1556 3459 lpse
1593 3384 1733 3442 Dominus

79 3483 165 3532 mest
188 3476 329 3547 quidnam
358 3477 492 3533 videatur
514 3477 614 3534 timere
642 3477 776 3548 potuisse,
792 3492 830 3535 an
885 3477 975 3548 hujus
1002 3476 1165 3534 nativitatis
1198 3492 1259 3535 suae
1282 3478 1453 3550 mysterium
1477 3476 1608 3548 pandens
1628 3474 1670 3530 sic
1692 3471 1732 3529 lo·

79 3578 93 3620 e
122 3564 270 3628 subsistat,
298 3570 331 3619 nt
356 3566 429 3621 mori
456 3565 592 3632 timuerit,
629 3567 679 3636 qui
716 3580 830 3622 omnem
883 3573 969 3623 entus
996 3569 1056 3622 cst:
1088 3568 1146 3635 ligo
1175 3582 1235 3623 sum
1260 3570 1344 3638 ponis
1375 3569 1518 3636 utiusque·
1534 3567 1568 3622 de
1597 3565 1660 3620 colo
1688 3561 1733 3616 de
1784 3565 1786 3570 '

79 3666 122 3709 em
139 3654 238 3709 mortis
261 3653 297 3708 ab
320 3653 455 3723 apostolis
485 3654 644 3724 propellens
659 3653 694 3710 ad
710 3653 830 3725 gloriam
884 3654 985 3710 scendi.
1008 3653 1040 3709 st
1060 3656 1125 3724 quie
1146 3655 1354 3711 manducaverit
1372 3655 1406 3711 de
1425 3670 1500 3725 pone
1518 3669 1586 3721 meo,
1607 3655 1679 3708 oioet
1701 3651 1732 3704 io

79 3749 88 3797 t
119 3742 248 3812 martyrii
274 3741 461 3798 adhortatus:
486 3742 538 3808 Qui
565 3759 619 3811 pon
642 3741 742 3813 occipit
764 3758 831 3798 eru·
884 3748 1015 3799 aternum
1034 3741 1124 3813 (loon.
1140 3757 1178 3811 rr,
1199 3745 1254 3812 al).
1278 3744 1430 3815 lpseenim
1448 3741 1578 3814 corporis
1591 3739 1635 3797 sui
1650 3738 1732 3811 origo

81 3831 229 3899 lseguilur
253 3846 306 3897 me,
326 3846 379 3886 noa
401 3835 440 3885 est
467 3846 508 3885 me
529 3831 687 3900 digitus;et
709 3833 759 3901 qui
768 3847 831 3901 per·
884 3838 936 3888 est.
960 3830 1148 3887 acceleret
1168 3832 1262 3889 virtus
1284 3839 1373 3903 atque
1394 3839 1509 3889 naturae
1525 3828 1659 3887 deiecisse
1674 3840 1732 3882 ase

78 3920 89 3973 t
125 3920 247 3972 animem
274 3933 352 3974 sunm
391 3925 506 3988 propter
532 3934 585 3986 me,
619 3920 736 3974 inveniet
772 3933 832 3973 eum
883 3918 1100 3976 existimaretur
1122 3918 1152 3974 in
1180 3932 1275 3986 carne,
1297 3933 1417 3977 rursum
1441 3932 1543 3991 panem
1570 3929 1656 3973 suum
1670 3927 1732 3971 esse

79 4023 94 4060 t.
121 4020 151 4073 x,
182 4007 236 4075 38).
270 4004 341 4062 Cum
363 4006 440 4061 enim
473 4020 525 4076 pro
550 4020 582 4063 eo
606 4007 680 4062 mori
703 4006 763 4063 vita
782 4004 828 4075 sit,
884 4007 968 4074 dixit,
993 4013 1026 4063 ut
1047 4020 1099 4077 per
1123 4006 1177 4064 boc
1199 4007 1277 4079 quod
1305 4009 1478 4066 descendens
1500 4007 1534 4064 de
1557 4003 1628 4062 cralo
1648 4001 1732 4075 panis

80 4105 129 4163 pse
151 4092 180 4147 in
207 4093 305 4148 mortis
320 4101 499 4149 sacramento
516 4093 640 4150 doluisse
660 4093 831 4150 existiman·
884 4104 935 4166 est,
954 4110 1012 4154 non
1039 4110 1075 4154 ex
1101 4096 1231 4154 humana
1253 4098 1437 4168 conceptione
1456 4096 1536 4168 origo
1559 4108 1621 4151 esso
1633 4105 1731 4162 corpo·

79 4187 113 4248 st,
134 4181 184 4251 gni
208 4194 260 4251 pro
284 4194 313 4237 se
341 4181 530 4237 morientibus
552 4182 641 4237 vitam
669 4179 830 4252 rependat?
884 4185 925 4243 ris
939 4185 1164 4254 existimaretur,
1191 4186 1261 4243 dum
1288 4186 1400 4244 celeste
1417 4200 1479 4255 esse
1505 4196 1610 4254 corpus
1637 4186 1729 4238 osten-

79 4283 114 4323 tm
148 4283 204 4324 non
226 4269 365 4325 timendos
388 4283 449 4325 esse
464 4269 516 4339 nui
541 4284 646 4341 eorpus
668 4271 829 4327 occiderent
886 4274 973 4330 ditur.
1003 4276 1040 4331 At
1063 4287 1130 4331 vero
1156 4288 1224 4331 oum
1242 4289 1315 4332 suus
1336 4275 1420 4346 panis
1441 4281 1493 4341 est,
1518 4270 1660 4341 assumpti
1680 4281 1732 4340 per

79 4396 91 4422 .,
122 4357 217 4426 ipsum
247 4371 359 4413 nrorsa
385 4358 487 4415 timore
517 4359 657 4428 passionis
672 4359 831 4430 corporalis
885 4362 1014 4419 Verbum
1046 4363 1174 4433 eorporis
1216 4371 1259 4420 est
1296 4363 1451 4435 protessi03
1478 4360 1602 4433 subiecit
1633 4357 1729 4414 enirn:

79 4441 111 4499 tl
142 4445 215 4501 Turn
255 4446 380 4516 denique
398 4460 484 4516 quem
512 4447 636 4504 dolorem
666 4448 766 4504 mortis
795 4447 829 4504 ti·
884 4451 1186 4509 Nisimoaduoooeritie
1203 4469 1312 4509 carnem
1325 4454 1390 4509 sitit
1408 4452 1526 4508 bominis
1547 4455 1572 4505 et
1596 4448 1732 4519 ejusson·

79 4535 249 4603 ,potestatis
263 4548 323 4590 suae
346 4535 476 4591 libertate
501 4536 680 4593 moriturus?
696 4537 830 4593 Humano
884 4541 993 4607 guinem
1025 4539 1154 4603 biberitis,
1177 4557 1233 4597 noo
1263 4541 1396 4598 habebitis
1425 4533 1510 4597 bitom
1535 4541 1567 4595 in
1588 4537 1674 4605 volu,
1698 4540 1732 4592 ut

91 4624 187 4693 generi
217 4632 339 4679 mortem
365 4631 416 4679 aut
442 4625 486 4679 vis
511 4625 637 4681 exterior
664 4625 831 4695 degrassata
885 4627 956 4698 quia
978 4627 1007 4684 id
1031 4629 1109 4699 qnod
1133 4629 1223 4687 Vilius
1246 4631 1373 4687 hominis
1393 4638 1436 4687 est
1450 4637 1477 4687 et
1502 4627 1587 4699 panis
1603 4623 1731 4683 decoelis

80 4722 134 4779 pus
148 4709 296 4780 accelerat,
312 4719 363 4768 aut
390 4713 451 4782 ipsa
482 4720 587 4769 natura
606 4714 733 4784 corporis
752 4714 830 4770 senio
886 4715 944 4786 ipse
974 4715 1131 4786 descendit,
1156 4732 1206 4788 per
1223 4732 1327 4789 panern
1351 4733 1441 4777 sunm
1464 4718 1499 4775 de
1522 4714 1591 4774 coelo
1613 4715 1729 4771 descen·

81 4810 108 4852 m
128 4798 218 4868 ipsam
248 4808 367 4856 mortern
398 4802 475 4857 victa
496 4801 635 4858 concedit.
661 4801 831 4874 Unigenitns
885 4804 999 4861 dentem
1017 4812 1046 4862 ct
1068 4820 1119 4877 per
1141 4808 1313 4878 sangninem
1332 4815 1360 4865 et
1383 4821 1500 4866 earnem
1522 4804 1582 4861 Filii
1606 4799 1731 4859 hominis

79 4903 82 4940 ι
109 4884 160 4941 Del
181 4888 220 4942 ita
248 4896 414 4958 potestatem
443 4890 552 4946 habens
574 4886 831 4960 ponendaeanimae
885 4900 912 4949 et
943 4900 1087 4964 conceptae
1116 4908 1152 4951 ex
1184 4894 1303 4968 Virgine
1343 4895 1437 4953 carnis
1471 4893 1649 4964 intelligatur
1688 4902 1731 4946 as·

79 4975 217 5030 tumendoe
239 4976 274 5032 ad
305 4979 501 5048 peragendum
519 4980 547 5034 in
573 4980 717 5036 semortis
734 4994 830 5037 saera·
884 4981 1020 5052 sumptio.
1053 4983 1139 5039 item:
1166 4983 1257 5041 Homo
1279 4985 1377 5055 itaque
1400 4983 1532 5042 Christus
1549 4984 1642 5049 lesus,
1664 4977 1728 5036 uni·
1810 4966 1812 4971 ’

78 5076 127 5128 rm,
154 5078 220 5120 curn
256 5074 320 5135 poto
346 5075 426 5122 aceto
452 5082 666 5125 consummasse
689 5083 719 5125 se
747 5083 831 5127 omne
886 5067 1000 5140 genitus
1017 5071 1094 5126 Deus
1117 5084 1169 5142 per
1194 5085 1312 5129 earnem
1334 5079 1362 5129 et
1388 5072 1528 5139 Verbum,
1552 5078 1586 5127 ut
1606 5067 1732 5126 hominis

79 5162 183 5207 narum
216 5166 289 5222 opus
317 5155 482 5223 passionum
505 5163 578 5211 esset
604 5163 733 5224 testatus,
749 5157 830 5213 incli-
887 5155 975 5224 lilius,
1003 5157 1115 5214 italici
1147 5158 1236 5215 Filius
1266 5159 1413 5217 hominem
1444 5173 1547 5216 verum
1570 5155 1730 5215 secundum

80 5239 173 5309 capite
200 5240 334 5310 spiritum
354 5243 481 5299 tradidit.
511 5243 538 5300 Si
568 5245 621 5300 hoc
649 5253 760 5302 naturae
779 5247 829 5304 ho·
886 5244 1106 5303 similitudinem
1139 5248 1230 5305 nostri
1263 5248 1391 5306 hominis
1426 5247 1559 5319 sumpsit,
1594 5247 1625 5303 in
1661 5261 1730 5318 quo,

87 5326 136 5397 ius
163 5328 295 5385 relietum
317 5337 369 5396 est,
396 5339 429 5387 ut
457 5345 507 5401 per
529 5345 558 5388 se
584 5333 726 5390 exhalans
745 5335 830 5405 spiri·
887 5334 1022 5406 quamvis
1044 5343 1095 5392 aut
1121 5336 1205 5404 ictus,
1239 5341 1292 5393 aut
1324 5337 1434 5395 vulnus
1460 5336 1654 5404 descenderet,
1681 5341 1732 5392 ant

79 5416 229 5486 *aquiescat
247 5417 275 5473 in
292 5426 424 5486 mortem,
448 5426 475 5476 et
491 5434 548 5476 non
565 5421 702 5479 dissoluto
715 5437 832 5493 corpore
886 5421 955 5479 nodi
991 5431 1206 5495 concurrerent,
1236 5432 1288 5483 aut
1311 5426 1463 5499 suspensio
1487 5425 1623 5493 elevaret,
1645 5423 1731 5482 affer·

79 5512 130 5560 ota
150 5505 248 5562 anima
273 5505 398 5576 decedat,
415 5508 460 5565 vel
486 5508 618 5581 abruptis
647 5516 698 5568 ant
722 5511 832 5582 perlos·
887 5519 952 5569 rent
982 5511 1099 5584 quidem
1126 5514 1188 5573 hec
1208 5514 1348 5588 impetum
1382 5513 1532 5588 passionis,
1553 5529 1612 5576 non
1638 5519 1733 5571 tamen
