<?xml version="1.0" encoding="UTF-8"?>
<!DOCTYPE html PUBLIC "-//W3C//DTD XHTML 1.0 Transitional//EN"
    "http://www.w3.org/TR/xhtml1/DTD/xhtml1-transitional.dtd">
<html xmlns="http://www.w3.org/1999/xhtml" xml:lang="en" lang="en">
 <head>
  <title>
</title>
<meta http-equiv="Content-Type" content="text/html;charset=utf-8" />
  <meta name='ocr-system' content='tesseract 3.04.00' />
  <meta name='ocr-capabilities' content='ocr_page ocr_carea ocr_par ocr_line ocrx_word'/>
</head>
<body>
  <div class='ocr_page' id='page_1' title='image "./patrologiaecurs53unkngoog_0191.png"; bbox 0 0 3804 5962; ppageno 0'>
   <div class='ocr_carea' id='block_1_1' title="bbox 79 152 1901 284">
    <p class='ocr_par' dir='ltr' id='par_1_1' title="bbox 79 152 1901 284">
     <span class='ocr_line' id='line_1_1' title="bbox 79 152 1901 284; baseline -0.001 -53"><span class='ocrx_word' id='word_1_1' title='bbox 79 177 148 284; x_wconf 60' lang='lat' dir='ltr'>pra</span> <span class='ocrx_word' id='word_1_2' title='bbox 559 173 660 230; x_wconf 82' lang='lat' dir='ltr'>rarat</span> <span class='ocrx_word' id='word_1_3' title='bbox 680 173 865 230; x_wconf 79' lang='lat' dir='ltr'>munaum</span> <span class='ocrx_word' id='word_1_4' title='bbox 885 174 961 233; x_wconf 83' lang='lat' dir='ltr'>oea.</span> <span class='ocrx_word' id='word_1_5' title='bbox 976 173 1066 233; x_wconf 83' lang='lat' dir='ltr'>raas</span> <span class='ocrx_word' id='word_1_6' title='bbox 1084 175 1107 231; x_wconf 93' lang='lat'>1.</span> <span class='ocrx_word' id='word_1_7' title='bbox 1127 203 1162 215; x_wconf 93' lang='lat'><em>-</em></span> <span class='ocrx_word' id='word_1_8' title='bbox 1180 172 1372 232; x_wconf 79' lang='lat' dir='ltr'>nrrsroala.</span> <span class='ocrx_word' id='word_1_9' title='bbox 1796 176 1849 229; x_wconf 82' lang='lat' dir='ltr'>aaa</span> <span class='ocrx_word' id='word_1_10' title='bbox 1895 152 1901 200; x_wconf 75' lang='lat'><em>³</em></span> 
     </span>
    </p>
   </div>
   <div class='ocr_carea' id='block_1_2' title="bbox 79 292 1901 1177">
    <p class='ocr_par' dir='ltr' id='par_1_2' title="bbox 79 292 1901 1177">
     <span class='ocr_line' id='line_1_2' title="bbox 96 292 1901 373; baseline -0.001 -16"><span class='ocrx_word' id='word_1_11' title='bbox 96 311 192 371; x_wconf 87' lang='lat' dir='ltr'>neque</span> <span class='ocrx_word' id='word_1_12' title='bbox 210 295 371 354; x_wconf 91' lang='lat' dir='ltr'>monachus</span> <span class='ocrx_word' id='word_1_13' title='bbox 390 310 430 359; x_wconf 90' lang='lat' dir='ltr'>es,</span> <span class='ocrx_word' id='word_1_14' title='bbox 456 311 515 368; x_wconf 92' lang='lat' dir='ltr'>quo</span> <span class='ocrx_word' id='word_1_15' title='bbox 533 298 650 354; x_wconf 90' lang='lat' dir='ltr'>nomine</span> <span class='ocrx_word' id='word_1_16' title='bbox 673 305 700 355; x_wconf 91' lang='lat' dir='ltr'>te</span> <span class='ocrx_word' id='word_1_17' title='bbox 723 312 866 368; x_wconf 91' lang='lat' dir='ltr'>censeam,</span> <span class='ocrx_word' id='word_1_18' title='bbox 899 313 946 357; x_wconf 90' lang='lat' dir='ltr'>re·</span> <span class='ocrx_word' id='word_1_19' title='bbox 960 299 1092 359; x_wconf 83' lang='lat' dir='ltr'>illectus</span> <span class='ocrx_word' id='word_1_20' title='bbox 1111 302 1213 360; x_wconf 85' lang='lat' dir='ltr'>Petrus</span> <span class='ocrx_word' id='word_1_21' title='bbox 1234 299 1425 373; x_wconf 89' lang='lat' dir='ltr'>appellandus</span> <span class='ocrx_word' id='word_1_22' title='bbox 1448 313 1488 356; x_wconf 87' lang='lat' dir='ltr'>es.</span> <span class='ocrx_word' id='word_1_23' title='bbox 1517 298 1562 358; x_wconf 80' lang='lat' dir='ltr'>Ad</span> <span class='ocrx_word' id='word_1_24' title='bbox 1576 299 1667 371; x_wconf 81' lang='lat' dir='ltr'>hujus</span> <span class='ocrx_word' id='word_1_25' title='bbox 1689 299 1851 371; x_wconf 70' lang='lat' dir='ltr'>imperfecti</span> <span class='ocrx_word' id='word_1_26' title='bbox 1895 292 1901 332; x_wconf 86' lang='lat'>¹</span> 
     </span>
     <span class='ocr_line' id='line_1_3' title="bbox 96 382 1901 463; baseline 0.001 -19"><span class='ocrx_word' id='word_1_27' title='bbox 96 387 189 461; x_wconf 90' lang='lat' dir='ltr'>perire</span> <span class='ocrx_word' id='word_1_28' title='bbox 215 400 274 444; x_wconf 91' lang='lat' dir='ltr'>non</span> <span class='ocrx_word' id='word_1_29' title='bbox 305 385 396 443; x_wconf 84' lang='lat' dir='ltr'>valeo.</span> <span class='ocrx_word' id='word_1_30' title='bbox 432 386 484 443; x_wconf 88' lang='lat' dir='ltr'>Sed</span> <span class='ocrx_word' id='word_1_31' title='bbox 517 385 589 443; x_wconf 89' lang='lat' dir='ltr'>forte</span> <span class='ocrx_word' id='word_1_32' title='bbox 619 387 737 445; x_wconf 86' lang='lat' dir='ltr'>Petram</span> <span class='ocrx_word' id='word_1_33' title='bbox 761 395 787 445; x_wconf 90' lang='lat' dir='ltr'>te</span> <span class='ocrx_word' id='word_1_34' title='bbox 807 389 946 460; x_wconf 90' lang='lat' dir='ltr'>appellari</span> <span class='ocrx_word' id='word_1_35' title='bbox 999 391 1126 448; x_wconf 88' lang='lat' dir='ltr'>bominis</span> <span class='ocrx_word' id='word_1_36' title='bbox 1147 390 1313 463; x_wconf 79' lang='lat' dir='ltr'>ignominiae</span> <span class='ocrx_word' id='word_1_37' title='bbox 1341 388 1493 446; x_wconf 91' lang='lat' dir='ltr'>cumulum</span> <span class='ocrx_word' id='word_1_38' title='bbox 1521 403 1591 447; x_wconf 90' lang='lat' dir='ltr'>vero</span> <span class='ocrx_word' id='word_1_39' title='bbox 1616 389 1747 460; x_wconf 81' lang='lat' dir='ltr'>pertinet,</span> <span class='ocrx_word' id='word_1_40' title='bbox 1772 390 1850 460; x_wconf 91' lang='lat' dir='ltr'>qaod</span> <span class='ocrx_word' id='word_1_41' title='bbox 1896 382 1901 423; x_wconf 78' lang='lat'>⁵</span> 
     </span>
     <span class='ocr_line' id='line_1_4' title="bbox 96 475 1901 553; baseline 0.002 -21"><span class='ocrx_word' id='word_1_42' title='bbox 96 489 178 548; x_wconf 91' lang='lat' dir='ltr'>possa</span> <span class='ocrx_word' id='word_1_43' title='bbox 193 489 229 532; x_wconf 82' lang='lat' dir='ltr'>ex</span> <span class='ocrx_word' id='word_1_44' title='bbox 244 475 453 532; x_wconf 87' lang='lat' dir='ltr'>consuetudine</span> <span class='ocrx_word' id='word_1_45' title='bbox 468 476 625 532; x_wconf 90' lang='lat' dir='ltr'>mentieris.</span> <span class='ocrx_word' id='word_1_46' title='bbox 640 477 741 533; x_wconf 82' lang='lat' dir='ltr'>Certus</span> <span class='ocrx_word' id='word_1_47' title='bbox 756 492 820 534; x_wconf 93' lang='lat' dir='ltr'>sum</span> <span class='ocrx_word' id='word_1_48' title='bbox 838 486 945 546; x_wconf 90' lang='lat' dir='ltr'>autem,</span> <span class='ocrx_word' id='word_1_49' title='bbox 999 482 1030 538; x_wconf 92' lang='lat' dir='ltr'>in</span> <span class='ocrx_word' id='word_1_50' title='bbox 1045 481 1149 553; x_wconf 87' lang='lat' dir='ltr'>sigillo,</span> <span class='ocrx_word' id='word_1_51' title='bbox 1166 495 1226 553; x_wconf 90' lang='lat' dir='ltr'>qao</span> <span class='ocrx_word' id='word_1_52' title='bbox 1248 480 1349 537; x_wconf 78' lang='lat' dir='ltr'>fetidas</span> <span class='ocrx_word' id='word_1_53' title='bbox 1370 479 1434 535; x_wconf 89' lang='lat' dir='ltr'>illas</span> <span class='ocrx_word' id='word_1_54' title='bbox 1456 479 1564 536; x_wconf 82' lang='lat' dir='ltr'>litteras</span> <span class='ocrx_word' id='word_1_55' title='bbox 1590 478 1731 551; x_wconf 80' lang='lat' dir='ltr'>sigillasti,</span> <span class='ocrx_word' id='word_1_56' title='bbox 1751 479 1851 550; x_wconf 90' lang='lat' dir='ltr'>imagi·</span> <span class='ocrx_word' id='word_1_57' title='bbox 1898 494 1901 509; x_wconf 80' lang='lat'><strong>¹</strong></span> 
     </span>
     <span class='ocr_line' id='line_1_5' title="bbox 97 560 1901 639; baseline 0.002 -18"><span class='ocrx_word' id='word_1_58' title='bbox 97 564 176 638; x_wconf 91' lang='lat' dir='ltr'>quod</span> <span class='ocrx_word' id='word_1_59' title='bbox 195 565 348 621; x_wconf 89' lang='lat' dir='ltr'>masculini</span> <span class='ocrx_word' id='word_1_60' title='bbox 372 565 485 634; x_wconf 86' lang='lat' dir='ltr'>generis</span> <span class='ocrx_word' id='word_1_61' title='bbox 512 579 627 631; x_wconf 88' lang='lat' dir='ltr'>nomen,</span> <span class='ocrx_word' id='word_1_62' title='bbox 643 565 764 623; x_wconf 90' lang='lat' dir='ltr'>siasao</span> <span class='ocrx_word' id='word_1_63' title='bbox 782 582 885 639; x_wconf 87' lang='lat' dir='ltr'>genere</span> <span class='ocrx_word' id='word_1_64' title='bbox 901 568 947 625; x_wconf 90' lang='lat' dir='ltr'>de·</span> <span class='ocrx_word' id='word_1_65' title='bbox 1000 584 1066 626; x_wconf 90' lang='lat' dir='ltr'>nem</span> <span class='ocrx_word' id='word_1_66' title='bbox 1087 570 1255 639; x_wconf 90' lang='lat' dir='ltr'>daucapita</span> <span class='ocrx_word' id='word_1_67' title='bbox 1276 568 1768 637; x_wconf 88' lang='lat' dir='ltr'>habentem,unumviri‚alternm</span> <span class='ocrx_word' id='word_1_68' title='bbox 1785 583 1850 624; x_wconf 93' lang='lat' dir='ltr'>mu·</span> <span class='ocrx_word' id='word_1_69' title='bbox 1898 560 1901 599; x_wconf 64' lang='grc' dir='ltr'><em>ἵ</em></span> 
     </span>
     <span class='ocr_line' id='line_1_6' title="bbox 97 652 1901 729; baseline 0 -17"><span class='ocrx_word' id='word_1_70' title='bbox 97 654 208 720; x_wconf 72' lang='lat' dir='ltr'>cidara,</span> <span class='ocrx_word' id='word_1_71' title='bbox 241 667 301 709; x_wconf 87' lang='lat' dir='ltr'>rem</span> <span class='ocrx_word' id='word_1_72' title='bbox 335 652 449 708; x_wconf 87' lang='lat' dir='ltr'>solitam</span> <span class='ocrx_word' id='word_1_73' title='bbox 473 653 636 724; x_wconf 86' lang='lat' dir='ltr'>siguificare</span> <span class='ocrx_word' id='word_1_74' title='bbox 665 656 819 729; x_wconf 84' lang='lat' dir='ltr'>recusabit.</span> <span class='ocrx_word' id='word_1_75' title='bbox 852 657 947 715; x_wconf 84' lang='lat' dir='ltr'>Solent</span> <span class='ocrx_word' id='word_1_76' title='bbox 1000 659 1164 729; x_wconf 89' lang='lat' dir='ltr'>lieris,ipse</span> <span class='ocrx_word' id='word_1_77' title='bbox 1187 660 1323 717; x_wconf 78' lang='lat' dir='ltr'>formasti.</span> <span class='ocrx_word' id='word_1_78' title='bbox 1343 659 1639 729; x_wconf 88' lang='lat' dir='ltr'>Undequisdubitet,</span> <span class='ocrx_word' id='word_1_79' title='bbox 1667 667 1776 728; x_wconf 87' lang='lat' dir='ltr'>quanto</span> <span class='ocrx_word' id='word_1_80' title='bbox 1800 657 1851 713; x_wconf 90' lang='lat' dir='ltr'>ad·</span> <span class='ocrx_word' id='word_1_81' title='bbox 1899 669 1901 672; x_wconf 85' lang='lat'>·</span> 
     </span>
     <span class='ocr_line' id='line_1_7' title="bbox 79 739 1901 818; baseline 0 -18"><span class='ocrx_word' id='word_1_82' title='bbox 79 742 172 805; x_wconf 74' lang='lat' dir='ltr'>,enim</span> <span class='ocrx_word' id='word_1_83' title='bbox 185 742 304 798; x_wconf 88' lang='lat' dir='ltr'>nomina</span> <span class='ocrx_word' id='word_1_84' title='bbox 327 741 442 812; x_wconf 89' lang='lat' dir='ltr'>propria</span> <span class='ocrx_word' id='word_1_85' title='bbox 464 742 701 814; x_wconf 81' lang='lat' dir='ltr'>significationem</span> <span class='ocrx_word' id='word_1_86' title='bbox 716 746 858 813; x_wconf 88' lang='lat' dir='ltr'>amittere,</span> <span class='ocrx_word' id='word_1_87' title='bbox 881 761 948 804; x_wconf 87' lang='lat' dir='ltr'>cum</span> <span class='ocrx_word' id='word_1_88' title='bbox 1001 749 1060 804; x_wconf 89' lang='lat' dir='ltr'>huc</span> <span class='ocrx_word' id='word_1_89' title='bbox 1082 748 1112 803; x_wconf 93' lang='lat' dir='ltr'>in</span> <span class='ocrx_word' id='word_1_90' title='bbox 1140 762 1203 804; x_wconf 92' lang='lat' dir='ltr'>eam</span> <span class='ocrx_word' id='word_1_91' title='bbox 1227 749 1326 804; x_wconf 82' lang='lat' dir='ltr'>ardeat</span> <span class='ocrx_word' id='word_1_92' title='bbox 1348 761 1444 803; x_wconf 89' lang='lat' dir='ltr'>amore</span> <span class='ocrx_word' id='word_1_93' title='bbox 1470 748 1521 818; x_wconf 91' lang='lat' dir='ltr'>qui</span> <span class='ocrx_word' id='word_1_94' title='bbox 1549 747 1598 802; x_wconf 91' lang='lat' dir='ltr'>tali</span> <span class='ocrx_word' id='word_1_95' title='bbox 1625 760 1691 802; x_wconf 91' lang='lat' dir='ltr'>eam</span> <span class='ocrx_word' id='word_1_96' title='bbox 1724 747 1850 815; x_wconf 90' lang='lat' dir='ltr'>capitum</span> <span class='ocrx_word' id='word_1_97' title='bbox 1900 739 1901 747; x_wconf 75' lang='grc'>’</span> 
     </span>
     <span class='ocr_line' id='line_1_8' title="bbox 97 830 1851 908; baseline 0.001 -20"><span class='ocrx_word' id='word_1_98' title='bbox 97 845 197 888; x_wconf 92' lang='lat' dir='ltr'>eorum</span> <span class='ocrx_word' id='word_1_99' title='bbox 216 830 377 901; x_wconf 80' lang='lat' dir='ltr'>significata</span> <span class='ocrx_word' id='word_1_100' title='bbox 398 830 550 903; x_wconf 88' lang='lat' dir='ltr'>contigerit</span> <span class='ocrx_word' id='word_1_101' title='bbox 577 847 594 887; x_wconf 93' lang='lat' dir='ltr'>a</span> <span class='ocrx_word' id='word_1_102' title='bbox 621 846 675 889; x_wconf 93' lang='lat' dir='ltr'>sua</span> <span class='ocrx_word' id='word_1_103' title='bbox 701 834 871 903; x_wconf 83' lang='lat' dir='ltr'>perfectione</span> <span class='ocrx_word' id='word_1_104' title='bbox 901 849 946 892; x_wconf 91' lang='lat' dir='ltr'>re·</span> <span class='ocrx_word' id='word_1_105' title='bbox 1001 837 1204 908; x_wconf 77' lang='lat' dir='ltr'>coniunctione</span> <span class='ocrx_word' id='word_1_106' title='bbox 1225 852 1283 893; x_wconf 93' lang='lat' dir='ltr'>non</span> <span class='ocrx_word' id='word_1_107' title='bbox 1307 836 1424 894; x_wconf 88' lang='lat' dir='ltr'>erubuit</span> <span class='ocrx_word' id='word_1_108' title='bbox 1444 836 1596 892; x_wconf 90' lang='lat' dir='ltr'>bonorare.</span> <span class='ocrx_word' id='word_1_109' title='bbox 1622 836 1709 892; x_wconf 87' lang='lat' dir='ltr'>Plura</span> <span class='ocrx_word' id='word_1_110' title='bbox 1733 835 1851 906; x_wconf 90' lang='lat' dir='ltr'>quidem</span> 
     </span>
     <span class='ocr_line' id='line_1_9' title="bbox 97 919 1852 994; baseline 0.001 -18"><span class='ocrx_word' id='word_1_111' title='bbox 97 920 205 976; x_wconf 90' lang='lat' dir='ltr'>cedere.</span> <span class='ocrx_word' id='word_1_112' title='bbox 221 919 322 990; x_wconf 80' lang='lat' dir='ltr'>Neque</span> <span class='ocrx_word' id='word_1_113' title='bbox 341 919 419 975; x_wconf 89' lang='lat' dir='ltr'>enim</span> <span class='ocrx_word' id='word_1_114' title='bbox 443 920 539 977; x_wconf 89' lang='lat' dir='ltr'>ablato</span> <span class='ocrx_word' id='word_1_115' title='bbox 559 929 630 978; x_wconf 90' lang='lat' dir='ltr'>tecto</span> <span class='ocrx_word' id='word_1_116' title='bbox 645 923 690 978; x_wconf 89' lang='lat' dir='ltr'>vel</span> <span class='ocrx_word' id='word_1_117' title='bbox 707 923 813 994; x_wconf 90' lang='lat' dir='ltr'>pariete</span> <span class='ocrx_word' id='word_1_118' title='bbox 832 923 946 993; x_wconf 90' lang='lat' dir='ltr'>domas,</span> <span class='ocrx_word' id='word_1_119' title='bbox 1002 926 1032 982; x_wconf 93' lang='lat' dir='ltr'>in</span> <span class='ocrx_word' id='word_1_120' title='bbox 1049 932 1130 982; x_wconf 93' lang='lat' dir='ltr'>tuam</span> <span class='ocrx_word' id='word_1_121' title='bbox 1166 925 1370 983; x_wconf 90' lang='lat' dir='ltr'>contumeliam</span> <span class='ocrx_word' id='word_1_122' title='bbox 1403 939 1471 983; x_wconf 93' lang='lat' dir='ltr'>vera</span> <span class='ocrx_word' id='word_1_123' title='bbox 1497 938 1530 980; x_wconf 89' lang='lat' dir='ltr'>ac</span> <span class='ocrx_word' id='word_1_124' title='bbox 1561 925 1713 981; x_wconf 88' lang='lat' dir='ltr'>manifesta</span> <span class='ocrx_word' id='word_1_125' title='bbox 1743 924 1852 980; x_wconf 90' lang='lat' dir='ltr'>dictare</span> 
     </span>
     <span class='ocr_line' id='line_1_10' title="bbox 98 1008 1852 1086; baseline 0.001 -19"><span class='ocrx_word' id='word_1_126' title='bbox 98 1009 148 1067; x_wconf 90' lang='lat' dir='ltr'>sed</span> <span class='ocrx_word' id='word_1_127' title='bbox 180 1008 344 1078; x_wconf 89' lang='lat' dir='ltr'>imperfecta</span> <span class='ocrx_word' id='word_1_128' title='bbox 380 1009 483 1066; x_wconf 91' lang='lat' dir='ltr'>domas</span> <span class='ocrx_word' id='word_1_129' title='bbox 517 1011 679 1068; x_wconf 91' lang='lat' dir='ltr'>vocabitur.</span> <span class='ocrx_word' id='word_1_130' title='bbox 705 1011 825 1070; x_wconf 88' lang='lat' dir='ltr'>Sublata</span> <span class='ocrx_word' id='word_1_131' title='bbox 858 1013 948 1085; x_wconf 86' lang='lat' dir='ltr'>igitur</span> <span class='ocrx_word' id='word_1_132' title='bbox 1002 1015 1185 1071; x_wconf 81' lang='lat' dir='ltr'>decreveram</span> <span class='ocrx_word' id='word_1_133' title='bbox 1210 1030 1219 1085; x_wconf 94' lang='lat'>;</span> <span class='ocrx_word' id='word_1_134' title='bbox 1241 1015 1289 1072; x_wconf 93' lang='lat' dir='ltr'>sed</span> <span class='ocrx_word' id='word_1_135' title='bbox 1314 1014 1384 1086; x_wconf 91' lang='lat' dir='ltr'>quia</span> <span class='ocrx_word' id='word_1_136' title='bbox 1405 1021 1506 1071; x_wconf 90' lang='lat' dir='ltr'>contra</span> <span class='ocrx_word' id='word_1_137' title='bbox 1530 1014 1676 1070; x_wconf 91' lang='lat' dir='ltr'>bominem</span> <span class='ocrx_word' id='word_1_138' title='bbox 1700 1012 1852 1082; x_wconf 88' lang='lat' dir='ltr'>imperfec-</span> 
     </span>
     <span class='ocr_line' id='line_1_11' title="bbox 98 1097 1852 1177; baseline 0.001 -22"><span class='ocrx_word' id='word_1_139' title='bbox 98 1105 192 1172; x_wconf 90' lang='lat' dir='ltr'>parte,</span> <span class='ocrx_word' id='word_1_140' title='bbox 215 1112 281 1170; x_wconf 81' lang='lat' dir='ltr'>qua</span> <span class='ocrx_word' id='word_1_141' title='bbox 303 1097 450 1155; x_wconf 89' lang='lat' dir='ltr'>bominem</span> <span class='ocrx_word' id='word_1_142' title='bbox 472 1098 549 1168; x_wconf 88' lang='lat' dir='ltr'>facit,</span> <span class='ocrx_word' id='word_1_143' title='bbox 576 1114 633 1158; x_wconf 91' lang='lat' dir='ltr'>non</span> <span class='ocrx_word' id='word_1_144' title='bbox 649 1101 761 1170; x_wconf 84' lang='lat' dir='ltr'>Petras,</span> <span class='ocrx_word' id='word_1_145' title='bbox 778 1102 827 1159; x_wconf 91' lang='lat' dir='ltr'>sed</span> <span class='ocrx_word' id='word_1_146' title='bbox 842 1102 947 1173; x_wconf 89' lang='lat' dir='ltr'>imper·</span> <span class='ocrx_word' id='word_1_147' title='bbox 1002 1111 1065 1161; x_wconf 91' lang='lat' dir='ltr'>tum</span> <span class='ocrx_word' id='word_1_148' title='bbox 1081 1118 1146 1176; x_wconf 86' lang='lat' dir='ltr'>ago,</span> <span class='ocrx_word' id='word_1_149' title='bbox 1161 1118 1233 1175; x_wconf 90' lang='lat' dir='ltr'>opas</span> <span class='ocrx_word' id='word_1_150' title='bbox 1247 1104 1325 1177; x_wconf 91' lang='lat' dir='ltr'>qaod</span> <span class='ocrx_word' id='word_1_151' title='bbox 1339 1116 1470 1176; x_wconf 80' lang='lat' dir='ltr'>ceperam</span> <span class='ocrx_word' id='word_1_152' title='bbox 1485 1103 1682 1173; x_wconf 88' lang='lat' dir='ltr'>imperfectum</span> <span class='ocrx_word' id='word_1_153' title='bbox 1707 1103 1852 1174; x_wconf 88' lang='lat' dir='ltr'>relinquo.</span> 
     </span>
    </p>
   </div>
   <div class='ocr_carea' id='block_1_3' title="bbox 832 1366 1130 1440">
    <p class='ocr_par' dir='ltr' id='par_1_3' title="bbox 832 1366 1130 1440">
     <span class='ocr_line' id='line_1_12' title="bbox 832 1366 1130 1440; baseline 0.007 -4"><span class='ocrx_word' id='word_1_154' title='bbox 832 1366 1027 1438; x_wconf 75' lang='lat' dir='ltr'>EPISTULA</span> <span class='ocrx_word' id='word_1_155' title='bbox 1045 1369 1130 1440; x_wconf 86' lang='lat' dir='ltr'>XVI.</span> 
     </span>
    </p>
   </div>
   <div class='ocr_carea' id='block_1_4' title="bbox 433 1539 1517 1633">
    <p class='ocr_par' dir='ltr' id='par_1_4' title="bbox 433 1539 1517 1633">
     <span class='ocr_line' id='line_1_13' title="bbox 433 1539 1517 1633; baseline 0.003 -26"><span class='ocrx_word' id='word_1_156' title='bbox 433 1539 511 1618; x_wconf 84' lang='lat' dir='ltr'>Quae</span> <span class='ocrx_word' id='word_1_157' title='bbox 524 1549 572 1608; x_wconf 88' lang='lat' dir='ltr'>esi</span> <span class='ocrx_word' id='word_1_158' title='bbox 589 1540 741 1608; x_wconf 83' lang='lat' dir='ltr'>Falconis</span> <span class='ocrx_word' id='word_1_159' title='bbox 756 1540 874 1628; x_wconf 88' lang='lat' dir='ltr'>prioris</span> <span class='ocrx_word' id='word_1_160' title='bbox 894 1542 933 1610; x_wconf 91' lang='lat' dir='ltr'>de</span> <span class='ocrx_word' id='word_1_161' title='bbox 944 1543 1085 1633; x_wconf 89' lang='lat' dir='ltr'>Diogilo‚</span> <span class='ocrx_word' id='word_1_162' title='bbox 1104 1545 1143 1613; x_wconf 93' lang='lat' dir='ltr'>ad</span> <span class='ocrx_word' id='word_1_163' title='bbox 1156 1545 1287 1613; x_wconf 91' lang='lat' dir='ltr'>Petrum</span> <span class='ocrx_word' id='word_1_164' title='bbox 1301 1542 1517 1612; x_wconf 79' lang='lat' dir='ltr'>Abalardam.</span> 
     </span>
    </p>
   </div>
   <div class='ocr_carea' id='block_1_5' title="bbox 101 1715 1876 5342">
    <p class='ocr_par' dir='ltr' id='par_1_5' title="bbox 101 1715 1856 1876">
     <span class='ocr_line' id='line_1_14' title="bbox 136 1715 1854 1791; baseline 0.002 -19"><span class='ocrx_word' id='word_1_165' title='bbox 136 1715 240 1782; x_wconf 82' lang='lat' dir='ltr'>Parvo,</span> <span class='ocrx_word' id='word_1_166' title='bbox 266 1717 323 1772; x_wconf 83' lang='lat' dir='ltr'>lieo</span> <span class='ocrx_word' id='word_1_167' title='bbox 338 1715 455 1788; x_wconf 82' lang='lat' dir='ltr'>gratias,</span> <span class='ocrx_word' id='word_1_168' title='bbox 471 1716 625 1784; x_wconf 88' lang='lat' dir='ltr'>cucullato,</span> <span class='ocrx_word' id='word_1_169' title='bbox 641 1717 729 1775; x_wconf 89' lang='lat' dir='ltr'>frater</span> <span class='ocrx_word' id='word_1_170' title='bbox 746 1719 847 1784; x_wconf 87' lang='lat' dir='ltr'>Foneo,</span> <span class='ocrx_word' id='word_1_171' title='bbox 878 1718 981 1777; x_wconf 78' lang='lat' dir='ltr'>vitali</span> <span class='ocrx_word' id='word_1_172' title='bbox 1001 1729 1086 1779; x_wconf 90' lang='lat' dir='ltr'>tuam</span> <span class='ocrx_word' id='word_1_173' title='bbox 1118 1719 1210 1777; x_wconf 90' lang='lat' dir='ltr'>calere</span> <span class='ocrx_word' id='word_1_174' title='bbox 1237 1719 1396 1791; x_wconf 82' lang='lat' dir='ltr'>ingenium,</span> <span class='ocrx_word' id='word_1_175' title='bbox 1421 1719 1540 1776; x_wconf 90' lang='lat' dir='ltr'>laudere</span> <span class='ocrx_word' id='word_1_176' title='bbox 1562 1727 1589 1776; x_wconf 86' lang='lat' dir='ltr'>et</span> <span class='ocrx_word' id='word_1_177' title='bbox 1611 1719 1768 1790; x_wconf 78' lang='lat' dir='ltr'>praedicare</span> <span class='ocrx_word' id='word_1_178' title='bbox 1783 1721 1854 1776; x_wconf 90' lang='lat' dir='ltr'>assi-</span> 
     </span>
     <span class='ocr_line' id='line_1_15' title="bbox 101 1805 1856 1876; baseline 0.001 -14"><span class='ocrx_word' id='word_1_179' title='bbox 101 1805 324 1862; x_wconf 90' lang='lat' dir='ltr'>consolationem</span> <span class='ocrx_word' id='word_1_180' title='bbox 341 1806 489 1876; x_wconf 75' lang='lat' dir='ltr'>presentis</span> <span class='ocrx_word' id='word_1_181' title='bbox 503 1813 531 1863; x_wconf 92' lang='lat' dir='ltr'>et</span> <span class='ocrx_word' id='word_1_182' title='bbox 544 1806 661 1863; x_wconf 79' lang='lat' dir='ltr'>futura.</span> <span class='ocrx_word' id='word_1_183' title='bbox 1006 1808 1062 1865; x_wconf 90' lang='lat' dir='ltr'>due</span> <span class='ocrx_word' id='word_1_184' title='bbox 1075 1808 1218 1866; x_wconf 88' lang='lat' dir='ltr'>studebat.</span> <span class='ocrx_word' id='word_1_185' title='bbox 1243 1810 1385 1865; x_wconf 83' lang='lat' dir='ltr'>Praetereo</span> <span class='ocrx_word' id='word_1_186' title='bbox 1412 1816 1532 1865; x_wconf 89' lang='lat' dir='ltr'>cunctos</span> <span class='ocrx_word' id='word_1_187' title='bbox 1555 1810 1729 1866; x_wconf 87' lang='lat' dir='ltr'>Parisiorum</span> <span class='ocrx_word' id='word_1_188' title='bbox 1753 1809 1856 1865; x_wconf 87' lang='lat' dir='ltr'>civita-</span> 
     </span>
    </p>

    <p class='ocr_par' dir='ltr' id='par_1_6' title="bbox 101 1893 1876 5342">
     <span class='ocr_line' id='line_1_16' title="bbox 137 1893 1855 1969; baseline 0.002 -20"><span class='ocrx_word' id='word_1_189' title='bbox 137 1893 289 1951; x_wconf 82' lang='lat' dir='ltr'>Saeeularis</span> <span class='ocrx_word' id='word_1_190' title='bbox 315 1894 382 1950; x_wconf 91' lang='lat' dir='ltr'>vitae</span> <span class='ocrx_word' id='word_1_191' title='bbox 407 1894 536 1965; x_wconf 89' lang='lat' dir='ltr'>pericula</span> <span class='ocrx_word' id='word_1_192' title='bbox 556 1896 607 1966; x_wconf 94' lang='lat' dir='ltr'>qui</span> <span class='ocrx_word' id='word_1_193' title='bbox 630 1896 691 1952; x_wconf 90' lang='lat' dir='ltr'>sine</span> <span class='ocrx_word' id='word_1_194' title='bbox 714 1897 885 1967; x_wconf 89' lang='lat' dir='ltr'>periculose</span> <span class='ocrx_word' id='word_1_195' title='bbox 901 1912 952 1969; x_wconf 93' lang='lat' dir='ltr'>pu·</span> <span class='ocrx_word' id='word_1_196' title='bbox 1005 1904 1061 1954; x_wconf 90' lang='lat' dir='ltr'>tem</span> <span class='ocrx_word' id='word_1_197' title='bbox 1087 1897 1260 1966; x_wconf 87' lang='lat' dir='ltr'>habitantes,</span> <span class='ocrx_word' id='word_1_198' title='bbox 1283 1905 1311 1954; x_wconf 90' lang='lat' dir='ltr'>el</span> <span class='ocrx_word' id='word_1_199' title='bbox 1331 1898 1409 1954; x_wconf 89' lang='lat' dir='ltr'>intra</span> <span class='ocrx_word' id='word_1_200' title='bbox 1430 1897 1590 1955; x_wconf 88' lang='lat' dir='ltr'>Galliarum</span> <span class='ocrx_word' id='word_1_201' title='bbox 1606 1898 1753 1968; x_wconf 79' lang='lat' dir='ltr'>proximas</span> <span class='ocrx_word' id='word_1_202' title='bbox 1767 1906 1794 1955; x_wconf 93' lang='lat' dir='ltr'>et</span> <span class='ocrx_word' id='word_1_203' title='bbox 1811 1913 1855 1953; x_wconf 91' lang='lat' dir='ltr'>ro-</span> 
     </span>
     <span class='ocr_line' id='line_1_17' title="bbox 101 1983 1853 2058; baseline 0.001 -18"><span class='ocrx_word' id='word_1_204' title='bbox 101 1989 143 2040; x_wconf 89' lang='lat' dir='ltr'>tat</span> <span class='ocrx_word' id='word_1_205' title='bbox 179 1983 310 2050; x_wconf 89' lang='lat' dir='ltr'>evadere,</span> <span class='ocrx_word' id='word_1_206' title='bbox 337 1997 397 2039; x_wconf 92' lang='lat' dir='ltr'>non</span> <span class='ocrx_word' id='word_1_207' title='bbox 431 1985 529 2041; x_wconf 91' lang='lat' dir='ltr'>minus</span> <span class='ocrx_word' id='word_1_208' title='bbox 559 1985 631 2041; x_wconf 88' lang='lat' dir='ltr'>mibi</span> <span class='ocrx_word' id='word_1_209' title='bbox 664 1985 792 2056; x_wconf 89' lang='lat' dir='ltr'>desipere</span> <span class='ocrx_word' id='word_1_210' title='bbox 827 1986 949 2055; x_wconf 84' lang='lat' dir='ltr'>videtur,</span> <span class='ocrx_word' id='word_1_211' title='bbox 1005 1986 1178 2044; x_wconf 84' lang='lat' dir='ltr'>molissimas</span> <span class='ocrx_word' id='word_1_212' title='bbox 1208 1994 1302 2055; x_wconf 90' lang='lat' dir='ltr'>partes</span> <span class='ocrx_word' id='word_1_213' title='bbox 1321 1987 1429 2058; x_wconf 89' lang='lat' dir='ltr'>quisic</span> <span class='ocrx_word' id='word_1_214' title='bbox 1451 1988 1618 2044; x_wconf 89' lang='lat' dir='ltr'>atedoceri</span> <span class='ocrx_word' id='word_1_215' title='bbox 1641 1988 1787 2054; x_wconf 84' lang='lat' dir='ltr'>sitiebant,</span> <span class='ocrx_word' id='word_1_216' title='bbox 1819 2002 1853 2042; x_wconf 92' lang='lat' dir='ltr'>ao</span> 
     </span>
     <span class='ocr_line' id='line_1_18' title="bbox 102 2071 1855 2145; baseline 0 -16"><span class='ocrx_word' id='word_1_217' title='bbox 102 2085 202 2144; x_wconf 90' lang='lat' dir='ltr'>quam,</span> <span class='ocrx_word' id='word_1_218' title='bbox 234 2073 258 2128; x_wconf 91' lang='lat' dir='ltr'>si</span> <span class='ocrx_word' id='word_1_219' title='bbox 284 2086 351 2128; x_wconf 89' lang='lat' dir='ltr'>enm</span> <span class='ocrx_word' id='word_1_220' title='bbox 385 2072 533 2144; x_wconf 88' lang='lat' dir='ltr'>insipiens,</span> <span class='ocrx_word' id='word_1_221' title='bbox 569 2073 715 2145; x_wconf 88' lang='lat' dir='ltr'>quispiam</span> <span class='ocrx_word' id='word_1_222' title='bbox 743 2089 774 2131; x_wconf 89' lang='lat' dir='ltr'>se</span> <span class='ocrx_word' id='word_1_223' title='bbox 806 2075 952 2132; x_wconf 82' lang='lat' dir='ltr'>existimat</span> <span class='ocrx_word' id='word_1_224' title='bbox 1006 2075 1029 2130; x_wconf 93' lang='lat' dir='ltr'>si</span> <span class='ocrx_word' id='word_1_225' title='bbox 1054 2072 1126 2128; x_wconf 91' lang='lat' dir='ltr'>nihil</span> <span class='ocrx_word' id='word_1_226' title='bbox 1152 2071 1313 2143; x_wconf 70' lang='lat' dir='ltr'>disciplinae</span> <span class='ocrx_word' id='word_1_227' title='bbox 1334 2087 1392 2129; x_wconf 94' lang='lat' dir='ltr'>non</span> <span class='ocrx_word' id='word_1_228' title='bbox 1407 2073 1485 2142; x_wconf 90' lang='lat' dir='ltr'>apud</span> <span class='ocrx_word' id='word_1_229' title='bbox 1511 2080 1537 2129; x_wconf 89' lang='lat' dir='ltr'>le</span> <span class='ocrx_word' id='word_1_230' title='bbox 1557 2074 1679 2130; x_wconf 89' lang='lat' dir='ltr'>inveniri</span> <span class='ocrx_word' id='word_1_231' title='bbox 1706 2075 1855 2143; x_wconf 85' lang='lat' dir='ltr'>potuisset.</span> 
     </span>
     <span class='ocr_line' id='line_1_19' title="bbox 102 2161 1858 2235; baseline 0.001 -17"><span class='ocrx_word' id='word_1_232' title='bbox 102 2162 268 2232; x_wconf 87' lang='lat' dir='ltr'>sapientem.</span> <span class='ocrx_word' id='word_1_233' title='bbox 292 2161 405 2229; x_wconf 87' lang='lat' dir='ltr'>Quanto</span> <span class='ocrx_word' id='word_1_234' title='bbox 425 2164 526 2233; x_wconf 90' lang='lat' dir='ltr'>utique</span> <span class='ocrx_word' id='word_1_235' title='bbox 551 2162 718 2219; x_wconf 90' lang='lat' dir='ltr'>involvatur</span> <span class='ocrx_word' id='word_1_236' title='bbox 745 2178 842 2221; x_wconf 90' lang='lat' dir='ltr'>errore</span> <span class='ocrx_word' id='word_1_237' title='bbox 862 2165 954 2220; x_wconf 89' lang='lat' dir='ltr'>stulti·</span> <span class='ocrx_word' id='word_1_238' title='bbox 1005 2161 1116 2235; x_wconf 89' lang='lat' dir='ltr'>ingenii</span> <span class='ocrx_word' id='word_1_239' title='bbox 1136 2161 1276 2228; x_wconf 92' lang='lat' dir='ltr'>claritate,</span> <span class='ocrx_word' id='word_1_240' title='bbox 1293 2167 1320 2217; x_wconf 92' lang='lat' dir='ltr'>et</span> <span class='ocrx_word' id='word_1_241' title='bbox 1343 2161 1485 2219; x_wconf 89' lang='lat' dir='ltr'>suavitate</span> <span class='ocrx_word' id='word_1_242' title='bbox 1508 2162 1625 2232; x_wconf 90' lang='lat' dir='ltr'>eloquii,</span> <span class='ocrx_word' id='word_1_243' title='bbox 1645 2170 1672 2218; x_wconf 94' lang='lat' dir='ltr'>et</span> <span class='ocrx_word' id='word_1_244' title='bbox 1687 2163 1794 2233; x_wconf 75' lang='lat' dir='ltr'>liuguae</span> <span class='ocrx_word' id='word_1_245' title='bbox 1808 2164 1858 2219; x_wconf 90' lang='lat' dir='ltr'>ab·</span> 
     </span>
     <span class='ocr_line' id='line_1_20' title="bbox 103 2250 1857 2321; baseline 0.001 -14"><span class='ocrx_word' id='word_1_246' title='bbox 103 2250 150 2307; x_wconf 78' lang='lat' dir='ltr'>tiae</span> <span class='ocrx_word' id='word_1_247' title='bbox 178 2264 237 2306; x_wconf 92' lang='lat' dir='ltr'>non</span> <span class='ocrx_word' id='word_1_248' title='bbox 261 2258 389 2321; x_wconf 91' lang='lat' dir='ltr'>opusest</span> <span class='ocrx_word' id='word_1_249' title='bbox 405 2265 449 2306; x_wconf 91' lang='lat' dir='ltr'>me</span> <span class='ocrx_word' id='word_1_250' title='bbox 475 2259 645 2320; x_wconf 90' lang='lat' dir='ltr'>monstrare,</span> <span class='ocrx_word' id='word_1_251' title='bbox 672 2267 738 2309; x_wconf 91' lang='lat' dir='ltr'>oum</span> <span class='ocrx_word' id='word_1_252' title='bbox 762 2252 826 2310; x_wconf 87' lang='lat' dir='ltr'>luce</span> <span class='ocrx_word' id='word_1_253' title='bbox 846 2252 953 2309; x_wconf 90' lang='lat' dir='ltr'>clarius</span> <span class='ocrx_word' id='word_1_254' title='bbox 1006 2251 1151 2308; x_wconf 88' lang='lat' dir='ltr'>solutioris</span> <span class='ocrx_word' id='word_1_255' title='bbox 1172 2251 1316 2318; x_wconf 79' lang='lat' dir='ltr'>facilitate,</span> <span class='ocrx_word' id='word_1_256' title='bbox 1343 2264 1455 2307; x_wconf 90' lang='lat' dir='ltr'>necnon</span> <span class='ocrx_word' id='word_1_257' title='bbox 1492 2258 1520 2306; x_wconf 91' lang='lat' dir='ltr'>el</span> <span class='ocrx_word' id='word_1_258' title='bbox 1546 2252 1671 2307; x_wconf 81' lang='lat' dir='ltr'>scientia</span> <span class='ocrx_word' id='word_1_259' title='bbox 1699 2252 1857 2308; x_wconf 85' lang='lat' dir='ltr'>subtilitate</span> 
     </span>
     <span class='ocr_line' id='line_1_21' title="bbox 104 2337 1858 2412; baseline 0.002 -19"><span class='ocrx_word' id='word_1_260' title='bbox 104 2346 199 2409; x_wconf 88' lang='lat' dir='ltr'>pateat</span> <span class='ocrx_word' id='word_1_261' title='bbox 217 2337 348 2408; x_wconf 84' lang='lat' dir='ltr'>sapienti.</span> <span class='ocrx_word' id='word_1_262' title='bbox 375 2339 502 2395; x_wconf 85' lang='lat' dir='ltr'>Fortuna</span> <span class='ocrx_word' id='word_1_263' title='bbox 521 2349 674 2412; x_wconf 88' lang='lat' dir='ltr'>regantur,</span> <span class='ocrx_word' id='word_1_264' title='bbox 700 2341 751 2411; x_wconf 94' lang='lat' dir='ltr'>qui</span> <span class='ocrx_word' id='word_1_265' title='bbox 767 2341 877 2398; x_wconf 89' lang='lat' dir='ltr'>diutius</span> <span class='ocrx_word' id='word_1_266' title='bbox 897 2340 952 2397; x_wconf 90' lang='lat' dir='ltr'>sibi</span> <span class='ocrx_word' id='word_1_267' title='bbox 1006 2341 1140 2409; x_wconf 88' lang='lat' dir='ltr'>permoti,</span> <span class='ocrx_word' id='word_1_268' title='bbox 1156 2339 1241 2412; x_wconf 92' lang='lat' dir='ltr'>quasi</span> <span class='ocrx_word' id='word_1_269' title='bbox 1266 2340 1301 2395; x_wconf 90' lang='lat' dir='ltr'>ad</span> <span class='ocrx_word' id='word_1_270' title='bbox 1328 2339 1560 2409; x_wconf 90' lang='lat' dir='ltr'>limpidissimum</span> <span class='ocrx_word' id='word_1_271' title='bbox 1588 2340 1773 2411; x_wconf 71' lang='lat' dir='ltr'>philosophiae</span> <span class='ocrx_word' id='word_1_272' title='bbox 1797 2341 1858 2396; x_wconf 92' lang='lat' dir='ltr'>fon-</span> 
     </span>
     <span class='ocr_line' id='line_1_22' title="bbox 105 2426 1858 2502; baseline 0.001 -20"><span class='ocrx_word' id='word_1_273' title='bbox 105 2438 275 2498; x_wconf 88' lang='lat' dir='ltr'>permanere</span> <span class='ocrx_word' id='word_1_274' title='bbox 300 2426 330 2483; x_wconf 93' lang='lat' dir='ltr'>in</span> <span class='ocrx_word' id='word_1_275' title='bbox 356 2427 445 2498; x_wconf 88' lang='lat' dir='ltr'>hujus</span> <span class='ocrx_word' id='word_1_276' title='bbox 464 2427 606 2487; x_wconf 90' lang='lat' dir='ltr'>felicitatis</span> <span class='ocrx_word' id='word_1_277' title='bbox 624 2430 815 2487; x_wconf 90' lang='lat' dir='ltr'>mutabilitate</span> <span class='ocrx_word' id='word_1_278' title='bbox 835 2431 954 2501; x_wconf 92' lang='lat' dir='ltr'>promit·</span> <span class='ocrx_word' id='word_1_279' title='bbox 1007 2435 1063 2485; x_wconf 85' lang='lat' dir='ltr'>tear</span> <span class='ocrx_word' id='word_1_280' title='bbox 1086 2427 1140 2484; x_wconf 95' lang='lat' dir='ltr'>iter</span> <span class='ocrx_word' id='word_1_281' title='bbox 1162 2429 1371 2485; x_wconf 87' lang='lat' dir='ltr'>accelerabant.</span> <span class='ocrx_word' id='word_1_282' title='bbox 1399 2428 1475 2502; x_wconf 82' lang='lat' dir='ltr'>Natu</span> <span class='ocrx_word' id='word_1_283' title='bbox 1498 2427 1580 2494; x_wconf 93' lang='lat' dir='ltr'>illud,</span> <span class='ocrx_word' id='word_1_284' title='bbox 1603 2429 1680 2499; x_wconf 89' lang='lat' dir='ltr'>quod</span> <span class='ocrx_word' id='word_1_285' title='bbox 1703 2429 1744 2485; x_wconf 91' lang='lat' dir='ltr'>sic</span> <span class='ocrx_word' id='word_1_286' title='bbox 1764 2437 1800 2496; x_wconf 90' lang='lat' dir='ltr'>te,</span> <span class='ocrx_word' id='word_1_287' title='bbox 1826 2436 1858 2485; x_wconf 94' lang='lat' dir='ltr'>ut</span> 
     </span>
     <span class='ocr_line' id='line_1_23' title="bbox 104 2513 1857 2591; baseline -0.001 -18"><span class='ocrx_word' id='word_1_288' title='bbox 104 2521 180 2573; x_wconf 88' lang='lat' dir='ltr'>tant.</span> <span class='ocrx_word' id='word_1_289' title='bbox 212 2513 304 2580; x_wconf 86' lang='lat' dir='ltr'>Quam</span> <span class='ocrx_word' id='word_1_290' title='bbox 336 2516 372 2572; x_wconf 89' lang='lat' dir='ltr'>sit</span> <span class='ocrx_word' id='word_1_291' title='bbox 400 2519 579 2573; x_wconf 88' lang='lat' dir='ltr'>contrarium</span> <span class='ocrx_word' id='word_1_292' title='bbox 611 2519 716 2575; x_wconf 87' lang='lat' dir='ltr'>rationi</span> <span class='ocrx_word' id='word_1_293' title='bbox 748 2519 801 2575; x_wconf 90' lang='lat' dir='ltr'>boc</span> <span class='ocrx_word' id='word_1_294' title='bbox 829 2520 952 2591; x_wconf 89' lang='lat' dir='ltr'>opinari,</span> <span class='ocrx_word' id='word_1_295' title='bbox 1009 2519 1101 2586; x_wconf 86' lang='lat' dir='ltr'>aiunt,</span> <span class='ocrx_word' id='word_1_296' title='bbox 1125 2518 1299 2589; x_wconf 80' lang='lat' dir='ltr'>praecipitem</span> <span class='ocrx_word' id='word_1_297' title='bbox 1324 2518 1410 2585; x_wconf 91' lang='lat' dir='ltr'>dedit,</span> <span class='ocrx_word' id='word_1_298' title='bbox 1435 2518 1620 2588; x_wconf 88' lang='lat' dir='ltr'>singularum</span> <span class='ocrx_word' id='word_1_299' title='bbox 1649 2517 1755 2574; x_wconf 88' lang='lat' dir='ltr'>scilicet</span> <span class='ocrx_word' id='word_1_300' title='bbox 1779 2518 1857 2573; x_wconf 89' lang='lat' dir='ltr'>femi·</span> 
     </span>
     <span class='ocr_line' id='line_1_24' title="bbox 106 2604 1860 2678; baseline 0.001 -18"><span class='ocrx_word' id='word_1_301' title='bbox 106 2611 246 2661; x_wconf 89' lang='lat' dir='ltr'>monstrat</span> <span class='ocrx_word' id='word_1_302' title='bbox 261 2604 308 2661; x_wconf 92' lang='lat' dir='ltr'>sui</span> <span class='ocrx_word' id='word_1_303' title='bbox 330 2605 489 2662; x_wconf 90' lang='lat' dir='ltr'>mutatione</span> <span class='ocrx_word' id='word_1_304' title='bbox 511 2606 602 2662; x_wconf 83' lang='lat' dir='ltr'>rabdo</span> <span class='ocrx_word' id='word_1_305' title='bbox 619 2607 748 2664; x_wconf 88' lang='lat' dir='ltr'>felicitas.</span> <span class='ocrx_word' id='word_1_306' title='bbox 762 2608 826 2664; x_wconf 91' lang='lat' dir='ltr'>Noa</span> <span class='ocrx_word' id='word_1_307' title='bbox 840 2618 881 2665; x_wconf 89' lang='lat' dir='ltr'>est</span> <span class='ocrx_word' id='word_1_308' title='bbox 902 2609 956 2667; x_wconf 88' lang='lat' dir='ltr'>bn·</span> <span class='ocrx_word' id='word_1_309' title='bbox 1009 2621 1115 2663; x_wconf 87' lang='lat' dir='ltr'>aarum</span> <span class='ocrx_word' id='word_1_310' title='bbox 1132 2621 1269 2676; x_wconf 90' lang='lat' dir='ltr'>amorem,</span> <span class='ocrx_word' id='word_1_311' title='bbox 1296 2616 1323 2664; x_wconf 92' lang='lat' dir='ltr'>et</span> <span class='ocrx_word' id='word_1_312' title='bbox 1348 2607 1466 2678; x_wconf 90' lang='lat' dir='ltr'>laqueos</span> <span class='ocrx_word' id='word_1_313' title='bbox 1481 2606 1608 2663; x_wconf 87' lang='lat' dir='ltr'>libidinis</span> <span class='ocrx_word' id='word_1_314' title='bbox 1622 2621 1734 2671; x_wconf 90' lang='lat' dir='ltr'>earum,</span> <span class='ocrx_word' id='word_1_315' title='bbox 1750 2606 1860 2676; x_wconf 92' lang='lat' dir='ltr'>quibus</span> 
     </span>
     <span class='ocr_line' id='line_1_25' title="bbox 105 2692 1861 2766; baseline 0 -16"><span class='ocrx_word' id='word_1_316' title='bbox 105 2707 238 2761; x_wconf 88' lang='lat' dir='ltr'>manum,</span> <span class='ocrx_word' id='word_1_317' title='bbox 272 2692 428 2750; x_wconf 88' lang='lat' dir='ltr'>stabilitate</span> <span class='ocrx_word' id='word_1_318' title='bbox 452 2695 568 2752; x_wconf 89' lang='lat' dir='ltr'>durare.</span> <span class='ocrx_word' id='word_1_319' title='bbox 593 2697 629 2753; x_wconf 87' lang='lat' dir='ltr'>Et</span> <span class='ocrx_word' id='word_1_320' title='bbox 668 2696 732 2753; x_wconf 92' lang='lat' dir='ltr'>licet</span> <span class='ocrx_word' id='word_1_321' title='bbox 755 2699 955 2756; x_wconf 81' lang='lat' dir='ltr'>resbnmanra</span> <span class='ocrx_word' id='word_1_322' title='bbox 1010 2709 1078 2754; x_wconf 89' lang='lat' dir='ltr'>suos</span> <span class='ocrx_word' id='word_1_323' title='bbox 1101 2696 1219 2766; x_wconf 88' lang='lat' dir='ltr'>capiunt</span> <span class='ocrx_word' id='word_1_324' title='bbox 1243 2702 1424 2762; x_wconf 89' lang='lat' dir='ltr'>scortatores,</span> <span class='ocrx_word' id='word_1_325' title='bbox 1451 2694 1554 2751; x_wconf 92' lang='lat' dir='ltr'>melius</span> <span class='ocrx_word' id='word_1_326' title='bbox 1576 2695 1646 2750; x_wconf 86' lang='lat' dir='ltr'>milri</span> <span class='ocrx_word' id='word_1_327' title='bbox 1666 2695 1765 2751; x_wconf 89' lang='lat' dir='ltr'>videor</span> <span class='ocrx_word' id='word_1_328' title='bbox 1791 2709 1861 2764; x_wconf 76' lang='lat' dir='ltr'>praa·</span> 
     </span>
     <span class='ocr_line' id='line_1_26' title="bbox 106 2782 1861 2858; baseline 0 -18"><span class='ocrx_word' id='word_1_329' title='bbox 106 2782 235 2855; x_wconf 89' lang='lat' dir='ltr'>qnotidie</span> <span class='ocrx_word' id='word_1_330' title='bbox 251 2782 278 2838; x_wconf 91' lang='lat' dir='ltr'>in</span> <span class='ocrx_word' id='word_1_331' title='bbox 295 2783 437 2840; x_wconf 87' lang='lat' dir='ltr'>deteriora</span> <span class='ocrx_word' id='word_1_332' title='bbox 453 2783 599 2855; x_wconf 87' lang='lat' dir='ltr'>labantur,</span> <span class='ocrx_word' id='word_1_333' title='bbox 621 2795 648 2843; x_wconf 92' lang='lat' dir='ltr'>et</span> <span class='ocrx_word' id='word_1_334' title='bbox 664 2786 805 2843; x_wconf 88' lang='lat' dir='ltr'>felicitatis</span> <span class='ocrx_word' id='word_1_335' title='bbox 823 2788 956 2858; x_wconf 77' lang='lat' dir='ltr'>iucunda</span> <span class='ocrx_word' id='word_1_336' title='bbox 1010 2784 1105 2851; x_wconf 88' lang='lat' dir='ltr'>terire,</span> <span class='ocrx_word' id='word_1_337' title='bbox 1135 2797 1222 2854; x_wconf 90' lang='lat' dir='ltr'>quam</span> <span class='ocrx_word' id='word_1_338' title='bbox 1248 2782 1357 2853; x_wconf 89' lang='lat' dir='ltr'>aliquid</span> <span class='ocrx_word' id='word_1_339' title='bbox 1379 2783 1472 2838; x_wconf 88' lang='lat' dir='ltr'>dicere</span> <span class='ocrx_word' id='word_1_340' title='bbox 1497 2784 1577 2853; x_wconf 91' lang='lat' dir='ltr'>quod</span> <span class='ocrx_word' id='word_1_341' title='bbox 1598 2784 1692 2840; x_wconf 90' lang='lat' dir='ltr'>ordini</span> <span class='ocrx_word' id='word_1_342' title='bbox 1716 2792 1812 2839; x_wconf 87' lang='lat' dir='ltr'>nostro</span> <span class='ocrx_word' id='word_1_343' title='bbox 1832 2791 1861 2840; x_wconf 88' lang='lat' dir='ltr'>et</span> 
     </span>
     <span class='ocr_line' id='line_1_27' title="bbox 105 2871 1857 2944; baseline -0.002 -13"><span class='ocrx_word' id='word_1_344' title='bbox 105 2873 219 2931; x_wconf 87' lang='lat' dir='ltr'>vanitas</span> <span class='ocrx_word' id='word_1_345' title='bbox 253 2873 419 2944; x_wconf 88' lang='lat' dir='ltr'>frequenter</span> <span class='ocrx_word' id='word_1_346' title='bbox 451 2873 574 2931; x_wconf 90' lang='lat' dir='ltr'>feriatur</span> <span class='ocrx_word' id='word_1_347' title='bbox 604 2876 756 2933; x_wconf 86' lang='lat' dir='ltr'>contrariis</span> <span class='ocrx_word' id='word_1_348' title='bbox 783 2891 790 2932; x_wconf 92' lang='lat'>:</span> <span class='ocrx_word' id='word_1_349' title='bbox 825 2877 957 2934; x_wconf 84' lang='lat' dir='ltr'>homines</span> <span class='ocrx_word' id='word_1_350' title='bbox 1009 2871 1118 2944; x_wconf 84' lang='lat' dir='ltr'>regulae</span> <span class='ocrx_word' id='word_1_351' title='bbox 1147 2879 1252 2928; x_wconf 81' lang='lat' dir='ltr'>nostra</span> <span class='ocrx_word' id='word_1_352' title='bbox 1275 2871 1421 2942; x_wconf 83' lang='lat' dir='ltr'>religionis</span> <span class='ocrx_word' id='word_1_353' title='bbox 1446 2886 1504 2926; x_wconf 92' lang='lat' dir='ltr'>non</span> <span class='ocrx_word' id='word_1_354' title='bbox 1524 2872 1700 2928; x_wconf 88' lang='lat' dir='ltr'>concordet:</span> <span class='ocrx_word' id='word_1_355' title='bbox 1724 2871 1857 2942; x_wconf 90' lang='lat' dir='ltr'>quando-</span> 
     </span>
     <span class='ocr_line' id='line_1_28' title="bbox 107 2939 1861 3034; baseline -0.002 -13"><span class='ocrx_word' id='word_1_356' title='bbox 107 2971 203 3021; x_wconf 89' lang='lat' dir='ltr'>tamen</span> <span class='ocrx_word' id='word_1_357' title='bbox 228 2962 326 3019; x_wconf 91' lang='lat' dir='ltr'>miseri</span> <span class='ocrx_word' id='word_1_358' title='bbox 350 2962 438 3032; x_wconf 89' lang='lat' dir='ltr'>hujus</span> <span class='ocrx_word' id='word_1_359' title='bbox 463 2963 598 3034; x_wconf 89' lang='lat' dir='ltr'>temporis</span> <span class='ocrx_word' id='word_1_360' title='bbox 621 2965 777 3020; x_wconf 90' lang='lat' dir='ltr'>familiares</span> <span class='ocrx_word' id='word_1_361' title='bbox 801 2971 829 3020; x_wconf 92' lang='lat' dir='ltr'>et</span> <span class='ocrx_word' id='word_1_362' title='bbox 843 2966 956 3021; x_wconf 89' lang='lat' dir='ltr'>amicis·</span> <span class='ocrx_word' id='word_1_363' title='bbox 970 2939 995 3001; x_wconf 64' lang='grc' dir='ltr'>(ἶ</span> <span class='ocrx_word' id='word_1_364' title='bbox 1011 2963 1129 3033; x_wconf 90' lang='lat' dir='ltr'>quidem</span> <span class='ocrx_word' id='word_1_365' title='bbox 1155 2974 1247 3017; x_wconf 91' lang='lat' dir='ltr'>sermo</span> <span class='ocrx_word' id='word_1_366' title='bbox 1271 2960 1306 3016; x_wconf 92' lang='lat' dir='ltr'>de</span> <span class='ocrx_word' id='word_1_367' title='bbox 1322 2960 1512 3030; x_wconf 87' lang='lat' dir='ltr'>talibussaepe</span> <span class='ocrx_word' id='word_1_368' title='bbox 1536 2961 1630 3032; x_wconf 86' lang='lat' dir='ltr'>magis</span> <span class='ocrx_word' id='word_1_369' title='bbox 1651 2960 1738 3017; x_wconf 88' lang='lat' dir='ltr'>soleat</span> <span class='ocrx_word' id='word_1_370' title='bbox 1758 2974 1861 3017; x_wconf 87' lang='lat' dir='ltr'>nocere</span> 
     </span>
     <span class='ocr_line' id='line_1_29' title="bbox 107 3049 1857 3125; baseline -0.002 -16"><span class='ocrx_word' id='word_1_371' title='bbox 107 3053 172 3110; x_wconf 92' lang='lat' dir='ltr'>simi</span> <span class='ocrx_word' id='word_1_372' title='bbox 206 3052 290 3108; x_wconf 90' lang='lat' dir='ltr'>finem</span> <span class='ocrx_word' id='word_1_373' title='bbox 330 3065 428 3109; x_wconf 87' lang='lat' dir='ltr'>rernm</span> <span class='ocrx_word' id='word_1_374' title='bbox 451 3054 597 3110; x_wconf 91' lang='lat' dir='ltr'>attendere</span> <span class='ocrx_word' id='word_1_375' title='bbox 619 3054 780 3125; x_wconf 77' lang='lat' dir='ltr'>negligunt,</span> <span class='ocrx_word' id='word_1_376' title='bbox 809 3061 836 3111; x_wconf 90' lang='lat' dir='ltr'>et</span> <span class='ocrx_word' id='word_1_377' title='bbox 866 3068 956 3125; x_wconf 90' lang='lat' dir='ltr'>qnam</span> <span class='ocrx_word' id='word_1_378' title='bbox 1011 3051 1102 3119; x_wconf 90' lang='lat' dir='ltr'>bonis,</span> <span class='ocrx_word' id='word_1_379' title='bbox 1119 3064 1208 3120; x_wconf 90' lang='lat' dir='ltr'>quam</span> <span class='ocrx_word' id='word_1_380' title='bbox 1230 3049 1372 3120; x_wconf 86' lang='lat' dir='ltr'>prodesse.</span> <span class='ocrx_word' id='word_1_381' title='bbox 1396 3050 1456 3105; x_wconf 87' lang='lat' dir='ltr'>ilac</span> <span class='ocrx_word' id='word_1_382' title='bbox 1470 3050 1599 3106; x_wconf 90' lang='lat' dir='ltr'>fortassis</span> <span class='ocrx_word' id='word_1_383' title='bbox 1622 3051 1652 3106; x_wconf 92' lang='lat' dir='ltr'>in</span> <span class='ocrx_word' id='word_1_384' title='bbox 1668 3058 1695 3106; x_wconf 92' lang='lat' dir='ltr'>te</span> <span class='ocrx_word' id='word_1_385' title='bbox 1715 3050 1857 3106; x_wconf 87' lang='lat' dir='ltr'>bonorum</span> 
     </span>
     <span class='ocr_line' id='line_1_30' title="bbox 106 3138 1863 3214; baseline -0.002 -16"><span class='ocrx_word' id='word_1_386' title='bbox 106 3141 207 3199; x_wconf 91' lang='lat' dir='ltr'>multis</span> <span class='ocrx_word' id='word_1_387' title='bbox 232 3140 402 3211; x_wconf 79' lang='lat' dir='ltr'>subjaceant</span> <span class='ocrx_word' id='word_1_388' title='bbox 432 3143 576 3211; x_wconf 89' lang='lat' dir='ltr'>periculis,</span> <span class='ocrx_word' id='word_1_389' title='bbox 601 3144 862 3214; x_wconf 90' lang='lat' dir='ltr'>quantulacunque</span> <span class='ocrx_word' id='word_1_390' title='bbox 890 3144 957 3200; x_wconf 91' lang='lat' dir='ltr'>deli·</span> <span class='ocrx_word' id='word_1_391' title='bbox 1011 3139 1231 3211; x_wconf 86' lang='lat' dir='ltr'>congregatione</span> <span class='ocrx_word' id='word_1_392' title='bbox 1263 3138 1377 3194; x_wconf 90' lang='lat' dir='ltr'>inteel</span> <span class='ocrx_word' id='word_1_393' title='bbox 1395 3153 1482 3209; x_wconf 92' lang='lat' dir='ltr'>super</span> <span class='ocrx_word' id='word_1_394' title='bbox 1501 3140 1634 3195; x_wconf 90' lang='lat' dir='ltr'>teelalus</span> <span class='ocrx_word' id='word_1_395' title='bbox 1654 3141 1797 3209; x_wconf 83' lang='lat' dir='ltr'>(quamvis</span> <span class='ocrx_word' id='word_1_396' title='bbox 1817 3153 1863 3194; x_wconf 90' lang='lat' dir='ltr'>sa·</span> 
     </span>
     <span class='ocr_line' id='line_1_31' title="bbox 107 3227 1862 3301; baseline -0.001 -15"><span class='ocrx_word' id='word_1_397' title='bbox 107 3231 161 3287; x_wconf 92' lang='lat' dir='ltr'>niti</span> <span class='ocrx_word' id='word_1_398' title='bbox 182 3231 370 3301; x_wconf 88' lang='lat' dir='ltr'>prosperitate</span> <span class='ocrx_word' id='word_1_399' title='bbox 396 3231 478 3288; x_wconf 87' lang='lat' dir='ltr'>oculo</span> <span class='ocrx_word' id='word_1_400' title='bbox 501 3232 688 3301; x_wconf 78' lang='lat' dir='ltr'>providentia</span> <span class='ocrx_word' id='word_1_401' title='bbox 707 3232 877 3288; x_wconf 90' lang='lat' dir='ltr'>metiantur.</span> <span class='ocrx_word' id='word_1_402' title='bbox 904 3233 957 3289; x_wconf 87' lang='lat' dir='ltr'>Sed</span> <span class='ocrx_word' id='word_1_403' title='bbox 1013 3228 1105 3299; x_wconf 90' lang='lat' dir='ltr'>piens,</span> <span class='ocrx_word' id='word_1_404' title='bbox 1127 3229 1150 3284; x_wconf 89' lang='lat' dir='ltr'>si</span> <span class='ocrx_word' id='word_1_405' title='bbox 1182 3227 1271 3298; x_wconf 84' lang='lat' dir='ltr'>bajus</span> <span class='ocrx_word' id='word_1_406' title='bbox 1294 3229 1418 3283; x_wconf 87' lang='lat' dir='ltr'>nominis</span> <span class='ocrx_word' id='word_1_407' title='bbox 1437 3228 1675 3299; x_wconf 87' lang='lat' dir='ltr'>significationem</span> <span class='ocrx_word' id='word_1_408' title='bbox 1698 3228 1728 3283; x_wconf 92' lang='lat' dir='ltr'>in</span> <span class='ocrx_word' id='word_1_409' title='bbox 1751 3242 1780 3284; x_wconf 90' lang='lat' dir='ltr'>se</span> <span class='ocrx_word' id='word_1_410' title='bbox 1803 3243 1862 3284; x_wconf 92' lang='lat' dir='ltr'>nou</span> 
     </span>
     <span class='ocr_line' id='line_1_32' title="bbox 108 3317 1861 3391; baseline -0.002 -15"><span class='ocrx_word' id='word_1_411' title='bbox 108 3333 174 3376; x_wconf 91' lang='lat' dir='ltr'>cum</span> <span class='ocrx_word' id='word_1_412' title='bbox 200 3318 265 3376; x_wconf 89' lang='lat' dir='ltr'>ferit</span> <span class='ocrx_word' id='word_1_413' title='bbox 288 3320 457 3387; x_wconf 85' lang='lat' dir='ltr'>adversitas,</span> <span class='ocrx_word' id='word_1_414' title='bbox 483 3327 535 3376; x_wconf 93' lang='lat' dir='ltr'>aut</span> <span class='ocrx_word' id='word_1_415' title='bbox 559 3322 589 3375; x_wconf 89' lang='lat' dir='ltr'>in</span> <span class='ocrx_word' id='word_1_416' title='bbox 609 3320 836 3391; x_wconf 87' lang='lat' dir='ltr'>desperationem</span> <span class='ocrx_word' id='word_1_417' title='bbox 861 3320 959 3391; x_wconf 87' lang='lat' dir='ltr'>praeci·</span> <span class='ocrx_word' id='word_1_418' title='bbox 1012 3320 1189 3389; x_wconf 82' lang='lat' dir='ltr'>exstinguat,</span> <span class='ocrx_word' id='word_1_419' title='bbox 1212 3318 1257 3374; x_wconf 91' lang='lat' dir='ltr'>his</span> <span class='ocrx_word' id='word_1_420' title='bbox 1283 3317 1480 3374; x_wconf 88' lang='lat' dir='ltr'>animibonis</span> <span class='ocrx_word' id='word_1_421' title='bbox 1505 3317 1623 3373; x_wconf 88' lang='lat' dir='ltr'>minime</span> <span class='ocrx_word' id='word_1_422' title='bbox 1638 3317 1811 3387; x_wconf 74' lang='lat' dir='ltr'>moveatur),</span> <span class='ocrx_word' id='word_1_423' title='bbox 1830 3317 1861 3373; x_wconf 89' lang='lat' dir='ltr'>in</span> 
     </span>
     <span class='ocr_line' id='line_1_33' title="bbox 108 3406 1864 3480; baseline -0.001 -16"><span class='ocrx_word' id='word_1_424' title='bbox 108 3407 191 3480; x_wconf 91' lang='lat' dir='ltr'>pltat,</span> <span class='ocrx_word' id='word_1_425' title='bbox 205 3415 256 3465; x_wconf 90' lang='lat' dir='ltr'>ant</span> <span class='ocrx_word' id='word_1_426' title='bbox 270 3409 306 3464; x_wconf 92' lang='lat' dir='ltr'>ad</span> <span class='ocrx_word' id='word_1_427' title='bbox 325 3408 456 3466; x_wconf 85' lang='lat' dir='ltr'>fructum</span> <span class='ocrx_word' id='word_1_428' title='bbox 470 3408 729 3465; x_wconf 88' lang='lat' dir='ltr'>animadversionis</span> <span class='ocrx_word' id='word_1_429' title='bbox 746 3409 862 3478; x_wconf 77' lang='lat' dir='ltr'>elevat3</span> <span class='ocrx_word' id='word_1_430' title='bbox 888 3416 959 3465; x_wconf 90' lang='lat' dir='ltr'>atta·</span> <span class='ocrx_word' id='word_1_431' title='bbox 1012 3407 1189 3477; x_wconf 90' lang='lat' dir='ltr'>superbiam,</span> <span class='ocrx_word' id='word_1_432' title='bbox 1206 3406 1321 3462; x_wconf 89' lang='lat' dir='ltr'>initium</span> <span class='ocrx_word' id='word_1_433' title='bbox 1335 3408 1363 3461; x_wconf 89' lang='lat' dir='ltr'>et</span> <span class='ocrx_word' id='word_1_434' title='bbox 1384 3414 1489 3476; x_wconf 90' lang='lat' dir='ltr'>pestem</span> <span class='ocrx_word' id='word_1_435' title='bbox 1512 3407 1641 3462; x_wconf 93' lang='lat' dir='ltr'>omnium</span> <span class='ocrx_word' id='word_1_436' title='bbox 1665 3406 1817 3472; x_wconf 91' lang='lat' dir='ltr'>malorum,</span> <span class='ocrx_word' id='word_1_437' title='bbox 1835 3413 1864 3463; x_wconf 91' lang='lat' dir='ltr'>et</span> 
     </span>
     <span class='ocr_line' id='line_1_34' title="bbox 108 3494 1865 3570; baseline -0.002 -16"><span class='ocrx_word' id='word_1_438' title='bbox 108 3512 175 3554; x_wconf 92' lang='lat' dir='ltr'>men</span> <span class='ocrx_word' id='word_1_439' title='bbox 189 3496 307 3555; x_wconf 92' lang='lat' dir='ltr'>demam</span> <span class='ocrx_word' id='word_1_440' title='bbox 335 3497 413 3569; x_wconf 92' lang='lat' dir='ltr'>quod</span> <span class='ocrx_word' id='word_1_441' title='bbox 435 3498 566 3554; x_wconf 89' lang='lat' dir='ltr'>homines</span> <span class='ocrx_word' id='word_1_442' title='bbox 587 3498 644 3554; x_wconf 93' lang='lat' dir='ltr'>sint</span> <span class='ocrx_word' id='word_1_443' title='bbox 664 3506 835 3570; x_wconf 85' lang='lat' dir='ltr'>agnoscunt.</span> <span class='ocrx_word' id='word_1_444' title='bbox 857 3498 959 3569; x_wconf 91' lang='lat' dir='ltr'>Despe-</span> <span class='ocrx_word' id='word_1_445' title='bbox 1012 3496 1180 3552; x_wconf 88' lang='lat' dir='ltr'>inanissime</span> <span class='ocrx_word' id='word_1_446' title='bbox 1202 3494 1388 3563; x_wconf 85' lang='lat' dir='ltr'>efierbueras,</span> <span class='ocrx_word' id='word_1_447' title='bbox 1404 3502 1432 3551; x_wconf 91' lang='lat' dir='ltr'>at</span> <span class='ocrx_word' id='word_1_448' title='bbox 1455 3503 1482 3551; x_wconf 90' lang='lat' dir='ltr'>te</span> <span class='ocrx_word' id='word_1_449' title='bbox 1505 3494 1651 3567; x_wconf 81' lang='lat' dir='ltr'>jactantia</span> <span class='ocrx_word' id='word_1_450' title='bbox 1666 3503 1751 3551; x_wconf 90' lang='lat' dir='ltr'>vento</span> <span class='ocrx_word' id='word_1_451' title='bbox 1765 3503 1865 3551; x_wconf 86' lang='lat' dir='ltr'>oslen-</span> 
     </span>
     <span class='ocr_line' id='line_1_35' title="bbox 109 3583 1863 3659; baseline -0.002 -16"><span class='ocrx_word' id='word_1_452' title='bbox 109 3587 179 3644; x_wconf 91' lang='lat' dir='ltr'>ratis</span> <span class='ocrx_word' id='word_1_453' title='bbox 201 3594 230 3642; x_wconf 91' lang='lat' dir='ltr'>el</span> <span class='ocrx_word' id='word_1_454' title='bbox 253 3587 502 3659; x_wconf 74' lang='lat' dir='ltr'>impoenitentibus</span> <span class='ocrx_word' id='word_1_455' title='bbox 524 3600 618 3656; x_wconf 90' lang='lat' dir='ltr'>neque</span> <span class='ocrx_word' id='word_1_456' title='bbox 632 3585 663 3642; x_wconf 93' lang='lat' dir='ltr'>ia</span> <span class='ocrx_word' id='word_1_457' title='bbox 692 3586 745 3643; x_wconf 88' lang='lat' dir='ltr'>boc</span> <span class='ocrx_word' id='word_1_458' title='bbox 772 3586 887 3655; x_wconf 75' lang='lat' dir='ltr'>saeculo,</span> <span class='ocrx_word' id='word_1_459' title='bbox 911 3602 960 3643; x_wconf 89' lang='lat' dir='ltr'>ne·</span> <span class='ocrx_word' id='word_1_460' title='bbox 1014 3585 1104 3649; x_wconf 91' lang='lat' dir='ltr'>tandi,</span> <span class='ocrx_word' id='word_1_461' title='bbox 1120 3598 1219 3640; x_wconf 90' lang='lat' dir='ltr'>omnes</span> <span class='ocrx_word' id='word_1_462' title='bbox 1238 3584 1296 3640; x_wconf 86' lang='lat' dir='ltr'>lere</span> <span class='ocrx_word' id='word_1_463' title='bbox 1319 3583 1400 3650; x_wconf 88' lang='lat' dir='ltr'>alios,</span> <span class='ocrx_word' id='word_1_464' title='bbox 1421 3584 1507 3641; x_wconf 91' lang='lat' dir='ltr'>etiam</span> <span class='ocrx_word' id='word_1_465' title='bbox 1522 3592 1646 3652; x_wconf 87' lang='lat' dir='ltr'>sanctos,</span> <span class='ocrx_word' id='word_1_466' title='bbox 1671 3584 1721 3654; x_wconf 92' lang='lat' dir='ltr'>qui</span> <span class='ocrx_word' id='word_1_467' title='bbox 1744 3590 1810 3640; x_wconf 89' lang='lat' dir='ltr'>ante</span> <span class='ocrx_word' id='word_1_468' title='bbox 1836 3591 1863 3640; x_wconf 93' lang='lat' dir='ltr'>te</span> 
     </span>
     <span class='ocr_line' id='line_1_36' title="bbox 110 3672 1864 3747; baseline -0.002 -15"><span class='ocrx_word' id='word_1_469' title='bbox 110 3691 168 3747; x_wconf 89' lang='lat' dir='ltr'>quo</span> <span class='ocrx_word' id='word_1_470' title='bbox 182 3675 212 3731; x_wconf 91' lang='lat' dir='ltr'>in</span> <span class='ocrx_word' id='word_1_471' title='bbox 240 3675 338 3732; x_wconf 90' lang='lat' dir='ltr'>laturo</span> <span class='ocrx_word' id='word_1_472' title='bbox 364 3675 540 3733; x_wconf 89' lang='lat' dir='ltr'>remissionis</span> <span class='ocrx_word' id='word_1_473' title='bbox 560 3676 645 3731; x_wconf 84' lang='lat' dir='ltr'>venia</span> <span class='ocrx_word' id='word_1_474' title='bbox 673 3675 848 3746; x_wconf 87' lang='lat' dir='ltr'>relinquitur</span> <span class='ocrx_word' id='word_1_475' title='bbox 871 3674 931 3731; x_wconf 90' lang='lat' dir='ltr'>ulla</span> <span class='ocrx_word' id='word_1_476' title='bbox 951 3689 957 3730; x_wconf 95' lang='lat'><strong>:</strong></span> <span class='ocrx_word' id='word_1_477' title='bbox 1014 3673 1161 3744; x_wconf 82' lang='lat' dir='ltr'>sapientia</span> <span class='ocrx_word' id='word_1_478' title='bbox 1176 3687 1292 3744; x_wconf 87' lang='lat' dir='ltr'>operam</span> <span class='ocrx_word' id='word_1_479' title='bbox 1306 3674 1455 3740; x_wconf 90' lang='lat' dir='ltr'>dederant,</span> <span class='ocrx_word' id='word_1_480' title='bbox 1470 3681 1501 3730; x_wconf 93' lang='lat' dir='ltr'>ut</span> <span class='ocrx_word' id='word_1_481' title='bbox 1522 3674 1603 3729; x_wconf 90' lang='lat' dir='ltr'>aiunt</span> <span class='ocrx_word' id='word_1_482' title='bbox 1619 3673 1669 3743; x_wconf 95' lang='lat' dir='ltr'>qni</span> <span class='ocrx_word' id='word_1_483' title='bbox 1686 3680 1712 3729; x_wconf 90' lang='lat' dir='ltr'>te</span> <span class='ocrx_word' id='word_1_484' title='bbox 1727 3672 1864 3743; x_wconf 90' lang='lat' dir='ltr'>frequen·</span> 
     </span>
     <span class='ocr_line' id='line_1_37' title="bbox 109 3762 1863 3835; baseline -0.002 -14"><span class='ocrx_word' id='word_1_485' title='bbox 109 3766 256 3835; x_wconf 84' lang='lat' dir='ltr'>Speraales</span> <span class='ocrx_word' id='word_1_486' title='bbox 277 3770 368 3819; x_wconf 85' lang='lat' dir='ltr'>uatem</span> <span class='ocrx_word' id='word_1_487' title='bbox 392 3765 422 3819; x_wconf 83' lang='lat' dir='ltr'>ia</span> <span class='ocrx_word' id='word_1_488' title='bbox 449 3767 561 3819; x_wconf 80' lang='lat' dir='ltr'>Domino</span> <span class='ocrx_word' id='word_1_489' title='bbox 587 3765 775 3819; x_wconf 79' lang='lat' dir='ltr'>misericordia</span> <span class='ocrx_word' id='word_1_490' title='bbox 803 3764 961 3820; x_wconf 85' lang='lat' dir='ltr'>circumclu-</span> <span class='ocrx_word' id='word_1_491' title='bbox 1014 3763 1253 3830; x_wconf 86' lang='lat' dir='ltr'>tiusandiebanl,</span> <span class='ocrx_word' id='word_1_492' title='bbox 1282 3762 1432 3820; x_wconf 85' lang='lat' dir='ltr'>inferiores</span> <span class='ocrx_word' id='word_1_493' title='bbox 1457 3769 1482 3818; x_wconf 93' lang='lat' dir='ltr'>te</span> <span class='ocrx_word' id='word_1_494' title='bbox 1511 3762 1697 3818; x_wconf 78' lang='lat' dir='ltr'>existimabas</span> <span class='ocrx_word' id='word_1_495' title='bbox 1727 3762 1795 3832; x_wconf 75' lang='lat'>(74).</span> <span class='ocrx_word' id='word_1_496' title='bbox 1827 3763 1863 3818; x_wconf 85' lang='lat' dir='ltr'>Al</span> 
     </span>
     <span class='ocr_line' id='line_1_38' title="bbox 111 3850 1861 3924; baseline -0.002 -15"><span class='ocrx_word' id='word_1_497' title='bbox 111 3855 151 3910; x_wconf 86' lang='lat' dir='ltr'>bit</span> <span class='ocrx_word' id='word_1_498' title='bbox 176 3855 266 3923; x_wconf 87' lang='lat' dir='ltr'>(Psul.</span> <span class='ocrx_word' id='word_1_499' title='bbox 295 3867 406 3922; x_wconf 80' lang='lat' dir='ltr'>xxxma,</span> <span class='ocrx_word' id='word_1_500' title='bbox 447 3852 501 3924; x_wconf 75' lang='lat' dir='ltr'>lo).</span> <span class='ocrx_word' id='word_1_501' title='bbox 532 3852 757 3909; x_wconf 68' lang='lat' dir='ltr'>affluentissime</span> <span class='ocrx_word' id='word_1_502' title='bbox 790 3853 841 3909; x_wconf 88' lang='lat' dir='ltr'>tibi</span> <span class='ocrx_word' id='word_1_503' title='bbox 875 3853 961 3922; x_wconf 92' lang='lat' dir='ltr'>paulo</span> <span class='ocrx_word' id='word_1_504' title='bbox 1015 3853 1193 3923; x_wconf 90' lang='lat' dir='ltr'>omnipotens</span> <span class='ocrx_word' id='word_1_505' title='bbox 1220 3852 1270 3908; x_wconf 88' lang='lat' dir='ltr'>Dei</span> <span class='ocrx_word' id='word_1_506' title='bbox 1297 3851 1424 3923; x_wconf 90' lang='lat' dir='ltr'>dignatio</span> <span class='ocrx_word' id='word_1_507' title='bbox 1442 3858 1468 3906; x_wconf 86' lang='lat' dir='ltr'>et</span> <span class='ocrx_word' id='word_1_508' title='bbox 1486 3850 1659 3921; x_wconf 85' lang='lat' dir='ltr'>benignitas,</span> <span class='ocrx_word' id='word_1_509' title='bbox 1684 3851 1735 3920; x_wconf 92' lang='lat' dir='ltr'>qui</span> <span class='ocrx_word' id='word_1_510' title='bbox 1756 3864 1861 3920; x_wconf 91' lang='lat' dir='ltr'>super-</span> 
     </span>
     <span class='ocr_line' id='line_1_39' title="bbox 111 3939 1863 4014; baseline -0.003 -14"><span class='ocrx_word' id='word_1_511' title='bbox 111 3951 180 4000; x_wconf 89' lang='lat' dir='ltr'>anto</span> <span class='ocrx_word' id='word_1_512' title='bbox 195 3943 296 4000; x_wconf 91' lang='lat' dir='ltr'>mandi</span> <span class='ocrx_word' id='word_1_513' title='bbox 313 3943 403 4014; x_wconf 83' lang='lat' dir='ltr'>bujus</span> <span class='ocrx_word' id='word_1_514' title='bbox 416 3940 506 4011; x_wconf 88' lang='lat' dir='ltr'>gloria</span> <span class='ocrx_word' id='word_1_515' title='bbox 523 3941 735 4009; x_wconf 88' lang='lat' dir='ltr'>blandiebatur,</span> <span class='ocrx_word' id='word_1_516' title='bbox 756 3950 784 3998; x_wconf 89' lang='lat' dir='ltr'>et</span> <span class='ocrx_word' id='word_1_517' title='bbox 803 3950 831 3999; x_wconf 93' lang='lat' dir='ltr'>te</span> <span class='ocrx_word' id='word_1_518' title='bbox 846 3942 962 3998; x_wconf 90' lang='lat' dir='ltr'>incertis</span> <span class='ocrx_word' id='word_1_519' title='bbox 1016 3941 1070 3997; x_wconf 83' lang='lat' dir='ltr'>biae</span> <span class='ocrx_word' id='word_1_520' title='bbox 1088 3949 1208 3998; x_wconf 90' lang='lat' dir='ltr'>ventum</span> <span class='ocrx_word' id='word_1_521' title='bbox 1224 3941 1290 3997; x_wconf 90' lang='lat' dir='ltr'>facit</span> <span class='ocrx_word' id='word_1_522' title='bbox 1305 3953 1485 4005; x_wconf 90' lang='lat' dir='ltr'>evanescere,</span> <span class='ocrx_word' id='word_1_523' title='bbox 1503 3945 1531 3995; x_wconf 88' lang='lat' dir='ltr'>et</span> <span class='ocrx_word' id='word_1_524' title='bbox 1552 3939 1723 3996; x_wconf 87' lang='lat' dir='ltr'>humilitatis</span> <span class='ocrx_word' id='word_1_525' title='bbox 1738 3941 1863 4010; x_wconf 89' lang='lat' dir='ltr'>gratiam</span> 
     </span>
     <span class='ocr_line' id='line_1_40' title="bbox 111 4028 1863 4100; baseline -0.004 -11"><span class='ocrx_word' id='word_1_526' title='bbox 111 4033 235 4089; x_wconf 74' lang='lat' dir='ltr'>fortunae</span> <span class='ocrx_word' id='word_1_527' title='bbox 257 4031 372 4088; x_wconf 91' lang='lat' dir='ltr'>casibus</span> <span class='ocrx_word' id='word_1_528' title='bbox 392 4044 453 4086; x_wconf 91' lang='lat' dir='ltr'>esse</span> <span class='ocrx_word' id='word_1_529' title='bbox 477 4031 637 4088; x_wconf 84' lang='lat' dir='ltr'>obnoxium</span> <span class='ocrx_word' id='word_1_530' title='bbox 661 4046 718 4087; x_wconf 93' lang='lat' dir='ltr'>non</span> <span class='ocrx_word' id='word_1_531' title='bbox 735 4031 846 4087; x_wconf 88' lang='lat' dir='ltr'>sinebat</span> <span class='ocrx_word' id='word_1_532' title='bbox 861 4032 963 4087; x_wconf 87' lang='lat' dir='ltr'>adver·</span> <span class='ocrx_word' id='word_1_533' title='bbox 1017 4029 1212 4100; x_wconf 87' lang='lat' dir='ltr'>multiplicat;</span> <span class='ocrx_word' id='word_1_534' title='bbox 1234 4030 1284 4100; x_wconf 92' lang='lat' dir='ltr'>qui</span> <span class='ocrx_word' id='word_1_535' title='bbox 1309 4029 1453 4084; x_wconf 86' lang='lat' dir='ltr'>neminem</span> <span class='ocrx_word' id='word_1_536' title='bbox 1477 4028 1577 4083; x_wconf 89' lang='lat' dir='ltr'>morbo</span> <span class='ocrx_word' id='word_1_537' title='bbox 1602 4035 1791 4098; x_wconf 73' lang='lat' dir='ltr'>aegrotantem</span> <span class='ocrx_word' id='word_1_538' title='bbox 1815 4042 1863 4083; x_wconf 90' lang='lat' dir='ltr'>su-</span> 
     </span>
     <span class='ocr_line' id='line_1_41' title="bbox 112 4115 1865 4189; baseline -0.004 -11"><span class='ocrx_word' id='word_1_539' title='bbox 112 4121 372 4179; x_wconf 80' lang='lat' dir='ltr'>ferellomasnos</span> <span class='ocrx_word' id='word_1_540' title='bbox 394 4118 445 4175; x_wconf 92' lang='lat' dir='ltr'>tibi</span> <span class='ocrx_word' id='word_1_541' title='bbox 469 4119 612 4176; x_wconf 82' lang='lat' dir='ltr'>docendos</span> <span class='ocrx_word' id='word_1_542' title='bbox 636 4119 845 4176; x_wconf 84' lang='lat' dir='ltr'>transmittebat</span> <span class='ocrx_word' id='word_1_543' title='bbox 871 4119 962 4176; x_wconf 88' lang='lat' dir='ltr'>alum·</span> <span class='ocrx_word' id='word_1_544' title='bbox 1016 4118 1120 4189; x_wconf 84' lang='lat' dir='ltr'>perbiae</span> <span class='ocrx_word' id='word_1_545' title='bbox 1148 4118 1270 4189; x_wconf 91' lang='lat' dir='ltr'>allisque</span> <span class='ocrx_word' id='word_1_546' title='bbox 1295 4117 1385 4173; x_wconf 91' lang='lat' dir='ltr'>animi</span> <span class='ocrx_word' id='word_1_547' title='bbox 1427 4115 1650 4188; x_wconf 75' lang='lat' dir='ltr'>aegritudinibus</span> <span class='ocrx_word' id='word_1_548' title='bbox 1685 4116 1865 4173; x_wconf 91' lang='lat' dir='ltr'>laborantem</span> 
     </span>
     <span class='ocr_line' id='line_1_42' title="bbox 112 4205 1866 4289; baseline -0.002 -25"><span class='ocrx_word' id='word_1_549' title='bbox 112 4222 174 4274; x_wconf 90' lang='lat' dir='ltr'>nos,</span> <span class='ocrx_word' id='word_1_550' title='bbox 198 4216 225 4263; x_wconf 91' lang='lat' dir='ltr'>et</span> <span class='ocrx_word' id='word_1_551' title='bbox 250 4223 321 4278; x_wconf 77' lang='lat' dir='ltr'>quar</span> <span class='ocrx_word' id='word_1_552' title='bbox 338 4207 407 4263; x_wconf 90' lang='lat' dir='ltr'>olim</span> <span class='ocrx_word' id='word_1_553' title='bbox 427 4207 559 4264; x_wconf 92' lang='lat' dir='ltr'>omnium</span> <span class='ocrx_word' id='word_1_554' title='bbox 580 4208 685 4265; x_wconf 88' lang='lat' dir='ltr'>artium</span> <span class='ocrx_word' id='word_1_555' title='bbox 706 4208 855 4265; x_wconf 90' lang='lat' dir='ltr'>scientiam</span> <span class='ocrx_word' id='word_1_556' title='bbox 879 4208 961 4265; x_wconf 90' lang='lat' dir='ltr'>audi·</span> <span class='ocrx_word' id='word_1_557' title='bbox 977 4233 1000 4289; x_wconf 68' lang='lat' dir='ltr'>D</span> <span class='ocrx_word' id='word_1_558' title='bbox 1016 4224 1074 4265; x_wconf 93' lang='lat' dir='ltr'>non</span> <span class='ocrx_word' id='word_1_559' title='bbox 1096 4208 1175 4279; x_wconf 88' lang='lat' dir='ltr'>josto</span> <span class='ocrx_word' id='word_1_560' title='bbox 1193 4207 1303 4278; x_wconf 88' lang='lat' dir='ltr'>judicio</span> <span class='ocrx_word' id='word_1_561' title='bbox 1323 4205 1454 4276; x_wconf 90' lang='lat' dir='ltr'>despicit,</span> <span class='ocrx_word' id='word_1_562' title='bbox 1478 4212 1535 4260; x_wconf 79' lang='lat' dir='ltr'>tna</span> <span class='ocrx_word' id='word_1_563' title='bbox 1559 4206 1663 4261; x_wconf 90' lang='lat' dir='ltr'>mentis</span> <span class='ocrx_word' id='word_1_564' title='bbox 1678 4205 1866 4268; x_wconf 88' lang='lat' dir='ltr'>inflationem,</span> 
     </span>
     <span class='ocr_line' id='line_1_43' title="bbox 112 4293 1868 4370; baseline -0.001 -17"><span class='ocrx_word' id='word_1_565' title='bbox 112 4295 224 4353; x_wconf 90' lang='lat' dir='ltr'>toribus</span> <span class='ocrx_word' id='word_1_566' title='bbox 247 4295 357 4351; x_wconf 85' lang='lat' dir='ltr'>solebat</span> <span class='ocrx_word' id='word_1_567' title='bbox 385 4295 547 4364; x_wconf 86' lang='lat' dir='ltr'>infundere,</span> <span class='ocrx_word' id='word_1_568' title='bbox 573 4298 774 4370; x_wconf 87' lang='lat' dir='ltr'>sapientiorem</span> <span class='ocrx_word' id='word_1_569' title='bbox 808 4304 835 4354; x_wconf 91' lang='lat' dir='ltr'>te</span> <span class='ocrx_word' id='word_1_570' title='bbox 868 4313 898 4354; x_wconf 90' lang='lat' dir='ltr'>se</span> <span class='ocrx_word' id='word_1_571' title='bbox 919 4312 963 4354; x_wconf 91' lang='lat' dir='ltr'>sa·</span> <span class='ocrx_word' id='word_1_572' title='bbox 1018 4305 1045 4355; x_wconf 90' lang='lat' dir='ltr'>ct</span> <span class='ocrx_word' id='word_1_573' title='bbox 1076 4297 1227 4353; x_wconf 88' lang='lat' dir='ltr'>oculorum</span> <span class='ocrx_word' id='word_1_574' title='bbox 1253 4294 1450 4352; x_wconf 81' lang='lat' dir='ltr'>extollentiam</span> <span class='ocrx_word' id='word_1_575' title='bbox 1478 4294 1531 4350; x_wconf 89' lang='lat' dir='ltr'>boc</span> <span class='ocrx_word' id='word_1_576' title='bbox 1554 4293 1736 4350; x_wconf 88' lang='lat' dir='ltr'>adversitatis</span> <span class='ocrx_word' id='word_1_577' title='bbox 1762 4308 1868 4364; x_wconf 90' lang='lat' dir='ltr'>genere</span> 
     </span>
     <span class='ocr_line' id='line_1_44' title="bbox 113 4381 1866 4455; baseline 0 -17"><span class='ocrx_word' id='word_1_578' title='bbox 113 4383 209 4455; x_wconf 86' lang='lat' dir='ltr'>pionte</span> <span class='ocrx_word' id='word_1_579' title='bbox 241 4383 417 4440; x_wconf 89' lang='lat' dir='ltr'>transmissis</span> <span class='ocrx_word' id='word_1_580' title='bbox 453 4384 612 4442; x_wconf 90' lang='lat' dir='ltr'>scolaribus</span> <span class='ocrx_word' id='word_1_581' title='bbox 654 4388 842 4444; x_wconf 86' lang='lat' dir='ltr'>monstrabat.</span> <span class='ocrx_word' id='word_1_582' title='bbox 877 4386 964 4443; x_wconf 88' lang='lat' dir='ltr'>Nulla</span> <span class='ocrx_word' id='word_1_583' title='bbox 1018 4385 1061 4441; x_wconf 91' lang='lat' dir='ltr'>tui</span> <span class='ocrx_word' id='word_1_584' title='bbox 1077 4383 1239 4440; x_wconf 90' lang='lat' dir='ltr'>miserando</span> <span class='ocrx_word' id='word_1_585' title='bbox 1255 4381 1599 4452; x_wconf 89' lang='lat' dir='ltr'>perdomuit:qaateuus</span> <span class='ocrx_word' id='word_1_586' title='bbox 1613 4389 1641 4437; x_wconf 94' lang='lat' dir='ltr'>et</span> <span class='ocrx_word' id='word_1_587' title='bbox 1655 4382 1866 4451; x_wconf 90' lang='lat' dir='ltr'>intesuperbe</span> 
     </span>
     <span class='ocr_line' id='line_1_45' title="bbox 114 4468 1868 4553; baseline -0.003 -24"><span class='ocrx_word' id='word_1_588' title='bbox 114 4479 257 4529; x_wconf 88' lang='lat' dir='ltr'>terrarum</span> <span class='ocrx_word' id='word_1_589' title='bbox 284 4472 386 4543; x_wconf 88' lang='lat' dir='ltr'>spatia,</span> <span class='ocrx_word' id='word_1_590' title='bbox 411 4472 493 4530; x_wconf 89' lang='lat' dir='ltr'>nulla</span> <span class='ocrx_word' id='word_1_591' title='bbox 522 4476 664 4553; x_wconf 86' lang='lat' dir='ltr'>montium</span> <span class='ocrx_word' id='word_1_592' title='bbox 693 4476 855 4541; x_wconf 88' lang='lat' dir='ltr'>cacumina,</span> <span class='ocrx_word' id='word_1_593' title='bbox 882 4476 964 4533; x_wconf 93' lang='lat' dir='ltr'>nulla</span> <span class='ocrx_word' id='word_1_594' title='bbox 1018 4485 1076 4528; x_wconf 93' lang='lat' dir='ltr'>non</span> <span class='ocrx_word' id='word_1_595' title='bbox 1100 4483 1223 4540; x_wconf 90' lang='lat' dir='ltr'>saperes,</span> <span class='ocrx_word' id='word_1_596' title='bbox 1247 4475 1275 4524; x_wconf 90' lang='lat' dir='ltr'>et</span> <span class='ocrx_word' id='word_1_597' title='bbox 1305 4468 1375 4524; x_wconf 92' lang='lat' dir='ltr'>alios</span> <span class='ocrx_word' id='word_1_598' title='bbox 1398 4481 1529 4538; x_wconf 90' lang='lat' dir='ltr'>quosque</span> <span class='ocrx_word' id='word_1_599' title='bbox 1562 4469 1651 4525; x_wconf 90' lang='lat' dir='ltr'>bonos</span> <span class='ocrx_word' id='word_1_600' title='bbox 1675 4469 1868 4538; x_wconf 87' lang='lat' dir='ltr'>vituperando</span> 
     </span>
     <span class='ocr_line' id='line_1_46' title="bbox 114 4557 1870 4635; baseline -0.003 -16"><span class='ocrx_word' id='word_1_601' title='bbox 114 4560 385 4630; x_wconf 87' lang='lat' dir='ltr'>concavavallium,</span> <span class='ocrx_word' id='word_1_602' title='bbox 402 4562 483 4620; x_wconf 91' lang='lat' dir='ltr'>nulla</span> <span class='ocrx_word' id='word_1_603' title='bbox 505 4565 553 4619; x_wconf 78' lang='lat' dir='ltr'>vib</span> <span class='ocrx_word' id='word_1_604' title='bbox 567 4564 676 4622; x_wconf 88' lang='lat' dir='ltr'>difficili</span> <span class='ocrx_word' id='word_1_605' title='bbox 696 4565 760 4622; x_wconf 93' lang='lat' dir='ltr'>licet</span> <span class='ocrx_word' id='word_1_606' title='bbox 776 4566 869 4622; x_wconf 91' lang='lat' dir='ltr'>obsita</span> <span class='ocrx_word' id='word_1_607' title='bbox 893 4567 965 4635; x_wconf 90' lang='lat' dir='ltr'>peri·</span> <span class='ocrx_word' id='word_1_608' title='bbox 1018 4560 1162 4632; x_wconf 86' lang='lat' dir='ltr'>negligere</span> <span class='ocrx_word' id='word_1_609' title='bbox 1186 4558 1335 4614; x_wconf 88' lang='lat' dir='ltr'>desisteres</span> <span class='ocrx_word' id='word_1_610' title='bbox 1355 4573 1363 4625; x_wconf 91' lang='lat'>;</span> <span class='ocrx_word' id='word_1_611' title='bbox 1398 4557 1633 4629; x_wconf 76' lang='lat' dir='ltr'>castimoniaeque</span> <span class='ocrx_word' id='word_1_612' title='bbox 1657 4559 1819 4626; x_wconf 88' lang='lat' dir='ltr'>sanctitate,</span> <span class='ocrx_word' id='word_1_613' title='bbox 1841 4563 1870 4614; x_wconf 93' lang='lat' dir='ltr'>et</span> 
     </span>
     <span class='ocr_line' id='line_1_47' title="bbox 114 4646 1868 4725; baseline -0.003 -18"><span class='ocrx_word' id='word_1_614' title='bbox 114 4650 192 4722; x_wconf 89' lang='lat' dir='ltr'>culo,</span> <span class='ocrx_word' id='word_1_615' title='bbox 215 4657 243 4707; x_wconf 90' lang='lat' dir='ltr'>ot</span> <span class='ocrx_word' id='word_1_616' title='bbox 263 4650 383 4716; x_wconf 88' lang='lat' dir='ltr'>latrone,</span> <span class='ocrx_word' id='word_1_617' title='bbox 408 4653 566 4724; x_wconf 91' lang='lat' dir='ltr'>quominus</span> <span class='ocrx_word' id='word_1_618' title='bbox 584 4654 621 4710; x_wconf 88' lang='lat' dir='ltr'>ad</span> <span class='ocrx_word' id='word_1_619' title='bbox 638 4661 665 4710; x_wconf 92' lang='lat' dir='ltr'>le</span> <span class='ocrx_word' id='word_1_620' title='bbox 687 4664 873 4725; x_wconf 90' lang='lat' dir='ltr'>properarent</span> <span class='ocrx_word' id='word_1_621' title='bbox 896 4653 964 4710; x_wconf 90' lang='lat' dir='ltr'>reti·</span> <span class='ocrx_word' id='word_1_622' title='bbox 1019 4648 1201 4706; x_wconf 80' lang='lat' dir='ltr'>continentia</span> <span class='ocrx_word' id='word_1_623' title='bbox 1223 4646 1359 4703; x_wconf 87' lang='lat' dir='ltr'>laudabili</span> <span class='ocrx_word' id='word_1_624' title='bbox 1384 4646 1536 4704; x_wconf 91' lang='lat' dir='ltr'>devotione</span> <span class='ocrx_word' id='word_1_625' title='bbox 1559 4647 1594 4703; x_wconf 90' lang='lat' dir='ltr'>de</span> <span class='ocrx_word' id='word_1_626' title='bbox 1614 4647 1727 4717; x_wconf 91' lang='lat' dir='ltr'>reliquo</span> <span class='ocrx_word' id='word_1_627' title='bbox 1753 4646 1868 4715; x_wconf 86' lang='lat' dir='ltr'>pollere.</span> 
     </span>
     <span class='ocr_line' id='line_1_48' title="bbox 115 4735 1869 4814; baseline -0.003 -18"><span class='ocrx_word' id='word_1_628' title='bbox 115 4741 212 4798; x_wconf 87' lang='lat' dir='ltr'>nebat.</span> <span class='ocrx_word' id='word_1_629' title='bbox 233 4739 392 4812; x_wconf 74' lang='lat' dir='ltr'>anglorum</span> <span class='ocrx_word' id='word_1_630' title='bbox 406 4741 521 4798; x_wconf 88' lang='lat' dir='ltr'>turbam</span> <span class='ocrx_word' id='word_1_631' title='bbox 536 4742 679 4813; x_wconf 85' lang='lat' dir='ltr'>juvenum</span> <span class='ocrx_word' id='word_1_632' title='bbox 694 4756 772 4799; x_wconf 90' lang='lat' dir='ltr'>mare</span> <span class='ocrx_word' id='word_1_633' title='bbox 792 4742 965 4814; x_wconf 85' lang='lat' dir='ltr'>interjacens</span> <span class='ocrx_word' id='word_1_634' title='bbox 1019 4740 1084 4795; x_wconf 84' lang='lat' dir='ltr'>llaeo</span> <span class='ocrx_word' id='word_1_635' title='bbox 1098 4737 1226 4808; x_wconf 90' lang='lat' dir='ltr'>corporis</span> <span class='ocrx_word' id='word_1_636' title='bbox 1249 4736 1405 4806; x_wconf 90' lang='lat' dir='ltr'>particula,</span> <span class='ocrx_word' id='word_1_637' title='bbox 1431 4750 1520 4807; x_wconf 89' lang='lat' dir='ltr'>quam</span> <span class='ocrx_word' id='word_1_638' title='bbox 1537 4736 1739 4806; x_wconf 83' lang='lat' dir='ltr'>onanipotentis</span> <span class='ocrx_word' id='word_1_639' title='bbox 1760 4735 1807 4791; x_wconf 82' lang='lat' dir='ltr'>liei</span> <span class='ocrx_word' id='word_1_640' title='bbox 1820 4737 1869 4804; x_wconf 89' lang='lat' dir='ltr'>ju·</span> 
     </span>
     <span class='ocr_line' id='line_1_49' title="bbox 115 4825 1870 4900; baseline -0.003 -13"><span class='ocrx_word' id='word_1_641' title='bbox 115 4836 143 4887; x_wconf 90' lang='lat' dir='ltr'>et</span> <span class='ocrx_word' id='word_1_642' title='bbox 165 4828 313 4886; x_wconf 90' lang='lat' dir='ltr'>undarum</span> <span class='ocrx_word' id='word_1_643' title='bbox 350 4829 473 4900; x_wconf 90' lang='lat' dir='ltr'>procella</span> <span class='ocrx_word' id='word_1_644' title='bbox 510 4831 647 4888; x_wconf 88' lang='lat' dir='ltr'>terribilis</span> <span class='ocrx_word' id='word_1_645' title='bbox 665 4846 723 4887; x_wconf 93' lang='lat' dir='ltr'>non</span> <span class='ocrx_word' id='word_1_646' title='bbox 747 4831 893 4888; x_wconf 88' lang='lat' dir='ltr'>terrebat:</span> <span class='ocrx_word' id='word_1_647' title='bbox 916 4832 965 4888; x_wconf 90' lang='lat' dir='ltr'>sed</span> <span class='ocrx_word' id='word_1_648' title='bbox 1019 4829 1104 4895; x_wconf 91' lang='lat' dir='ltr'>dicio,</span> <span class='ocrx_word' id='word_1_649' title='bbox 1128 4835 1155 4883; x_wconf 93' lang='lat' dir='ltr'>et</span> <span class='ocrx_word' id='word_1_650' title='bbox 1176 4825 1312 4882; x_wconf 89' lang='lat' dir='ltr'>beneficio</span> <span class='ocrx_word' id='word_1_651' title='bbox 1341 4825 1500 4897; x_wconf 90' lang='lat' dir='ltr'>perdidisti,</span> <span class='ocrx_word' id='word_1_652' title='bbox 1516 4832 1660 4895; x_wconf 91' lang='lat' dir='ltr'>quantum</span> <span class='ocrx_word' id='word_1_653' title='bbox 1684 4825 1735 4881; x_wconf 90' lang='lat' dir='ltr'>tibi</span> <span class='ocrx_word' id='word_1_654' title='bbox 1761 4839 1870 4881; x_wconf 90' lang='lat' dir='ltr'>nocue-</span> 
     </span>
     <span class='ocr_line' id='line_1_50' title="bbox 116 4912 1869 4989; baseline -0.003 -15"><span class='ocrx_word' id='word_1_655' title='bbox 116 4918 195 4974; x_wconf 91' lang='lat' dir='ltr'>omni</span> <span class='ocrx_word' id='word_1_656' title='bbox 211 4918 338 4989; x_wconf 90' lang='lat' dir='ltr'>periculo</span> <span class='ocrx_word' id='word_1_657' title='bbox 356 4925 530 4989; x_wconf 91' lang='lat' dir='ltr'>contempto,</span> <span class='ocrx_word' id='word_1_658' title='bbox 554 4919 654 4976; x_wconf 90' lang='lat' dir='ltr'>audito</span> <span class='ocrx_word' id='word_1_659' title='bbox 670 4927 718 4976; x_wconf 89' lang='lat' dir='ltr'>tuo</span> <span class='ocrx_word' id='word_1_660' title='bbox 733 4921 857 4985; x_wconf 87' lang='lat' dir='ltr'>nomine,</span> <span class='ocrx_word' id='word_1_661' title='bbox 887 4921 924 4976; x_wconf 92' lang='lat' dir='ltr'>ad</span> <span class='ocrx_word' id='word_1_662' title='bbox 939 4928 975 4977; x_wconf 79' lang='lat' dir='ltr'>te·</span> <span class='ocrx_word' id='word_1_663' title='bbox 1021 4923 1077 4983; x_wconf 89' lang='lat' dir='ltr'>rat,</span> <span class='ocrx_word' id='word_1_664' title='bbox 1093 4929 1126 4971; x_wconf 89' lang='lat' dir='ltr'>ac</span> <span class='ocrx_word' id='word_1_665' title='bbox 1140 4928 1251 4977; x_wconf 83' lang='lat' dir='ltr'>nocere.</span> <span class='ocrx_word' id='word_1_666' title='bbox 1269 4913 1403 4985; x_wconf 88' lang='lat' dir='ltr'>quandia</span> <span class='ocrx_word' id='word_1_667' title='bbox 1429 4914 1596 4984; x_wconf 90' lang='lat' dir='ltr'>permansit,</span> <span class='ocrx_word' id='word_1_668' title='bbox 1623 4927 1681 4969; x_wconf 91' lang='lat' dir='ltr'>non</span> <span class='ocrx_word' id='word_1_669' title='bbox 1706 4912 1869 4981; x_wconf 89' lang='lat' dir='ltr'>desistebat,</span> 
     </span>
     <span class='ocr_line' id='line_1_51' title="bbox 118 5003 1873 5073; baseline -0.001 -12"><span class='ocrx_word' id='word_1_670' title='bbox 118 5005 291 5062; x_wconf 89' lang='lat' dir='ltr'>confluebat.</span> <span class='ocrx_word' id='word_1_671' title='bbox 305 5006 424 5063; x_wconf 88' lang='lat' dir='ltr'>Remota</span> <span class='ocrx_word' id='word_1_672' title='bbox 439 5006 589 5063; x_wconf 87' lang='lat' dir='ltr'>Britannia</span> <span class='ocrx_word' id='word_1_673' title='bbox 598 5021 651 5063; x_wconf 89' lang='lat' dir='ltr'>sua</span> <span class='ocrx_word' id='word_1_674' title='bbox 663 5008 800 5064; x_wconf 90' lang='lat' dir='ltr'>animalia</span> <span class='ocrx_word' id='word_1_675' title='bbox 808 5009 967 5066; x_wconf 89' lang='lat' dir='ltr'>erudienda</span> <span class='ocrx_word' id='word_1_676' title='bbox 1021 5006 1124 5062; x_wconf 91' lang='lat' dir='ltr'>melius</span> <span class='ocrx_word' id='word_1_677' title='bbox 1143 5013 1261 5061; x_wconf 91' lang='lat' dir='ltr'>tuarum</span> <span class='ocrx_word' id='word_1_678' title='bbox 1284 5003 1438 5060; x_wconf 89' lang='lat' dir='ltr'>diminutio</span> <span class='ocrx_word' id='word_1_679' title='bbox 1462 5017 1569 5071; x_wconf 88' lang='lat' dir='ltr'>rerum,</span> <span class='ocrx_word' id='word_1_680' title='bbox 1597 5017 1687 5073; x_wconf 90' lang='lat' dir='ltr'>qaam</span> <span class='ocrx_word' id='word_1_681' title='bbox 1707 5017 1770 5059; x_wconf 84' lang='lat' dir='ltr'>mea</span> <span class='ocrx_word' id='word_1_682' title='bbox 1786 5004 1873 5073; x_wconf 91' lang='lat' dir='ltr'>possit</span> 
     </span>
     <span class='ocr_line' id='line_1_52' title="bbox 118 5091 1873 5178; baseline -0.002 -28"><span class='ocrx_word' id='word_1_683' title='bbox 118 5091 291 5150; x_wconf 87' lang='lat' dir='ltr'>destinabat.</span> <span class='ocrx_word' id='word_1_684' title='bbox 324 5095 545 5167; x_wconf 76' lang='lat' dir='ltr'>andegavenses</span> <span class='ocrx_word' id='word_1_685' title='bbox 568 5110 669 5154; x_wconf 90' lang='lat' dir='ltr'>eornm</span> <span class='ocrx_word' id='word_1_686' title='bbox 704 5098 827 5154; x_wconf 87' lang='lat' dir='ltr'>edomita</span> <span class='ocrx_word' id='word_1_687' title='bbox 857 5097 967 5155; x_wconf 86' lang='lat' dir='ltr'>feritate</span> <span class='ocrx_word' id='word_1_688' title='bbox 1022 5092 1295 5160; x_wconf 73' lang='lat' dir='ltr'>monstrarem-atio,</span> <span class='ocrx_word' id='word_1_689' title='bbox 1312 5093 1403 5178; x_wconf 75' lang='lat' dir='ltr'>docet.</span> <span class='ocrx_word' id='word_1_690' title='bbox 1418 5091 1563 5161; x_wconf 87' lang='lat' dir='ltr'>Quidquid</span> <span class='ocrx_word' id='word_1_691' title='bbox 1578 5105 1645 5148; x_wconf 91' lang='lat' dir='ltr'>vere</span> <span class='ocrx_word' id='word_1_692' title='bbox 1667 5091 1794 5148; x_wconf 82' lang='lat' dir='ltr'>scientiae</span> <span class='ocrx_word' id='word_1_693' title='bbox 1815 5099 1873 5147; x_wconf 82' lang='lat' dir='ltr'>luae</span> 
     </span>
     <span class='ocr_line' id='line_1_53' title="bbox 119 5181 1874 5254; baseline -0.001 -16"><span class='ocrx_word' id='word_1_694' title='bbox 119 5181 172 5239; x_wconf 91' lang='lat' dir='ltr'>tibi</span> <span class='ocrx_word' id='word_1_695' title='bbox 187 5181 405 5240; x_wconf 92' lang='lat' dir='ltr'>famulabantur</span> <span class='ocrx_word' id='word_1_696' title='bbox 420 5184 450 5240; x_wconf 90' lang='lat' dir='ltr'>in</span> <span class='ocrx_word' id='word_1_697' title='bbox 471 5184 538 5242; x_wconf 90' lang='lat' dir='ltr'>suis.</span> <span class='ocrx_word' id='word_1_698' title='bbox 558 5186 676 5254; x_wconf 86' lang='lat' dir='ltr'>Pictavi,</span> <span class='ocrx_word' id='word_1_699' title='bbox 703 5187 856 5245; x_wconf 87' lang='lat' dir='ltr'>Waseones</span> <span class='ocrx_word' id='word_1_700' title='bbox 873 5194 902 5244; x_wconf 93' lang='lat' dir='ltr'>et</span> <span class='ocrx_word' id='word_1_701' title='bbox 918 5186 967 5242; x_wconf 86' lang='lat' dir='ltr'>lli-</span> <span class='ocrx_word' id='word_1_702' title='bbox 1022 5183 1187 5242; x_wconf 89' lang='lat' dir='ltr'>venditione</span> <span class='ocrx_word' id='word_1_703' title='bbox 1210 5182 1369 5253; x_wconf 89' lang='lat' dir='ltr'>perorando</span> <span class='ocrx_word' id='word_1_704' title='bbox 1385 5187 1487 5251; x_wconf 85' lang='lat' dir='ltr'>praeter</span> <span class='ocrx_word' id='word_1_705' title='bbox 1500 5181 1703 5250; x_wconf 82' lang='lat' dir='ltr'>quotidianam</span> <span class='ocrx_word' id='word_1_706' title='bbox 1724 5182 1831 5237; x_wconf 86' lang='lat' dir='ltr'>victum</span> <span class='ocrx_word' id='word_1_707' title='bbox 1847 5186 1874 5236; x_wconf 93' lang='lat' dir='ltr'>et</span> 
     </span>
     <span class='ocr_line' id='line_1_54' title="bbox 120 5267 1876 5342; baseline -0.001 -15"><span class='ocrx_word' id='word_1_708' title='bbox 120 5270 201 5327; x_wconf 93' lang='lat' dir='ltr'>beri:</span> <span class='ocrx_word' id='word_1_709' title='bbox 221 5269 408 5340; x_wconf 87' lang='lat' dir='ltr'>llormannia,</span> <span class='ocrx_word' id='word_1_710' title='bbox 433 5273 579 5342; x_wconf 87' lang='lat' dir='ltr'>Flandria,</span> <span class='ocrx_word' id='word_1_711' title='bbox 594 5275 769 5334; x_wconf 80' lang='lat' dir='ltr'>Teutonicae</span> <span class='ocrx_word' id='word_1_712' title='bbox 791 5283 820 5332; x_wconf 93' lang='lat' dir='ltr'>et</span> <span class='ocrx_word' id='word_1_713' title='bbox 844 5275 968 5334; x_wconf 89' lang='lat' dir='ltr'>Suevius</span> <span class='ocrx_word' id='word_1_714' title='bbox 1023 5271 1328 5340; x_wconf 85' lang='lat' dir='ltr'>usumnecessariam,</span> <span class='ocrx_word' id='word_1_715' title='bbox 1346 5269 1421 5327; x_wconf 91' lang='lat' dir='ltr'>sicut</span> <span class='ocrx_word' id='word_1_716' title='bbox 1439 5267 1578 5326; x_wconf 87' lang='lat' dir='ltr'>relatione</span> <span class='ocrx_word' id='word_1_717' title='bbox 1599 5269 1698 5339; x_wconf 90' lang='lat' dir='ltr'>didici,</span> <span class='ocrx_word' id='word_1_718' title='bbox 1723 5270 1876 5340; x_wconf 87' lang='lat' dir='ltr'>acquirere</span> 
     </span>
    </p>
   </div>
   <div class='ocr_carea' id='block_1_6' title="bbox 159 5441 591 5515">
    <p class='ocr_par' dir='ltr' id='par_1_7' title="bbox 159 5441 591 5515">
     <span class='ocr_line' id='line_1_55' title="bbox 159 5441 591 5515; baseline 0.005 -17"><span class='ocrx_word' id='word_1_719' title='bbox 159 5441 219 5515; x_wconf 77' lang='lat' dir='ltr'>fii)</span> <span class='ocrx_word' id='word_1_720' title='bbox 233 5443 275 5502; x_wconf 89' lang='lat' dir='ltr'>cf.</span> <span class='ocrx_word' id='word_1_721' title='bbox 290 5445 363 5502; x_wconf 77' lang='lat' dir='ltr'>ilict.</span> <span class='ocrx_word' id='word_1_722' title='bbox 379 5445 499 5502; x_wconf 67' lang='lat' dir='ltr'>commit.</span> <span class='ocrx_word' id='word_1_723' title='bbox 517 5443 591 5502; x_wconf 91' lang='lat' dir='ltr'>med.</span> 
     </span>
    </p>
   </div>
   <div class='ocr_carea' id='block_1_7' title="bbox 0 0 1935 5962">
    <p class='ocr_par' dir='ltr' id='par_1_8' title="bbox 0 0 1935 5962">
     <span class='ocr_line' id='line_1_56' title="bbox 0 0 1935 5962; baseline 0 0"><span class='ocrx_word' id='word_1_724' title='bbox 0 0 1935 5962; x_wconf 95' lang='lat' dir='ltr'> </span> 
     </span>
    </p>
   </div>
  </div>
 </body>
</html>
