3804 5962
103 203 155 259 535
397 201 498 257 PETRI
516 203 702 259 humbaudi
721 205 797 261 OPP.
819 204 908 261 Pius
926 204 961 262 11.
981 234 1016 246 -
1036 205 1219 266 SERHONES
1238 209 1283 266 ΕΤ
1301 210 1421 268 OPUSC.
1441 211 1558 268 ASCET.
1800 219 1852 275 5³6

104 330 146 382 est
160 323 251 382 vitam
265 324 474 382 continentium
493 325 545 397 qni
560 340 674 398 magna
688 334 857 401 tympanum
872 343 951 388 mor·
966 329 995 406 A¹
1006 343 1108 390 earum
1123 346 1220 392 rerum
1243 342 1294 405 est,
1312 342 1450 408 tantaque
1467 337 1655 409 generositate
1669 339 1789 411 clarent,
1819 350 1853 399 ut

105 412 270 471 titicationis
298 421 420 485 gestant,
438 422 465 471 et
480 422 560 472 tanto
588 415 624 473 ad
657 418 813 475 novitatem
846 419 950 477 Christi
1005 419 1054 477 rix
1079 421 1251 481 suffecturas
1281 432 1377 496 putem
1406 425 1556 483 hominum
1595 435 1702 498 aetates,
1743 431 1853 501 quibus

104 502 229 572 amplius
250 502 400 572 accedunt,
417 512 527 574 quanto
541 520 558 561 a
572 512 714 563 vetustate
729 507 814 578 primi
825 509 950 565 bominis
1005 508 1116 568 institui
1141 513 1296 585 perficique
1325 515 1443 585 possint.
1461 535 1475 568 s
1505 517 1634 575 Meminit
1660 525 1688 575 et
1712 520 1852 590 Hierony-

104 590 221 663 longius
237 592 384 649 recedunt.
406 595 492 659 Quasi
506 609 575 666 ergo
591 596 621 651 in
636 596 729 653 medio
750 596 871 654 istarum
892 598 950 655 duo
1005 612 1070 656 mus
1086 601 1173 672 bujns
1188 602 1282 659 laudis
1309 603 1423 661 Senecae
1442 619 1512 677 erga
1526 606 1648 663 Paulum
1666 608 1695 664 in
1723 608 1853 666 libralia

105 681 244 752 praemissi
260 681 374 739 ordines
389 683 559 753 consistunt,
576 685 646 755 quia
661 685 719 743 vita
740 687 950 745 continentium
1005 687 1168 748 illustribus
1182 692 1262 756 viris,
1277 707 1337 764 cap.
1367 710 1416 762 ιιι,
1443 695 1483 750 ita
1497 695 1625 753 scribens
1654 697 1735 769 (ibiz
1768 720 1779 748 ι
1797 699 1852 756 ιιι·

105 784 164 841 qno
180 769 296 842 maioris
319 778 362 827 est
386 772 492 840 meriti,
517 773 642 844 amplius
663 782 806 833 rectorum
825 783 852 834 et
878 776 950 833 sub·
1005 778 1067 835 cius
1082 779 1210 837 Annaeus
1234 781 1340 838 Seneca
1357 782 1549 840 Cordubensis
1565 785 1660 841 Fotini
1686 787 1767 844 stoici
1791 788 1852 844 dis-

101 855 243 928 jactorum
276 857 404 930 plebium
427 861 541 918 ordines
578 863 661 933 quasi
697 864 849 922 ambiendo
890 865 951 922 suis
1005 867 1120 937 cipulus
1137 877 1165 927 et
1188 877 1311 940 patruus
1334 872 1443 928 Lucani
1471 881 1570 943 poetae,
1598 874 1852 933 continentissimae

102 947 263 1005 virtutibus
282 948 388 1017 munit,
408 956 435 1006 et
449 951 630 1009 orationibus
642 952 775 1024 protegit.
792 953 846 1011 Sed
879 954 950 1025 quia
1005 955 1147 1025 vitaeluit,
1168 973 1328 1030 quemnon
1359 974 1494 1030 ponerem
1519 961 1549 1018 in
1578 961 1708 1034 catalogo
1736 972 1850 1021 sancto-

103 1043 163 1094 tam
188 1036 365 1095 continentes
387 1052 477 1110 quam
495 1039 618 1097 subdita
643 1040 738 1111 plebes
760 1042 795 1099 de
820 1043 950 1100 doctrina
1005 1058 1081 1114 rum,
1117 1047 1173 1103 nisi
1214 1063 1257 1105 me
1284 1050 1411 1120 epistole
1440 1059 1631 1121 provocarent
1660 1067 1727 1124 quae
1751 1053 1852 1125 legun-

104 1124 306 1196 predictorum
332 1125 505 1197 principum,
530 1129 614 1199 quasi
629 1130 665 1186 da
692 1130 799 1189 liaustu
811 1146 950 1204 quorum·
1004 1139 1052 1191 tur
1068 1149 1084 1191 a
1100 1136 1232 1206 plurimis
1253 1138 1335 1195 Pauli
1360 1139 1395 1195 ad
1425 1141 1572 1208 Senecam,
1595 1140 1639 1197 rel
1665 1141 1778 1198 Seneca
1814 1142 1850 1197 ad

103 1214 170 1271 dam
188 1212 312 1272 lentium
334 1213 519 1284 imbuuntur,
541 1217 674 1276 bortatur
689 1225 721 1276 ut
735 1220 770 1277 de
796 1221 841 1277 bis
865 1221 949 1278 ionii·
1004 1222 1137 1281 Paulum.
1155 1226 1188 1281 ln
1206 1227 1323 1298 quibus,
1344 1242 1410 1286 cum
1425 1237 1497 1286 esset
1524 1229 1647 1287 Neronis
1669 1231 1805 1302 magister
1823 1240 1852 1287 et

103 1299 159 1359 bus
173 1303 263 1359 Deum
280 1304 406 1359 maxime
428 1303 631 1376 glorificemus,
646 1306 698 1378 qui
719 1307 789 1365 tales
816 1308 949 1366 Ecclesiae
1004 1311 1082 1370 illius
1106 1316 1243 1386 temporis
1270 1318 1494 1387 potentissimus,
1518 1325 1617 1389 optare
1641 1334 1671 1377 se
1697 1320 1766 1376 dicit
1790 1335 1853 1377 esse

103 1404 164 1448 suae
188 1405 310 1462 praeesse
332 1391 482 1463 disposuit.
503 1392 631 1461 Quorum
654 1395 701 1453 ille
724 1397 874 1469 Benjamin
889 1412 950 1454 nos·
1003 1400 1066 1472 ep’us
1083 1403 1144 1474 {loci
1175 1405 1253 1475 apud
1278 1420 1356 1473 suos,
1380 1407 1511 1478 cujussit
1527 1407 1635 1465 Paulus
1661 1407 1739 1479 apud
1768 1408 1851 1466 Chri-

102 1487 156 1550 ter,
180 1494 238 1551 quo
262 1481 439 1551 perfectioris
465 1483 602 1541 doctrinae
630 1500 709 1557 aqua
738 1486 842 1545 imbuit
862 1487 949 1544 corda
1004 1491 1120 1547 stianos.
1139 1512 1154 1541 »
1181 1493 1304 1563 Tempus
1339 1509 1393 1562 me,
1435 1495 1546 1562 iratres,
1585 1496 1725 1565 deiiceret,
1743 1496 1767 1552 si
1802 1512 1852 1568 per

103 1567 241 1636 fidelium,
276 1573 355 1627 tanto
383 1569 489 1628 rectius
528 1586 545 1628 a
573 1573 694 1630 Domino
721 1590 772 1632 vas
805 1575 950 1634 electionis
1003 1579 1120 1652 singula
1143 1580 1355 1640 laudeanauli
1374 1598 1549 1656 prosequens
1579 1584 1686 1642 virium
1719 1600 1851 1644 mearum

103 1665 130 1714 et
144 1664 239 1715 crater
253 1658 389 1730 praeclare
408 1668 606 1731 nuncupatur.
629 1664 669 1719 lie
683 1663 768 1734 cujus
781 1664 947 1722 excellentia
965 1696 985 1752 Β
1003 1667 1167 1727 laenitatem
1184 1671 1321 1728 excedere
1337 1686 1519 1743 praesumam.
1547 1673 1600 1730 Sed
1616 1674 1687 1745 quia
1709 1675 1849 1745 scriptum

102 1747 199 1804 statim
226 1746 407 1806 adnectitur:
437 1749 493 1815 Ibi,
518 1748 572 1807 boc
592 1758 634 1808 est
662 1751 735 1809 inter
760 1752 822 1809 illos
846 1754 946 1822 lantes,
1002 1764 1065 1813 est:
1086 1759 1116 1813 Si
1132 1760 1200 1827 quid
1213 1761 1354 1815 residuum
1367 1763 1462 1830 suerit,
1483 1764 1543 1830 iani
1558 1763 1733 1818 comburatur
1747 1763 1848 1835 (Ecod.

102 1835 186 1907 qnasi
201 1847 278 1893 unus
299 1851 337 1894 ex
351 1836 420 1907 ipsis
442 1845 484 1894 est
497 1838 647 1909 Beniamin
661 1855 712 1910 per
724 1840 899 1911 electionem,
916 1851 948 1901 ut
1001 1860 1052 1912 xri,
1071 1848 1125 1917 ιθ),
1143 1849 1200 1905 Deo
1224 1858 1327 1907 caetera
1339 1851 1549 1922 relinquamus,
1579 1859 1606 1909 et
1626 1853 1668 1909 ad
1695 1853 1849 1910 missarum

102 1924 277 1995 dictumest,
306 1927 490 1995 novissimus,
507 1929 555 1985 sed
577 1942 626 1999 per
642 1929 809 2002 dignitatem
826 1933 946 2003 primus.
1001 1934 1141 1993 solemnia
1164 1950 1252 2008 super
1275 1939 1320 1995 bis
1339 1939 1461 1996 bostiam
1488 1940 1582 1997 laudis
1606 1940 1784 1998 immolaturi
1799 1956 1850 1998 nos

102 2013 241 2086 liecujus
266 2015 477 2073 excellentiaet
505 2016 598 2089 gratia
620 2017 761 2091 singulari
792 2021 818 2077 ei
847 2022 949 2080 collata
1004 2037 1209 2096 preparemus.

100 2102 197 2158 statim
231 2103 391 2160 suorum:
421 2106 457 2160 m
483 2110 722 2176 mentiremur,
753 2108 807 2165 hoo
844 2117 885 2167 est
919 2111 949 2167 m
1316 2099 1435 2157 SERMO
1450 2099 1531 2158 XXV

102 2191 210 2248 exstasi
224 2192 327 2249 mentis
341 2192 444 2262 lactus,
475 2201 503 2252 et
529 2202 609 2252 tanta
634 2198 871 2268 contemplatione
899 2214 948 2257 us·
1179 2201 1215 2244 nn
1234 2202 1341 2246 SANCTO
1354 2203 1461 2246 JOANNE
1475 2203 1668 2247 EVANGEUSTA

102 2293 160 2350 que
174 2279 210 2335 ad
238 2280 354 2337 tertium
383 2282 488 2338 coelnrn
505 2291 680 2354 assumptus,
698 2292 726 2342 et
751 2300 838 2357 supra
860 2287 949 2344 homi·
1090 2275 1219 2347 (reatum
1237 2279 1439 2334 imffldaiimw
1451 2295 1499 2349 ⁰1³0
1514 2280 1612 2334 ⁶⁰diii⁸
1627 2280 1761 2351 nauseat.)

89 2372 167 2424 'nem
183 2375 341 2437 raptus‚ut
367 2368 485 2439 ipsomet
511 2371 623 2442 ignoret
647 2375 749 2431 utrum
775 2375 804 2430 jn
831 2374 880 2433 1112
902 2392 948 2434 gu.
1038 2364 1092 2430 Qui
1119 2379 1264 2422 sermones
1294 2367 1323 2423 in
1348 2373 1513 2425 sanctorum
1542 2367 1746 2425 testivitatibus
1774 2381 1848 2425 com·

15 2509 18 2518 .
101 2455 241 2513 blimitate
254 2456 436 2514 revelationis
464 2458 561 2515 anima
580 2460 643 2530 ejus
661 2461 691 2517 in
713 2476 831 2534 corpore
850 2465 945 2536 luerit,
1002 2461 1123 2525 limium,
1149 2468 1166 2511 ὃ
1193 2457 1395 2528 liiaemiaiiiis
1422 2457 1475 2514 ¹1⁰⁰
1488 2465 1530 2514 ιιι
1559 2457 1698 2530 didisti-ie
1721 2459 1848 2528 il⁵⁰ii¹ffl

101 2558 140 2601 an
154 2552 247 2601 extra.
269 2545 340 2601 Cum
356 2547 432 2602 enim
456 2547 596 2604 Dominus
614 2549 701 2621 tioysi
724 2555 867 2622 querenti
880 2569 946 2612 eum
1001 2543 1239 2614 ⁰011i1100ssiffle
1263 2552 1384 2602 inmuni
1406 2545 1577 2614 exordinm;
1599 2553 1631 2602 ut
1650 2559 1750 2603 eorum
1778 2545 1849 2602 i0⁸i²

100 2633 199 2691 ridere
221 2633 391 2704 respondit:
421 2636 480 2692 Nou
516 2636 619 2692 uidebit
654 2653 696 2692 me
721 2639 798 2697 tomo
824 2647 850 2697 oe
876 2647 948 2699 otoo
1001 2631 1401 2690 tantodevotinsafidelibus
1429 2633 1622 2701 celebrentur,
1651 2641 1761 2706 quanto
1790 2648 1849 2691 am·

101 2721 201 2796 (deod.
222 2737 322 2792 fflssb
339 2722 406 2796 2⁰)‚·
433 2723 556 2794 prolecto
579 2739 669 2796 Siluia
691 2728 837 2785 bominem
861 2730 947 2788 fuisso
1002 2722 1078 2793 plius
1093 2722 1220 2792 ipsorum
1245 2723 1454 2780 commendatio
1476 2730 1518 2780 est
1544 2724 1644 2780 audita
1662 2731 1690 2780 et
1715 2736 1765 2779 eos
1792 2725 1849 2780 Deo

101 2818 172 2869 tnnc
187 2811 312 2881 ridetur,
329 2813 380 2882 qui
404 2820 484 2870 tanta
498 2813 609 2872 visione
634 2815 664 2872 in
679 2816 842 2875 coelestibus
864 2818 946 2878 irue—
1000 2811 1140 2883 graiiorii
1155 2811 1353 2883 intelligimus,
1376 2820 1403 2887 et
1426 2811 1460 2869 (ie
1476 2813 1584 2869 meritis
1600 2811 1727 2883 ipsorum
1757 2813 1849 2883 magis

101 2900 197 2969 batur,
225 2900 276 2958 ubi
293 2907 374 2958 tanta
397 2916 426 2959 se
440 2902 566 2960 audiisse
581 2915 795 2975 commemorat,
812 2921 878 2979 qoae
893 2909 947 2966 ho.
1001 2900 1183 2957 confidimns.
1211 2899 1328 2957 Constat
1344 2909 1441 2958 autem
1469 2901 1543 2958 inter
1557 2902 1708 2959 universos
1735 2908 1847 2971 aposto-

101 2987 173 3045 mini
187 2987 267 3060 loqui
281 3003 339 3045 non
354 2988 445 3047 liceat.
966 2981 987 3038 G
1004 2988 1055 3058 los,
1070 2988 1145 3045 sicut
1158 2996 1185 3045 et
1211 2988 1311 3045 beatus
1337 2990 1465 3046 meminit
1481 2991 1663 3062 Augustinus
1686 2989 1755 3062 (37),
1779 2988 1847 3059 Epi·

139 3076 251 3144 Quanto
280 3085 376 3136 autem
410 3080 447 3136 ibi
489 3079 642 3150 perfectius
681 3081 841 3142 instructus
883 3085 961 3156 luit,¹
1003 3078 1105 3135 stolam
1121 3077 1203 3135 Pauli
1227 3078 1264 3135 ad
1282 3078 1397 3136 Galatas
1421 3093 1578 3149 exponens,
1605 3086 1661 3136 tres
1688 3077 1848 3135 honorabi-

101 3172 183 3223 tanto
210 3166 293 3224 nobis
325 3167 521 3238 perlectionem
543 3170 702 3228 doctrinam
723 3172 849 3245 reliquit.
879 3175 949 3243 Qoae
1003 3167 1087 3223 liores
1105 3166 1257 3237 exstitisse,
1286 3167 1402 3224 Petrum
1424 3168 1566 3236 videlicet,
1599 3175 1627 3224 et
1653 3167 1792 3223 iacobum
1821 3173 1848 3222 et

102 3255 220 3326 quidem
236 3255 367 3313 doctrina
393 3266 537 3329 quantum
554 3259 859 3333 caterispraeteratnr,
889 3279 948 3321 non
1002 3257 1154 3322 loannem,
1170 3256 1232 3326 qui,
1264 3261 1296 3313 ut
1306 3264 1483 3313 memoratus
1515 3257 1555 3313 ait
1578 3254 1741 3327 Apostolus,
1769 3255 1847 3311 vide·

85 3343 195 3400 ‚solum
211 3356 229 3400 a
243 3343 423 3417 christianis,
450 3360 553 3403 verum
585 3355 613 3405 et
642 3362 658 3404 a
688 3349 865 3422 pbilosophis
890 3369 948 3410 non
1003 3346 1111 3405 bantur
1124 3345 1266 3403 columnae
1279 3360 1350 3413 esse,
1367 3346 1450 3417 quasi
1475 3346 1677 3403 fulcimentum
1690 3344 1797 3401 scilicet
1816 3357 1848 3400 ac

103 3432 265 3504 ignoratur.
299 3435 361 3505 ipso
401 3435 509 3506 quippe
550 3439 732 3508 coapostolus
765 3440 828 3511 ejus
861 3450 949 3514 atque
1003 3434 1092 3492 rohnr
1122 3435 1255 3492 aliorum.
1286 3436 1343 3491 Hos
1376 3435 1482 3506 quippe
1515 3443 1570 3492 tres
1610 3432 1849 3491 lamiliarissimos

103 3521 297 3592 apostolorum
338 3523 470 3595 princeps
504 3525 586 3582 Pauli
609 3527 759 3597 Epistotas‚
801 3529 949 3601 inquibus
1002 3519 1109 3577 Christi
1121 3521 1208 3578 luisse
1231 3535 1268 3578 ex
1290 3521 1388 3579 multis
1402 3521 1471 3578 locis
1486 3522 1710 3593 Evangeliorum
1738 3520 1849 3617 colligi·

103 3616 201 3667 tamen
225 3625 256 3666 se
279 3613 451 3682 reprehendi
465 3622 594 3683 noverat,
626 3615 784 3686 plurimum
808 3632 950 3677 commen·
1004 3624 1078 3678 mus,
1092 3616 1119 3666 ei
1133 3610 1178 3665 his
1204 3623 1331 3666 ⁵e⁰i⁵i¹ffl
1358 3611 1511 3667 Dominum
1531 3625 1585 3667 ⁵1¹³
1613 3617 1722 3667 &iiiiii
1745 3624 1849 3680 saelilus

103 3697 199 3754 dans:
229 3699 266 3754 Et
289 3702 360 3754 sicta
389 3702 577 3769 clarissimus,
608 3703 711 3774 inquit,
740 3706 831 3773 frater
859 3712 950 3764 moster
1003 3700 1187 3769 commisisse,
1213 3708 1240 3757 et
1264 3707 1405 3770 tanquam
1428 3698 1635 3770 inseparabiles
1658 3697 1776 3755 comites
1801 3713 1849 3754 eos

104 3789 208 3844 Paulus
235 3790 385 3844 secundam
399 3790 493 3845 datam
516 3792 569 3846 sibi
583 3794 748 3862 sapientiam
774 3795 884 3864 scripsit
906 3812 950 3852 oo.
1004 3787 1148 3845 babuisse.
1169 3790 1218 3845 ilis
1237 3788 1313 3845 enirn
1332 3802 1460 3845 seorsum
1481 3789 1636 3859 assumptis
1658 3787 1847 3859 transfigura-

105 3876 155 3933 ιιι.
171 3877 248 3935 Siout
261 3882 291 3934 in
306 3878 428 3934 omuibus
439 3881 563 3951 epistolis
578 3882 689 3953 iaqueus
704 3882 738 3937 de
763 3883 806 3938 dis
833 3886 865 3938 ιἰι
891 3890 951 3956 qui·
1004 3877 1091 3934 tionis
1118 3891 1179 3934 suae
1193 3877 1314 3949 gloriam
1330 3877 1359 3934 in
1374 3884 1470 3934 monte
1484 3875 1632 3944 revelarit,
1646 3884 1674 3933 et
1688 3876 1725 3933 ad
1740 3875 1849 3947 passiu-

105 3965 154 4021 bus
168 3971 233 4023 sunt
246 3968 370 4038 quadam
394 3968 518 4039 depisitio
533 3969 685 4036 intellectu,
704 3985 764 4038 qua>
789 3971 895 4026 indocti
922 3977 948 4028 et
1004 3979 1070 4022 nem
1084 3965 1203 4022 veniens
1221 3965 1326 4022 eisdem
1347 3973 1454 4023 secreto
1481 3966 1636 4035 assumptis
1660 3965 1722 4021 ait:
1750 3966 1847 4020 Tristis

104 4056 247 4112 instabiles
265 4057 427 4126 ἀοριαυαιιι,
448 4059 518 4112 sicud
539 4063 565 4112 et
580 4063 688 4114 ceteros
716 4058 884 4130 Scripturas,
913 4063 952 4117 ad
1004 4059 1045 4110 est
1058 4055 1155 4110 auimo
1167 4069 1226 4110 meo
1239 4069 1325 4125 usque
1339 4054 1377 4109 ad
1390 4060 1513 4111 mortem.
1533 4055 1672 4111 sustinete
1685 4055 1738 4115 bic,
1764 4059 1790 4108 et
1808 4055 1848 4107 ui·

104 4159 183 4200 suam
203 4146 327 4214 ipsorum
342 4146 543 4201 damnationem
572 4147 698 4217 (ilPetr.
720 4161 760 4214 m,
790 4147 845 4219 ti).
876 4149 949 4207 ilino
1004 4143 1203 4213 aitotemecum
1227 4145 1324 4213 (Marc.
1340 4158 1398 4209 xxv,
1418 4144 1473 4216 34).
1502 4143 1547 4200 Ad
1575 4157 1649 4213 qnos
1676 4144 1763 4198 etiam
1788 4148 1850 4211 post

104 4238 133 4289 et
146 4232 339 4304 Hieronymus
362 4233 546 4290 Pammachio
573 4234 672 4291 scribit
696 4236 771 4306 rtet:
799 4237 950 4297 «rantum
966 4255 988 4309 p
1005 4234 1163 4289 orationem
1183 4245 1350 4304 regressus:
1370 4234 1494 4301 visitate,
1517 4231 1623 4302 inquit,
1649 4234 1674 4286 et
1706 4236 1792 4290 mate.
1818 4246 1851 4284 m

105 4319 263 4390 apostolum
292 4323 523 4393 quotiescunque
553 4322 625 4395 lego,
662 4324 762 4381 videor
803 4340 861 4383 non
880 4328 952 4384 mihi
1004 4322 1345 4377 inirtissitittissiiffltm
1367 4321 1458 4390 (ibid,
1475 4323 1530 4391 ³8).
1548 4320 1628 4377 Unde
1648 4326 1779 4389 patenter
1806 4318 1850 4374 in·

105 4408 194 4466 rerba
219 4408 330 4480 audire,
365 4411 413 4468 sed
442 4413 612 4469 tonitrua.»
637 4411 769 4479 Quantus
795 4423 891 4473 autem
924 4425 953 4474 et
1005 4409 1117 4479 fluitur,
1150 4422 1239 4480 (lilim
1271 4410 1502 4480 inseparabiliter
1523 4409 1570 4466 isti
1608 4416 1665 4466 iiis
1688 4406 1715 4465 ii
1739 4419 1851 4478 semper

106 4498 185 4569 apud
204 4497 389 4572 philosophos
402 4498 521 4558 babitus
541 4501 577 4558 sit
592 4500 644 4573 qui
658 4503 723 4573 eius
746 4502 792 4560 rel
807 4504 952 4575 praedioa-
1005 4498 1188 4565 adhaeserint,
1209 4512 1283 4569 quos
1309 4499 1382 4555 etin
1406 4498 1499 4571 gloria
1527 4497 1801 4570 transfigurationis,
1825 4502 1853 4558 et

106 4587 215 4646 tionem
229 4583 392 4661 audierant,
406 4589 452 4647 vel
467 4589 574 4661 scripta
587 4590 730 4660 viderant,
757 4591 879 4665 insignis
907 4593 953 4652 ille
1005 4586 1036 4643 in
1050 4585 1151 4658 aeonis
1165 4586 1315 4657 passionis,
1337 4594 1365 4644 et
1379 4594 1438 4643 tam
1454 4586 1483 4643 in
1503 4586 1611 4658 vigiliis
1625 4599 1715 4657 quam
1731 4584 1763 4640 in
1786 4598 1851 4641 ota·

106 4683 166 4735 tam
180 4677 345 4750 eloquentia
372 4693 461 4752 quam
486 4679 616 4737 moribus
643 4679 751 4738 Seneca
770 4681 800 4738 in
815 4681 961 4753 epistolis'
1005 4675 1082 4733 tione
1108 4682 1248 4746 tauquam
1272 4675 1388 4732 comilis
1417 4674 1555 4732 indivisos
1580 4674 1725 4740 habuerit,
1754 4687 1808 4730 iiic
1836 4685 1852 4728 i

106 4764 230 4835 quasad
245 4778 312 4822 eum
334 4764 433 4838 dirigit
460 4764 506 4822 bis
530 4765 626 4824 rerbis
650 4772 852 4837 protestatur:
882 4766 952 4824 ιιι·
1006 4777 1036 4820 se
1050 4776 1182 4835 unquam
1196 4764 1530 4836 sioutcasterosseparari
1543 4762 1714 4834 permiserit.

106 4854 181 4912 bello
202 4862 252 4912 tuo
281 4855 363 4925 lecto,
387 4854 422 4912 de
448 4855 583 4926 plurimis
609 4854 645 4911 ad
673 4855 815 4927 quosdam
839 4854 951 4925 litteris,
1040 4851 1113 4909 Cum
1142 4851 1241 4924 itaque
1269 4853 1325 4919 isti,
1354 4862 1386 4910 ut
1412 4854 1589 4919 dictumest,
1612 4851 1687 4908 inter
1713 4849 1854 4920 apostolos

106 4958 182 5015 quas
197 4943 234 5000 ad
248 4942 377 5016 aliquam
393 4943 537 5001 civitatem
552 4958 605 5003 seu
617 4943 760 5016 populum
783 4950 952 5015 caputpro-
1005 4953 1063 4996 non
1085 4940 1254 4999 dubitentur
1278 4941 1512 5011 honorabiliores,
1535 4947 1645 5011 quanto
1669 4938 1853 5008 praemineat

106 5031 211 5089 rinoiae
225 5032 357 5090 direxisti
378 5032 453 5090 mira
470 5031 669 5089 exhortatione
693 5031 783 5090 vitam
802 5033 951 5090 mortalem
1006 5029 1113 5087 honore
1127 5031 1251 5088 ioannes
1277 5030 1345 5103 quis
1359 5030 1480 5096 dubitet,
1500 5032 1552 5100 qui
1568 5028 1643 5084 inter
1657 5027 1709 5084 hos
1737 5039 1854 5098 quoque

107 5127 331 5191 contemnentes,
361 5134 576 5194 usquequaque
605 5121 701 5178 relecti
729 5135 842 5179 sumus.
875 5121 953 5192 Quos
1006 5118 1059 5190 qui
1073 5117 1297 5176 honorabiliores
1321 5120 1504 5185 exstiterunt,
1524 5117 1674 5188 privilegio
1697 5116 1854 5172 Dominicis

105 5220 207 5265 sensus
230 5221 288 5264 non
316 5218 385 5280 puto
409 5224 446 5267 ex
475 5220 501 5267 te
526 5211 626 5279 dictos,
655 5210 704 5267 sed
726 5224 777 5282 per
794 5218 851 5282 ‚taz
877 5220 953 5270 certe
1006 5206 1165 5265 dilectionis
1181 5208 1350 5278 ampliorem
1377 5207 1532 5279 quemdam
1553 5206 1691 5263 honorem
1714 5213 1758 5261 est
1791 5204 1855 5261 ade-

106 5296 299 5369 aliquandoet
317 5312 352 5354 ex
368 5305 405 5368 te,
421 5298 569 5372 eriperis.
584 5300 677 5358 Tanta
690 5299 795 5358 etenim
820 5300 953 5373 majestas
1006 5302 1084 5366 ptus,
1099 5303 1127 5352 ct
1140 5296 1176 5352 ab
1196 5296 1257 5368 ipso
1278 5296 1398 5355 Domino
1417 5295 1501 5353 matri
1515 5296 1577 5366 ejus
1590 5295 1698 5368 virgini
1713 5301 1855 5365 tanquam

156 5422 201 5487 ιι)
217 5421 321 5480 Patrai.
339 5429 407 5480 tom.
422 5424 505 5481 xliii.
521 5425 574 5481 eol.
588 5418 650 5481 ιιι.
1042 5419 1100 5493 (it)
1114 5421 1230 5489 Patrai,
1247 5429 1314 5479 tom.
1330 5422 1436 5492 ιιιιιιι,
1447 5422 1501 5480 eol.
1518 5423 1598 5478 itti.

154 5491 200 5568 ιι)
214 5492 318 5554 Patrol.
340 5502 409 5552 tom.
424 5495 524 5563 xxiii,
539 5496 593 5555 col.
605 5499 667 5553 ιιι.
