3736 5962
59 132 109 189 tta
759 222 764 230 ,
821 153 932 214 amsr.
952 158 1026 219 vm.
1756 152 1810 209 ³¹4

55 257 133 357 istud
146 261 262 333 proprie
273 276 432 335 puemrum
454 275 496 326 est
510 269 600 342 isaac,
615 270 666 344 qui
688 272 809 334 inomni
826 285 902 338 terra
916 286 941 339 A
957 283 1041 342 corde
1065 281 1159 355 potius
1184 280 1294 338 liabens
1309 292 1399 352 quam
1420 276 1451 336 in
1473 289 1533 345 ore,
1550 273 1613 346 ipsa
1633 270 1724 333 etiam
1743 270 1808 331 diti·

56 347 171 431 lodrunt
187 359 287 422 puteos
301 367 385 426 aquas
406 356 489 415 vivae.
514 360 685 420 vosautem
708 378 767 422 uon
790 367 842 435 sic,
856 371 905 427 sed
960 381 1059 445 genter
1084 371 1258 438 conterebat,
1284 368 1354 441 quia
1377 366 1503 425 studiose
1528 362 1645 436 singula
1669 359 1808 419 discutie-

56 438 906 535 raniloquiopenitussupersedentes,quaecunquediscon-
960 461 1019 530 bat,
1043 467 1071 516 et
1094 460 1216 517 invicem
1239 457 1292 515 sibi
1312 471 1346 514 ea
1369 454 1550 523 conterebam
1577 464 1666 523 quam
1681 460 1808 521 congrue

55 525 80 581 dr
93 528 460 604 gratiamassecutaesunt,
475 535 509 592 dc
524 537 558 593 iis
577 553 643 611 quae
660 542 696 597 ad
714 543 802 601 Derim
819 545 906 616 perti·
960 549 1067 606 scilicet
1089 548 1165 604 inter
1183 562 1212 604 se
1233 543 1420 603 convenirent
1445 541 1552 599 omnia.
1578 539 1704 596 Noverat
1720 534 1808 608 juxta

55 623 122 672 nent
135 617 253 674 erudiri
276 621 420 678 studeant.
445 623 524 682 Sicut
546 627 581 683 de
605 629 688 687 beato
711 631 906 703 scriptumest
961 638 1129 710 mysterium
1144 636 1214 707 legis
1232 649 1317 692 omne
1333 631 1439 689 animal
1461 628 1646 687 immundum
1664 625 1731 695 dici,
1751 622 1808 681 nisi

54 703 134 760 siro:
152 706 211 761 Sed
226 710 255 762 iu
268 709 325 777 teqe
342 713 449 766 Domini
465 715 590 772 uoluntas
609 719 678 787 ejus,
693 725 719 775 et
733 723 761 776 in
777 722 833 792 iope
845 724 906 793 ejus
960 727 1037 799 quod
1053 726 1182 783 ruminat
1204 733 1232 782 et
1254 721 1394 795 ungulam
1418 720 1510 776 dudit.
1533 717 1619 775 Nulla
1638 714 1746 787 quippe
1765 720 1808 771 est

54 792 237 850 meditabitur
259 797 305 852 die
325 805 548 872 ucuoctetrsul.
574 822 596 875 1,
611 806 650 877 2).
673 808 764 880 Cujus
787 813 904 882 quidem
960 817 1058 873 anima
1083 814 1201 881 munda,
1226 812 1277 869 nisi
1306 826 1373 882 quse
1402 807 1565 865 meditando
1591 811 1734 877 quantum
1759 815 1807 858 ca·

55 881 166 937 assidui
183 886 273 942 studii
297 887 327 942 in
338 884 403 960 lege
415 891 530 948 Domini
554 908 620 965 quau
641 906 782 968 sequatur
796 899 906 956 utilitas
960 920 1026 976 pore
1039 911 1130 975 potest
1145 903 1244 959 divina
1257 900 1387 959 ruminat
1402 902 1553 969 praecepta,
1578 900 1606 951 et
1629 893 1658 949 in
1672 891 1708 948 iis
1721 903 1808 947 cxso-

54 972 151 1027 statim
181 973 375 1047 adjungitur:
403 981 439 1034 iit
459 983 513 1035 crit
536 986 668 1054 tauquam
695 988 799 1054 tiquam
831 989 904 1058 quod
961 993 1083 1066 quendis
1104 991 1305 1048 discretionem
1325 989 1439 1053 babeat,
1464 989 1497 1042 ut
1516 998 1574 1040 non
1597 982 1691 1040 solum
1718 979 1806 1047 hona,

53 1059 216 1128 Pmmm
238 1068 278 1118 θεῖ
297 1080 372 1120 38οω
394 1067 523 1125 miili
544 1087 689 1141 stillatim·
718 1075 806 1143 Quasi
829 1078 906 1134 enim
960 1084 1008 1140 sed
1028 1091 1055 1139 et
1076 1082 1158 1148 benc,
1175 1080 1229 1136 hoc
1251 1086 1294 1136 est
1309 1085 1386 1135 recta
1407 1076 1492 1132 iaciat
1515 1073 1682 1130 intentione.
1699 1067 1808 1125 Divisio

55 1147 172 1219 lignum
199 1151 316 1209 aridum
352 1163 394 1212 est
427 1156 650 1229 infructuosum,
679 1165 758 1235 quod
790 1165 907 1223 iluentis
960 1172 1068 1243 quippe
1093 1169 1212 1242 ungula
1234 1166 1323 1239 pedis,
1344 1165 1476 1222 discretio
1497 1171 1539 1220 est
1558 1161 1658 1229 animi,
1685 1158 1720 1215 de
1748 1168 1809 1229 qua

55 1236 226 1296 diuinorum
252 1241 434 1314 eloquiorum
460 1261 518 1305 non
545 1250 694 1321 irrigatur.
727 1254 767 1309 lle
798 1256 906 1325 quibus
960 1261 1178 1331 scriptumest:
1203 1259 1233 1315 Si
1253 1262 1322 1312 recte
1344 1256 1455 1325 offers,
1480 1257 1550 1308 recte
1573 1260 1663 1306 cutem
1685 1260 1740 1303 nott
1762 1244 1808 1300 di·

55 1327 199 1398 scriptum
224 1337 266 1387 ost
288 1344 295 1386 :
318 1333 449 1390 Flumina
471 1337 504 1391 de
528 1344 620 1394 uentre
639 1341 698 1412 ejus
722 1344 806 1411 nuent
829 1360 906 1411 uqrtae
959 1351 1056 1418 vidos,
1077 1349 1204 1419 peccasti.
1230 1347 1261 1404 Si
1286 1347 1349 1416 quis
1367 1343 1460 1411 cattoit
1482 1358 1534 1410 me,
1564 1339 1660 1410 inquit
1683 1335 1809 1400 Veritas,

56 1417 121 1470 ”²⁸⁰2
136 1415 232 1486 (³⁰⁰2
254 1435 302 1486 ΠΙ,
324 1421 380 1493 33)·
397 1423 464 1480 Ηῖθθ
482 1425 532 1482 illi
553 1437 621 1484 suni
644 1429 764 1499 fluenta,
786 1432 820 1489 de
840 1434 905 1504 qui·
959 1455 1105 1496 ommonem
1129 1453 1216 1492 merom
1240 1436 1360 1491 servabit
1384 1433 1473 1505 (icon.
1497 1446 1555 1499 xiv,
1576 1429 1634 1499 23).
1659 1426 1729 1494 Quis
1756 1437 1809 1480 att-

59 1507 112 1558 bus
132 1504 166 1558 iu
186 1504 271 1562 laude
293 1508 392 1578 spousi
414 1510 490 1568 canit
511 1526 616 1583 sponsa
640 1517 671 1572 in
692 1518 817 1575 canticis
839 1534 904 1576 eum
961 1535 1019 1584 rom
1041 1527 1130 1584 verba
1152 1525 1198 1583 vel
1229 1530 1370 1594 praecepta
1394 1520 1506 1578 Domini
1533 1519 1578 1575 sui
1607 1528 1724 1573 serrare
1744 1512 1810 1568 obe·

56 1589 240 1648 dixsimus*
261 1597 339 1651 ⁰⁶⁸st
359 1599 419 1667 ejus
449 1603 520 1656 sicut
547 1604 675 1660 ⁶⁰1umbae
701 1621 783 1676 super
803 1609 907 1663 rivulos
925 1616 945 1669 Β
962 1618 1065 1674 diendo
1087 1615 1199 1685 poterit,
1225 1613 1282 1670 nisi
1307 1613 1369 1669 bac
1392 1612 1474 1682 prius
1496 1602 1696 1664 intellexerit?
1719 1601 1809 1659 Nemo

56 1694 205 1748 “immi
241 1698 302 1752 tw
334 1686 402 1742 tacte
425 1693 490 1744 timi
523 1691 592 1754 ²⁰2³.
625 1699 652 1748 ⁶2
679 1694 800 1749 resident
821 1696 907 1763 juutc
962 1705 1106 1762 studiosus
1124 1704 1178 1761 erit
1193 1705 1222 1759 in
1241 1701 1436 1772 exsequendo,
1452 1699 1508 1755 uisi
1532 1696 1583 1768 qui
1598 1701 1726 1751 attentus
1746 1688 1809 1746 lua·

55 1769 162 1835 romeu
187 1771 348 1840 punissent
372 1775 510 1847 (cantv,
533 1780 584 1847 n).
606 1782 641 1838 Et
660 1783 814 1854 vosigitur
835 1783 906 1840 tuere
962 1796 998 1852 ru
1014 1795 1044 1850 tn
1067 1793 1220 1850 aiiutenoo.
1244 1791 1362 1848 suoru
1383 1791 1417 1845 ue
1434 1789 1516 1846 oeau
1539 1786 1587 1842 itu
1611 1783 1718 1855 tegitur
1741 1791 1811 1835 mu-

56 1854 131 1924 lotae,
147 1858 178 1914 id
200 1869 242 1916 est
264 1863 388 1920 candore
408 1867 584 1925 castimoniae
598 1871 721 1928 nitentes
741 1872 828 1944 iuxta
847 1873 908 1928 haec
964 1882 1041 1950 llere,
1072 1897 1137 1953 quae
1161 1881 1269 1938 caeteris
1293 1879 1428 1937 omnibus
1456 1874 1618 1947 postpositis
1636 1871 1738 1928 sedens
1765 1881 1809 1924 se·

58 1946 170 2003 noenu
192 1949 278 2020 quast
302 1951 441 2010 eorumne
458 1955 587 2026 residete,
614 1966 647 2015 ut
670 1959 738 2017 hinc
758 1961 906 2032 sapientie
962 1986 1014 2028 cus
1029 1970 1112 2040 penos
1127 1969 1240 2025 Domini
1264 1968 1400 2024 aninumr
1421 1965 1543 2022 veroum
1565 1961 1667 2017 trtius:
1692 1955 1811 2014 tursu-

58 2037 184 2093 baustus
207 2047 363 2110 sumentes,
387 2056 444 2100 non
460 2044 554 2102 solum
575 2047 679 2118 dicere,
705 2050 753 2107 scd
772 2059 799 2106 et
823 2051 906 2108 doce·
963 2059 1062 2116 delicet
1083 2057 1205 2114 auribus
1228 2056 1421 2127 intelligentie
1444 2066 1517 2123 quas
1546 2051 1662 2121 ipsemet
1687 2043 1809 2116 requirit

57 2138 97 2193 mr
117 2129 149 2180 ‘³‘
174 2125 240 2182 ²¹53
262 2134 400 2199 mquam
424 2131 500 2188 0οὓῙὶ
523 2133 599 2190 Viam
615 2137 729 2206 DOSSlllS
747 2139 905 2206 ostendere,
962 2148 1088 2204 dicens:
1114 2146 1167 2212 Oui
1186 2145 1265 2201 dubet
1291 2160 1370 2199 curos
1397 2141 1541 2207 audiendi,
1571 2137 1672 2194 audiat
1697 2132 1807 2207 (dotti.

57 2221 83 2268 et
108 2226 253 2283 sponsum
272 2214 370 2286 ipsum
398 2233 456 2275 non
484 2220 578 2279 solum
606 2227 780 2295 conspicere,
807 2228 907 2284 sedet
962 2250 1002 2301 xr,
1027 2234 1078 2302 tot.
1105 2234 1185 2301 Quod
1209 2233 1233 2288 si
1257 2232 1286 2288 in
1311 2239 1397 2288 tantae
1422 2230 1561 2286 lervorem
1584 2221 1744 2282 devotionis
1762 2233 1810 2276 ac·

59 2301 123 2358 aliis
144 2303 266 2360 valeatis
287 2306 457 2366 describere.
478 2311 617 2384 Boculus
631 2315 749 2384 quidem
765 2315 908 2388 singulari
960 2323 1044 2379 uendi
1072 2336 1131 2377 uon
1154 2322 1264 2388 valetis,
1296 2318 1448 2376 imitamini
1478 2316 1577 2372 saltem
1607 2320 1634 2368 et
1661 2323 1759 2366 amore
1782 2313 1811 2365 et

58 2403 175 2460 8001183,
200 2406 267 2463 llll&
290 2393 384 2465 ipsum
407 2411 479 2454 auto
502 2400 596 2456 cordis
622 2403 770 2473 concipere
790 2406 905 2474 meruit,
962 2411 1057 2467 studio
1079 2417 1246 2467 sanctarum
1262 2409 1421 2466 litterarum
1439 2407 1536 2463 beatas
1559 2398 1729 2458 illassaucti
1746 2396 1810 2453 ilie-

58 2479 204 2549 scriptum
229 2495 291 2539 esse
319 2485 470 2542 novimus:
496 2489 589 2544 Murio
612 2496 703 2547 cutem
730 2494 908 2548 conservabat
963 2501 1076 2570 ronymi
1097 2498 1253 2569 discipulas
1278 2497 1397 2554 Paulam
1412 2503 1439 2552 et
1462 2491 1660 2557 Eustochium,
1684 2499 1811 2560 quarum

59 2570 154 2621 mimia
176 2570 259 2624 ”trba
282 2572 346 2641 Mi,
370 2577 510 2641 mittent
542 2582 573 2632 in
597 2579 677 2634 corde
704 2595 751 2635 suo
775 2580 850 2652 (buc.
876 2597 906 2652 n,
963 2588 1108 2659 pracipes
1122 2595 1225 2658 rogatu
1245 2594 1286 2642 tot
1304 2583 1503 2641 voluminibus
1526 2578 1684 2637 Ecclesiam
1707 2567 1812 2643 praedi·

60 2657 115 2727 18).
135 2656 203 2714 llaec
224 2658 316 2730 igitur
329 2664 435 2719 summi
452 2665 532 2722 Verbi
548 2666 679 2725 Genitrix
697 2670 787 2726 verba
797 2672 861 2743 ejus
877 2673 906 2728 in
964 2684 1028 2733 ctus
1042 2676 1140 2733 doctor
1155 2675 1320 2731 illustrarit,

102 2900 178 2965 lluc
192 2921 302 2986 usque
315 2903 539 2972 Nanneticum
554 2910 739 2994 exemplar,
755 2912 905 2996 itemque
916 2913 1160 2978 victorianum.
1187 2912 1253 2978 Sed
1280 2912 1315 2975 in
1341 2906 1581 2984 Paracleteusi,
1607 2901 1698 2989 quod
1727 2902 1763 2967 ct

262 2995 394 3059 auctius
414 2997 540 3081 ubique
552 3001 695 3082 passim,
708 3004 1097 3086 sequentiureperimus,
1110 3008 1144 3067 ct
1159 3002 1317 3068 videnlur
1333 3018 1411 3064 esse
1429 2995 1604 3062 lleloissae.

93 3169 306 3229 instructiones
327 3180 432 3230 nostrae
452 3183 573 3234 sumunt
597 3177 746 3235 exordium
768 3192 786 3235 a
806 3178 910 3236 doctri·
926 3178 948 3235 c
965 3179 1065 3237 debeat
1081 3178 1280 3237 adnotandum
1298 3182 1386 3246 esset,
1408 3173 1456 3232 sed
1478 3171 1563 3244 longe
1586 3182 1690 3228 sumus
1712 3180 1730 3224 a
1751 3164 1800 3224 sul

60 3271 97 3313 ua
114 3256 232 3327 ,curisti
256 3261 448 3331 predicantis,
478 3271 507 3320 ct
542 3267 665 3323 tenentis
697 3275 907 3338 paupertatem,
966 3266 1102 3332 ficientra,

59 3346 254 3405 bumilitatem
279 3357 307 3407 et
329 3350 533 3409 obedientiam.
560 3353 715 3426 Sequimur
739 3359 837 3413 autem
861 3371 909 3413 ve·
1321 3355 1461 3409 Deiectio.

57 3436 144 3509 stigia
163 3438 360 3508 apostolorum
380 3440 409 3496 in
433 3455 587 3499 commuue
610 3443 779 3501 viventium.
801 3445 834 3500 ln
856 3445 911 3500 ha·
1001 3445 1034 3501 ln
1058 3445 1169 3503 lectulis
1184 3443 1288 3502 nostris
1304 3444 1445 3500 habemus
1465 3439 1611 3508 culcitras,
1633 3443 1661 3494 et
1675 3432 1815 3521 pulvina-

57 3523 123 3581 bitu
144 3533 246 3582 nostro
271 3541 477 3586 conservamus
501 3539 701 3601 paupertatem
724 3532 912 3589 etbumilita-
966 3534 1020 3604 ria,
1046 3543 1074 3592 et
1096 3535 1183 3592 lintea
1204 3534 1280 3592 linea
1299 3535 1374 3591 sicut
1392 3531 1516 3603 siugulis
1539 3528 1688 3586 dividitur.
1715 3523 1743 3581 Si
1759 3536 1816 3580 usn

58 3621 128 3682 mm,
153 3615 186 3671 iu
207 3615 385 3688 subjectione
406 3617 616 3677 obedientiam:
640 3620 670 3677 in
694 3622 912 3678 conversatione
967 3624 1108 3694 recipiant
1127 3623 1250 3696 singula
1266 3623 1344 3694 quod
1367 3621 1501 3689 sulllciat,
1518 3613 1681 3691 paupertati
1696 3608 1816 3671 ascribi·

61 3710 173 3772 nostra,
196 3704 266 3775 quia
286 3707 477 3764 communiter
501 3707 640 3776 vivimus,
665 3710 817 3780 sequimur
843 3724 912 3779 apo·
969 3719 1027 3769 tur.

63 3792 161 3849 stolus.
186 3791 261 3861 Quis
283 3793 478 3867 undecunque
497 3795 637 3853 beneticia
660 3797 829 3868 temporalia
849 3812 914 3867 pro·
1324 3801 1362 3854 De
1380 3798 1460 3853 cibis.

65 3882 197 3949 veniant,
221 3881 363 3940 dividitur
389 3883 512 3956 siugulis
540 3892 626 3955 prout
659 3892 774 3955 potest;
801 3884 826 3940 si
856 3897 915 3940 non
1005 3889 1082 3944 Pane
1103 3885 1233 3958 quolibet
1246 3884 1406 3954 vescimur3
1421 3884 1446 3940 si
1467 3882 1555 3939 luerit
1577 3879 1716 3947 triticum,
1737 3874 1816 3935 triti·

65 3971 195 4029 abundat
225 3973 369 4040 omnibus,
395 3973 522 4030 maxime
551 3974 639 4031 datur
661 3974 754 4044 magis
781 3973 916 4045 indigen·
971 3992 1032 4045 ceo;
1059 3976 1083 4032 si
1107 3975 1239 4042 deluerit,
1266 3988 1340 4045 pane
1362 3970 1516 4043 cujuslibet
1540 3980 1672 4024 annona.
1694 3967 1727 4021 ln
1747 3962 1819 4021 rele-

66 4062 154 4119 tibus.
180 4061 215 4117 Et
238 4061 378 4133 quoniam
400 4061 504 4119 saeculo
528 4062 779 4130 abrenuntiamus,
806 4071 835 4120 et
860 4064 917 4119 Deo
972 4066 1060 4122 ctorlo
1081 4073 1179 4122 nostro
1200 4063 1256 4121 cibi
1279 4064 1341 4119 sine
1363 4060 1501 4118 carnibus
1526 4064 1593 4115 sunt
1616 4052 1774 4127 legumina,
1790 4058 1819 4109 et

68 4149 241 4213 militamus,
268 4157 455 4219 persistamus
482 4149 512 4206 in
543 4150 687 4222 proposito
712 4150 862 4216 castitatis,
890 4158 918 4207 ot
972 4168 1006 4210 ea
1025 4168 1090 4225 quae
1106 4153 1197 4211 nutrit
1216 4153 1326 4210 hortus.
1348 4152 1414 4217 Lac,
1434 4163 1489 4207 ova
1503 4156 1530 4205 et
1545 4159 1645 4203 caseus
1660 4142 1756 4200 rarius
1770 4154 1820 4213 ap·

70 4251 120 4307 pro
136 4237 253 4294 viribus
267 4238 372 4295 uostris
390 4240 478 4310 juxta
499 4252 664 4296 mensuram
681 4239 844 4296 donationis
858 4254 918 4297 sua
974 4243 1102 4314 ponitur,
1124 4250 1152 4299 et
1174 4241 1273 4313 pisces,
1299 4242 1322 4299 si
1344 4241 1403 4297 dati
1421 4236 1538 4296 fuerint.
1569 4235 1677 4293 Vinum
1701 4231 1819 4288 mistum

67 4326 92 4381 ei
105 4326 223 4398 placere
237 4327 456 4383 contendamus.
974 4331 1009 4388 sit
1033 4345 1120 4402 aqua.
1138 4333 1200 4388 Duo
1215 4331 1363 4402 pulmenta
1379 4330 1407 4385 in
1430 4328 1524 4400 prima
1544 4323 1696 4382 relectione
1711 4320 1820 4378 baben·

247 4417 285 4471 be
305 4418 489 4472 conuenientia
506 4414 741 4471 consuetudinum.
976 4429 1033 4478 tur.
1050 4421 1084 4477 lu
1105 4435 1187 4478 coena
1202 4434 1269 4477 vero
1293 4420 1401 4487 herber,
1423 4417 1469 4475 vel
1493 4416 1615 4481 tructus,
1641 4410 1687 4469 vel
1709 4406 1821 4480 aliquid

101 4504 229 4561 Domino
254 4517 343 4575 super
369 4519 421 4562 nos
449 4505 654 4577 prospiciente,
681 4513 709 4563 et
734 4505 833 4576 aliqua
857 4505 919 4562 loca
974 4509 1040 4580 tale,
1055 4510 1080 4568 si
1100 4510 1199 4567 haberi
1220 4509 1333 4580 poterit.
1357 4509 1467 4565 llorum
1490 4518 1608 4577 quoque
1630 4495 1822 4557 deficientiam

69 4592 152 4650 uobis
180 4592 331 4665 largiente,
355 4595 487 4651 misimus
516 4593 657 4664 quasdam
685 4607 722 4651 ex
751 4594 856 4652 nostris
882 4597 919 4650 ad
973 4598 1035 4656 sine
1049 4611 1201 4655 murmure
1216 4605 1377 4670 portamus.

68 4681 239 4754 religionem
263 4682 416 4740 tenendam
443 4694 565 4740 numero
599 4682 768 4740 sullicieute.
796 4685 921 4740 innota·
1288 4684 1506 4742 disobedientia.

70 4784 134 4828 mus
159 4779 258 4828 autem
280 4770 348 4829 boui
364 4772 501 4844 propositi
519 4773 610 4828 nostri
629 4771 862 4841 consuetudines,
889 4780 921 4830 ut
1010 4774 1067 4832 Soli
1099 4773 1252 4833 abbatissa
1270 4783 1297 4832 ct
1335 4773 1478 4844 priorisse
1508 4767 1637 4826 debitum
1669 4760 1824 4821 exhibetur

69 4860 148 4932 quod
168 4859 263 4917 tenuit
283 4867 375 4918 mater
396 4860 682 4931 incommutabiliter,
704 4870 819 4920 teneant
840 4870 868 4919 et
885 4863 921 4919 ll-
974 4864 1152 4921 obedieutiae.
1187 4863 1273 4920 Nullo
1310 4863 1458 4934 praesumit
1495 4857 1622 4913 claustra
1658 4848 1825 4909 monasterii

68 4948 114 5007 liae
134 4948 331 5008 uuiiormiter.
534 5000 539 5014 ,
975 4953 1071 5025 egredi
1087 4952 1149 5009 sine
1165 4952 1269 5008 harum
1290 4949 1413 5007 licentia.
1442 4945 1528 5003 Nulla
1552 4941 1643 5014 toqui,
1659 4939 1741 4999 nulla
1755 4939 1825 4998 darc

420 5039 577 5096 Debebitu.
975 5042 1086 5114 aliquid
1111 5040 1155 5098 vel
1178 5039 1314 5111 recipere,
1340 5036 1419 5094 nullo
1443 5033 1566 5093 rotinere
1581 5030 1636 5088 nisi
1658 5029 1736 5104 quod
1757 5042 1824 5103 per·

103 5126 233 5185 Habitus
257 5135 354 5186 noster
381 5128 447 5187 vilis
474 5135 516 5186 est
540 5136 568 5187 et
591 5129 721 5201 simplex,
751 5129 780 5186 in
808 5128 923 5202 agninis
976 5131 1096 5187 missum
1122 5128 1218 5186 luerit.
1239 5129 1279 5184 De
1302 5135 1403 5183 caetero
1425 5123 1508 5182 nobis
1532 5121 1654 5179 invicem
1674 5118 1824 5179 obedimus

69 5217 208 5289 pellibus,
223 5216 253 5273 in
274 5217 357 5276 lineis
374 5224 402 5275 et
421 5218 510 5275 laucis
526 5218 664 5276 restibus.
681 5219 713 5274 ln
738 5217 774 5274 iis
795 5218 924 5275 emendis
976 5217 1081 5274 allectu
1096 5215 1255 5273 charitatis.

68 5307 114 5365 vel
130 5304 272 5364 iaciendis
286 5319 344 5363 non
358 5305 508 5378 eliguntur
528 5309 661 5379 pretiosa,
677 5306 726 5363 sed
742 5307 821 5379 quod
838 5306 921 5364 vilius
1181 5303 1256 5359 Uinde
1272 5304 1427 5358 neccssaria
1449 5302 1621 5373 proueniunt.

67 5393 238 5469 comparari
260 5394 306 5454 vel
328 5394 426 5454 baberi
447 5402 547 5470 potest.
574 5394 774 5468 Quodcunque
790 5395 922 5455 sulficere
1012 5390 1169 5466 Religionis
1194 5399 1255 5452 erat
1270 5391 1305 5450 de
1323 5391 1405 5450 cultu
1426 5399 1570 5451 terrarum
1593 5396 1622 5447 et
1643 5386 1743 5447 labore
1760 5397 1826 5461 pro·
