3804 5962
362 186 463 242 earm
481 150 669 241 numanum
688 183 763 240 our.
783 181 874 239 raus
892 180 942 236 ιιι.
958 209 993 222 -
1007 176 1232 236 ruuolocrun
1252 178 1295 234 ιιι
1312 147 1578 234 ruinosoeuma'.

104 190 155 247 86³
1794 178 1847 233 864

103 312 219 379 Christi,
237 311 264 367 id
277 317 318 368 est
331 325 390 366 non
409 317 477 365 sunt
492 309 617 379 aqualia
638 307 745 364 inistis
768 321 835 379 qoae
849 307 885 362 ad
900 320 949 376 po·
964 303 987 357 A
1002 310 1092 372 ctum,
1116 305 1191 360 sicut
1214 305 1243 360 in
1259 303 1409 374 parvulis3
1425 301 1546 374 justitia
1560 314 1640 364 vero,
1656 299 1709 357 ubi
1738 299 1849 371 aliquid

102 411 192 460 steros
216 415 283 456 suos
303 399 553 464 transmittuntur,
569 405 597 453 ct
623 398 707 466 plura
734 412 785 468 per
799 397 947 453 Christum
1002 394 1178 464 promeritis
1201 395 1296 450 datur.
1316 392 1432 449 lustitia
1445 392 1553 462 quippe
1569 391 1686 456 dicitur,
1703 404 1771 461 quae
1786 390 1850 445 trui-

103 492 139 547 ad
154 496 282 560 posteros
308 487 546 544 transmittuntur
569 487 598 543 iu
621 488 754 554 salntem,
784 499 873 557 quam
898 498 949 554 ρει

48 610 51 620 .
103 579 242 637 Adamin
267 578 502 632 damnationem:
527 584 554 632 et
582 578 691 639 merito,
716 575 787 646 quin
804 575 949 644 pluscon·

102 670 221 725 venicus
237 666 406 722 luitdivinas
425 665 544 736 justitiae
558 666 618 720 sive
630 665 735 734 pietati,
751 672 782 720 ιιι
797 678 846 733 ρει
867 663 947 719 Chri·

103 766 179 814 stum
196 757 261 827 plus
276 755 419 825 prodessst
444 768 532 824 quam
547 767 597 822 per
608 754 698 809 Adam
715 758 838 817 noceret,
864 750 949 805 idest

104 847 188 916 plura
202 858 252 915 ρει
268 845 347 900 hunc
368 845 519 899 commoda
540 855 628 912 quam
657 855 707 910 per
734 841 815 896 illum
843 839 949 895 incom-

103 935 188 991 moda
203 935 292 989 daret.
311 933 405 1003 Longe
420 932 525 1003 quippe
540 939 579 987 est
600 930 716 1000 pronior
740 931 816 985 Deus
841 927 877 982 ad
898 926 949 981 bc-

103 1038 174 1080 num
197 1022 413 1088 conterendum,
444 1034 532 1090 quam
563 1021 598 1075 ad
614 1021 722 1075 malum
756 1016 947 1073 inlerendum.

104 1113 137 1168 ut
153 1114 207 1167 hoc
224 1118 276 1172 εει,
292 1113 318 1165 si
341 1125 393 1180 pro
413 1113 494 1165 nnius
522 1110 630 1173 delicto,
657 1108 764 1164 scilicet
790 1106 869 1173 Adae,
891 1117 949 1159 uuo

103 1199 236 1256 videlicet
261 1212 318 1253 nou
343 1196 486 1266 pluribus,
511 1197 592 1250 mulli
618 1197 720 1250 mortui
747 1199 821 1260 sunt,
850 1193 878 1248 id
908 1197 950 1246 εει

104 1288 241 1353 damnati,
267 1287 342 1342 sicut
358 1285 471 1354 parvuli
495 1299 553 1340 non
581 1284 726 1353 baptizati,
747 1285 796 1353 qui
813 1282 848 1337 ob
870 1279 949 1336 aliud

103 1391 163 1434 uon
194 1382 263 1431 sunt
290 1373 404 1444 perditi,
430 1373 521 1430 multo
542 1373 634 1444 magis
664 1373 693 1427 in
722 1371 828 1442 piures,
854 1370 882 1425 id
908 1376 950 1425 est

103 1465 196 1522 multo
221 1465 361 1530 similiter,
398 1477 455 1519 uon
486 1464 514 1518 in
543 1476 635 1518 unum
651 1468 766 1518 tantum
792 1460 948 1526 homiuem,

1002 483 1107 552 cuique
1129 482 1221 537 reddit
1243 481 1321 552 quod
1348 495 1435 536 suum
1459 487 1510 536 cst.
1536 479 1711 549 Regnabuut
1737 479 1767 533 in
1786 480 1846 534 vita

1002 572 1107 628 scilicet
1130 578 1245 638 aterna,
1273 571 1301 625 id
1330 577 1372 625 εει
1398 569 1487 625 vitam
1514 568 1600 638 quasi
1627 581 1763 638 reguum,
1791 581 1847 622 non

1002 661 1086 732 quasi
1114 660 1296 716 consulatum
1322 658 1483 714 instabilem
1502 656 1682 712 obtinebunt.
1708 654 1749 711 Ne
1766 654 1846 710 mire·

1002 749 1131 804 risbauc
1159 748 1330 804 senteutiam
1356 747 1461 816 saepius
1482 746 1649 815 Apostolum
1675 757 1845 810 memorare,

1002 851 1068 893 cum
1086 837 1211 892 manime
1225 836 1371 893 Christum
1385 836 1414 891 in
1424 837 1477 892 hoc
1489 835 1616 890 attendat
1630 833 1846 897 commendare,

1002 933 1030 981 ει
1045 926 1153 981 ratione
1167 926 1264 980 valida
1279 924 1347 980 velit
1372 932 1501 980 astruere
1524 924 1590 994 plus
1604 924 1638 978 de
1653 923 1768 978 Christo
1789 937 1848 977 cm·

1003 1015 1090 1070 uibus
1111 1028 1171 1069 cssc
1185 1014 1387 1068 condiendum
1404 1027 1492 1083 quam
1510 1013 1544 1068 dc
1565 1012 1655 1068 Adam
1671 1010 1842 1066 timendum.

1003 1102 1081 1169 Quod
1100 1110 1133 1157 ut
1156 1102 1275 1158 llrmitcr
1298 1103 1442 1158 memoriae
1459 1100 1648 1167 commendet,
1672 1100 1781 1171 sapius
1805 1113 1846 1155 ιε

1004 1193 1119 1262 plicat:
1892 1176 1894 1185 ’

1038 1284 1127 1351 Ιριιιιι
1140 1284 1212 1338 sicut
1232 1298 1282 1350 per
1302 1284 1394 1336 amics.
1421 1280 1658 1351 Quandoquidem
1687 1292 1739 1349 per
1762 1276 1849 1332 Adam

1006 1373 1182 1428 incurrimus
1217 1372 1441 1438 damnationem,
1478 1378 1507 1427 et
1531 1383 1580 1439 ρει
1604 1368 1752 1424 Christum
1778 1379 1850 1421 asse-

1004 1462 1123 1531 quimur
1136 1461 1380 1532 justificationem,
1398 1460 1426 1515 id
1450 1464 1492 1514 cst
1520 1459 1737 1524 remissionem
1761 1455 1852 1526 igitur

103 1561 136 1610 ut
165 1539 294 1609 absoluta
319 1552 460 1618 videlicet,
484 1566 541 1606 non
573 1551 768 1620 comparative
810 1547 951 1618 intelliqa·
1005 1564 1178 1620 perunum,
1200 1550 1349 1618 idestper
1369 1562 1462 1603 unum
1487 1547 1555 1603 illud
1582 1546 1770 1611 conlectur,ct
1798 1543 1851 1598 boc

104 1651 162 1710 tur,
178 1643 328 1698 abundare
342 1641 442 1697 debuit
457 1640 550 1711 gratia
565 1641 626 1707 bei,
652 1647 680 1694 ει
704 1639 814 1694 doutrm
840 1637 869 1693 in
886 1651 950 1709 gra·
965 1648 987 1703 Β
1005 1648 1046 1694 εει
1065 1638 1138 1693 εῑειιι
1165 1639 1318 1708 peronius
1345 1636 1492 1702 delictum,
1518 1637 1614 1707 agitur
1635 1632 1775 1691 subaudi.
1805 1631 1848 1685 Ad

104 1733 174 1788 tiam
193 1731 309 1796 Christi,
327 1731 412 1786 idest
436 1744 486 1800 ρει
515 1727 658 1785 donallei
683 1726 950 1783 hominiillicolla·
1005 1726 1261 1791 condemnationem,
1292 1732 1324 1782 ut
1356 1725 1487 1780 videlicet
1515 1723 1632 1781 obnoxii
1672 1722 1730 1777 sint
1766 1719 1849 1776 etiam

105 1829 143 1890 ta,
166 1821 200 1876 dc
215 1818 393 1889 plenitudiue
421 1819 505 1889 cnjus
531 1832 582 1872 nos
606 1830 704 1872 omnes
727 1814 900 1884 accepimus,
923 1821 950 1869 ει
1005 1823 1119 1885 ριεριει
1143 1816 1213 1871 illud
1240 1814 1322 1870 morti
1338 1821 1450 1870 aeternae
1478 1816 1511 1868 ln
1532 1829 1621 1868 omnes
1644 1812 1777 1876 homines,
1794 1816 1849 1864 tam

106 1909 154 1980 qui
178 1908 258 1964 nobis
284 1906 395 1962 meritis
423 1908 483 1963 suis
507 1906 670 1976 impetravit
688 1933 690 1937 ·
709 1904 855 1974 quidquid
884 1903 951 1958 boni
1005 1904 1244 1961 vidclicctineos
1266 1904 1394 1972 quinon
1425 1900 1669 1972 peccaverunt‘in
1688 1895 1851 1954 similitudi·

105 1997 254 2063 habemns,
279 2002 306 2051 ει
322 2010 380 2050 non
395 1995 470 2051 sicut
486 2009 536 2064 ρει
551 2009 642 2050 unum
673 1992 780 2049 scilicet
807 1991 950 2047 hominem
1005 2007 1071 2050 nem
1086 1992 1329 2062 prevaricationis
1344 1992 1422 2056 Adae,
1439 1997 1575 2060 utsupra
1599 1989 1741 2056 meminit,
1763 1997 1849 2055 quam

104 2087 194 2142 Adam
210 2085 381 2155 pertransiit,
402 2086 528 2142 subaudi
544 2093 575 2142 ut
598 2098 687 2155 supra
710 2084 838 2139 diximus
856 2098 950 2152 pecco·
1005 2083 1036 2138 in
1063 2081 1143 2146 alios,
1169 2081 1213 2136 vel
1230 2089 1288 2136 tam
1319 2081 1347 2135 in
1375 2095 1422 2135 eos
1444 2081 1494 2150 qui
1522 2087 1588 2135 ante
1610 2079 1700 2149 legem
1722 2076 1849 2139 luerunt,

105 2180 172 2241 tum,
189 2174 296 2230 scilicet
311 2188 403 2230 unum
423 2174 452 2229 in
481 2189 589 2240 omnes,
608 2174 661 2229 hoc
688 2179 731 2228 εει
745 2171 893 2241 originale,
912 2174 952 2225 itn
1006 2184 1095 2240 quam
1111 2171 1142 2225 in
1158 2169 1238 2236 alios,
1263 2178 1294 2226 ut
1310 2182 1399 2238 supra
1414 2183 1531 2239 quoquc
1546 2166 1685 2223 meminit.
1708 2166 1753 2220 lta
1764 2169 1793 2219 et
1803 2173 1852 2232 ρει

105 2263 250 2326 aidanum,
268 2262 401 2317 similiter
416 2276 511 2317 uuum
537 2260 703 2328 pertransiit
729 2273 778 2328 per
798 2273 889 2314 onum
905 2259 953 2314 ho
1007 2258 1096 2315 tinius
1107 2258 1250 2329 iustitiam
1267 2257 1365 2327 agitur
1380 2256 1415 2311 ad
1434 2257 1668 2328 justificationem
1682 2253 1757 2320 vitae,
1775 2251 1852 2307 idest

104 2350 356 2406 minemvidelicet
370 2350 529 2414 Christum,
546 2350 602 2404 imo
624 2347 717 2404 multa
731 2346 806 2401 dona
821 2346 856 2402 ad
875 2347 950 2402 mul·
1007 2348 1043 2403 ad
1067 2347 1262 2402 remissionem
1288 2353 1480 2415 peccatorum,
1511 2359 1577 2415 quae
1601 2345 1692 2399 vitam
1721 2340 1850 2399 conterat

105 2443 159 2492 tos.
177 2437 213 2491 Et
229 2436 282 2491 hoc
300 2443 343 2490 est
365 2436 441 2505 quod
471 2435 625 2504 Apostolus
649 2435 678 2490 iu
698 2434 842 2504 superiori
865 2448 952 2490 versu
1008 2443 1154 2501 aeternam,
1172 2433 1199 2488 iu
1228 2448 1326 2488 omues
1342 2433 1471 2488 similiter
1490 2432 1628 2497 homines,
1654 2445 1714 2486 uon
1732 2428 1850 2500 quidem

103 2524 164 2596 jam
192 2524 456 2594 comprehenderat,
488 2523 536 2579 scd
565 2523 677 2593 repetiit
705 2530 738 2578 ut
761 2523 894 2592 probaret
913 2523 953 2578 di·
1008 2524 1037 2579 iu
1053 2522 1192 2593 singulos,
1209 2523 1256 2577 sed
1272 2521 1301 2576 in
1317 2528 1442 2592 utraque
1458 2521 1610 2577 hominum
1639 2533 1746 2590 genera
1761 2518 1849 2573 deter-

106 2626 173 2668 ccns
190 2629 197 2667 ε
1007 2612 1127 2667 minata.
1142 2610 1223 2677 Quod
1244 2611 1320 2666 enim
1341 2624 1399 2666 nou
1415 2611 1448 2666 de
1464 2609 1587 2681 singulis
1603 2609 1678 2664 dicat
1701 2608 1853 2677 Apostolus

140 2701 209 2755 Nom
224 2699 363 2768 judiciam
384 2698 504 2766 quidem,
534 2705 599 2766 etc,
617 2698 645 2754 id
673 2707 715 2754 εει
743 2713 779 2754 ex
807 2713 866 2755 unc
891 2713 954 2768 pcc·
1007 2701 1103 2757 statim
1130 2701 1281 2770 sequentia
1304 2700 1464 2766 insinuant,
1492 2700 1543 2754 ubi
1560 2698 1742 2753 solummodo
1764 2699 1851 2752 multi.

106 2797 178 2854 cato,
195 2788 263 2843 Adra
279 2787 400 2855 scilicet,
424 2793 466 2842 est
478 2787 622 2857 judicium
639 2789 688 2844 Dei
707 2790 736 2842 in
758 2788 955 2843 condemnatio
1008 2788 1088 2845 Altrlti
1105 2803 1163 2844 non
1183 2802 1282 2844 omnes
1311 2789 1458 2844 dicuntur.
1485 2789 1520 2844 Et
1548 2788 1631 2857 plane
1645 2786 1800 2857 Apostolus
1811 2800 1852 2841 ex·

105 2891 166 2930 nem
188 2883 369 2945 posterorum
391 2874 466 2944 ejus,
491 2875 519 2930 id
547 2883 588 2931 est
619 2877 737 2946 deputat
765 2891 813 2932 eos
838 2886 952 2932 aeternae
1009 2878 1106 2948 primii
1138 2868 1281 2948 quomodo
1314 2877 1450 2946 superius
1478 2891 1566 2945 supra
1597 2875 1703 2931 dixerit
1726 2876 1850 2944 priorem

106 2977 197 3032 poenae
213 2963 375 3019 tradendos.
407 2963 459 3018 Sed
481 2964 575 3032 gratia
603 2965 663 3030 Dei,
687 2964 715 3019 id
732 2971 774 3020 est
793 2964 953 3035 gratuitum
970 2925 992 2982 c
1008 2967 1099 3021 Adam
1114 2965 1245 3032 lormam,
1270 2966 1297 3020 id
1322 2973 1363 3021 cst
1379 2965 1597 3021 similitudinem
1618 2963 1747 3030 secundi,
1767 2964 1794 3019 id
1813 2970 1854 3019 est

106 3052 282 3108 remissionis
297 3052 404 3106 donum
419 3065 455 3106 cx
470 3051 570 3106 multis
595 3051 789 3117 debellatam
818 3052 953 3123 originali
1009 3054 1124 3120 Christi,
1142 3054 1170 3108 in
1185 3054 1240 3109 hoc
1255 3052 1385 3109 videlicet
1399 3055 1487 3123 quod,
1510 3053 1586 3108 sicut
1605 3052 1682 3122 quod
1698 3066 1785 3108 suum
1800 3058 1851 3117 est,

105 3141 212 3197 scilicet
227 3154 316 3212 quam
332 3138 455 3209 propriis
483 3153 533 3208 ρει
548 3138 695 3195 Christum
719 3140 888 3196 condonatis
912 3148 954 3197 est
1008 3141 1185 3198 transfundit
1215 3142 1249 3196 ad
1280 3142 1460 3210 posteros,id
1485 3149 1527 3197 cst
1551 3149 1712 3212 peceatum,
1743 3142 1784 3196 ita
1810 3140 1855 3196 illc

106 3228 476 3296 nobisinjnsttticmicnem,
499 3227 526 3281 id
548 3227 644 3282 estad
670 3241 820 3296 poenarum
837 3229 953 3285 ahsolu—
1009 3231 1085 3301 quod
1115 3245 1201 3287 suum
1228 3230 1264 3285 ad
1289 3244 1367 3295 suos,
1391 3230 1418 3285 id
1448 3237 1491 3287 εει
1522 3230 1644 3301 gratiam
1675 3229 1854 3300 justificatio

107 3315 222 3372 tionem.
249 3319 373 3384 Apparet
399 3315 496 3384 itaque
520 3313 605 3384 plura
619 3315 734 3370 nobisa
760 3316 873 3372 Christo
896 3317 952 3372 ccl·
1008 3320 1062 3375 nis.

106 3404 164 3460 lata
178 3418 239 3458 esse
253 3404 288 3459 ad
303 3404 435 3470 salutem,
452 3417 541 3472 quam
570 3404 606 3459 ab
621 3405 710 3460 Adam
736 3405 771 3459 ad
784 3405 955 3461 condemna·
1043 3410 1119 3465 Sicut
1145 3410 1226 3463 enim.
1247 3408 1321 3465 Vere
1347 3423 1397 3478 per
1424 3409 1558 3465 delictum
1593 3415 1620 3464 ει
1646 3408 1790 3479 justitiam
1817 3405 1857 3462 sic

107 3491 222 3556 tionem,
240 3506 305 3546 cum
328 3491 376 3547 ille
405 3492 536 3548 videlicet
564 3493 656 3548 Adam
685 3507 777 3548 uuum
805 3502 952 3562 peccatum
1008 3505 1105 3554 actum
1124 3505 1176 3563 est,
1192 3499 1265 3567 quia
1281 3512 1331 3567 per
1363 3499 1586 3554 inobedientiam
1608 3497 1853 3552 etobedientiam.

107 3579 235 3635 intulerit
253 3580 371 3642 mundo,
399 3580 425 3635 id
452 3588 494 3636 est
516 3581 605 3636 unius
632 3581 740 3651 peccati
763 3582 871 3637 scilicet
897 3583 953 3637 cri·
1008 3588 1044 3643 Et
1059 3587 1112 3643 hcc
1127 3595 1179 3652 est,
1197 3589 1266 3641 sicut
1281 3590 1353 3641 enim
1368 3595 1421 3643 etc.
1439 3589 1491 3642 Per
1518 3593 1666 3656 peccatum
1689 3584 1758 3640 Adae
1788 3582 1857 3640 rnul-

107 3668 211 3738 Cissafls
238 3682 364 3738 prauam,
394 3670 446 3725 1⁸1ss
470 3683 540 3725 VOPO
575 3668 769 3725 remissiffllem
796 3676 853 3725 iam
878 3668 955 3725 illitis
1009 3684 1051 3733 tos
1079 3676 1159 3743 dicit,
1182 3691 1238 3732 uon
1272 3691 1371 3733 omnes
1398 3676 1534 3731 constitui
1563 3682 1734 3745 peccatores,
1759 3673 1788 3728 id
1816 3679 1857 3727 εει

106 3767 389 3827 quamcraterorum.
408 3759 443 3813 Et
462 3757 648 3828 meritoquia
680 3759 743 3828 plus
771 3758 899 3829 oportuit
915 3764 954 3814 tot
1007 3765 1323 3836 aeternaepoenetradi.
1352 3767 1387 3822 Ut
1414 3766 1491 3820 cuim
1521 3763 1776 3834 praetermittamus
1804 3761 1854 3815 bo·

106 3853 134 3901 ct
150 3853 229 3901 tauta
246 3845 321 3901 bona
331 3846 415 3903 istius
434 3848 539 3917 juvare
554 3860 641 3917 quam
662 3847 741 3904 illius
766 3863 859 3903 unum
884 3847 954 3903 dell·
1009 3855 1116 3910 minem
1131 3854 1278 3911 christum
1304 3855 1340 3910 ab
1368 3854 1447 3909 omni
1475 3862 1590 3921 peccaro
1618 3864 1730 3920 semper
1756 3850 1859 3905 immu-

106 3942 195 4001 ctum,
219 3949 426 4006 uecmaguum
456 3936 579 3991 aliorum
602 3936 817 4003 comparatione
841 3951 952 3993 nocere.
1010 3951 1170 4009 nem,sunt
1200 3944 1280 4006 multi
1308 3943 1416 4014 quibus
1444 3942 1502 4012 jnm
1533 3955 1584 4011 ρει
1602 3946 1783 3996 sacramenta
1808 3939 1857 3993 Ec-

108 4023 187 4080 Unde
204 4024 396 4093 llicronymus
411 4024 447 4078 ad
466 4024 553 4079 Aliam
569 4024 696 4080 Mattritii
726 4026 878 4081 hccctiam
896 4039 956 4094 pcc·
1010 4030 1102 4086 clesiae
1116 4039 1262 4100 peccatum
1279 4032 1419 4103 originale
1440 4031 1633 4086 condonatum
1662 4036 1714 4094 est,
1743 4035 1771 4081 ει
1787 4035 1859 4096 ροει-

106 4119 202 4167 catum
227 4119 389 4167 extenuans
411 4109 473 4165 ait:
507 4131 517 4158 ι
551 4110 619 4165 Adae
652 4111 742 4182 magis
780 4113 954 4182 parcendum
1009 4130 1043 4172 ea
1068 4117 1193 4187 propriis
1215 4118 1448 4173 condemnantur
1480 4117 1616 4187 peccatis,
1646 4130 1720 4186 quos
1747 4128 1859 4186 nequa-

106 4197 171 4264 luit,
189 4199 239 4268 qui
265 4199 361 4254 adhuc
385 4199 517 4254 novellus
544 4207 616 4266 erat,
640 4207 668 4255 et
683 4199 794 4256 nullius
814 4209 880 4256 ante
895 4215 956 4269 ρεε
971 4219 994 4273 ρ
1010 4219 1098 4275 quam
1121 4219 1154 4261 eo
1182 4206 1265 4262 modo
1294 4221 1352 4275 quo
1372 4206 1480 4260 dictum
1510 4213 1552 4260 est
1581 4212 1741 4273 peccatores
1764 4204 1857 4258 Adam

107 4285 209 4347 cantis,
227 4293 254 4341 ct
270 4295 385 4356 propter
408 4294 557 4356 peccatum
582 4303 679 4351 suum,
697 4288 844 4345 morientis
866 4298 955 4346 retra-

106 4374 231 4430 hebatur
245 4375 386 4445 exemplo.
405 4376 465 4431 Tibi
492 4390 560 4432 vcro
587 4385 649 4447 post
667 4385 746 4433 tanta
770 4378 954 4446 documenta,

107 4471 170 4532 post
191 4463 293 4532 legem,
323 4471 384 4533 post
413 4465 579 4534 prophetas,
611 4474 671 4534 post
698 4466 868 4537 Evangelia,
893 4476 956 4536 post

106 4551 259 4622 apostolos,
288 4553 312 4606 si
334 4552 503 4623 delinquere
528 4553 654 4610 volueris
686 4556 829 4625 quomodo
862 4555 953 4611 indul-

108 4655 175 4712 gere
204 4640 291 4710 possit
311 4641 422 4709 ignoro.
448 4663 463 4691 »
494 4641 541 4698 Sic
564 4657 685 4710 erpone.
715 4642 955 4713 Quandoquidem

108 4744 159 4800 per
173 4729 308 4786 delictum
331 4730 418 4786 unius
440 4731 548 4786 scilicet
563 4731 641 4794 Adae,
658 4739 685 4786 ει
697 4744 747 4800 ρει
763 4745 857 4788 ιιιιιιιιι
883 4733 957 4788 scili-

108 4826 151 4874 cet
174 4818 308 4875 delictum
336 4833 431 4888 mors3
456 4819 541 4875 ctiam
561 4819 666 4874 auimae
695 4825 829 4890 repascit,
858 4821 885 4876 id
915 4830 956 4878 est

108 4908 203 4978 quiete
230 4915 358 4977 posteros
382 4906 519 4974 obtinuit,
550 4907 640 4962 multo
677 4910 897 4966 convenientius
929 4919 957 4968 et

106 4996 212 5066 iustius
227 5010 278 5065 ρει
293 5010 386 5052 unum
413 4997 509 5052 lesum
539 4995 686 5053 Christum
712 4997 843 5053 omnium
867 4999 955 5055 bono-

108 5098 173 5141 rum
195 5084 373 5154 plenitudine
388 5084 546 5153 perlectum
573 5084 678 5154 posteri
704 5085 768 5155 eius
790 5087 957 5157 spirituales

44 5226 50 5237 ,
107 5174 277 5243 accipientes
288 5174 499 5230 abundantiam
515 5173 621 5230 divinae
637 5174 745 5245 gratia,
769 5174 797 5231 id
816 5184 857 5231 est
871 5176 953 5246 plura

108 5259 184 5314 borsa
207 5275 293 5331 super
308 5264 411 5317 merita
440 5263 568 5332 ipsorum
597 5262 638 5320 cis
666 5263 779 5333 collata,
802 5265 956 5321 bonadico

109 5347 269 5404 donationis
298 5357 326 5406 ct
349 5349 478 5421 iustitia.
504 5353 672 5408 Donationis
697 5353 875 5410 solummodo
905 5353 956 5410 illa

110 5434 339 5495 donadicuutur
362 5438 469 5509 quibus
490 5441 606 5499 nullum
631 5446 673 5498 est
696 5441 830 5499 meritum
850 5441 955 5514 adjun-

1009 4294 1166 4361 coustituit,
1183 4295 1229 4350 sed
1251 4294 1364 4364 ipsimet
1381 4295 1465 4363 ipsos,
1492 4293 1563 4363 quia
1587 4295 1646 4360 jam
1674 4306 1732 4347 non
1758 4305 1857 4361 pecca·

1010 4389 1071 4438 tum
1088 4383 1196 4439 Adarin
1218 4383 1259 4437 eis
1287 4382 1385 4453 puniri
1413 4382 1540 4450 videtur,
1570 4382 1677 4451 quippe
1705 4380 1783 4450 quod
1798 4382 1860 4451 jam

1009 4471 1050 4527 eis
1065 4471 1259 4527 condonatum
1283 4480 1335 4538 est,
1365 4471 1413 4526 sed
1445 4470 1562 4540 propria
1589 4470 1717 4539 ipsorum
1743 4477 1859 4525 tantum

1008 4565 1138 4630 peccata.
1165 4556 1302 4623 Quamvis
1329 4557 1462 4614 nonnulli
1489 4557 1575 4627 jarrta
1604 4557 1770 4626 parabolam
1806 4558 1858 4613 lio·

1011 4647 1081 4703 mini
1107 4647 1142 4702 de
1167 4647 1280 4703 duobus
1308 4646 1455 4703 conservis
1481 4646 1599 4702 dimissa
1627 4646 1713 4701 etiam
1742 4655 1860 4716 peccata

1011 4737 1040 4792 in
1056 4736 1199 4792 damnatis
1213 4744 1301 4807 atque
1328 4736 1449 4805 ingratis
1465 4736 1567 4800 redire,
1598 4744 1626 4791 et
1637 4734 1726 4806 jungi
1745 4735 1781 4791 ad
1799 4751 1860 4806 poe-

1010 4839 1078 4881 uam
1094 4825 1134 4880 ita
1149 4824 1248 4890 velint,
1270 4833 1303 4880 ut
1322 4826 1398 4895 quod
1423 4827 1480 4896 jam
1512 4825 1749 4881 condonationem
1780 4839 1861 4882 acce-

1009 4913 1052 4983 pit
1067 4913 1171 4969 iterum
1196 4914 1346 4983 puniatur.
1366 4915 1436 4970 Cum
1453 4915 1480 4968 id
1498 4913 1582 4983 plane
1601 4912 1754 4982 Apostolos
1770 4914 1800 4970 iu
1816 4928 1861 4970 se·

1010 5002 1166 5072 quautibus
1182 5003 1370 5069 contradicat,
1399 5003 1497 5059 diceus
1517 5003 1579 5058 sine
1604 5002 1774 5071 peanilentia
1800 5017 1861 5059 esse

1010 5089 1085 5145 dona
1109 5090 1158 5146 [lei
1184 5099 1212 5146 ει
1241 5092 1428 5148 vocationem.
1458 5092 1497 5146 lie
1518 5106 1576 5160 quo
1593 5092 1712 5161 quidem
1728 5105 1782 5148 suo
1800 5092 1861 5148 loco

1010 5177 1176 5248 diligentius
1204 5179 1387 5237 disseremus.
1418 5182 1575 5235 Possumus
1610 5179 1696 5234 etiam
1739 5179 1860 5235 tortasse

1009 5264 1104 5323 nullos
1119 5267 1272 5325 salvandos
1299 5271 1335 5326 ab
1357 5269 1447 5323 Adam
1478 5275 1649 5337 peccatores,
1678 5276 1710 5323 ut
1725 5268 1861 5324 determi-

1009 5361 1111 5411 natum
1126 5364 1178 5424 cst,
1204 5358 1353 5425 constitui,
1370 5357 1397 5413 id
1422 5365 1463 5414 cst
1484 5366 1599 5414 cateruae
1629 5357 1712 5414 morti
1742 5356 1860 5428 subjici,

1008 5442 1057 5500 scd
1072 5444 1146 5503 solos
1160 5445 1222 5503 sinc
1240 5453 1419 5503 sacramento
1431 5445 1591 5505 damnatos.
