3736 5962
740 192 959 300 ιιιιιιιιιι.
1388 210 1394 217 ’
1655 203 1734 304 ιιιΙ

91 381 119 423 se
142 364 311 424 dimittendo
334 365 401 424 facit
423 363 596 437 adulteram,
627 366 677 423 sed
703 365 822 424 dimittit
836 365 862 421 Δ
876 374 986 438 quanto
1006 364 1101 440 magis
1120 366 1281 426 ostenditur
1301 367 1440 426 indebita.
1467 368 1560 426 ttcn:
1583 368 1645 428 iliis
1658 382 1726 443 qnae

92 470 148 512 am.
172 456 243 511 ftem
267 472 274 510 :
297 457 371 512 Cum
396 455 486 527 igitur
513 469 566 511 nos
586 455 712 512 dicimus
737 459 824 514 etiam
877 471 907 513 se
921 471 979 514 non
993 455 1151 526 continent,
1164 457 1268 528 utique
1279 457 1396 528 expedit
1410 457 1529 516 nubere.
1543 457 1613 527 Qua
1626 467 1725 519 autem

91 546 172 614 dieri,
197 560 264 617 ιιι
276 547 375 602 virum
397 544 585 601 fornicantem
605 544 758 614 dimiserit,
780 543 822 602 ai·
878 546 1010 603 voverint
1023 546 1240 612 continentiam,
1254 561 1307 603 nec
1323 547 1400 614 iicet,
1422 560 1476 603 nec
1489 547 1615 618 expedit.
1635 536 1724 608 Porro

94 635 160 691 bere
187 649 244 691 non
261 635 355 701 ficere,
380 641 412 690 ιι
436 641 533 690 autern
553 634 626 690 dicis
651 634 736 691 ficere
757 634 824 705 qui·
877 635 1023 693 discedere
1048 635 1084 691 ad
1107 634 1217 692 iniideii
1241 635 1365 708 coniuge
1389 634 1466 705 iicet,
1495 636 1545 693 sed
1567 650 1729 710 nonexpef

91 723 119 779 ed
147 738 206 780 non
234 723 380 795 expedire,
398 723 517 794 utrique
540 722 641 793 procui
662 722 751 780 dubio
779 723 823 780 di·
877 722 929 793 dit,
942 725 1023 795 quia,
1039 725 1063 781 si
1077 739 1135 780 non
1150 722 1256 791 liceret,
1271 723 1409 798 expedire
1423 736 1483 781 non
1497 731 1601 795 posset.
1617 724 1659 783 Ac
1673 738 1726 797 per

91 826 158 879 carn,
186 827 252 883 quae
278 813 469 869 fornicantem
484 810 583 868 virum
613 812 744 878 dimittit,
769 824 825 868 nu·
877 814 931 870 hoo
957 826 1015 869 non
1042 811 1149 881 omnia,
1177 826 1243 883 quae
1268 812 1346 869 ficita
1371 818 1450 879 sunt,
1465 812 1636 885 expediunt.
1652 813 1726 872 Sunt

91 915 124 957 on
147 901 259 957 debere.
285 903 388 957 Verum
417 901 472 957 hoc
499 901 625 967 interest,
654 900 732 973 quod
758 913 820 968 nos,
877 901 984 974 quippe
1007 901 1087 959 licita
1118 915 1184 972 (ιιι
1211 914 1270 958 non
1295 901 1463 972 expediunt,
1487 901 1563 959 ιίιιιι
1590 900 1725 975 apostolo

91 990 247 1060 >coniuges
266 991 351 1047 ambo
367 989 525 1047 Christiani
548 997 628 1058 snut,
648 989 775 1058 muiieri,
797 988 823 1046 si
876 998 997 1048 testante
1011 990 1178 1047 didicimus.
1201 989 1256 1046 Sed
1281 991 1355 1047 inter
1380 990 1409 1047 id
1433 990 1512 1061 quod
1532 989 1666 1049 illicitum
1681 996 1736 1061 est,

91 1077 247 1135 fornicante
268 1079 439 1144 discesserit,
465 1078 594 1143 ¹dicimus
608 1092 666 1134 non
682 1076 766 1133 ficere
783 1077 824 1134 ai·
875 1086 903 1134 et
916 1077 977 1133 ideo
991 1091 1050 1133 non
1072 1076 1202 1147 expedit,
1216 1083 1304 1147 atque
1324 1076 1352 1131 id
1382 1076 1461 1147 quod
1487 1075 1600 1134 iicitum
1614 1085 1658 1135 est
1671 1086 1734 1136 neo·

93 1168 169 1237 bere,
185 1168 280 1225 ariro
300 1176 398 1225 autem
414 1166 492 1239 [noni
515 1167 571 1238 (50)
589 1165 750 1223 fornicante
764 1179 822 1222 non
876 1175 973 1223 tamen
1000 1165 1126 1237 expedit,
1157 1165 1228 1236 qnid
1251 1165 1374 1235 intersit,
1390 1165 1490 1237 aliqua
1509 1166 1667 1224 universali
1681 1181 1725 1239 ιι-Ι

91 1257 236 1313 iiscedere.
261 1258 332 1312 item
361 1274 368 1312 :
392 1256 555 1328 Apostolus,
585 1256 642 1313 imo
670 1269 721 1326 per
742 1255 822 1326 Apo-
877 1257 946 1328 gula
960 1254 1080 1312 definire
1101 1253 1217 1311 difficiie
1231 1261 1282 1311 est.
1298 1253 1390 1312 Citius
1410 1255 1486 1312 enim
1499 1255 1626 1327 quisque
1643 1256 1725 1315 dixe·

105 1346 254 1414 Dominus,
279 1346 348 1416 qnia
373 1345 524 1401 mutierem
553 1358 611 1400 non
637 1343 777 1414 permittit
805 1356 823 1400 a
876 1345 924 1412 rit,
952 1357 1045 1412 omne,
1078 1342 1157 1414 quod
1186 1342 1247 1398 fieri
1274 1356 1332 1399 non
1347 1344 1474 1414 expedit,
1488 1350 1636 1416 peccatum
1657 1353 1723 1414 est;

91 1434 284 1491 nfornicante
312 1435 465 1502 discedere,
483 1442 571 1491 restat
590 1440 622 1490 ut
646 1447 709 1490 eam
726 1433 823 1503 proiti-
875 1447 960 1490 omne
982 1439 1079 1489 autem
1107 1439 1257 1503 peccatum
1284 1431 1417 1489 iiiioitnm
1451 1440 1512 1501 est;
1532 1447 1618 1490 omne
1641 1446 1724 1508 ergo,
1789 1476 1794 1482 ·

93 1524 102 1579 i
125 1524 293 1592 discesserit,
319 1524 438 1587 nubere,
465 1536 554 1594 quam
580 1523 717 1593 permittit
732 1536 749 1578 a
764 1521 819 1579 for·
874 1521 951 1591 quod
976 1534 1036 1575 non
1057 1518 1183 1590 expedit,
1212 1517 1348 1575 iiiicitnm
1369 1526 1421 1577 est.
1444 1520 1481 1576 Ει
1496 1520 1548 1578 ubi
1568 1527 1655 1579 erunt
1674 1520 1724 1579 iiia

116 1610 267 1667 discedere.
301 1612 341 1667 De
369 1625 429 1682 qua
447 1610 524 1666 enim
547 1610 665 1677 dicitur,
686 1609 711 1665 si
726 1623 743 1664 a
756 1608 820 1665 viro
875 1623 940 1681 qua
954 1609 1035 1666 ficita
1048 1622 1120 1675 esse,
1141 1607 1263 1665 sednon
1290 1607 1437 1679 expedire,
1453 1606 1607 1679 Apostolus
1623 1609 1722 1668 dixit?

91 1701 144 1768 crit,
171 1714 229 1755 non
249 1700 352 1767 nnbat,
374 1713 408 1756 ea
426 1699 591 1755 conditione
615 1698 733 1765 dicitnr,
762 1695 819 1771 [uti
834 1701 858 1760 ιι
875 1699 1055 1768 Quapropter
1082 1694 1153 1767 quia
1177 1702 1205 1753 et
1227 1694 1328 1766 aliqua
1350 1703 1467 1767 peccata
1493 1710 1555 1754 esse
1579 1696 1657 1754 iicita
1677 1698 1723 1757 dt·

90 1789 161 1844 ibat.
189 1790 257 1843 item
273 1805 280 1842 :
297 1787 377 1855 Quod
397 1789 540 1845 Dominus
560 1787 601 1843 ait
627 1801 635 1843 :
662 1789 821 1853 Quicunque
875 1800 938 1843 cere
952 1800 1011 1843 non
1033 1783 1186 1848 audemus,
1216 1789 1305 1841 restat
1327 1791 1361 1840 ut
1376 1784 1508 1842 dicamus
1532 1784 1644 1858 aliquid
1659 1786 1737 1847 fieri·

91 1881 109 1932 it
123 1893 237 1932 uxorem
253 1880 308 1933 nisi
322 1893 356 1932 eu
375 1879 671 1945 (ονιιιιιιιιιιιιιιιι,
683 1882 711 1931 et
734 1875 821 1931 otium
875 1874 953 1947 quod
977 1888 1035 1930 non
1063 1872 1208 1944 expediat,
1229 1879 1384 1944 ettamen,
1410 1874 1434 1930 si
1460 1871 1573 1932 licitum
1596 1883 1647 1944 est,
1662 1886 1736 1955 nonj

91 2010 93 2026 ‚
122 1966 280 2030 mechatur,
311 1973 364 2022 etc.
396 1965 489 2021 Siniti
515 1963 662 2022 locutione
696 1965 821 2022 tacobns
874 1969 1107 2034 essepeccatum,
1127 1961 1272 2032 quamvis,
1292 1963 1432 2033 quoniam
1450 1977 1509 2020 non
1523 1964 1649 2035 expedit,
1662 1978 1722 2024 non

91 2057 155 2109 tenti
180 2070 243 2123 erpo
259 2055 356 2109 bonum
378 2055 469 2122 tmere
489 2058 514 2109 et
538 2068 593 2108 non
611 2055 735 2121 fcrenti,
757 2067 821 2123 pec·
873 2053 911 2109 sit
921 2052 1024 2122 utique
1037 2051 1211 2108 faciendum.
1228 2049 1310 2117 Quod
1329 2051 1355 2108 si
1372 2051 1532 2110 absurdum
1547 2052 1675 2123 ridetur,
1688 2062 1723 2114 ut

91 2149 129 2197 est
152 2144 194 2198 itii
217 2143 270 2214 (ιι,
302 2143 353 2212 ιι).
378 2144 447 2197 Item
465 2157 470 2196 :
490 2141 570 2198 Unde
595 2155 662 2197 eum
686 2141 818 2211 dicimus,
873 2140 986 2213 aliquid
1011 2140 1060 2196 fiat
1089 2139 1168 2211 quod
1189 2153 1247 2197 non
1261 2140 1388 2211 expedit,
1407 2147 1435 2198 et
1459 2139 1723 2216 dicaturncnpec·

91 2247 142 2302 pue
168 2232 319 2288 mutierem
349 2237 453 2301 prater
483 2243 602 2287 causam
620 2228 820 2288 fornicationis
873 2244 953 2287 casse
971 2230 1024 2302 qui
1042 2228 1151 2296 fecerit,
1166 2227 1387 2301 intelligendum
1413 2237 1456 2286 est
1470 2229 1575 2287 isocen
1596 2245 1721 2290 consue-

92 2334 119 2374 m
147 2320 273 2386 duxerit,
300 2321 470 2387 mechatur,
494 2319 528 2375 de
552 2332 612 2375 uno
634 2320 752 2390 quidem
775 2317 817 2375 di·
874 2319 974 2377 tudine
988 2317 1129 2375 sermonis
1151 2316 1208 2389 (of)
1234 2318 1406 2388 absurdum,
1422 2318 1612 2391 quaeitaiate
1631 2328 1719 2392 patet.

93 2423 145 2464 nec
166 2417 260 2464 tamen
276 2409 340 2464 ideo
365 2407 503 2464 moechari
527 2421 594 2465 eum
611 2422 752 2479 negamus
767 2409 819 2479 qui
872 2415 906 2466 ut
919 2409 1006 2464 etiam
1026 2407 1173 2476 jumenta,
1198 2407 1334 2478 quamvis
1355 2407 1413 2465 sint
1435 2409 1557 2466 rationis
1576 2411 1718 2483 expertia,

91 2497 181 2564 inerit,
214 2511 302 2568 quam
336 2504 451 2567 propter
481 2510 598 2552 cansam
623 2495 821 2554 fornicationis
873 2507 969 2555 tamen
979 2495 1150 2568 pierumque
1164 2496 1298 2553 dicamus
1312 2496 1415 2554 debere
1424 2497 1564 2569 vapulare
1577 2488 1739 2572 cumpca*

91 2603 93 2637 ι
121 2585 271 2641 dimiserit.
298 2587 341 2641 ita
367 2599 434 2641 cum
462 2585 548 2640 ambo
572 2585 629 2641 sint
653 2584 767 2654 moeoiii,
791 2591 819 2643 et
873 2594 958 2656 cant;
980 2599 1097 2657 peccare
1116 2593 1213 2641 autem
1234 2585 1350 2656 proprie
1369 2599 1428 2642 non
1442 2592 1485 2642 est
1504 2586 1561 2643 nisi
1575 2587 1650 2659 eius,
1666 2587 1720 2661 qui

91 2674 156 2730 iicet
182 2675 233 2745 qni
257 2673 396 2729 dimiserit
427 2686 549 2729 uxorem
573 2681 676 2744 praeter
700 2686 818 2729 causam
873 2676 967 2734 utitur
981 2672 1117 2732 rationaii
1131 2672 1290 2730 voluntatis
1317 2674 1449 2743 arbitrio,
1478 2675 1557 2746 quod
1581 2675 1611 2732 in
1626 2676 1718 2735 omni·

94 2763 168 2818 ionis
202 2769 229 2818 et
252 2762 373 2820 aiteram
396 2761 521 2829 duxerit,
549 2769 577 2818 et
601 2760 649 2818 iiie
672 2761 722 2831 qui
752 2775 818 2833 pro·
873 2766 928 2823 bus
938 2762 1110 2821 mortalibus
1122 2761 1321 2819 animantibus
1340 2775 1398 2818 non
1413 2763 1469 2819 nisi
1482 2762 1594 2821 nomini
1614 2764 1737 2824 divini-¹

91 2865 184 2907 tusam
210 2852 409 2907 fornicationis
437 2865 529 2908 uxore
552 2851 671 2908 dimissa
690 2865 720 2908 se
735 2851 817 2908 aiteri
872 2852 1114 2912 tusattributum.
1140 2849 1194 2908 Sed
1209 2849 1290 2907 afiud
1316 2857 1368 2918 est,
1389 2864 1455 2909 cum
1484 2852 1602 2923 proprie
1619 2853 1719 2925 ioqui-

91 2941 159 3006 ιιι,
191 2940 316 3010 profecto
346 2939 464 3010 quando
495 2939 530 2996 de
563 2954 621 2996 nno
646 2953 747 2996 eorum
775 2940 818 2996 ie·
872 2959 956 3012 mur;
974 2941 1054 3000 atiud
1073 2949 1210 3002 esurum
1233 2940 1321 2997 veroa
1341 2954 1378 2996 ex
1397 2939 1462 2997 afiis
1486 2942 1574 2999 rebus
1596 2943 1717 3002 transfe-

109 3043 168 3085 non
197 3029 238 3084 ita
267 3026 426 3099 intelligere
453 3029 599 3093 dehemus,
628 3029 712 3099 quasi
745 3028 818 3086 after
833 3039 854 3096 c
871 3032 960 3089 rendo
981 3030 1028 3087 vei
1047 3029 1194 3087 abutendo
1215 3035 1395 3086 mutuamus.
1410 3031 1478 3086 item
1503 3047 1510 3086 :
1532 3031 1575 3088 Ea
1589 3032 1661 3091 mihi
1674 3033 1719 3091 ιι-

91 3133 100 3173 ι
124 3125 246 3188 negatus
274 3118 320 3173 sit.
350 3117 403 3173 Sed
431 3118 454 3173 si
484 3116 539 3173 hoc
559 3117 720 3183 ifattiiaeus,
747 3118 818 3190 quia
872 3122 978 3177 dentur
1003 3117 1089 3175 ficere
1103 3125 1131 3174 et
1154 3131 1213 3174 non
1240 3118 1387 3189 expedire,
1416 3134 1483 3191 quae
1507 3134 1558 3192 per
1575 3121 1719 3193 justitiam

91 3219 183 3262 anna
212 3206 303 3276 specie
332 3205 452 3262 aiteram
485 3206 583 3269 tacuit,
611 3206 678 3263 facit
702 3205 738 3263 ad
768 3207 817 3262 in·
872 3209 999 3281 quidem,
1027 3222 1094 3279 qum
1124 3221 1220 3263 coram
1247 3208 1305 3264 Deo
1333 3214 1387 3276 est,
1424 3209 1642 3281 permittuntur,
1667 3212 1737 3272 sed

91 3295 158 3350 dum
190 3295 315 3361 diffinite,
354 3295 488 3366 nunquid
520 3309 578 3350 non
613 3294 662 3351 aiii
690 3295 816 3367 idipsum
872 3296 928 3371 [obi
955 3296 1141 3354 ofiensionem
1157 3295 1321 3363 hominum,
1345 3309 1381 3352 ne
1403 3297 1441 3354 ob
1456 3295 1510 3354 hoc
1524 3297 1719 3370 impediantur

91 3384 176 3454 ipiexi
199 3392 278 3449 sunt,
303 3391 336 3439 ut
362 3383 397 3439 de
419 3391 543 3455 utroque
562 3385 649 3455 possit
671 3384 816 3457 inteiiipii
871 3402 889 3444 a
913 3386 1017 3455 sainte,
1045 3384 1166 3442 vitanda
1188 3391 1266 3441 sunt.
1293 3385 1381 3441 item:
1398 3385 1546 3444 Dimittere
1572 3387 1718 3447 infidelem

93 3473 237 3529 erundum
272 3473 401 3530 Marcum
428 3472 470 3543 (ιι,
491 3474 529 3539 ιιι
569 3473 779 3542 scriptumest
807 3488 815 3528 :
871 3477 1024 3548 conjugem
1051 3474 1074 3530 si
1100 3487 1158 3529 non
1185 3471 1292 3542 iireret,
1317 3474 1457 3533 Dominus
1474 3475 1647 3548 pmftiberet,
1670 3492 1718 3536 ne-

91 3578 129 3616 yue
157 3562 293 3617 dimiserit
329 3577 443 3616 numam
464 3577 544 3616 suom
575 3567 601 3616 ei
625 3562 740 3616 ιιιιιιιι
766 3562 816 3617 du·
872 3579 930 3636 que
944 3561 1265 3635 apostotusprcuioens
1283 3562 1407 3620 diceret:
1423 3568 1480 3634 tipo
1496 3563 1566 3634 dico,
1592 3583 1647 3624 non
1663 3571 1715 3624 Do·

91 3651 256 3704 adulterium
288 3652 431 3704 cornmittit
459 3665 543 3719 super
577 3665 656 3704 eom:
684 3652 753 3705 etsi
775 3651 815 3706 di·
871 3657 971 3709 miuus.
998 3652 1081 3717 Nam,
1108 3652 1131 3706 si
1153 3658 1270 3722 propfer
1293 3650 1510 3712 fornicationem
1532 3656 1630 3712 carnis
1653 3671 1733 3728 per·¹

106 3755 178 3793 uuor
210 3742 301 3793 uirum
326 3755 416 3805 suum,
451 3744 477 3794 et
505 3739 557 3793 ciii
586 3741 721 3810 nupserit,
754 3754 817 3793 mu·
872 3743 996 3798 mittitur
1024 3741 1109 3796 homo
1128 3740 1279 3811 aeonjuge
1293 3741 1430 3810 separari,
1448 3750 1558 3813 quanto
1580 3744 1673 3817 magis
1686 3745 1719 3802 in

119 3827 283 3884 Secundum
323 3827 429 3884 Lucam
458 3828 529 3899 (ιιιι,
575 3828 617 3899 ta)
652 3829 693 3884 sic
720 3842 727 3882 :
755 3828 819 3884 Om-
872 3831 995 3901 conjuge
1011 3827 1115 3885 mentis
1141 3827 1291 3884 fornicatio
1306 3828 1474 3886 detestanda
1486 3830 1553 3887 est?
1571 3832 1600 3889 id
1615 3841 1657 3890 est
1673 3833 1715 3890 in·

120 3916 237 3971 dimittit
266 3931 380 3970 uxorem
410 3931 499 3984 suom,
527 3921 553 3970 et
581 3917 657 3972 ducii
690 3918 817 3985 oiferom,
872 3917 1027 3986 odeiitntis,
1051 3918 1086 3973 de
1109 3930 1168 3988 qua
1195 3917 1332 3986 scriptum
1356 3925 1398 3974 est
1417 3919 1504 3986 (Psoi.
1535 3934 1622 3989 nxxu,
1645 3920 1716 3993 iii:

91 4020 138 4074 ur3
168 4009 265 4074 etqui
297 4005 441 4060 dimissum
473 4021 491 4060 a
523 4007 582 4061 uiro
611 4005 732 4072 duxerit,
757 4021 818 4061 ιιι-
873 4009 1005 4076 Quoniam
1027 4022 1085 4062 ecoe
1113 4007 1209 4076 quise
1233 4005 1343 4070 fuciunt
1371 4005 1449 4076 ionpe
1473 4026 1491 4064 ι
1518 4012 1554 4072 te.
1567 4010 1716 4081 peribunt3

100 4095 168 4148 item
184 4111 190 4148 :
207 4093 279 4160 Quid
301 4097 373 4148 enim
394 4096 455 4157 scis,
472 4094 578 4164 inquit,
598 4096 706 4159 mulier,
731 4097 757 4150 si
775 4097 818 4149 oi·
870 4097 1021 4169 perdidisti
1038 4112 1152 4159 omnem,
1169 4097 1217 4165 qui
1230 4097 1387 4163 fornicatur
1398 4098 1445 4153 obs
1462 4101 1495 4153 te.
1513 4098 1577 4163 Sed,
1590 4099 1662 4169 quia
1677 4098 1717 4158 iia

91 4184 160 4237 fuum
183 4181 293 4249 facies?
313 4187 362 4237 ont
380 4183 452 4238 unde
475 4186 520 4237 cir
544 4184 608 4250 scis,
636 4190 690 4238 etc.
711 4183 736 4253 (ι
756 4185 816 4240 Gor.
873 4186 984 4244 licitum
999 4191 1050 4252 est,
1081 4192 1113 4240 ut
1137 4198 1197 4240 non
1211 4185 1355 4255 expediat,
1374 4200 1410 4242 ne
1424 4193 1541 4257 propter
1556 4185 1717 4259 conjugum

91 4281 124 4336 t:
155 4272 190 4326 ad
211 4271 366 4327 lucrandos
394 4273 533 4343 conjuges
561 4278 588 4328 et
612 4271 687 4327 friics
701 4271 816 4339 Christi,
872 4275 1066 4346 separationes
1085 4270 1186 4329 odensi
1214 4273 1346 4331 homines
1366 4274 1526 4333 doctrinam
1554 4270 1740 4334 saiutisex·'

91 4359 208 4430 rempiis
222 4374 289 4430 quae
303 4360 362 4431 jam
379 4368 572 4429 provenerant
586 4361 702 4418 videtur
715 4362 818 4417 adhor-
834 4383 856 4437 Ι)
872 4365 1019 4432 horreant,
1039 4376 1073 4419 ao
1096 4362 1119 4418 si
1136 4361 1258 4433 perituri
1274 4362 1303 4419 in
1325 4363 1422 4420 eadem
1439 4363 1605 4423 infidelitate
1621 4378 1718 4422 rema·

91 4451 134 4504 :ur
147 4464 200 4521 ego
216 4463 272 4504 non
285 4449 418 4518 expediat
432 4450 520 4505 etiam
537 4450 666 4506 infideles
680 4451 819 4521 coniuges
872 4462 970 4522 neant,
1001 4450 1155 4523 apostotus
1190 4452 1333 4508 monendo
1360 4452 1422 4509 fieri
1451 4462 1548 4517 vetat:
1576 4455 1654 4526 quod
1677 4455 1719 4511 ita

104 4552 121 4594 a
149 4538 288 4605 fideiibus,
310 4552 398 4595 eausa
423 4538 571 4595 evidenter
597 4553 733 4609 expressa
759 4546 814 4596 est.
872 4542 986 4599 licitum
1000 4548 1052 4606 est,
1076 4548 1109 4596 ut
1137 4554 1195 4597 non
1221 4541 1363 4611 expediat.
1378 4544 1445 4598 item
1460 4558 1468 4598 ι
1484 4543 1718 4615 Αιιιιιιιιιιιιι·

91 4627 130 4684 im
152 4636 268 4697 propter
291 4626 442 4682 vincutum
459 4641 526 4683 cum
546 4627 653 4683 tatibus
667 4627 820 4699 conjugale
875 4633 971 4687 minus
985 4644 1037 4701 per
1060 4630 1181 4686 Esdram
1197 4630 1364 4701 prophetam
1381 4631 1405 4701 (ι
1420 4631 1501 4688 Ειιι.
1526 4647 1558 4699 x,
1576 4632 1618 4705 ιι)
1631 4631 1719 4710 jussit

91 4717 156 4781 inm,
171 4716 219 4772 sed
250 4720 282 4771 ut
307 4716 498 4787 acquirantur
521 4715 643 4783 Christo,
668 4716 761 4772 recedi
783 4716 820 4772 ab
873 4728 901 4777 et
925 4719 1033 4776 facium
1059 4727 1121 4785 est:
1147 4719 1320 4776 dimiserunt
1342 4718 1478 4778 israeiitae
1493 4735 1596 4779 uxores
1617 4719 1719 4777 afieni·

91 4818 137 4861 ιιι
158 4804 331 4876 conjugibus
358 4811 445 4859 vetat.
472 4805 540 4858 trem
558 4821 564 4857 :
585 4803 740 4874 Apostolus
753 4804 822 4860 dicit
874 4821 972 4878 genas,
997 4821 1048 4877 per
1078 4822 1152 4878 quas
1168 4807 1254 4864 fiebat
1277 4814 1309 4864 ut
1323 4815 1351 4864 et
1378 4809 1432 4879 ipsi
1447 4810 1484 4867 ad
1511 4808 1620 4867 alienos
1634 4810 1719 4867 sedu-
1755 4857 1764 4865 .

113 4907 154 4961 ιι,
189 4894 255 4962 iii:
277 4896 374 4950 Omnia
398 4895 475 4950 ficita
500 4897 575 4959 sunt,
585 4893 639 4980 ped
653 4909 707 4947 non
730 4895 822 4948 omnio
874 4904 1010 4953 cenentur
1027 4896 1105 4962 deos,
1121 4911 1180 4952 non
1198 4903 1231 4953 ut
1254 4896 1309 4953 iiiae
1324 4910 1376 4967 per
1396 4898 1515 4955 maritos
1536 4911 1605 4955 vero
1620 4899 1721 4969 acqui·

91 4987 134 5036 nt.
161 4985 244 5039 Nemo
267 4984 339 5052 quod
365 4998 446 5037 suum
468 4987 508 5037 est
532 4986 647 5051 puaerot,
674 4982 723 5036 sed
749 4982 823 5051 quod
874 4992 1008 5041 rerentur
1022 4985 1089 5040 Deo.
1116 4985 1197 5042 Unde
1218 4985 1344 5056 jusserat
1364 4987 1505 5044 Dominus
1523 5002 1576 5059 per
1595 4988 1719 5058 iioyscn,

91 5111 97 5125 .
119 5073 185 5126 irem
210 5087 216 5126 ε
241 5072 333 5141 igitur
360 5071 438 5126 ficita
461 5077 541 5136 sunt,
557 5071 584 5125 id
600 5078 641 5126 est
656 5070 737 5127 nuifo
752 5085 822 5141 prae
875 5086 911 5128 ne
926 5078 993 5142 quis
1021 5087 1139 5130 uxorem
1159 5074 1351 5147 alienigenam
1372 5075 1499 5134 duceret.
1522 5076 1622 5135 iierito
1640 5088 1739 5149 ergo,t

91 5160 190 5216 >omini
207 5161 409 5229 prohibentor.
426 5162 493 5215 item
514 5174 520 5213 :
546 5158 619 5214 Sunt
640 5173 706 5230 qua
720 5160 819 5217 dicun·
876 5175 950 5232 quas
964 5162 1108 5218 duxerant
1128 5162 1251 5220 Domino
1272 5164 1449 5234 prohibente,
1471 5167 1591 5222 Domino
1602 5165 1722 5238 jubente

91 5263 103 5304 n
128 5264 145 5304 a
174 5250 294 5305 Domino
319 5249 450 5321 praecipi,
474 5248 611 5318 quamvis
624 5248 746 5304 Domino
762 5263 821 5306 mo·
876 5250 1057 5306 dimiserunt.
1081 5252 1146 5306 item
1175 5266 1182 5305 :
1210 5251 1337 5309 infideiis
1361 5252 1488 5309 hominis
1510 5251 1660 5310 fornicatio
1680 5258 1737 5334 est,

91 5339 221 5406 roiferri,
251 5347 283 5395 ut
300 5346 379 5394 tanto
397 5336 597 5408 intelligantur
609 5352 670 5394 esse
684 5338 820 5410 gratiora,
877 5339 969 5409 major
986 5339 1016 5396 in
1039 5340 1134 5411 corde,
1159 5355 1196 5398 ne
1217 5355 1289 5399 vera
1311 5341 1376 5413 eJ'us
1406 5339 1631 5412 pudicitiarum
1656 5356 1724 5400 con·

91 5464 193 5521 ifonao.
210 5479 343 5521 omnen.
877 5452 962 5534 quod,
978 5470 1032 5521 eto.

109 5535 220 5592 Monac.
251 5550 257 5590 :
286 5533 439 5590 conditione
477 5547 630 5590 sermonum
660 5533 820 5606 absurdum,
