3804 5962
114 154 182 211 litt
373 147 478 207 turm
496 146 682 207 ABAELARDI
700 147 776 204 OPP.
795 146 884 205 PARS
903 147 954 205 ul.
973 174 1008 192 -
1025 145 1248 211 raucidulos
1265 146 1310 206 ET
1327 143 1596 206 Putuosotutct.
1811 147 1871 203 lttt

110 258 364 353 qntd'lahricatur.
387 272 524 331 llnnulus
538 272 591 330 iste
603 279 645 329 est
659 272 715 329 hoc
727 286 845 342 aurum,
861 280 888 330 et
903 274 958 330 hoc
971 272 996 328 A
1010 287 1079 346 ergo
1093 273 1187 346 magis
1200 272 1309 344 liqueat
1329 274 1407 345 quod
1421 281 1582 332 monstrare
1598 272 1803 341 intendimus,
1824 272 1868 330 dil·

111 381 220 427 aurum
244 372 287 423 est
306 362 444 421 annulus.
463 363 541 419 ldem
563 362 654 433 igitur
671 376 793 419 numero
815 369 884 419 sunt
905 363 960 419 hoc
1012 361 1156 419 finitiones
1181 362 1311 418 diversas
1331 363 1492 420 seeundum
1523 363 1656 420 diversas
1686 361 1868 433 acceptione

111 471 216 514 aurum
239 460 267 512 et
303 452 350 508 hic
374 450 512 516 annulus,
539 449 654 508 diversa
668 456 764 508 tamen
786 451 959 509 dilllnitione
1012 464 1163 521 ponamus.
1179 451 1269 508 Panlo
1296 452 1395 523 itaque
1422 452 1509 509 altius
1523 452 1704 509 ordiendum
1720 453 1799 508 ratio
1815 465 1868 522 per·

110 542 278 614 suntquis
305 540 385 597 alind
412 548 455 599 est
477 540 605 597 essehoc
633 553 739 597 aurum
766 548 794 597 et
823 541 902 597 aliud
917 549 959 598 est
1013 539 1123 597 suadet.
1146 539 1237 596 Aliter
1258 540 1335 596 enim
1355 540 1499 611 accipitur
1522 555 1646 612 persona
1672 542 1707 597 in
1724 554 1864 611 gramina-

111 633 241 692 essehoc
265 629 421 687 annulum.
441 628 545 687 Omnia
570 628 713 700 siquidem
729 629 778 685 illa
792 629 890 686 eadem
902 644 958 686 nu·
1013 629 1070 685 tica
1084 636 1112 685 et
1126 629 1209 686 aliter
1228 629 1257 684 in
1272 628 1425 697 rhetorica,
1439 628 1522 685 aliter
1535 629 1565 685 in
1581 629 1772 696 hominibus,
1791 628 1867 685 aliter

111 736 190 780 mero
210 734 272 778 esse
299 718 433 788 dicimus,
455 719 489 774 de
511 717 621 789 quibus
640 720 816 788 computatio
840 726 868 774 et
886 732 902 774 a
930 733 960 776 se
1013 731 1131 788 quoque
1150 717 1182 774 ln
1195 716 1296 774 divina
1309 717 1442 774 essentia.
1468 718 1568 774 Omnis
1588 717 1744 788 siquidem
1768 717 1866 774 locutio

112 810 235 868 invicem
250 807 382 865 discretio
402 806 464 863 deri
480 820 537 862 non
553 814 654 876 potest.
671 807 735 863 llaec
750 807 792 863 vel
804 807 873 864 talia
892 815 960 865 sunt
1014 807 1071 862 tria
1087 805 1170 862 debet
1195 805 1312 873 habere,
1340 820 1391 877 per
1415 806 1493 877 quod
1510 807 1570 873 liat,
1590 806 1626 862 ad
1649 806 1734 878 quod
1751 805 1817 875 liat,
1836 806 1865 862 dc

112 898 191 972 qnod
205 896 334 970 ejusdem
355 895 487 952 essentiae
516 902 595 962 sunt,
610 903 643 952 ut
658 895 712 951 hoc
739 896 840 952 album
854 896 910 968 (te)
932 904 961 953 et
1014 908 1073 965 quo
1092 893 1152 951 fiat.
1167 894 1220 950 Per
1233 895 1311 965 quod
1325 895 1374 951 ilat
1398 908 1449 965 per
1474 895 1651 965 loquentem,
1668 895 1708 950 ad
1731 894 1814 966 quod
1826 894 1866 950 liat

112 987 167 1044 hoc
192 986 294 1044 sedens
308 984 354 1043 rel
381 983 461 1052 talia,
482 997 607 1056 quorum
623 984 748 1041 alterum
768 985 798 1040 in
824 986 914 1043 altero
928 992 961 1043 ut
1014 983 1051 1039 ed
1076 983 1250 1053 audientem,
1268 984 1304 1041 de
1332 998 1391 1055 quo
1411 984 1462 1040 ilat
1484 983 1519 1040 de
1538 998 1570 1040 eo
1596 983 1721 1049 scilicet,
1748 982 1830 1040 unde
1842 982 1865 1038 it

114 1090 182 1150 pars
199 1075 280 1133 velut
301 1073 337 1131 de
354 1080 437 1145 parto
469 1073 644 1129 continetur.
675 1075 733 1130 lloc
760 1074 836 1131 enim
862 1075 960 1132 album
1014 1086 1117 1129 sermo.
1153 1075 1252 1129 Prima
1273 1086 1397 1143 persona
1428 1072 1535 1129 dicitur
1567 1072 1708 1143 loquens,
1744 1071 1864 1129 secunda

65 1162 68 1166 ’
113 1173 142 1222 et
156 1165 210 1221 hoc
238 1162 350 1231 sedens,
367 1162 443 1219 idem
465 1175 587 1218 numero
601 1169 680 1231 sunt,
699 1163 812 1220 diversa
827 1178 895 1220 vero
909 1164 962 1220 dil·
1015 1160 1147 1229 audiens,
1168 1162 1261 1229 tertia,
1286 1162 1321 1218 de
1349 1175 1409 1232 qua
1430 1161 1460 1217 dt
1479 1175 1583 1226 sermo,
1609 1160 1864 1231 interloquentem

114 1253 258 1318 linitione,
283 1250 354 1323 quia
380 1249 458 1306 aliud
478 1257 595 1307 estesse
619 1250 730 1320 album,
744 1251 823 1307 aliud
839 1259 881 1307 est
901 1264 962 1308 esse
1015 1257 1043 1307 et
1053 1250 1228 1307 audientem.
1255 1253 1304 1307 Est
1328 1264 1397 1321 ergo
1422 1250 1452 1306 in
1481 1251 1674 1322 grammatica
1698 1251 1804 1305 eadem
1829 1261 1864 1305 rer

114 1341 225 1410 sedens,
250 1340 357 1412 quippe
385 1339 464 1396 aliud
487 1340 623 1397 convenit
647 1340 673 1396 ei
686 1349 728 1396 ex
749 1341 803 1397 hoo
826 1340 904 1411 quod
920 1346 963 1396 est
1016 1337 1251 1409 primepersona,
1264 1346 1293 1395 et
1306 1339 1433 1396 secunda
1447 1347 1474 1396 et
1490 1338 1583 1407 tertia,
1598 1339 1673 1409 quia
1691 1338 1770 1395 idem
1790 1337 1864 1394 hono

115 1430 225 1498 album,
238 1437 267 1486 et
290 1428 372 1485 aliud
392 1441 430 1485 ox
453 1428 507 1485 hoc
533 1429 610 1499 quod
626 1437 667 1485 est
691 1429 802 1486 sedens.
826 1428 963 1485 Similiter
1016 1424 1156 1497 loquitur,
1177 1429 1355 1499 quandoque
1376 1429 1413 1484 ad
1432 1427 1534 1494 alium,
1551 1427 1735 1499 quandoque
1756 1428 1789 1482 in
1808 1439 1863 1484 eun

115 1519 163 1578 ltic
177 1517 272 1590 paries
287 1524 316 1574 et
340 1516 402 1573 haee
420 1517 524 1575 domus
547 1516 623 1572 idem
637 1531 760 1574 numero
774 1525 852 1574 sunt.
875 1515 962 1573 Aliud
1016 1515 1153 1586 dirigitur
1178 1516 1293 1585 locutio,
1310 1517 1488 1588 quandoque
1506 1518 1541 1573 de
1563 1531 1596 1574 eo
1612 1517 1643 1572 lit
1672 1516 1799 1573 locutio.
1828 1517 1864 1571 Sic

114 1616 212 1667 tamen
242 1614 368 1665 estesse
393 1605 458 1673 hoo,
491 1609 519 1663 et
550 1605 629 1663 aliud
659 1620 721 1663 esso
746 1605 827 1663 illud.
854 1606 961 1662 Eodem
979 1620 1001 1676 B
1017 1614 1086 1673 crgo
1111 1602 1257 1660 diliimtur
1289 1605 1318 1659 in
1346 1605 1556 1676 grammatioa;
1576 1618 1704 1675 persona
1726 1613 1782 1673 est,
1808 1619 1864 1675 qna

87 1678 98 1695 ²
115 1696 201 1754 modo
215 1695 251 1753 de
267 1694 315 1752 illo
334 1692 499 1766 conjicitur.
522 1692 599 1749 Licet
617 1693 693 1749 enim
714 1694 814 1750 eadem
828 1692 961 1750 substan·
1017 1690 1160 1761 loquitur,
1171 1691 1216 1748 vel
1231 1693 1266 1748 ad
1282 1708 1369 1764 quem
1380 1694 1511 1765 loquitur
1529 1694 1614 1760 alius,
1630 1694 1679 1751 vel
1695 1696 1733 1751 de
1747 1709 1808 1765 quo
1821 1694 1863 1750 ali

118 1786 167 1855 tia,
184 1799 251 1858 quae
269 1790 312 1841 est
336 1783 429 1852 Pater,
455 1781 766 1848 sitFilius,eteadem
785 1783 821 1840 sit
842 1782 965 1852 Spiritus
1018 1780 1086 1850 quis
1102 1779 1244 1852 loquitur.
1276 1783 1310 1838 ln
1338 1783 1482 1840 rhetorica
1504 1797 1572 1840 vero
1599 1783 1713 1840 dicitur
1735 1796 1863 1856 persona,

117 1883 245 1942 sanctus,
275 1880 302 1931 et
330 1872 393 1929 hnc
428 1871 487 1928 sint
512 1871 608 1927 divisa
631 1871 869 1942 proprietatibus,
893 1871 964 1942 quia
1018 1869 1104 1940 onius
1118 1876 1228 1926 eertum
1243 1870 1352 1927 dietum
1369 1871 1414 1928 tel
1429 1872 1537 1928 lactum
1554 1872 1584 1927 in
1599 1872 1806 1929 controversia
1819 1871 1864 1927 ad

118 1964 200 2022 aliud
223 1970 267 2020 est
293 1976 356 2020 esse
374 1950 499 2029 Patrem,
525 1959 661 2017 aliudest
679 1961 868 2028 esseillium,
884 1959 965 2016 aliud
1018 1955 1147 2013 ducitur.
1181 1958 1215 2012 ln
1240 1958 1358 2016 homine
1384 1967 1482 2017 autem
1505 1961 1545 2016 sic
1570 1974 1701 2031 persona
1725 1961 1864 2017 rationalis

115 2058 233 2108 estesse
260 2050 400 2123 Spiritum
423 2056 568 2117 sanctum,
589 2048 655 2106 licet
677 2049 740 2116 hor,
762 2049 894 2120 inquam,
917 2048 964 2116 sit,
1018 2044 1181 2102 individua.
1208 2046 1253 2104 Sic
1281 2047 1396 2105 Boetius
1410 2048 1440 2103 in
1464 2047 1537 2104 libro
1560 2051 1600 2104 lie
1623 2049 1738 2104 duecte
1765 2051 1864 2103 notuit

115 2144 212 2197 tamen
226 2147 253 2196 et
272 2138 349 2197 idem
363 2153 486 2197 numero
505 2144 574 2195 sunt
589 2138 645 2195 illae
660 2146 719 2194 tres
736 2151 877 2208 porsonae,
893 2139 966 2209 quia
1018 2135 1049 2188 io
1063 2134 1169 2191 diruto
1191 2144 1295 2193 contre
1320 2138 1460 2206 quosdam
1484 2136 1632 2193 hereticos
1653 2137 1826 2195 Nestorium
1841 2146 1863 2193 et

116 2241 177 2285 una
195 2234 223 2285 et
243 2227 343 2285 eadem
367 2226 500 2284 essentia.
518 2226 653 2284 Similiter
675 2228 752 2282 [leus
775 2235 817 2283 est
836 2226 966 2296 omnipo-
1019 2222 1180 2293 Eutychen,
1206 2225 1257 2294 qni
1277 2224 1390 2282 dicebat
1413 2226 1443 2281 in
1458 2225 1571 2283 Christo
1586 2226 1663 2282 duas
1692 2240 1756 2282 esse
1783 2240 1864 2297 perso

116 2323 191 2382 teus,
214 2315 408 2387 omnisapiens
433 2315 669 2387 omnibenignus.
694 2316 877 2386 Omnipotens
897 2329 966 2372 vero
1018 2325 1082 2379 nas,
1106 2312 1242 2369 ditunivit
1272 2327 1425 2384 personam
1453 2328 1607 2386 :persona
1635 2322 1681 2372 est
1708 2315 1864 2372 substantia

118 2412 146 2462 et
160 2401 356 2474 omnisapiens
375 2411 404 2462 et
417 2402 641 2475 omnibenignus
655 2403 730 2460 idem
745 2417 868 2460 numero
886 2411 964 2472 sunt,
1019 2400 1170 2458 rationalis
1182 2401 1344 2469 individua,
1363 2404 1411 2460 sed
1426 2403 1558 2461 Christus
1574 2412 1620 2462 est
1631 2419 1697 2462 una
1712 2405 1863 2463 substantia

116 2491 198 2549 aliud
214 2498 311 2548 tamon
328 2499 370 2547 est
389 2504 450 2548 esse
464 2490 700 2560 omnipotentem,
720 2494 748 2548 et
767 2491 849 2546 alind
869 2493 965 2547 omni·
1020 2487 1169 2547 rationalis
1194 2488 1364 2556 inditidna3
1389 2491 1480 2563 igitur
1499 2493 1630 2549 christus
1658 2499 1707 2549 est
1730 2506 1790 2550 una
1812 2505 1864 2563 per·

102 2579 287 2649 sapientem,
302 2579 419 2637 oteliud
434 2579 687 2651 omnibenignum.
704 2580 810 2652 Siergo
829 2580 965 2637 dicatur:
1019 2591 1100 2634 sona.
1121 2577 1155 2632 in
1185 2578 1242 2634 lieo
1261 2592 1329 2635 vero
1344 2587 1386 2636 est
1409 2593 1532 2651 persona
1546 2581 1590 2636 vel
1608 2581 1752 2651 gignens,
1766 2580 1812 2638 vol
1824 2594 1862 2651 ge

117 2667 418 2738 ldemestPaterqui
433 2665 533 2733 Filius,
558 2668 608 2738 qui
624 2667 747 2738 Spiritus
765 2674 892 2738 sanctus,
912 2676 968 2725 ete
1019 2665 1109 2734 nitus,
1139 2664 1185 2721 vel
1212 2666 1249 2723 ab
1280 2674 1405 2739 utroque
1430 2668 1593 2739 procedens.
1619 2669 1667 2726 Sic
1695 2669 1788 2742 igitur
1813 2681 1863 2724 nna

118 2769 269 2827 converso,
292 2756 398 2814 lalsnru
421 2762 473 2824 est,
498 2755 569 2827 quia
584 2756 625 2812 sic
647 2763 705 2813 tres
724 2771 851 2827 persone
874 2765 967 2814 essent
1021 2755 1256 2825 personaeadem
1284 2770 1330 2813 res
1349 2758 1443 2827 prima
1457 2765 1484 2815 et
1506 2757 1634 2815 secunda
1657 2766 1689 2815 et
1705 2759 1790 2815 tertia
1805 2771 1861 2829 pen

117 2859 179 2903 nne
194 2858 326 2916 persona.
343 2845 372 2902 Si
393 2858 462 2902 vero
481 2845 595 2901 dicatur
611 2859 618 2900 :
634 2845 712 2902 ldern
731 2854 773 2903 est
787 2848 871 2903 Pater
889 2846 966 2918 quod
1021 2857 1102 2912 sone,
1127 2859 1186 2902 non
1214 2852 1310 2901 tamen
1329 2845 1423 2915 prima
1444 2854 1486 2903 ost
1508 2845 1637 2902 secunda
1665 2846 1715 2903 vel
1731 2844 1861 2903 tertiaret

118 2933 208 2990 Filius
225 2940 253 2991 et
277 2933 401 3005 Spiritus
426 2941 553 3002 sanctus,
569 2939 598 2989 et
609 2947 625 2990 e
637 2947 775 2990 converso
790 2948 893 2991 rerum
912 2941 964 2997 est,
983 2896 1005 2953 C
1020 2946 1196 2991 econverso.
1226 2933 1271 2990 Sic
1296 2947 1357 2990 una
1371 2942 1399 2991 et
1416 2934 1516 2991 eadem
1538 2934 1640 2990 divina
1665 2933 1861 2992 snbstantias

119 3019 190 3092 quia
208 3033 270 3078 una
287 3027 315 3078 et
337 3020 438 3077 eadem
456 3020 578 3077 essentia
593 3020 682 3077 trium
701 3035 889 3091 personarum
913 3030 965 3078 est.
1020 3017 1107 3077 Pater
1124 3027 1152 3077 et
1175 3020 1262 3078 Filius
1285 3028 1313 3078 et
1341 3022 1467 3092 Spiritus
1489 3029 1617 3078 sanctus.
1645 3022 1691 3077 lta
1718 3022 1797 3094 qnod
1818 3033 1861 3077 not

118 3108 239 3165 'irinum
257 3108 391 3165 videlicet
413 3121 431 3163 a
452 3115 588 3165 creature
610 3122 678 3165 oum
702 3116 909 3181 cognoverunt.
930 3110 966 3168 Ut
1020 3109 1103 3165 Pater
1112 3115 1154 3165 est
1168 3107 1267 3177 Filius,
1294 3122 1348 3164 neo
1370 3109 1457 3166 Filius
1485 3110 1576 3177 Pater,
1600 3107 1647 3165 vel
1663 3109 1793 3180 Spiritus
1806 3122 1858 3165 san·

119 3210 199 3268 ergo,
210 3197 288 3268 quod
298 3197 431 3264 dicimus,
442 3196 525 3267 propi
539 3194 582 3267 [ti]
592 3210 627 3252 us
639 3197 669 3252 in
682 3211 834 3254 commune
846 3198 964 3270 liqueat,
1021 3202 1093 3263 ctus,
1110 3210 1163 3254 neo
1177 3195 1303 3266 Spiritus
1315 3204 1434 3254 sanctus
1451 3205 1492 3253 est
1507 3199 1590 3254 Pater
1605 3196 1652 3254 vel
1667 3197 1775 3255 Filius.

119 3285 197 3342 circa
213 3284 369 3356 vulgatum
383 3284 543 3356 superioris
564 3285 692 3341 materiae
706 3299 856 3343 versemur
869 3301 966 3344 enom·
1358 3285 1472 3343 CAPUT
1485 3285 1555 3342 xlv.

120 3373 213 3444 plum.
232 3373 282 3429 list
306 3372 397 3443 igitur
411 3371 494 3442 prius
522 3386 630 3429 aurum
645 3373 723 3445 quod
746 3375 865 3445 quidem
887 3390 965 3432 acce-
1021 3373 1100 3445 Quod
1123 3376 1236 3430 nomino
1264 3373 1365 3430 divina
1393 3377 1514 3430 essentie
1544 3375 1603 3430 olio
1632 3375 1789 3444 natoue,
1812 3374 1859 3429 alit

120 3468 204 3534 ptum
218 3459 362 3532 sculpitur
387 3467 416 3518 et
440 3460 472 3517 ut
500 3460 641 3534 sigillum,
665 3470 763 3534 postea
790 3463 967 3535 imprimitur
1354 3465 1523 3534 personalia.

120 3560 194 3605 ceres
207 3553 235 3604 et
248 3546 280 3605 ut
294 3545 434 3618 sigillans.
450 3545 495 3603 Sic
512 3548 603 3619 igitur
625 3563 692 3606 cnm
708 3550 783 3607 idem
798 3551 833 3608 sit
846 3565 967 3609 numero
1056 3551 1178 3607 Nomina
1196 3550 1287 3622 igitur
1306 3551 1397 3622 hujus
1417 3552 1544 3619 essentie
1566 3550 1626 3607 alia
1647 3560 1723 3610 sunt
1745 3564 1858 3624 persona

122 3634 230 3708 etquis
244 3648 305 3692 una
328 3641 356 3692 et
370 3635 470 3693 eadem
482 3636 614 3701 essentia,
631 3645 727 3695 tamen
751 3640 806 3696 tria
818 3647 888 3696 sunt
902 3654 966 3712 pro·
1021 3637 1072 3704 lia,
1087 3639 1145 3696 alia
1167 3640 1324 3697 naturalia.
1340 3639 1502 3708 Naturalia,
1516 3647 1550 3696 ut
1561 3641 1624 3711 jam
1641 3642 1781 3712 superins
1798 3640 1858 3696 assi·

121 3725 243 3796 prietate
257 3723 382 3791 diversa,
399 3724 470 3794 qnia
500 3723 580 3781 aliud
602 3733 719 3783 estesse
747 3727 801 3784 hoc
820 3735 968 3785 autumet
1022 3729 1187 3800 guarimus,
1217 3736 1287 3786 sunt
1315 3730 1392 3787 ista:
1413 3729 1490 3786 Dens
1515 3727 1715 3798 omnipotens,
1745 3737 1859 3787 munus

120 3812 203 3871 alind
226 3812 281 3870 hoo
301 3812 464 3884 sigillabile.
488 3812 577 3870 iuxta
607 3814 697 3886 igitur
715 3816 791 3873 hanc
810 3817 967 3874 trinitatem
1021 3825 1050 3873 et
1077 3826 1179 3874 caetera
1206 3817 1383 3889 huiusmodi,
1407 3825 1434 3874 et
1450 3816 1512 3873 ideo
1535 3817 1676 3875 omnibus
1693 3819 1859 3875 similitsret

123 3901 316 3969 increatnris,
338 3901 498 3959 trinitatem
529 3902 560 3957 in
579 3902 680 3960 divina
698 3904 862 3962 substantia
876 3905 969 3976 conje-
1022 3904 1148 3977 singulis
1161 3906 1327 3978 singillatim
1346 3906 1477 3977 personis
1504 3906 1697 3964 conveniunt
1714 3906 1863 3965 Personalla

121 3997 201 4047 ctare
220 3989 303 4047 iacile
317 3997 484 4061 potnerunt.
501 3990 572 4049 Cum
587 3990 665 4049 enim
689 3994 778 4050 unius
792 4002 820 4050 et
838 3994 968 4065 ejusdem
1023 4002 1102 4062 sunt,
1129 4009 1195 4065 quae
1221 3994 1391 4066 singillatim
1416 3993 1540 4065 singulis
1567 3997 1755 4052 conveniunt
1776 4004 1801 4052 ct
1814 4008 1862 4050 non

122 4076 282 4136 divinitatis
307 4077 338 4134 in
354 4078 479 4135 creando
502 4080 671 4150 potentiam,
696 4082 726 4136 in
746 4089 842 4139 creata
863 4082 966 4154 guber·
1022 4083 1157 4140 omnihus
1176 4097 1228 4140 neo
1239 4083 1381 4150 similiter,
1397 4090 1429 4139 ut
1448 4083 1495 4141 hic
1514 4084 1609 4150 Pater,
1626 4084 1734 4151 Filius,
1753 4084 1864 4156 Spiritus

122 4165 219 4224 nando
235 4165 417 4237 sapientiam,
440 4166 471 4223 in
497 4168 597 4224 eadem
613 4168 649 4224 ad
666 4170 809 4240 optimum
832 4178 968 4227 eventum
984 4186 1005 4240 p
1022 4178 1150 4228 sauctus.
1178 4172 1223 4228 Sic
1237 4173 1325 4228 etiam
1350 4175 1380 4227 in
1396 4172 1462 4228 aliis
1476 4172 1561 4229 rebus
1582 4171 1643 4228 alia
1662 4181 1736 4229 sunt
1756 4180 1863 4229 natura·

123 4254 290 4311 deducendo
309 4254 517 4326 benignitatem
530 4270 564 4312 ex
589 4256 802 4329 ipsis‘ejusdem
817 4259 966 4316 charitatis
1021 4258 1070 4327 lia,
1097 4259 1154 4316 alia
1179 4259 1353 4330 personalia.
1387 4261 1422 4319 Ut
1444 4262 1496 4317 hoc
1515 4274 1522 4314 ε
1538 4259 1720 4317 lrocnomen
1744 4259 1864 4318 naturale

25 4398 31 4405 ,
121 4339 505 4414 liquidodeprehenderent,
521 4343 591 4414 quia
615 4360 675 4402 una
690 4347 830 4404 eteadem
852 4348 888 4404 sit
902 4349 966 4405 uni.
1019 4352 1071 4413 est,
1100 4349 1228 4404 Socrates
1251 4362 1319 4405 vero
1343 4348 1511 4420 personale;
1533 4347 1607 4420 quia
1631 4348 1708 4406 illud
1732 4358 1775 4407 est
1794 4362 1863 4406 oon

123 4436 181 4488 tate
210 4430 382 4499 substantia,
410 4431 480 4502 quia
514 4432 569 4490 tria
598 4433 693 4491 divisa
715 4436 897 4506 proprietate,
928 4437 968 4494 ibi
1020 4450 1109 4494 mune
1125 4436 1196 4494 huic
1223 4445 1346 4508 naturae,
1368 4437 1439 4494 illud
1464 4436 1615 4508 proprium
1642 4437 1717 4496 huic
1736 4451 1862 4510 persone.

122 4524 252 4576 sanctam
271 4517 441 4576 Trinitatem
464 4517 594 4577 divinam
616 4522 841 4592 perpenderunt.
858 4522 969 4594 Quippe
1020 4526 1071 4583 Est
1084 4525 1162 4582 enirn
1176 4533 1283 4582 natura
1294 4526 1395 4583 eadem
1410 4524 1567 4583 similitudo
1582 4527 1782 4585 nascentium.

122 4606 204 4665 aliud
217 4614 332 4664 estesse
347 4613 500 4678 poenum,
516 4607 596 4666 aliud
623 4610 792 4681 sapientem,
813 4610 969 4668 aliudesse
1348 4616 1462 4674 CAPUT
1476 4615 1539 4671 XV.

121 4693 292 4769 benignum.
1056 4706 1095 4760 lle
1108 4705 1234 4772 qeat'turo
1247 4705 1314 4759 Filii
1328 4708 1355 4760 et
1368 4708 1537 4774 processione
1550 4703 1677 4774 Spiritus
1690 4709 1792 4762 suncti
1900 4728 1902 4758 i

443 4784 556 4844 CAPUT
570 4786 649 4843 Xlll.
1057 4792 1130 4861 Quia
1146 4807 1214 4850 vero
1238 4794 1272 4850 de
1299 4794 1343 4851 uis
1370 4793 1539 4851 nominibus
1566 4793 1710 4864 superius
1729 4795 1799 4852 satis
1822 4805 1861 4849 er·
1897 4782 1900 4795 '

227 4873 364 4943 Quomodo
378 4874 408 4929 in
424 4876 861 4947 runcatepesonaacetptater.
1021 4883 1189 4953 pressimus,
1210 4882 1245 4939 de
1269 4883 1404 4954 genitura
1429 4883 1524 4940 Filila
1551 4883 1649 4952 Patre,
1664 4883 1861 4955 etproeessiont
1898 4874 1901 4885 '

156 4963 232 5031 onia
246 4962 335 5036 igitur
356 4963 419 5021 haec
437 4964 494 5022 tria
513 4967 686 5037 proprietate
708 4966 802 5024 divisa
817 4981 969 5038 personam
1023 4970 1147 5042 Spiritus
1180 4971 1305 5028 breviter
1339 4971 1528 5029 diltiniamus.
1565 4971 1610 5027 Ad
1645 4971 1706 5029 lioo
1731 4970 1860 5030 sciendus

120 5053 250 5112 Patriset
260 5065 413 5124 personam
430 5053 506 5125 Filii,
527 5060 555 5111 ot
574 5068 725 5124 personam
742 5056 866 5127 Spiritus
878 5057 968 5114 sancti
1022 5061 1101 5131 quod
1123 5060 1221 5116 omnia
1244 5060 1363 5117 nomina
1395 5060 1460 5129 ista,
1491 5060 1585 5123 Pater,
1617 5060 1726 5130 Filius,
1757 5059 1861 5133 spirius
1897 5050 1900 5057 '

119 5142 387 5215 sepenumerojam
402 5143 546 5216 assignari
563 5144 702 5210 diximus,
720 5145 829 5205 ideirco
845 5146 969 5218 qualiter
1021 5157 1148 5218 sanctus,
1179 5149 1320 5206 translata
1338 5158 1420 5216 sunt;
1444 5147 1585 5218 sapientia
1614 5150 1699 5206 enirn
1714 5159 1746 5208 et
1759 5145 1862 5208 scientia
1896 5158 1899 5197 i

118 5230 166 5288 ltic
192 5242 317 5303 persona
344 5232 457 5289 dicatur
480 5232 688 5291 declarandum
703 5235 911 5292 existimemus.
933 5237 970 5294 Ut
1023 5239 1127 5296 animoa
1146 5239 1278 5308 potentie
1301 5245 1380 5305 sunt,
1401 5238 1481 5294 etita
1509 5238 1644 5305 potentia
1661 5254 1761 5309 genus
1784 5245 1860 5295 estse·

153 5405 197 5476 ta)
214 5403 300 5460 Forte
308 5402 365 5477 log.
380 5408 468 5465 otium
478 5414 530 5468 ant
543 5406 635 5465 simile
647 5408 730 5480 quid.
