3804 5962
72 179 139 236 iiiss'l
319 173 718 234 neminemneminer.
739 172 829 229 PARS
846 172 895 230 lll.
914 197 952 215 -
967 168 1184 230 theonostus
1205 168 1248 225 ΕΤ
1268 167 1532 226 philosophici.
1616 203 1618 208 ,

69 306 156 363 bilem
170 318 285 361 omnem
300 301 509 360 hominemesse
521 299 678 367 convincit,
696 299 771 357 etde
789 305 917 355 contem·
929 293 957 352 h
971 295 1055 367 iilnl
1082 296 1159 365 eujus
1188 299 1278 350 ortum
1299 309 1354 350 non
1369 293 1491 362 lepitinm
1505 307 1590 349 causa
1611 296 1639 348 et
1664 290 1726 346 rati

69 403 121 466 pto
134 392 182 451 soi
197 391 358 449 condituris
385 403 447 446 csse
467 389 661 461 arguendum,
682 402 750 446 cnm
764 389 829 460 ejns
842 387 915 444 noti·
968 387 1056 456 cedal,
1086 402 1145 454 aaa
1164 388 1235 441 enim
1257 388 1394 456 quantum
1421 384 1459 438 ad
1475 397 1525 438 nos
1543 385 1664 451 fortuita
1688 380 1726 436 di

69 485 139 542 tiam
164 482 210 539 lex
226 479 290 552 ipsa
317 478 469 547 naturalis,
499 480 614 550 quaein
638 479 749 557 ratione
775 476 914 545 consistit,
968 482 1051 544 atque
1072 476 1213 546 inopinate
1237 475 1436 544 provenientia,
1460 474 1541 527 cerlis
1565 471 1597 526 in
1617 474 1672 527 lieo
1701 486 1726 525 ri

68 573 156 630 etiam
171 572 233 628 siue
252 570 358 640 scripto
379 582 415 625 ex
440 568 501 639 ipsa
515 581 636 638 operum
651 568 715 638 ejus
738 566 916 623 exhibitione
970 566 1073 635 legibus
1087 569 1146 636 fisa
1173 569 1247 633 sunt,
1264 571 1346 633 alque
1361 565 1462 633 optimo
1487 577 1593 631 queque
1605 562 1678 629 liunt
1697 576 1726 616 co

70 661 206 720 omuibus
221 658 346 716 aiicrret.
376 658 423 714 hit
438 658 546 729 quippe
560 657 603 713 sic
619 673 626 711 :
646 658 792 712 lieuelatur
810 657 854 710 ira
867 657 917 709 liei
1005 657 1071 712 llaec
1085 669 1155 712 vero
1170 669 1236 726 quae
1249 653 1357 724 oplime
1371 660 1475 708 cuncta
1509 651 1582 708 liunt
1601 664 1637 706 ac
1660 650 1726 721 disp

71 751 182 807 decala
208 764 291 819 super
318 763 423 804 omnem
451 749 617 816 impietatem
633 750 659 801 et
678 744 846 815 injustitiam
869 745 915 800 bo·
970 754 1028 813 tur,
1046 747 1212 813 consilium,
1228 745 1279 800 aiii
1296 746 1396 810 Deum,
1418 742 1469 798 alii
1496 748 1633 798 naturam
1664 741 1726 812 ipsa

76 843 192 906 minum,
212 853 305 894 eorum
328 840 376 908 gui
399 839 541 891 amitalem
556 837 607 891 liei
619 835 761 905 injustitia
785 834 915 890 detinent.
969 851 1046 903 rum,
1063 836 1109 891 aiii
1128 843 1253 890 mentem
1277 848 1328 889 seu
1356 833 1483 887 animam
1500 830 1601 887 mundi
1626 843 1726 887 vocari

70 931 142 997 Quia
171 927 244 998 pund
271 931 367 981 notum
381 931 421 981 est
444 927 504 991 liei,
528 927 705 992 manifestum
726 928 765 978 est
784 926 814 978 in
835 924 917 988 illis:
970 928 1138 980 sueverunt.
1154 920 1260 977 Omnes
1282 919 1424 976 autemid
1450 931 1597 975 summum
1624 918 1726 974 bonuu

72 1022 145 1075 heus
175 1021 245 1071 enim
267 1017 324 1070 illis
345 1015 485 1070 revelarit.
510 1013 667 1069 lnoncbilia
699 1015 770 1067 enim
797 1015 886 1082 ipsius
901 1028 920 1066 a
972 1011 1188 1068 intellexeruut.
1211 1009 1294 1074 Quod
1311 1010 1459 1080 professus
1479 1015 1522 1064 est
1537 1007 1678 1064 Socrates.
1707 1007 1726 1064 P

71 1112 199 1164 creatura
223 1105 321 1160 mundi
344 1120 396 1174 per
429 1119 461 1158 ea
485 1119 544 1173 qua
575 1105 652 1171 sacta
681 1106 754 1167 sunt,
783 1101 920 1156 intellecta
972 1099 1214 1156 autemomuium
1229 1103 1425 1170 Anaxagoras,
1455 1097 1530 1154 inter
1552 1098 1708 1154 universos

71 1199 288 1267 conspiciamur,
304 1197 471 1263 sempiterna
504 1208 611 1263 quoque
634 1193 696 1262 ejus
724 1193 812 1246 uirtus
836 1195 862 1245 et
876 1190 918 1244 di·
973 1189 1077 1260 sophos
1091 1188 1227 1244 divinum
1243 1189 1374 1244 animum
1389 1188 1521 1243 omnium
1537 1185 1702 1244 effectorem

71 1288 185 1353 cinnas,
213 1287 254 1339 ila
275 1287 307 1338 ut
330 1285 387 1337 sint
409 1283 617 1350 inexcusabiles,
641 1283 707 1351 quia
735 1296 795 1335 cum
822 1295 917 1350 mano·
973 1291 1074 1334 rarum
1104 1277 1229 1334 sensisse
1264 1278 1442 1347 perhibetur,
1458 1276 1579 1332 sicutin
1605 1290 1657 1332 vui
1683 1276 1725 1333 lic

71 1378 175 1431 vissein
199 1377 371 1441 heumann
398 1374 469 1428 sicut
502 1374 585 1428 mum
613 1371 843 1439 glorificaverunt,
872 1374 920 1424 aut
973 1368 1023 1423 liei
1042 1367 1144 1424 beaten
1158 1373 1361 1423 commemorat
1387 1366 1578 1436 Augustinus.
1608 1365 1726 1422 Undeet

73 1465 181 1533 gratias
207 1467 324 1532 egerunt
352 1461 442 1532 (Rom.
465 1476 485 1528 1,
517 1462 621 1531 isai).
643 1461 679 1517 El
703 1468 766 1532 post
789 1459 917 1532 aliqua:
973 1464 1014 1513 est
1033 1456 1063 1512 in
1077 1454 1202 1527 epistolis
1223 1455 1353 1527 eiusdem
1374 1455 1410 1511 ad
1429 1453 1653 1511 Macedonium:
1683 1455 1726 1511 iio

73 1557 190 1623 Propter
205 1552 279 1621 quod
293 1551 487 1607 inexcusabilis
505 1567 543 1618 es,
565 1551 770 1606 alamannis
800 1552 849 1617 gui
867 1550 920 1618 jn·
936 1590 957 1645 B
974 1551 1067 1617 pterea
1079 1549 1180 1601 ueritas
1196 1545 1280 1601 chara
1292 1561 1349 1600 esse
1362 1545 1441 1600 debet
1455 1548 1522 1614 qnia
1536 1561 1591 1600 non
1614 1544 1726 1600 multi

73 1642 150 1698 dicas
165 1640 253 1714 (Rom.
284 1657 315 1708 u,
333 1640 372 1711 li,
390 1640 506 1708 honest,
527 1641 577 1711 qui
593 1639 716 1697 rationis
730 1639 820 1696 uteris
840 1639 918 1710 judi·
975 1651 1081 1706 goram,
1098 1635 1146 1690 sed
1173 1636 1238 1701 quia
1268 1637 1370 1689 vallas
1389 1638 1438 1703 esl,
1467 1632 1519 1689 elsi
1545 1635 1640 1689 nullus
1669 1648 1726 1688 eoru

72 1730 116 1787 oio
135 1731 166 1786 in
195 1729 280 1787 bouis
302 1736 330 1786 et
345 1727 428 1785 malis
441 1727 647 1796 discemendis,
676 1735 764 1799 atque
793 1728 823 1784 in
851 1727 920 1799 ipsis
974 1726 1132 1796 anamma,-
1145 1727 1228 1793 facile
1249 1731 1340 1779 autern
1355 1724 1429 1779 illud
1443 1740 1550 1796 quoque
1572 1725 1681 1779 ratione
1699 1738 1726 1778 cc

75 1816 217 1875 creatoris
262 1823 289 1872 et
330 1823 532 1872 creaturarum
568 1815 758 1872 discutiendis
793 1815 919 1871 naturis.
975 1819 1084 1886 poemat
1098 1815 1231 1869 mundum
1255 1817 1346 1885 ipsum
1368 1818 1451 1870 etiam
1471 1820 1496 1870 el
1512 1816 1615 1881 quein
1630 1827 1726 1868 ecrnn

74 1907 157 1965 Unde
176 1913 204 1962 et
219 1903 354 1961 Salomon
371 1905 526 1962 nonnullos
548 1905 652 1961 mundi
671 1904 814 1974 sapientes
828 1918 859 1961 se
872 1918 920 1961 vc·
977 1907 1039 1974 ipso
1062 1919 1116 1958 nan
1140 1918 1207 1969 esse,
1221 1918 1269 1958 nec
1282 1920 1334 1974 per
1350 1904 1544 1971 sesubsislere,
1560 1903 1610 1959 sed
1627 1903 1663 1958 ab
1686 1903 1726 1957 ali

75 1997 224 2054 hemenler
238 1994 379 2051 admirari
401 1993 534 2051 insinuat
544 1993 689 2066 quomodo
713 1993 823 2051 scilieet
837 2007 924 2049 mun·
979 2008 1084 2060 cunque
1098 1993 1177 2061 longe
1192 1997 1294 2048 cunctis
1311 1994 1495 2048 eccellcniiore
1521 1997 1617 2048 cuncta
1640 1996 1726 2063 epten

73 2085 145 2142 dum
158 2085 269 2141 ratione
283 2083 513 2155 vestigaverunt,
531 2090 732 2156 naturamque
755 2082 846 2154 ipsius
873 2096 924 2153 per
978 2085 1135 2154 perignem
1153 2086 1222 2152 reci.
1243 2083 1349 2153 Quippe
1368 2083 1440 2150 quod
1454 2098 1507 2137 use
1519 2085 1579 2152 ipso
1604 2087 1656 2149 est,
1669 2085 1726 2138 aab

73 2175 204 2246 singulas
219 2174 310 2244 ipsius
320 2181 414 2245 partes
432 2158 570 2231 disserere
589 2174 682 2229 conati
698 2181 776 2239 suot,
793 2172 923 2229 nondum
978 2174 1059 2241 onius
1079 2187 1134 2227 esse
1160 2176 1264 2227 constat
1290 2189 1373 2238 qnam
1388 2174 1460 2241 quod
1481 2173 1518 2228 ab
1531 2173 1586 2227 alio
1606 2174 1658 2227 esi.
1685 2173 1724 2227 nt

75 2263 239 2320 Creatorem
273 2261 363 2330 ipsius
398 2262 670 2329 animadvertentes,
695 2276 782 2332 quem
811 2261 924 2318 laellius
979 2261 1051 2330 quod
1070 2262 1189 2316 rationis
1203 2266 1286 2330 elque
1307 2262 1598 2331 intellipenliacapan
1618 2265 1669 2329 est,
1690 2276 1726 2316 un

76 2351 187 2406 ratione
201 2349 347 2420 percipere
364 2357 506 2419 poterant.
523 2349 551 2405 Si
565 2350 654 2418 enim,
685 2349 924 2421 inquietatione
979 2351 1042 2405 aliis
1078 2349 1250 2405 eccellentiae
1282 2365 1340 2405 esse
1362 2352 1510 2406 inuenitur.
1539 2352 1600 2407 Non
1625 2351 1726 2406 enimi

77 2446 192 2495 tautum
207 2446 364 2508 potuerunt
378 2439 451 2495 scire
467 2446 499 2496 ut
514 2446 628 2509 possent
641 2438 808 2496 existimare
832 2454 922 2496 saecu·
978 2439 1140 2492 calmontem
1151 2437 1333 2492 substantiam
1348 2436 1382 2491 ab
1398 2438 1452 2491 alio
1468 2452 1524 2492 esse
1537 2437 1659 2503 concedi,
1675 2437 1702 2492 si
1722 2453 1726 2491 c

77 2529 150 2596 ium,
179 2527 325 2599 quomado
349 2527 440 2598 ipsius
466 2527 567 2584 mundi
588 2528 680 2584 licum
703 2535 731 2585 et
758 2528 923 2586 Creatorem
978 2531 1144 2582 carentema
1169 2542 1197 2580 se
1213 2541 1269 2581 esse
1282 2542 1426 2596 ponamus,
1451 2542 1528 2581 nemo
1550 2528 1621 2581 enim
1640 2531 1726 2582 nostin

79 2630 138 2674 non
153 2616 267 2673 lacilius
281 2615 482 2673 invenerunt?
979 2620 1026 2686 qui
1041 2630 1070 2670 se
1084 2619 1175 2684 ipsum
1190 2617 1297 2683 ignoret
1309 2631 1364 2669 ase
1373 2618 1485 2669 mimine
1498 2631 1564 2681 esse,
1575 2615 1624 2670 sed
1647 2615 1683 2670 ab
1706 2631 1726 2671 a

125 2706 225 2762 Hoeet
253 2703 300 2762 ilie
325 2706 472 2762 maximus
488 2705 657 2762 Latinorum
683 2706 923 2777 philosophorum
978 2709 1036 2776 gni.
1055 2705 1192 2771 Quomodo
1223 2707 1312 2773 igilur
1338 2722 1369 2760 ea
1391 2722 1450 2775 qua
1462 2710 1565 2761 ratione
1586 2711 1690 2774 carent,
1714 2721 1726 2760 o

77 2795 190 2852 Tullius
209 2794 361 2867 diiigenter
384 2795 519 2862 intuitus,
535 2810 602 2852 cum
621 2810 680 2852 non
703 2797 797 2854 solum
817 2796 925 2866 oplima
978 2792 1229 2863 essenegabimusi
1251 2793 1372 2850 Parles
1366 2803 1464 2865 itaque
1480 2795 1579 2850 mundi
1605 2809 1672 2864 quea
1685 2808 1725 2851 ua

76 2884 196 2950 iactum,
212 2886 410 2941 verumetiam
426 2885 531 2954 optime
555 2884 669 2954 disponi
685 2884 829 2941 muudum
853 2898 921 2940 con·
941 2892 1022 2996 Cter
1038 2884 1146 2954 priores
1160 2890 1246 2952 sunt,
1262 2883 1351 2939 lactas
1366 2898 1426 2940 esse
1442 2883 1585 2952 convenit,
1603 2898 1636 2939 ae
1660 2897 1711 2954 per

44 2974 209 3043 ‘spiceren
234 2973 414 3042 providentia
442 2973 469 3028 id
503 2973 599 3043 potius
618 2974 664 3044 agi
687 2988 775 3043 quam
802 2973 924 3029 lortuiiu
941 2940 1037 3029 alio
1053 2972 1196 3029 mnndum
1210 2973 1363 3028 exordium
1379 2973 1485 3029 ducere
1512 2981 1601 3044 atque
1624 2973 1726 3030 laclnu

78 3062 265 3127 confirmans,
287 3068 348 3116 tam
374 3074 457 3116 suam
491 3060 521 3116 in
545 3061 608 3129 hoc,
641 3064 732 3132 quam
756 3068 925 3119 caemrorum
979 3063 1088 3133 Quippe
1103 3077 1190 3134 quem
1206 3064 1294 3119 eitam
1324 3071 1441 3133 propter
1457 3064 1602 3119 hommem
1626 3063 1726 3121 laetnu

79 3151 221 3207 rationem
243 3148 378 3219 exposuit
403 3149 652 3220 philosophorum.
683 3150 764 3207 Unde
786 3158 829 3206 est
854 3151 926 3208 iilud
980 3158 1101 3220 constat,
1122 3152 1172 3207 cui
1192 3151 1315 3222 siugulis
1343 3153 1406 3208 suis
1432 3153 1565 3222 partibus
1579 3151 1715 3222 deservit,

79 3239 109 3295 in
131 3239 223 3309 primo
252 3237 410 3295 liethoricae
428 3257 433 3292 :
451 3238 557 3308 lleliut,
582 3238 689 3309 inquit,
706 3244 873 3295 accurantur
896 3257 928 3296 ea
983 3240 1175 3311 indigniorem
1194 3255 1227 3297 eo
1255 3255 1316 3297 esse
1334 3242 1468 3298 convenit
1495 3256 1529 3298 ac
1543 3256 1592 3311 per
1631 3243 1726 3299 hocn

79 3341 140 3396 gne
154 3327 265 3382 canalio
292 3331 428 3392 geruntur
443 3342 526 3397 guam
552 3343 613 3393 que
627 3329 687 3384 sine
709 3330 824 3384 consilio
838 3330 927 3386 adm·
981 3329 1098 3385 concedi
1112 3338 1221 3399 oportet
1243 3330 1322 3387 hunc
1337 3345 1394 3385 non
1410 3344 1469 3387 esse
1485 3330 1604 3396 lactum,
1624 3345 1694 3387 cum
1719 3329 1727 3387 i

78 3418 245 3472 nistrantur.
275 3417 374 3470 Damus
398 3431 429 3471 ea
456 3432 515 3483 pne
541 3421 648 3472 ratione
662 3423 776 3487 poitur,
803 3419 927 3476 omnibus
982 3426 1045 3476 ctus
1060 3419 1106 3484 sit,
1122 3418 1313 3476 multominus
1327 3420 1603 3476 etiamcauveuitut
1618 3433 1673 3475 suo
1687 3433 1726 3492 rel

80 3509 120 3561 est
148 3507 308 3559 instructior
334 3504 423 3572 relus,
447 3509 472 3560 el
488 3509 649 3575 apparatior
664 3522 745 3574 cuam
763 3524 795 3563 ea
816 3522 875 3576 aaa
889 3515 928 3565 te·
982 3507 1135 3565 rationalia
1156 3522 1246 3579 quam
1260 3522 1319 3564 uon
1335 3507 1488 3564 rationalia
1512 3509 1655 3565 nitantur.
1678 3509 1726 3566 liat

80 3609 153 3649 mere
180 3597 206 3647 et
235 3593 310 3648 nullo
341 3595 454 3648 consilio
486 3594 876 3653 administratur.1icercitas
903 3601 928 3654 is
982 3604 1091 3664 numm,
1106 3591 1243 3668 quamvis
1268 3597 1418 3654 rationalis
1432 3597 1477 3665 sit,
1495 3611 1726 3669 nequaquams

77 3689 123 3740 cni
146 3682 525 3754 estprapcsitussaplenset
549 3687 669 3742 callidus
687 3689 847 3757 imperator,
872 3704 927 3744 cm·
983 3686 1085 3758 gimiui
1109 3686 1240 3743 suiilcere
1277 3694 1397 3752 constat,
1436 3701 1503 3744 eum
1537 3688 1664 3757 seipsum
1685 3702 1726 3759 qn

80 3774 162 3829 nibus
177 3773 303 3844 partibus
318 3772 484 3829 commodius
496 3776 612 3843 regitur,
634 3791 718 3845 guam
740 3778 765 3831 is
780 3778 829 3847 qui
843 3782 923 3832 leme-
982 3776 1047 3832 vuit
1061 3776 1090 3832 io
1110 3777 1198 3847 buius
1220 3777 1287 3833 vitae
1305 3777 1405 3847 pelago
1419 3790 1518 3848 regere
1533 3790 1591 3832 non
1620 3777 1709 3833 vaiet.

80 3865 164 3919 ritule
198 3863 242 3917 uel
274 3863 395 3918 stultitia
422 3864 542 3933 alicujus
566 3865 790 3921 administratur.
824 3867 928 3922 Eadem
983 3864 1075 3934 igitur
1102 3865 1199 3920 miuus
1226 3864 1506 3935 regiminiproprio
1534 3863 1678 3921 committi
1697 3877 1726 3921 co

80 3949 189 4020 nauigii
205 3951 277 4005 ratio
299 3949 423 4005 eseliae
444 3951 541 4020 itaque
557 3951 701 4021 proposito
720 3960 748 4008 et
776 3952 929 4010 collatione
982 3966 1048 4022 qum
1058 3966 1155 4023 quase
1167 3966 1265 4023 regere
1281 3953 1392 4022 possint
1407 3953 1519 4009 raliouc
1531 3967 1629 4010 carere
1644 3959 1726 4010 certu

80 4039 307 4099 similitudinum
330 4037 533 4094 convenienter
548 4046 685 4107 astructo,
703 4042 929 4111 assumptionem
983 4041 1014 4097 ld
1029 4055 1097 4098 vcro
1124 4047 1167 4097 est
1195 4041 1323 4097 muudus
1335 4043 1397 4098 sive
1414 4042 1537 4113 singulm
1551 4043 1710 4114 particulae,

80 4129 178 4186 statim
206 4140 369 4199 aggregans
409 4126 578 4199 syllogismi.
617 4129 666 4186 llil
692 4132 794 4198 autern,
822 4131 928 4203 inquit,
984 4130 1101 4202 quidem
1116 4130 1161 4187 vei
1182 4129 1382 4186 consimilibus
1399 4132 1564 4187 rationibus
1592 4132 1726 4188 omnia(

78 4221 199 4274 emnium
227 4230 319 4271 rerum
345 4215 439 4269 melius
459 4231 542 4281 quam
569 4219 653 4271 omnm
666 4218 784 4273 mundus
812 4218 928 4275 admini·
948 4220 1094 4279 bmundo
1109 4226 1178 4276 suot
1193 4219 1368 4275 conditorem
1384 4220 1445 4276 sive
1464 4228 1601 4277 rectorem
1618 4221 1726 4278 hahere

81 4311 197 4363 stratur.
225 4307 295 4361 Nam
324 4309 349 4359 et
372 4305 523 4373 signorum,
552 4304 658 4376 inquit,
701 4312 777 4362 crtus
796 4312 822 4363 et
840 4310 930 4365 obitus
984 4310 1090 4366 festum
1107 4308 1242 4377 arbitror,
1263 4321 1351 4378 quem
1370 4323 1422 4364 nos
1438 4310 1528 4366 licum
1544 4310 1679 4366 dicimus.

82 4396 225 4465 delinitum
250 4392 395 4463 quemdam
416 4394 540 4448 ordinem
554 4400 674 4463 seruant,
691 4400 717 4450 et
730 4399 828 4453 anime
859 4414 930 4453 cam·
1136 4413 1140 4419 ·
1390 4399 1424 4452 ll.

81 4487 246 4540 mutationes
275 4497 331 4537 non
345 4482 424 4536 moda
453 4483 573 4552 modam
596 4499 631 4538 eor
644 4490 803 4541 crassitate
825 4501 931 4556 semper
1021 4489 1061 4543 be
1077 4487 1163 4557 cujus
1182 4499 1261 4542 nune
1274 4487 1388 4542 unitate
1403 4496 1531 4557 superest
1546 4488 1707 4558 disputare,

83 4574 174 4630 codem
188 4571 267 4628 modo
281 4574 362 4641 itant,
390 4585 480 4625 neum
495 4571 532 4626 ad
551 4573 687 4627 utilitates
712 4589 818 4644 quoqne
839 4591 931 4631 raum
986 4577 1030 4650 gis
1043 4576 1176 4632 videlicet
1196 4589 1289 4632 unum
1304 4576 1481 4633 conditorem
1503 4577 1613 4633 mundo
1629 4591 1726 4647 praeest

82 4666 205 4719 amnium
238 4661 532 4728 suntaceommcdata‚
558 4666 583 4716 el
609 4661 716 4716 dimne
739 4667 931 4734 nocturnaque
984 4669 1083 4725 veniat
1102 4681 1190 4738 qnam
1218 4667 1316 4738 plures
1333 4683 1340 4722 :
1358 4674 1445 4737 aluus
1460 4682 1552 4724 unum
1567 4668 1663 4738 potius
1683 4669 1724 4725 lie

80 4750 284 4808 vicissitudines
299 4751 378 4805 nulla
398 4751 427 4804 in
441 4752 596 4804 remmota
622 4765 744 4820 unquam
771 4759 929 4824 nocuerunt,
986 4759 1141 4816 bominum
1167 4757 1309 4820 oninium,
1344 4771 1434 4827 quam
1468 4758 1566 4827 piures
1597 4757 1675 4813 credi
1695 4771 1726 4828 οι

84 4843 319 4910 consignarunt
346 4841 506 4894 omnicnon
528 4839 657 4893 medmcri
683 4840 804 4910 quadarn
820 4844 931 4901 conatu
985 4847 1102 4906 Certum
1127 4847 1235 4929 quippe
1268 4852 1311 4901 est
1341 4848 1418 4901 omni
1440 4854 1521 4903 tanto
1556 4846 1660 4917 maiori
1682 4861 1726 4904 cat

83 4935 215 4985 naturam
238 4927 335 4984 mundi
349 4927 550 4983 administrari.
570 4928 648 4995 Quod
662 4931 686 4984 si
703 4931 809 5000 melius,
824 4932 929 5003 iuquit,
986 4936 1060 5007 regi,
1077 4941 1186 5006 quanto
1202 4933 1389 5004 paucioribus
1399 4949 1470 4990 eura
1486 4934 1635 5005 regiminis
1644 4949 1726 4993 corut

85 5024 221 5090 geruntur
240 5035 272 5074 ea
286 5033 346 5088 pua
360 5019 483 5086 consilio,
504 5033 586 5088 quarn
601 5035 661 5089 qua
675 5021 734 5076 sine
752 5022 864 5077 consdic
884 5021 933 5077 ad·
987 5026 1075 5083 missa
1094 5031 1145 5080 est.
1167 5022 1245 5080 Nihil
1263 5031 1360 5079 autem
1377 5023 1480 5081 meiius
1495 5032 1546 5079 aut
1564 5024 1668 5093 majori
1685 5038 1726 5081 cot

85 5111 295 5174 ministrantur,
306 5110 346 5164 nil
358 5114 448 5164 autem
467 5111 587 5164 omniurn
607 5124 699 5164 rerum
728 5111 825 5166 melius
848 5127 932 5181 guam
986 5114 1047 5185 regi
1061 5126 1151 5184 quam
1167 5112 1309 5168 mnndum
1324 5120 1435 5169 constat
1449 5113 1634 5183 uuiversum,
1649 5113 1726 5171 sicui

85 5200 174 5254 omnis
185 5197 303 5253 mundus
329 5197 543 5253 administratur
556 5213 562 5253 :
576 5200 688 5253 consilio
701 5200 789 5268 igilur
812 5200 931 5257 mundus
986 5203 1120 5260 Tulliana
1141 5202 1276 5272 exposuit
1290 5203 1372 5259 ratio.
1391 5201 1447 5259 Uni
1465 5204 1555 5274 igitur
1576 5202 1713 5273 regimini

86 5287 310 5343 administratur.
340 5286 455 5351 Quanta
495 5294 592 5344 autem
623 5287 734 5344 ratione
768 5296 874 5346 cuncta
902 5289 931 5346 iu
987 5293 1130 5347 ctnmest.
1146 5290 1224 5347 Nihil
1249 5291 1366 5363 quippe,
1385 5299 1417 5348 ut
1431 5292 1543 5348 dietum
1557 5299 1609 5359 est,
1639 5293 1726 5363 major

86 5375 199 5430 mundo
223 5375 296 5432 haut
328 5389 362 5431 ac
402 5375 605 5445 disponantur,
635 5377 782 5434 maximus
802 5377 933 5436 omnium
985 5380 1084 5436 cordia
1099 5394 1189 5452 quam
1205 5381 1332 5437 mundus
1347 5381 1469 5453 regitur,
1487 5381 1726 5438 necetiamreso

84 5460 325 5540 philosophorum
349 5463 430 5521 Picto
453 5463 605 5536 diiigenter
623 5467 773 5524 standene
796 5467 861 5526 ait:
883 5469 933 5527 lii·
988 5468 1118 5528 libetcui
1137 5483 1216 5529 unus
1231 5476 1343 5527 tantum
1359 5470 1492 5541 presidet
1506 5478 1611 5529 rector.
1639 5468 1726 5529 Nulla
