3804 5962
787 212 841 270 Slc
860 214 905 269 ET
922 214 1003 271 NON.
1356 258 1359 264 Δ
1681 218 1750 274 {586

79 352 127 405 ra,
156 337 343 407 eleemosynis
372 337 478 394 meruit
513 337 679 408 crebrisque
717 338 848 409 iejuniis.
865 335 890 389 A
906 344 968 395 tum
987 347 1029 396 est
1051 339 1077 395 ei
1098 339 1135 395 ad
1159 337 1304 409 justitiam
1313 350 1324 408 ;
1350 336 1376 393 ei
1401 344 1498 395 autem
1521 338 1574 411 qui
1600 347 1753 411 operatur,

102 427 139 482 od
156 426 351 482 Heliodorum:
368 425 431 482 Non
458 426 526 482 lacit
552 425 743 485 ecclesiastica
758 427 850 497 digni·
906 440 1014 484 meroes
1038 441 1097 483 nou
1121 427 1282 496 imputatur
1304 424 1464 483 secundum
1490 426 1623 497 gratiam,
1643 428 1693 487 sed
1707 415 1751 488 se·

79 515 284 572 {hristianum:
311 514 460 571 Cornelius
475 515 615 582 centurio,
640 515 737 572 adhue
751 516 848 572 ethni·
904 514 1033 571 eundum
1055 515 1205 580 debitum3
1221 514 1247 570 ei
1270 526 1337 569 vero
1361 513 1492 585 quinon
1515 524 1660 584 operatur,
1686 531 1751 577 ere-

88 603 163 659 douo
188 600 311 671 Spiritus
342 601 434 658 sancti
456 602 626 659 mundatur.
652 605 797 672 Gregorius
820 606 850 657 in
904 605 981 662 denti
1000 612 1097 662 autem
1115 604 1146 660 in
1159 617 1237 670 eum,
1256 603 1309 674 qui
1320 602 1459 675 justificat
1480 603 1615 675 impium,
1631 606 1752 680 deputa·

80 706 125 746 me
150 694 232 760 porte
265 689 424 755 Ezechielis,
453 690 546 746 domii.
581 692 647 746 vll:
681 693 744 748 Non
772 692 849 748 enim
905 702 952 751 tur
977 693 1047 749 lidos
1073 693 1136 765 ejus
1159 692 1196 748 ad
1219 691 1362 763 justitiam
1391 691 1553 749 seeundum
1572 694 1751 765 propositum

79 779 164 836 tibus
178 778 213 834 ad
228 777 324 846 iidem,
339 778 389 834 sed
405 778 460 833 lide
472 779 648 851 pertingitur
663 781 699 837 ad
714 783 848 837 virtutes.
904 782 1003 854 gratioe
1026 782 1085 838 liei.
1109 781 1184 837 idem
1197 786 1258 850 post
1273 781 1368 846 utiquo
1385 781 1463 848 (xur,
1479 782 1523 849 iti:
1539 781 1654 840 Nemini
1666 785 1750 856 quid·

79 867 151 924 elius
177 867 253 923 enim
283 866 425 933 centurio,
455 868 540 938 cujus
567 868 755 944 eleemosynae
782 876 849 925 ante
904 885 993 942 quam
1017 869 1153 937 debeatis,
1171 868 1226 925 nisi
1243 875 1277 924 ut
1293 868 1416 925 invicem
1437 867 1583 940 diligatis;
1603 871 1654 942 qui
1673 871 1752 932 enirn

79 970 188 1023 smum,
211 955 313 1027 angelo
333 962 412 1024 leste,
433 956 559 1013 laudatae
583 965 660 1026 sunt,
678 972 736 1014 non
755 957 847 1028 operi·
904 958 997 1031 diligit
1011 958 1188 1029 proximum,
1205 956 1297 1030 legem
1319 957 1460 1028 implevit.
1479 957 1572 1015 Nam:
1593 958 1657 1017 Nou
1669 962 1752 1022 adul·

79 1044 151 1099 renit
175 1042 211 1099 ad
237 1042 331 1110 iidem,
353 1043 402 1099 sed
425 1043 481 1100 lide
505 1044 583 1101 venit
598 1045 634 1101 ad
655 1059 751 1115 opera.
776 1045 849 1102 Nam
905 1049 1021 1114 lembis,
1038 1061 1096 1103 non
1117 1046 1238 1115 occides,
1258 1059 1317 1102 non
1332 1045 1443 1103 lurtum
1457 1045 1555 1116 iacies,
1571 1060 1630 1104 non
1645 1049 1750 1110 laisum

78 1144 92 1187 r
111 1131 248 1202 angelum
263 1130 390 1188 dicitur:
416 1133 558 1189 Orationes
574 1139 627 1188 lue
639 1139 665 1188 et
678 1134 849 1201 eleemosynae
904 1136 1102 1194 testimouium
1128 1134 1215 1201 dices,
1241 1147 1300 1190 uon
1324 1133 1516 1204 concupisces,
1534 1141 1562 1190 el
1582 1133 1607 1189 si
1621 1133 1693 1205 quid
1707 1142 1750 1192 est

79 1221 183 1276 rcierunt
205 1223 421 1290 inconspectum
445 1224 496 1276 liei
517 1223 591 1292 (Act.
612 1237 642 1290 x,
667 1223 705 1292 4).
722 1222 752 1278 Si
771 1222 848 1279 enim
903 1226 986 1283 aliud
1010 1224 1191 1291 mandatum,
1206 1221 1237 1278 iu
1258 1222 1414 1279 hoererbo
1427 1221 1626 1281 instauratur:
1643 1223 1751 1295 Diliges

78 1323 145 1367 vero
167 1316 195 1366 ct
219 1316 285 1365 aute
312 1308 454 1379 baptisma
479 1324 535 1366 non
565 1310 736 1378 crediderat,
761 1325 848 1382 quem
903 1315 1071 1386 proximum
1094 1320 1177 1369 tuum
1209 1312 1283 1368 sieut
1311 1310 1454 1383 teipsum;
1484 1310 1596 1369 dilectio
1623 1311 1751 1383 proximi

79 1405 112 1466 at,
128 1398 174 1455 vel
196 1398 340 1469 quomodo
356 1398 434 1454 hunc
457 1399 531 1454 lleus
550 1399 730 1467 exaudierat,
748 1400 771 1456 si
790 1414 848 1456 nou
903 1402 1014 1458 malum
1027 1415 1086 1458 uon
1100 1407 1245 1471 operatur.
1271 1399 1421 1456 Plenitudo
1437 1412 1506 1472 ergo
1530 1398 1600 1472 legis
1621 1406 1664 1457 est
1679 1399 1751 1458 diie-

79 1502 114 1544 so
135 1501 164 1544 se
194 1487 225 1542 in
252 1487 334 1544 bonis
360 1487 455 1557 perlici
485 1488 622 1557 poterell
649 1489 757 1545 sciebat
780 1503 848 1560 ergo
903 1491 969 1547 etio.
996 1492 1064 1545 item
1092 1488 1133 1560 (rr,
1164 1488 1227 1561 l0):
1258 1487 1349 1545 Corde
1377 1488 1505 1546 ereditur
1532 1488 1568 1544 ad
1593 1487 1749 1560 justitiam,

79 1590 158 1633 orem
173 1576 305 1633 omnium
332 1576 433 1641 Deum,
451 1578 500 1632 sed
523 1577 593 1647 quia
611 1577 675 1647 eius
699 1577 790 1633 Filius
805 1578 849 1633 in·
903 1593 951 1635 ore
966 1586 1064 1635 autem
1086 1577 1224 1634 confessio
1239 1575 1271 1633 lit
1286 1577 1470 1633 adsalutem.
1486 1576 1648 1633 Ambrosius
1667 1591 1750 1647 super

79 1672 138 1722 atus
159 1672 231 1729 erat,
256 1664 418 1736 ignorabat.
442 1665 506 1721 Non
529 1666 607 1720 enim
631 1672 740 1735 poterat
763 1678 847 1736 agere
903 1668 1023 1724 eamdem
1060 1667 1230 1736 llpisloiom:
1270 1665 1336 1723 Sine
1373 1664 1543 1736 poenitentia
1576 1664 1653 1722 euim
1683 1670 1752 1723 sunt

79 1753 164 1823 ,nisi
188 1761 254 1809 ante
273 1751 447 1808 credidisset.
475 1752 619 1823 Scriptum
644 1767 770 1824 uanique
784 1761 843 1809 est:
903 1755 977 1812 dona
1000 1761 1028 1812 et
1046 1754 1158 1812 vocatio
1184 1754 1252 1823 liei,
1269 1767 1375 1812 verum
1400 1760 1452 1822 est,
1477 1753 1556 1826 quod
1582 1753 1677 1825 gratia
1698 1754 1750 1811 Dei

79 1843 132 1912 fide
153 1842 321 1911 impossibile
340 1848 378 1896 est
391 1842 501 1910 placore
520 1845 594 1908 lieo;
612 1842 695 1898 iidem
711 1857 779 1913 ergo
795 1842 846 1897 lra-
902 1858 962 1899 non
975 1842 1081 1914 quaerii
1095 1842 1236 1914 gemitum
1250 1850 1301 1899 aut
1315 1842 1463 1912 planctum
1473 1846 1609 1912 autopus
1623 1840 1748 1914 aliquid,

79 1933 106 1997 it,
131 1930 216 2000 cujus
240 1930 384 1986 orationes
398 1938 426 1985 et
448 1930 635 2001 eleemosynae
655 1930 767 2001 placere
790 1930 847 1986 lieo
902 1931 958 1987 nisi
984 1930 1074 1987 solam
1102 1931 1196 1988 cordis
1226 1929 1444 1987 confessionem.
1473 1931 1580 1988 Veritus
1604 1929 1682 2001 (Luc.
1705 1944 1749 2001 xl,

79 2025 141 2074 aut.
163 2019 241 2074 Bona
264 2025 360 2073 antem
388 2019 499 2074 actione
524 2021 692 2089 promeruit,
708 2028 741 2075 ut
756 2020 847 2075 Deum
901 2019 966 2090 iil:
981 2019 1051 2075 Date
1070 2017 1289 2090 eleemosynam,
1311 2025 1338 2077 et
1357 2018 1455 2076 omnia
1478 2017 1589 2076 munda
1614 2026 1748 2078 suntvo-

80 2115 122 2165 cte
146 2115 330 2178 cognosceret
358 2115 385 2163 et
410 2107 617 2164 incarnationis
650 2107 713 2177 eJus
739 2114 846 2176 myste·
902 2108 955 2165 bie.
986 2109 1101 2162 ioannes
1131 2107 1336 2176 chrysostomus
1364 2122 1446 2178 super
1484 2106 1665 2164 Mollierunt:
1695 2107 1748 2165 Vo-

90 2196 227 2264 crederet,
251 2205 397 2267 quatenus
417 2197 453 2252 ad
468 2205 648 2253 sacramenta
664 2195 846 2266 baptismatis
901 2199 998 2254 luntas
1014 2197 1092 2266 apud
1104 2196 1195 2253 licum
1213 2201 1428 2262 remuneratur,
1448 2208 1603 2266 nonopus,
1615 2195 1687 2268 quia
1699 2210 1750 2255 vo·

79 2285 172 2341 iniret.
199 2286 253 2340 Per
285 2285 370 2342 fidem
396 2301 464 2357 ergo
493 2287 573 2343 venit
598 2284 635 2340 ad
661 2298 765 2354 opera;
795 2283 846 2339 sed
901 2286 1049 2343 luntasex
1074 2283 1307 2341 arbitriouostro
1332 2282 1560 2355 procedit,opus
1583 2291 1682 2342 autem
1697 2299 1750 2357 per

79 2380 147 2429 rest
175 2372 316 2430 solidatus
343 2375 374 2429 in
399 2374 464 2429 side.
495 2378 612 2429 ioannes
638 2359 845 2442 dirosostomos
901 2373 952 2429 Dei
967 2375 1090 2444 gratiam
1122 2378 1351 2428 consummatur.
1379 2371 1554 2441 Augustinus
1577 2373 1607 2426 ia
1627 2386 1749 2429 somnone

79 2479 81 2491 ·
107 2461 282 2517 llottlaom:
322 2462 396 2518 Audi
427 2462 607 2532 mysterium,
637 2462 715 2533 quod
745 2461 846 2517 Petrus
898 2465 997 2533 prima
1037 2462 1185 2516 dominicae
1228 2458 1451 2529 Quadrupedem
1460 2479 1471 2516 :
1509 2458 1564 2517 Sed
1607 2473 1675 2518 cum
1713 2459 1749 2518 de

103 2548 275 2607 Clementem
299 2551 450 2620 exposuit:
479 2551 508 2607 Si
536 2551 629 2608 tidelis
649 2551 747 2607 lecerit
772 2563 846 2620 opus
901 2551 1087 2621 eleemosynis
1118 2549 1279 2621 loquimur,
1313 2562 1371 2606 nou
1401 2549 1592 2607 conturbetur
1623 2555 1750 2622 angusta

79 2652 119 2704 m,
135 2644 164 2695 et
188 2639 280 2695 hocei
303 2639 428 2709 prodest,
446 2639 575 2697 liberans
597 2653 697 2695 euma
720 2638 845 2695 maliset
903 2645 1077 2710 paupertas3
1106 2637 1204 2694 omnia
1235 2636 1312 2693 enim
1341 2635 1495 2708 compleuit
1522 2635 1573 2708 qui
1603 2635 1749 2708 quidquid

79 2726 104 2781 lo
117 2727 220 2783 seculo
241 2727 277 2782 ad
291 2727 509 2797 percipiendum
537 2742 658 2799 regnum
675 2728 797 2784 coeleste.
814 2725 842 2782 Si
901 2727 993 2798 potuit
1017 2725 1091 2794 lecit,
1118 2725 1188 2797 quia
1214 2724 1349 2783 voluntas
1368 2724 1493 2797 perlecta
1513 2724 1636 2782 lacleudi
1658 2738 1748 2795 repu-

79 2827 97 2870 u
120 2813 242 2871 infidelis
264 2813 362 2871 lecerit
379 2830 451 2885 opus
471 2816 591 2883 bonoim,
615 2816 668 2872 lroc
682 2816 707 2872 ei
731 2816 845 2886 prodest
901 2816 1010 2872 tabitur
1026 2829 1077 2886 pro
1093 2829 1178 2886 opere
1200 2812 1281 2871 lacti.
1301 2813 1354 2872 Sed
1369 2814 1425 2871 hec
1446 2813 1494 2871 ille
1509 2812 1627 2885 implere
1642 2811 1747 2884 potuit,

97 2901 196 2972 ipsius,
213 2910 240 2959 el
264 2903 317 2959 lroc
331 2903 357 2959 ei
378 2904 472 2959 reddit
499 2905 574 2960 Deus
601 2917 652 2974 pro
676 2917 760 2974 opere
780 2918 842 2960 suo.
901 2904 953 2975 qui
976 2918 1091 2960 omnem
1111 2916 1265 2974 pauperem
1288 2901 1423 2974 quasise
1446 2901 1542 2972 ipsum
1563 2900 1748 2959 considerare

79 2989 101 3045 lo
126 2997 223 3046 autern
247 2992 352 3047 saeculo
378 2992 451 3047 nilril
465 2994 492 3048 ei·
505 2992 620 3061 prodest
644 3006 716 3062 opus
742 2993 843 3062 ipsius.
862 2976 884 3033 C
900 2992 1031 3059 voluerit,
1061 2992 1085 3047 si
1105 2991 1164 3063 ipse
1187 2991 1217 3047 in
1242 2990 1292 3048 tali
1312 2989 1481 3047 necessitate
1505 2996 1588 3048 esset.
1614 2989 1674 3048 lioc
1695 2987 1748 3062 qui

84 3077 162 3134 enim
192 3077 349 3137 collocatur
372 3080 447 3136 inter
470 3089 586 3137 oaeleros
610 3081 707 3137 fideles
731 3088 846 3151 propter
900 3080 1009 3150 iecerit,
1035 3079 1148 3138 Noviet
1170 3078 1281 3137 Veteris
1305 3078 1477 3136 Testamenti
1506 3084 1649 3149 praeapte
1671 3091 1748 3135 cour·

89 3180 186 3234 suum,
202 3175 230 3224 et
251 3169 338 3238 juste,
355 3170 427 3239 quia
442 3169 571 3226 naturali
585 3170 659 3226 bono
672 3177 767 3226 motus
782 3169 848 3226 lecit
901 3169 999 3241 plevit,
1021 3168 1144 3238 impleus
1166 3167 1238 3225 illud
1264 3167 1465 3240 evangelicum
1489 3165 1596 3239 (Medd.
1614 3181 1663 3234 mr,
1680 3164 1746 3237 ll):

95 3253 214 3324 bonum,
249 3271 306 3311 non
336 3264 453 3329 propter
476 3259 576 3314 Deum.
603 3258 668 3314 ldeo
688 3259 717 3314 in
742 3273 847 3328 eorpus
901 3261 998 3315 Omnia
1027 3247 1087 3329 'que
1108 3259 1192 3312 uultis
1217 3261 1248 3313 ul
1270 3258 1379 3324 sacient
1402 3256 1477 3312 vodis
1502 3255 1632 3323 domines,
1656 3259 1682 3311 et
1699 3268 1746 3311 uos

79 3356 87 3398 ι
113 3343 220 3412 recepit
251 3345 412 3401 mercedem
440 3346 576 3417 corporis,
603 3362 660 3403 non
690 3347 720 3402 in
748 3346 847 3402 anima
899 3350 984 3416 focile
1007 3349 1074 3402 iltis.
1098 3347 1174 3402 idem
1195 3361 1278 3417 super
1298 3346 1435 3416 psalmum
1461 3344 1559 3400 xllxl:
1580 3343 1745 3416 Apostolus,

83 3432 213 3501 decerpet.
236 3435 315 3489 lucae
340 3434 419 3505 (xvir,
436 3437 483 3500 7):
499 3434 569 3501 Quis
592 3443 722 3491 restrum
738 3435 847 3491 habens
901 3451 968 3494 cum
983 3435 1195 3493 commendaret
1216 3435 1359 3507 justitiam
1381 3448 1447 3505 quae
1461 3447 1498 3491 ex
1515 3433 1571 3490 dde
1584 3438 1627 3490 est
1641 3433 1748 3492 adrer-

78 3535 119 3574 rm
146 3528 275 3577 arantem
300 3530 351 3578 ant
378 3530 550 3592 pascentem,
581 3524 633 3593 qui
659 3522 847 3593 regressode
901 3540 951 3583 sus
973 3539 1021 3582 eos
1045 3523 1274 3595 quigloriantur
1296 3522 1331 3579 de
1354 3522 1549 3595 justitiaque
1563 3529 1607 3579 est
1628 3535 1748 3592 exope-

98 3608 173 3664 dicat
195 3609 255 3664 ilii:
293 3610 393 3666 Statim
423 3612 523 3679 transi,
556 3612 711 3678 recumhe;
736 3619 763 3668 el
789 3625 848 3668 non
902 3615 993 3681 ribus,
1015 3613 1072 3669 ait:
1093 3613 1123 3668 Si
1139 3613 1209 3666 euim
1224 3610 1367 3667 abradam
1388 3609 1563 3680 exoperibus
1577 3610 1747 3681 iustificatos

99 3697 144 3754 ei:
176 3698 258 3766 Para,
288 3699 365 3769 quod
393 3713 513 3766 emnem,
540 3707 567 3756 et
595 3700 737 3772 precinge
759 3709 796 3768 te,
820 3707 847 3756 et
902 3707 951 3768 est,
980 3703 1059 3756 louet
1087 3702 1213 3770 pieriam,
1242 3699 1290 3754 sed
1314 3712 1368 3754 noa
1390 3714 1425 3754 ee
1450 3702 1503 3754 lieo
1535 3699 1622 3770 (Rom.
1645 3715 1683 3769 rr,
1706 3697 1748 3771 ι).

79 3793 133 3841 stra
156 3785 238 3853 milri,
263 3787 353 3843 donec
376 3788 548 3844 manducem
573 3796 601 3845 et
615 3789 723 3857 biliam,
743 3796 771 3846 et
787 3795 848 3859 post
903 3791 1018 3847 invenis
1042 3789 1147 3845 multos
1176 3800 1305 3859 paganos
1320 3793 1470 3859 propterea
1496 3786 1572 3844 nolle
1587 3787 1648 3845 deri
1668 3786 1749 3844 Chri-

85 3879 117 3930 ιιι
147 3874 335 3932 manducabis
358 3884 385 3932 et
415 3876 522 3932 bibes?
556 3877 695 3947 Numquid
724 3877 848 3947 gratiam
903 3879 1020 3945 stianos,
1036 3877 1106 3948 quia
1130 3875 1379 3947 quasisulilciuut
1394 3874 1448 3932 sihi
1463 3874 1588 3933 debona
1607 3875 1747 3933 silasne.

79 3969 193 4017 tservo
217 3962 268 4029 illi,
301 3965 372 4034 quia
394 3963 463 4019 iecit
487 3980 553 4035 quae
574 3965 600 4021 ei
632 3965 848 4034 imperaverat?
902 3970 977 4023 item.
996 3965 1077 4023 Unde
1101 3963 1169 4020 dicit
1193 3962 1343 4034 Scriptura
1369 3963 1561 4035 justificatum
1576 3961 1748 4020 Abraham?

79 4057 156 4119 puto.
171 4049 216 4106 Sic
226 4060 253 4107 et
275 4066 336 4119 vos,
352 4066 419 4108 cum
443 4052 564 4110 leceritis
580 4053 679 4109 omnia
694 4069 758 4125 qum
774 4067 847 4123 prm·
903 4055 1024 4113 credidit
1047 4053 1193 4110 abraham
1222 4053 1290 4121 Deo,
1317 4059 1345 4110 et
1368 4058 1536 4124 reputatum
1554 4059 1597 4110 est
1610 4052 1635 4111 ei
1650 4051 1687 4110 ad
1698 4052 1746 4125 iu·

79 4145 167 4195 esunt
182 4140 274 4207 vobis,
291 4140 376 4197 dicite
388 4159 395 4196 :
408 4141 488 4198 Servi
505 4142 621 4199 inutiles
634 4157 752 4210 sumus;
767 4143 847 4214 quod
903 4145 1022 4201 stillam.
1047 4142 1133 4201 Vides
1157 4155 1237 4214 ergo,
1252 4141 1322 4213 quia
1337 4154 1376 4198 ex
1403 4141 1468 4210 fide,
1483 4155 1543 4199 uon
1557 4156 1595 4200 ex
1612 4141 1749 4213 operibus

81 4225 156 4283 imus
168 4227 260 4284 lacere
275 4227 402 4286 lecimus.
864 4233 1076 4310 „iustificatus
1100 4237 1150 4287 est.
1181 4230 1297 4286 Faciam
1332 4243 1402 4303 ergo
1431 4229 1576 4303 quidquid
1608 4229 1749 4298 voluero,

903 4321 983 4393 quia,
1000 4320 1052 4378 etsi
1077 4320 1155 4377 bona
1177 4332 1264 4389 opera
1282 4333 1340 4376 uon
1360 4318 1490 4377 habuero
1504 4327 1640 4379 ettamen
1655 4319 1749 4378 eredi-

372 4386 482 4443 Cxffl·
902 4411 970 4467 dero
992 4408 1022 4465 iu
1048 4410 1150 4474 Deum,
1174 4406 1330 4476 deputatur
1356 4406 1429 4463 milri
1452 4407 1489 4462 ad
1518 4406 1673 4479 justitiam.
1693 4407 1749 4467 lie-

903 4496 1028 4569 spondeo
1055 4510 1118 4568 ego,
1147 4502 1287 4566 tanquam
1311 4502 1413 4553 contra
1439 4494 1607 4566 Apostolum
1630 4495 1666 4563 de
1687 4493 1750 4569 ipso

903 4585 1059 4652 Abraham,
1076 4583 1154 4654 quod
1170 4582 1335 4640 invenimus
1348 4583 1377 4639 iu
1401 4583 1529 4654 Epistola
1543 4583 1663 4643 alterius
1676 4598 1748 4656 apo·

903 4675 979 4741 stoli,
994 4673 1045 4746 qui
1068 4671 1181 4730 volebat
1203 4671 1347 4744 corrigere
1377 4673 1507 4730 homines
1536 4673 1588 4745 qui
1616 4674 1689 4732 maie
1705 4673 1747 4731 iu-

79 4757 142 4811 uius
171 4759 308 4827 aposlolus
338 4763 367 4814 ia
401 4762 526 4830 Epistola
553 4762 591 4816 od
624 4764 757 4819 Romanos
795 4765 848 4833 (ur,
904 4763 1072 4819 tellexerant
1095 4762 1180 4818 islurn
1197 4761 1367 4831 apostolum.
1393 4762 1515 4820 lacobus
1537 4761 1624 4833 euim,
1649 4769 1750 4821 eontra

96 4845 131 4900 Ut
145 4844 182 4900 sit
195 4845 253 4915 ipse
264 4847 361 4917 justus
374 4852 402 4903 et
414 4848 576 4918 justificans
595 4864 662 4905 eum
678 4852 730 4920 qul
744 4865 781 4907 ex
795 4852 850 4908 side
903 4866 951 4908 eos
977 4850 1029 4922 qui
1053 4850 1190 4907 nolebant
1218 4850 1290 4907 bene
1313 4850 1426 4921 operari
1449 4850 1484 4907 de
1506 4849 1567 4908 sola
1592 4851 1647 4908 lide
1675 4865 1749 4924 prae·

79 4946 128 4986 esu
159 4933 272 4989 Christi·
303 4935 358 4990 Uiri
378 4945 419 4990 est
446 4950 515 5004 ergo
541 4936 672 5007 gloriatio
696 4938 770 4993 tua?
794 4954 849 4996 cx·
903 4947 1068 5006 sumentes,
1103 4939 1194 5008 ipsius
1233 4939 1356 4996 Abrahae
1391 4953 1479 5011 opera
1514 4939 1748 5011 commendarit,

79 5026 167 5086 rest3
197 5035 352 5092 perquam
371 5023 488 5094 legem?
512 5023 681 5080 laetorum?
702 5026 850 5093 Nou3sed
905 5028 989 5097 cujus
1023 5026 1132 5082 Paulus
1163 5027 1247 5083 iidem
1283 5027 1426 5099 praetnlit3
1460 5028 1529 5087 dicit
1554 5036 1653 5087 autem
1682 5043 1750 5102 ope-

79 5102 165 5177 legem
187 5110 262 5166 irdei.
289 5111 475 5168 Arbitraruur
489 5113 567 5167 euim
588 5112 731 5169 hominem
743 5114 851 5185 iustili-
905 5116 987 5172 ribus
1002 5115 1136 5172 omnibus
1159 5124 1279 5173 noturn:
1308 5117 1453 5174 Abraham
1477 5116 1571 5174 lilium
1594 5132 1681 5176 suurn
1697 5117 1748 5175 im·

82 5209 131 5265 per
148 5197 231 5252 sideru
253 5199 313 5254 sine
329 5200 464 5269 operibus
487 5200 565 5270 legis,
588 5202 653 5254 item
676 5215 730 5271 ιιι,
754 5203 802 5274 2):
821 5207 850 5262 Si
905 5203 1073 5259 molendum
1098 5204 1155 5259 lieo
1176 5204 1289 5261 obtulit.
1314 5205 1412 5262 Laudo
1438 5204 1568 5263 fructum
1592 5205 1661 5264 boui
1683 5221 1750 5279 ope·

79 5304 81 5339 l
107 5286 252 5342 Abraham
277 5289 475 5358 exoperibus
500 5288 571 5358 legis
597 5288 774 5358 justificatus
796 5302 848 5362 ost,
906 5292 957 5357 ris,
983 5290 1032 5346 sed
1060 5291 1089 5346 in
1118 5291 1172 5349 lide
1200 5306 1324 5364 agnosco
1350 5294 1497 5365 radicem3
1521 5295 1546 5352 si
1572 5303 1670 5355 autem
1696 5295 1768 5354 hoc*

82 5379 92 5428 t
120 5373 252 5444 gloriam,
280 5376 328 5431 sed
356 5391 413 5431 non
445 5376 523 5446 apud
548 5377 647 5432 licum.
674 5376 748 5444 Quid
771 5379 849 5435 enim
907 5387 1010 5450 praeter
1036 5387 1143 5436 rectam
1176 5381 1261 5439 iidem
1289 5379 1405 5453 faceret,
1432 5382 1506 5441 nihii
1535 5384 1577 5442 illi
1604 5384 1750 5457 prodesset

97 5461 267 5534 Scriptura?
287 5462 411 5521 Credidit
434 5465 580 5522 Abraham
602 5466 669 5533 lico,
686 5473 846 5538 etroputa·
905 5468 1110 5541 qualecunque
1147 5484 1221 5542 opus
1253 5478 1335 5530 esset.
1369 5472 1445 5529 idem
1472 5472 1511 5530 od
1543 5474 1751 5533 Armenturtom

101 4541 186 4599 opero
211 4535 367 4585 sanctorum
401 4546 456 4585 oon
479 4532 630 4602 justificent
654 4533 796 4602 nominem,
823 4542 848 4591 et

369 4623 473 4673 contro.
