<?xml version="1.0" encoding="UTF-8"?>
<!DOCTYPE html PUBLIC "-//W3C//DTD XHTML 1.0 Transitional//EN"
    "http://www.w3.org/TR/xhtml1/DTD/xhtml1-transitional.dtd">
<html xmlns="http://www.w3.org/1999/xhtml" xml:lang="en" lang="en">
 <head>
  <title>
</title>
<meta http-equiv="Content-Type" content="text/html;charset=utf-8" />
  <meta name='ocr-system' content='tesseract 3.04.00' />
  <meta name='ocr-capabilities' content='ocr_page ocr_carea ocr_par ocr_line ocrx_word'/>
</head>
<body>
  <div class='ocr_page' id='page_1' title='image "./patrologiaecurs53unkngoog/patrologiaecurs53unkngoog_0039.png"; bbox 0 0 3804 5962; ppageno 0'>
   <div class='ocr_carea' id='block_1_1' title="bbox 86 81 1846 146">
    <p class='ocr_par' dir='ltr' id='par_1_1' title="bbox 86 81 1846 146">
     <span class='ocr_line' id='line_1_1' title="bbox 86 81 1846 146; baseline -0.004 0"><span class='ocrx_word' id='word_1_1' title='bbox 86 92 120 146; x_wconf 80' lang='lat' dir='ltr'><strong><em>o&#39;t</em></strong></span> <span class='ocrx_word' id='word_1_2' title='bbox 738 128 741 132; x_wconf 79' lang='lat'>.</span> <span class='ocrx_word' id='word_1_3' title='bbox 780 85 913 142; x_wconf 73' lang='lat' dir='ltr'><strong><em>emaus</em></strong></span> <span class='ocrx_word' id='word_1_4' title='bbox 931 81 1158 141; x_wconf 78' lang='lat' dir='ltr'><strong><em>ABAELAHDUS.</em></strong></span> <span class='ocrx_word' id='word_1_5' title='bbox 1810 87 1846 139; x_wconf 78' lang='lat' dir='ltr'><strong><em>bb</em></strong></span> 
     </span>
    </p>
   </div>
   <div class='ocr_carea' id='block_1_2' title="bbox 87 206 1844 279">
    <p class='ocr_par' dir='ltr' id='par_1_2' title="bbox 87 206 1844 279">
     <span class='ocr_line' id='line_1_2' title="bbox 87 206 1844 279; baseline -0.002 -12"><span class='ocrx_word' id='word_1_6' title='bbox 87 211 164 267; x_wconf 88' lang='lat' dir='ltr'><strong><em>bant.</em></strong></span> <span class='ocrx_word' id='word_1_7' title='bbox 189 209 366 266; x_wconf 72' lang='lat' dir='ltr'><strong><em>Sacramenta</em></strong></span> <span class='ocrx_word' id='word_1_8' title='bbox 395 207 513 264; x_wconf 79' lang='lat' dir='ltr'><strong><em>calestia</em></strong></span> <span class='ocrx_word' id='word_1_9' title='bbox 533 207 699 265; x_wconf 88' lang='lat' dir='ltr'><strong><em>immortalis</em></strong></span> <span class='ocrx_word' id='word_1_10' title='bbox 725 211 799 277; x_wconf 79' lang='lat' dir='ltr'><strong><em>Apni</em></strong></span> <span class='ocrx_word' id='word_1_11' title='bbox 826 209 933 279; x_wconf 74' lang='lat' dir='ltr'><strong><em>sacrifi·</em></strong></span> <span class='ocrx_word' id='word_1_12' title='bbox 949 210 1048 266; x_wconf 73' lang='lat' dir='ltr'><strong><em>llicit.</em></strong></span> <span class='ocrx_word' id='word_1_13' title='bbox 1072 211 1149 264; x_wconf 90' lang='lat' dir='ltr'><strong><em>Hunc</em></strong></span> <span class='ocrx_word' id='word_1_14' title='bbox 1163 222 1238 276; x_wconf 83' lang='lat' dir='ltr'><strong><em>erqo,</em></strong></span> <span class='ocrx_word' id='word_1_15' title='bbox 1262 207 1427 262; x_wconf 78' lang='lat' dir='ltr'><strong><em>reiterabilis</em></strong></span> <span class='ocrx_word' id='word_1_16' title='bbox 1447 210 1473 261; x_wconf 93' lang='lat' dir='ltr'><strong><em>et</em></strong></span> <span class='ocrx_word' id='word_1_17' title='bbox 1488 206 1651 262; x_wconf 84' lang='lat' dir='ltr'><strong><em>clarissima</em></strong></span> <span class='ocrx_word' id='word_1_18' title='bbox 1673 208 1704 262; x_wconf 92' lang='lat' dir='ltr'><strong><em>in</em></strong></span> <span class='ocrx_word' id='word_1_19' title='bbox 1728 209 1844 264; x_wconf 79' lang='lat' dir='ltr'><strong><em>mutae</em></strong></span> 
     </span>
    </p>
   </div>
   <div class='ocr_carea' id='block_1_3' title="bbox 24 280 935 1485">
    <p class='ocr_par' dir='ltr' id='par_1_3' title="bbox 24 280 935 1485">
     <span class='ocr_line' id='line_1_3' title="bbox 88 280 935 351; baseline -0.001 -14"><span class='ocrx_word' id='word_1_20' title='bbox 88 285 162 338; x_wconf 89' lang='lat' dir='ltr'><strong><em>cium</em></strong></span> <span class='ocrx_word' id='word_1_21' title='bbox 176 283 230 337; x_wconf 84' lang='lat' dir='ltr'><strong><em>Deo</em></strong></span> <span class='ocrx_word' id='word_1_22' title='bbox 251 280 397 350; x_wconf 73' lang='lat' dir='ltr'><strong><em>offaendo,</em></strong></span> <span class='ocrx_word' id='word_1_23' title='bbox 411 284 496 351; x_wconf 85' lang='lat' dir='ltr'><strong><em>prout</em></strong></span> <span class='ocrx_word' id='word_1_24' title='bbox 513 285 632 350; x_wconf 91' lang='lat' dir='ltr'><strong><em>poteret,</em></strong></span> <span class='ocrx_word' id='word_1_25' title='bbox 653 280 857 349; x_wconf 73' lang='lat' dir='ltr'><strong><em>frequentabat.</em></strong></span> <span class='ocrx_word' id='word_1_26' title='bbox 880 283 935 337; x_wconf 88' lang='lat' dir='ltr'><strong><em>lma</em></strong></span> 
     </span>
     <span class='ocr_line' id='line_1_4' title="bbox 85 352 935 424; baseline -0.001 -16"><span class='ocrx_word' id='word_1_27' title='bbox 85 358 234 424; x_wconf 78' lang='lat' dir='ltr'><strong><em>postquam</em></strong></span> <span class='ocrx_word' id='word_1_28' title='bbox 272 353 371 406; x_wconf 87' lang='lat' dir='ltr'><strong><em>litteris</em></strong></span> <span class='ocrx_word' id='word_1_29' title='bbox 395 360 421 406; x_wconf 91' lang='lat' dir='ltr'><strong><em>et</em></strong></span> <span class='ocrx_word' id='word_1_30' title='bbox 449 352 539 406; x_wconf 87' lang='lat' dir='ltr'><strong><em>labore</em></strong></span> <span class='ocrx_word' id='word_1_31' title='bbox 575 367 630 405; x_wconf 90' lang='lat' dir='ltr'><strong><em>meo</em></strong></span> <span class='ocrx_word' id='word_1_32' title='bbox 653 352 807 419; x_wconf 82' lang='lat' dir='ltr'><strong><em>apostolica</em></strong></span> <span class='ocrx_word' id='word_1_33' title='bbox 838 356 935 420; x_wconf 78' lang='lat' dir='ltr'><strong><em>pretia</em></strong></span> 
     </span>
     <span class='ocr_line' id='line_1_5' title="bbox 87 421 933 492; baseline -0.001 -13"><span class='ocrx_word' id='word_1_34' title='bbox 87 425 212 480; x_wconf 90' lang='lat' dir='ltr'><strong><em>redditus</em></strong></span> <span class='ocrx_word' id='word_1_35' title='bbox 236 430 286 490; x_wconf 87' lang='lat' dir='ltr'><strong><em>est,</em></strong></span> <span class='ocrx_word' id='word_1_36' title='bbox 295 439 363 492; x_wconf 88' lang='lat' dir='ltr'><strong><em>pene</em></strong></span> <span class='ocrx_word' id='word_1_37' title='bbox 372 425 560 478; x_wconf 88' lang='lat' dir='ltr'><strong><em>continuabat.</em></strong></span> <span class='ocrx_word' id='word_1_38' title='bbox 576 426 611 477; x_wconf 81' lang='lat' dir='ltr'><strong><em>El</em></strong></span> <span class='ocrx_word' id='word_1_39' title='bbox 626 422 694 490; x_wconf 87' lang='lat' dir='ltr'><strong><em>quid</em></strong></span> <span class='ocrx_word' id='word_1_40' title='bbox 724 421 840 477; x_wconf 77' lang='lat' dir='ltr'><strong><em>irruite?</em></strong></span> <span class='ocrx_word' id='word_1_41' title='bbox 860 425 933 478; x_wconf 85' lang='lat' dir='ltr'><strong><em>Hens</em></strong></span> 
     </span>
     <span class='ocr_line' id='line_1_6' title="bbox 87 492 935 566; baseline -0.001 -17"><span class='ocrx_word' id='word_1_42' title='bbox 87 495 157 566; x_wconf 76' lang='lat' dir='ltr'><strong><em>ajin,</em></strong></span> <span class='ocrx_word' id='word_1_43' title='bbox 187 498 283 562; x_wconf 82' lang='lat' dir='ltr'><strong><em>ttupue</em></strong></span> <span class='ocrx_word' id='word_1_44' title='bbox 300 496 368 563; x_wconf 81' lang='lat' dir='ltr'><strong><em>ejus,</em></strong></span> <span class='ocrx_word' id='word_1_45' title='bbox 394 510 461 563; x_wconf 86' lang='lat' dir='ltr'><strong><em>opus</em></strong></span> <span class='ocrx_word' id='word_1_46' title='bbox 485 494 542 563; x_wconf 85' lang='lat' dir='ltr'><strong><em>ejus</em></strong></span> <span class='ocrx_word' id='word_1_47' title='bbox 571 508 675 561; x_wconf 85' lang='lat' dir='ltr'><strong><em>semper</em></strong></span> <span class='ocrx_word' id='word_1_48' title='bbox 698 492 803 559; x_wconf 89' lang='lat' dir='ltr'><strong><em>diuina,</em></strong></span> <span class='ocrx_word' id='word_1_49' title='bbox 832 509 935 564; x_wconf 78' lang='lat' dir='ltr'><strong><em>semper</em></strong></span> 
     </span>
     <span class='ocr_line' id='line_1_7' title="bbox 84 563 933 639; baseline -0.002 -18"><span class='ocrx_word' id='word_1_50' title='bbox 84 568 295 639; x_wconf 84' lang='lat' dir='ltr'><strong><em>pbilosopbica,</em></strong></span> <span class='ocrx_word' id='word_1_51' title='bbox 318 581 419 635; x_wconf 85' lang='lat' dir='ltr'><strong><em>semper</em></strong></span> <span class='ocrx_word' id='word_1_52' title='bbox 444 566 596 620; x_wconf 84' lang='lat' dir='ltr'><strong><em>eruditiore</em></strong></span> <span class='ocrx_word' id='word_1_53' title='bbox 622 563 825 632; x_wconf 74' lang='lat' dir='ltr'><strong><em>meditabatur,</em></strong></span> <span class='ocrx_word' id='word_1_54' title='bbox 857 567 933 619; x_wconf 88' lang='lat' dir='ltr'><strong><em>doee-</em></strong></span> 
     </span>
     <span class='ocr_line' id='line_1_8' title="bbox 89 636 930 704; baseline -0.002 -12"><span class='ocrx_word' id='word_1_55' title='bbox 89 639 145 704; x_wconf 90' lang='lat' dir='ltr'><strong><em>bat,</em></strong></span> <span class='ocrx_word' id='word_1_56' title='bbox 165 637 317 704; x_wconf 73' lang='lat' dir='ltr'><strong><em>fatebatur.</em></strong></span> <span class='ocrx_word' id='word_1_57' title='bbox 340 639 401 691; x_wconf 84' lang='lat' dir='ltr'><strong><em>Tali</em></strong></span> <span class='ocrx_word' id='word_1_58' title='bbox 413 636 561 701; x_wconf 87' lang='lat' dir='ltr'><strong><em>nobiscum,</em></strong></span> <span class='ocrx_word' id='word_1_59' title='bbox 587 637 632 688; x_wconf 85' lang='lat' dir='ltr'><strong><em>air</em></strong></span> <span class='ocrx_word' id='word_1_60' title='bbox 643 636 760 704; x_wconf 77' lang='lat' dir='ltr'><strong><em>simplem</em></strong></span> <span class='ocrx_word' id='word_1_61' title='bbox 780 640 805 690; x_wconf 89' lang='lat' dir='ltr'><strong><em>el</em></strong></span> <span class='ocrx_word' id='word_1_62' title='bbox 820 643 930 699; x_wconf 91' lang='lat' dir='ltr'><strong><em>rectus,</em></strong></span> 
     </span>
     <span class='ocr_line' id='line_1_9' title="bbox 88 706 932 775; baseline -0.004 -12"><span class='ocrx_word' id='word_1_63' title='bbox 88 724 121 763; x_wconf 92' lang='lat' dir='ltr'><strong><em>ac</em></strong></span> <span class='ocrx_word' id='word_1_64' title='bbox 145 710 242 764; x_wconf 89' lang='lat' dir='ltr'><strong><em>timens</em></strong></span> <span class='ocrx_word' id='word_1_65' title='bbox 261 711 346 763; x_wconf 86' lang='lat' dir='ltr'><strong><em>Deum</em></strong></span> <span class='ocrx_word' id='word_1_66' title='bbox 368 713 393 762; x_wconf 90' lang='lat' dir='ltr'><strong><em>el</em></strong></span> <span class='ocrx_word' id='word_1_67' title='bbox 413 707 537 761; x_wconf 78' lang='lat' dir='ltr'><strong><em>recedens</em></strong></span> <span class='ocrx_word' id='word_1_68' title='bbox 562 706 664 761; x_wconf 91' lang='lat' dir='ltr'><strong><em>amalo</em></strong></span> <span class='ocrx_word' id='word_1_69' title='bbox 682 722 689 773; x_wconf 88' lang='grc'>;</span> <span class='ocrx_word' id='word_1_70' title='bbox 710 707 771 772; x_wconf 82' lang='lat' dir='ltr'><strong><em>teli,</em></strong></span> <span class='ocrx_word' id='word_1_71' title='bbox 793 709 932 775; x_wconf 76' lang='lat' dir='ltr'><strong><em>inquiam,</em></strong></span> 
     </span>
     <span class='ocr_line' id='line_1_10' title="bbox 86 779 934 849; baseline -0.002 -16"><span class='ocrx_word' id='word_1_72' title='bbox 86 795 135 849; x_wconf 87' lang='lat' dir='ltr'><strong><em>per</em></strong></span> <span class='ocrx_word' id='word_1_73' title='bbox 165 780 337 848; x_wconf 86' lang='lat' dir='ltr'><strong><em>aliquantum</em></strong></span> <span class='ocrx_word' id='word_1_74' title='bbox 360 781 487 847; x_wconf 84' lang='lat' dir='ltr'><strong><em>temporis</em></strong></span> <span class='ocrx_word' id='word_1_75' title='bbox 518 781 721 831; x_wconf 86' lang='lat' dir='ltr'><strong><em>conuersatione</em></strong></span> <span class='ocrx_word' id='word_1_76' title='bbox 741 779 851 833; x_wconf 90' lang='lat' dir='ltr'><strong><em>ultimos</em></strong></span> <span class='ocrx_word' id='word_1_77' title='bbox 870 782 934 832; x_wconf 82' lang='lat' dir='ltr'><strong><em>uita</em></strong></span> 
     </span>
     <span class='ocr_line' id='line_1_11' title="bbox 87 848 933 920; baseline -0.002 -15"><span class='ocrx_word' id='word_1_78' title='bbox 87 865 144 905; x_wconf 81' lang='lat' dir='ltr'><strong><em>sua</em></strong></span> <span class='ocrx_word' id='word_1_79' title='bbox 171 850 228 905; x_wconf 86' lang='lat' dir='ltr'><strong><em>dies</em></strong></span> <span class='ocrx_word' id='word_1_80' title='bbox 247 864 405 905; x_wconf 86' lang='lat' dir='ltr'><strong><em>consecrans</em></strong></span> <span class='ocrx_word' id='word_1_81' title='bbox 419 850 483 913; x_wconf 87' lang='lat' dir='ltr'><strong><em>Deo,</em></strong></span> <span class='ocrx_word' id='word_1_82' title='bbox 504 848 645 915; x_wconf 90' lang='lat' dir='ltr'><strong><em>pausandi</em></strong></span> <span class='ocrx_word' id='word_1_83' title='bbox 666 850 759 915; x_wconf 84' lang='lat' dir='ltr'><strong><em>pretia</em></strong></span> <span class='ocrx_word' id='word_1_84' title='bbox 782 849 858 920; x_wconf 88' lang='lat' dir='ltr'><strong><em>(nem</em></strong></span> <span class='ocrx_word' id='word_1_85' title='bbox 870 850 933 919; x_wconf 88' lang='lat' dir='ltr'><strong><em>pius</em></strong></span> 
     </span>
     <span class='ocr_line' id='line_1_12' title="bbox 85 918 934 989; baseline -0.001 -13"><span class='ocrx_word' id='word_1_86' title='bbox 85 923 164 976; x_wconf 90' lang='lat' dir='ltr'><strong><em>solito</em></strong></span> <span class='ocrx_word' id='word_1_87' title='bbox 198 921 295 986; x_wconf 80' lang='lat' dir='ltr'><strong><em>scabie,</em></strong></span> <span class='ocrx_word' id='word_1_88' title='bbox 322 927 347 974; x_wconf 91' lang='lat' dir='ltr'><strong><em>et</em></strong></span> <span class='ocrx_word' id='word_1_89' title='bbox 372 918 535 989; x_wconf 86' lang='lat' dir='ltr'><strong><em>quibusdem</em></strong></span> <span class='ocrx_word' id='word_1_90' title='bbox 562 921 682 989; x_wconf 82' lang='lat' dir='ltr'><strong><em>corporis</em></strong></span> <span class='ocrx_word' id='word_1_91' title='bbox 703 921 934 975; x_wconf 87' lang='lat' dir='ltr'><strong><em>incommoditati-</em></strong></span> 
     </span>
     <span class='ocr_line' id='line_1_13' title="bbox 24 989 933 1060; baseline -0.001 -13"><span class='ocrx_word' id='word_1_92' title='bbox 24 990 30 999; x_wconf 85' lang='grc'><strong>’</strong></span> <span class='ocrx_word' id='word_1_93' title='bbox 87 992 136 1047; x_wconf 90' lang='lat' dir='ltr'><strong><em>bus</em></strong></span> <span class='ocrx_word' id='word_1_94' title='bbox 162 991 339 1060; x_wconf 81' lang='lat' dir='ltr'><strong><em>precabatur)</em></strong></span> <span class='ocrx_word' id='word_1_95' title='bbox 373 1005 444 1044; x_wconf 89' lang='lat' dir='ltr'><strong><em>ame</em></strong></span> <span class='ocrx_word' id='word_1_96' title='bbox 475 989 629 1046; x_wconf 76' lang='lat' dir='ltr'><strong><em>cabilonem</em></strong></span> <span class='ocrx_word' id='word_1_97' title='bbox 656 991 755 1045; x_wconf 89' lang='lat' dir='ltr'><strong><em>missus</em></strong></span> <span class='ocrx_word' id='word_1_98' title='bbox 779 997 818 1046; x_wconf 88' lang='lat' dir='ltr'><strong><em>est</em></strong></span> <span class='ocrx_word' id='word_1_99' title='bbox 836 1031 842 1044; x_wconf 91' lang='lat'>.</span> <span class='ocrx_word' id='word_1_100' title='bbox 863 993 933 1048; x_wconf 87' lang='lat' dir='ltr'><strong><em>Nam</em></strong></span> 
     </span>
     <span class='ocr_line' id='line_1_14' title="bbox 84 1062 932 1133; baseline -0.005 -14"><span class='ocrx_word' id='word_1_101' title='bbox 84 1070 198 1133; x_wconf 85' lang='lat' dir='ltr'><strong><em>propter</em></strong></span> <span class='ocrx_word' id='word_1_102' title='bbox 216 1064 292 1117; x_wconf 88' lang='lat' dir='ltr'><strong><em>illius</em></strong></span> <span class='ocrx_word' id='word_1_103' title='bbox 310 1062 362 1116; x_wconf 92' lang='lat' dir='ltr'><strong><em>soli</em></strong></span> <span class='ocrx_word' id='word_1_104' title='bbox 375 1064 558 1115; x_wconf 78' lang='lat' dir='ltr'><strong><em>amoenitatem</em></strong></span> <span class='ocrx_word' id='word_1_105' title='bbox 574 1077 630 1130; x_wconf 85' lang='lat' dir='ltr'><strong><em>que</em></strong></span> <span class='ocrx_word' id='word_1_106' title='bbox 657 1065 760 1116; x_wconf 89' lang='lat' dir='ltr'><strong><em>cunctis</em></strong></span> <span class='ocrx_word' id='word_1_107' title='bbox 783 1077 850 1131; x_wconf 89' lang='lat' dir='ltr'><strong><em>pene</em></strong></span> <span class='ocrx_word' id='word_1_108' title='bbox 864 1067 932 1117; x_wconf 85' lang='lat' dir='ltr'><strong><em>littr-</em></strong></span> 
     </span>
     <span class='ocr_line' id='line_1_15' title="bbox 86 1132 932 1202; baseline -0.001 -13"><span class='ocrx_word' id='word_1_109' title='bbox 86 1134 199 1201; x_wconf 79' lang='lat' dir='ltr'><strong><em>pundiae</em></strong></span> <span class='ocrx_word' id='word_1_110' title='bbox 224 1137 323 1188; x_wconf 79' lang='lat' dir='ltr'><strong><em>nostra</em></strong></span> <span class='ocrx_word' id='word_1_111' title='bbox 344 1132 472 1202; x_wconf 88' lang='lat' dir='ltr'><strong><em>portibus</em></strong></span> <span class='ocrx_word' id='word_1_112' title='bbox 497 1134 664 1202; x_wconf 77' lang='lat' dir='ltr'><strong><em>praeminet,</em></strong></span> <span class='ocrx_word' id='word_1_113' title='bbox 694 1134 781 1187; x_wconf 91' lang='lat' dir='ltr'><strong><em>locum</em></strong></span> <span class='ocrx_word' id='word_1_114' title='bbox 804 1137 829 1186; x_wconf 90' lang='lat' dir='ltr'><strong><em>ei</em></strong></span> <span class='ocrx_word' id='word_1_115' title='bbox 850 1133 932 1188; x_wconf 81' lang='lat' dir='ltr'><strong><em>berbi-</em></strong></span> 
     </span>
     <span class='ocr_line' id='line_1_16' title="bbox 87 1203 933 1274; baseline -0.001 -14"><span class='ocrx_word' id='word_1_116' title='bbox 87 1206 148 1270; x_wconf 88' lang='lat' dir='ltr'><strong><em>lem‚</em></strong></span> <span class='ocrx_word' id='word_1_117' title='bbox 163 1218 247 1273; x_wconf 87' lang='lat' dir='ltr'><strong><em>prope</em></strong></span> <span class='ocrx_word' id='word_1_118' title='bbox 259 1204 351 1257; x_wconf 89' lang='lat' dir='ltr'><strong><em>urbem</em></strong></span> <span class='ocrx_word' id='word_1_119' title='bbox 367 1203 476 1274; x_wconf 82' lang='lat' dir='ltr'><strong><em>quidem</em></strong></span> <span class='ocrx_word' id='word_1_120' title='bbox 491 1204 537 1258; x_wconf 88' lang='lat' dir='ltr'><strong><em>sed</em></strong></span> <span class='ocrx_word' id='word_1_121' title='bbox 557 1211 645 1258; x_wconf 86' lang='lat' dir='ltr'><strong><em>tomen</em></strong></span> <span class='ocrx_word' id='word_1_122' title='bbox 674 1205 760 1258; x_wconf 82' lang='lat' dir='ltr'><strong><em>Arari</em></strong></span> <span class='ocrx_word' id='word_1_123' title='bbox 778 1207 933 1272; x_wconf 74' lang='lat' dir='ltr'><strong><em>interlinea-</em></strong></span> 
     </span>
     <span class='ocr_line' id='line_1_17' title="bbox 87 1274 932 1346; baseline -0.001 -16"><span class='ocrx_word' id='word_1_124' title='bbox 87 1281 122 1339; x_wconf 88' lang='lat' dir='ltr'><strong><em>te,</em></strong></span> <span class='ocrx_word' id='word_1_125' title='bbox 142 1274 327 1343; x_wconf 85' lang='lat' dir='ltr'><strong><em>providerem.</em></strong></span> <span class='ocrx_word' id='word_1_126' title='bbox 343 1274 385 1329; x_wconf 87' lang='lat' dir='ltr'><strong><em>lbi</em></strong></span> <span class='ocrx_word' id='word_1_127' title='bbox 402 1275 490 1344; x_wconf 80' lang='lat' dir='ltr'><strong><em>jueta</em></strong></span> <span class='ocrx_word' id='word_1_128' title='bbox 506 1275 579 1343; x_wconf 86' lang='lat' dir='ltr'><strong><em>quod</em></strong></span> <span class='ocrx_word' id='word_1_129' title='bbox 600 1275 806 1330; x_wconf 80' lang='lat' dir='ltr'><strong><em>incommoditas</em></strong></span> <span class='ocrx_word' id='word_1_130' title='bbox 821 1279 932 1346; x_wconf 85' lang='lat' dir='ltr'><strong><em>permii-</em></strong></span> 
     </span>
     <span class='ocr_line' id='line_1_18' title="bbox 86 1345 932 1416; baseline 0.001 -17"><span class='ocrx_word' id='word_1_131' title='bbox 86 1345 168 1410; x_wconf 90' lang='lat' dir='ltr'><strong><em>tebet,</em></strong></span> <span class='ocrx_word' id='word_1_132' title='bbox 184 1349 302 1416; x_wconf 82' lang='lat' dir='ltr'><strong><em>antiqua</em></strong></span> <span class='ocrx_word' id='word_1_133' title='bbox 316 1361 367 1400; x_wconf 87' lang='lat' dir='ltr'><strong><em>saa</em></strong></span> <span class='ocrx_word' id='word_1_134' title='bbox 393 1360 520 1400; x_wconf 83' lang='lat' dir='ltr'><strong><em>reuocans</em></strong></span> <span class='ocrx_word' id='word_1_135' title='bbox 544 1346 648 1412; x_wconf 90' lang='lat' dir='ltr'><strong><em>studia,</em></strong></span> <span class='ocrx_word' id='word_1_136' title='bbox 670 1346 748 1401; x_wconf 90' lang='lat' dir='ltr'><strong><em>libris</em></strong></span> <span class='ocrx_word' id='word_1_137' title='bbox 762 1361 866 1415; x_wconf 87' lang='lat' dir='ltr'><strong><em>semper</em></strong></span> <span class='ocrx_word' id='word_1_138' title='bbox 892 1350 932 1400; x_wconf 92' lang='lat' dir='ltr'><strong><em>in·</em></strong></span> 
     </span>
     <span class='ocr_line' id='line_1_19' title="bbox 86 1416 931 1485; baseline 0 -14"><span class='ocrx_word' id='word_1_139' title='bbox 86 1416 249 1471; x_wconf 88' lang='lat' dir='ltr'><strong><em>cumbebot.</em></strong></span> <span class='ocrx_word' id='word_1_140' title='bbox 275 1419 328 1473; x_wconf 82' lang='lat' dir='ltr'><strong><em>Nec</em></strong></span> <span class='ocrx_word' id='word_1_141' title='bbox 348 1421 418 1470; x_wconf 89' lang='lat' dir='ltr'><strong><em>sicul</em></strong></span> <span class='ocrx_word' id='word_1_142' title='bbox 437 1417 470 1470; x_wconf 91' lang='lat' dir='ltr'><strong><em>de</em></strong></span> <span class='ocrx_word' id='word_1_143' title='bbox 490 1418 591 1483; x_wconf 83' lang='lat' dir='ltr'><strong><em>uepm</em></strong></span> <span class='ocrx_word' id='word_1_144' title='bbox 607 1420 733 1485; x_wconf 73' lang='lat' dir='ltr'><strong><em>crapario</em></strong></span> <span class='ocrx_word' id='word_1_145' title='bbox 748 1417 859 1484; x_wconf 89' lang='lat' dir='ltr'><strong><em>dicitur,</em></strong></span> <span class='ocrx_word' id='word_1_146' title='bbox 876 1433 931 1471; x_wconf 91' lang='lat' dir='ltr'><strong><em>mo-</em></strong></span> 
     </span>
    </p>
   </div>
   <div class='ocr_carea' id='block_1_4' title="bbox 983 279 1843 1475">
    <p class='ocr_par' dir='ltr' id='par_1_4' title="bbox 988 279 1843 761">
     <span class='ocr_line' id='line_1_20' title="bbox 989 279 1843 349; baseline -0.002 -13"><span class='ocrx_word' id='word_1_147' title='bbox 989 297 1075 344; x_wconf 86' lang='lat' dir='ltr'><strong><em>serar,</em></strong></span> <span class='ocrx_word' id='word_1_148' title='bbox 1100 283 1161 345; x_wconf 89' lang='lat' dir='ltr'><strong><em>cui,</em></strong></span> <span class='ocrx_word' id='word_1_149' title='bbox 1189 285 1251 349; x_wconf 86' lang='lat' dir='ltr'><strong><em>pest</em></strong></span> <span class='ocrx_word' id='word_1_150' title='bbox 1279 279 1418 334; x_wconf 71' lang='lat' dir='ltr'><strong><em>cursualem</em></strong></span> <span class='ocrx_word' id='word_1_151' title='bbox 1444 280 1579 348; x_wconf 90' lang='lat' dir='ltr'><strong><em>copulem,</em></strong></span> <span class='ocrx_word' id='word_1_152' title='bbox 1609 283 1685 333; x_wconf 89' lang='lat' dir='ltr'><strong><em>lento</em></strong></span> <span class='ocrx_word' id='word_1_153' title='bbox 1709 279 1843 335; x_wconf 88' lang='lat' dir='ltr'><strong><em>validiore</em></strong></span> 
     </span>
     <span class='ocr_line' id='line_1_21' title="bbox 989 349 1840 423; baseline -0.001 -17"><span class='ocrx_word' id='word_1_154' title='bbox 989 357 1091 423; x_wconf 83' lang='lat' dir='ltr'><strong><em>quanto</em></strong></span> <span class='ocrx_word' id='word_1_155' title='bbox 1116 352 1226 405; x_wconf 81' lang='lat' dir='ltr'><strong><em>meliore</em></strong></span> <span class='ocrx_word' id='word_1_156' title='bbox 1250 350 1348 406; x_wconf 77' lang='lat' dir='ltr'><strong><em>dieitur</em></strong></span> <span class='ocrx_word' id='word_1_157' title='bbox 1375 352 1518 405; x_wconf 75' lang='lat' dir='ltr'><strong><em>cbamtetis</em></strong></span> <span class='ocrx_word' id='word_1_158' title='bbox 1546 351 1652 405; x_wconf 82' lang='lat' dir='ltr'><strong><em>uincula</em></strong></span> <span class='ocrx_word' id='word_1_159' title='bbox 1681 349 1840 417; x_wconf 78' lang='lat' dir='ltr'><strong><em>adhaesisti,</em></strong></span> 
     </span>
     <span class='ocr_line' id='line_1_22' title="bbox 989 421 1841 494; baseline -0.001 -16"><span class='ocrx_word' id='word_1_160' title='bbox 989 440 1047 478; x_wconf 89' lang='lat' dir='ltr'><strong><em>cum</em></strong></span> <span class='ocrx_word' id='word_1_161' title='bbox 1063 439 1114 494; x_wconf 84' lang='lat' dir='ltr'><strong><em>qno</em></strong></span> <span class='ocrx_word' id='word_1_162' title='bbox 1130 427 1155 477; x_wconf 88' lang='lat' dir='ltr'><strong><em>et</em></strong></span> <span class='ocrx_word' id='word_1_163' title='bbox 1174 422 1225 477; x_wconf 90' lang='lat' dir='ltr'><strong><em>sub</em></strong></span> <span class='ocrx_word' id='word_1_164' title='bbox 1242 438 1294 492; x_wconf 81' lang='lat' dir='ltr'><strong><em>quo</em></strong></span> <span class='ocrx_word' id='word_1_165' title='bbox 1318 423 1366 475; x_wconf 87' lang='lat' dir='ltr'><strong><em>din</em></strong></span> <span class='ocrx_word' id='word_1_166' title='bbox 1390 424 1503 476; x_wconf 83' lang='lat' dir='ltr'><strong><em>Domino</em></strong></span> <span class='ocrx_word' id='word_1_167' title='bbox 1534 421 1694 487; x_wconf 81' lang='lat' dir='ltr'><strong><em>deserrisli;</em></strong></span> <span class='ocrx_word' id='word_1_168' title='bbox 1719 421 1788 476; x_wconf 88' lang='lat' dir='ltr'><strong><em>bunc</em></strong></span> <span class='ocrx_word' id='word_1_169' title='bbox 1811 427 1841 477; x_wconf 89' lang='lat' dir='ltr'><strong><em>in</em></strong></span> 
     </span>
     <span class='ocr_line' id='line_1_23' title="bbox 989 494 1840 561; baseline 0 -13"><span class='ocrx_word' id='word_1_170' title='bbox 989 495 1152 561; x_wconf 74' lang='lat' dir='ltr'><strong><em>poemiam</em></strong></span> <span class='ocrx_word' id='word_1_171' title='bbox 1176 498 1227 557; x_wconf 89' lang='lat' dir='ltr'><strong><em>tui,</em></strong></span> <span class='ocrx_word' id='word_1_172' title='bbox 1247 494 1289 546; x_wconf 86' lang='lat' dir='ltr'><strong><em>oei</em></strong></span> <span class='ocrx_word' id='word_1_173' title='bbox 1305 499 1335 548; x_wconf 89' lang='lat' dir='ltr'><strong><em>ul</em></strong></span> <span class='ocrx_word' id='word_1_174' title='bbox 1357 499 1381 546; x_wconf 91' lang='lat' dir='ltr'><strong><em>te</em></strong></span> <span class='ocrx_word' id='word_1_175' title='bbox 1409 494 1523 547; x_wconf 88' lang='lat' dir='ltr'><strong><em>alteram</em></strong></span> <span class='ocrx_word' id='word_1_176' title='bbox 1540 495 1568 546; x_wconf 87' lang='lat' dir='ltr'><strong><em>iu</em></strong></span> <span class='ocrx_word' id='word_1_177' title='bbox 1595 495 1698 558; x_wconf 83' lang='lat' dir='ltr'><strong><em>premio</em></strong></span> <span class='ocrx_word' id='word_1_178' title='bbox 1712 507 1760 547; x_wconf 88' lang='lat' dir='ltr'><strong><em>sue</em></strong></span> <span class='ocrx_word' id='word_1_179' title='bbox 1780 509 1840 548; x_wconf 90' lang='lat' dir='ltr'><strong><em>con·</em></strong></span> 
     </span>
     <span class='ocr_line' id='line_1_24' title="bbox 988 563 1839 632; baseline -0.001 -12"><span class='ocrx_word' id='word_1_180' title='bbox 988 568 1062 632; x_wconf 73' lang='lat' dir='ltr'><strong><em>fouet</em></strong></span> <span class='ocrx_word' id='word_1_181' title='bbox 1081 571 1107 620; x_wconf 89' lang='lat' dir='ltr'><strong><em>et</em></strong></span> <span class='ocrx_word' id='word_1_182' title='bbox 1126 568 1155 618; x_wconf 90' lang='lat' dir='ltr'><strong><em>in</em></strong></span> <span class='ocrx_word' id='word_1_183' title='bbox 1175 565 1293 618; x_wconf 86' lang='lat' dir='ltr'><strong><em>aduentu</em></strong></span> <span class='ocrx_word' id='word_1_184' title='bbox 1317 566 1436 629; x_wconf 87' lang='lat' dir='ltr'><strong><em>Domini,</em></strong></span> <span class='ocrx_word' id='word_1_185' title='bbox 1463 566 1492 618; x_wconf 86' lang='lat' dir='ltr'><strong><em>in</em></strong></span> <span class='ocrx_word' id='word_1_186' title='bbox 1505 579 1568 620; x_wconf 87' lang='lat' dir='ltr'><strong><em>coco</em></strong></span> <span class='ocrx_word' id='word_1_187' title='bbox 1581 563 1740 632; x_wconf 80' lang='lat' dir='ltr'><strong><em>erchanpeli</em></strong></span> <span class='ocrx_word' id='word_1_188' title='bbox 1764 570 1790 619; x_wconf 89' lang='lat' dir='ltr'><strong><em>et</em></strong></span> <span class='ocrx_word' id='word_1_189' title='bbox 1808 567 1839 619; x_wconf 87' lang='lat' dir='ltr'><strong><em>in</em></strong></span> 
     </span>
     <span class='ocr_line' id='line_1_25' title="bbox 990 635 1837 705; baseline -0.001 -14"><span class='ocrx_word' id='word_1_190' title='bbox 990 637 1055 691; x_wconf 91' lang='lat' dir='ltr'><strong><em>tube</em></strong></span> <span class='ocrx_word' id='word_1_191' title='bbox 1078 639 1126 691; x_wconf 88' lang='lat' dir='ltr'><strong><em>Dei</em></strong></span> <span class='ocrx_word' id='word_1_192' title='bbox 1153 635 1340 690; x_wconf 88' lang='lat' dir='ltr'><strong><em>descendentis</em></strong></span> <span class='ocrx_word' id='word_1_193' title='bbox 1367 636 1400 689; x_wconf 91' lang='lat' dir='ltr'><strong><em>de</em></strong></span> <span class='ocrx_word' id='word_1_194' title='bbox 1427 637 1501 703; x_wconf 90' lang='lat' dir='ltr'><strong><em>coelo,</em></strong></span> <span class='ocrx_word' id='word_1_195' title='bbox 1524 635 1573 690; x_wconf 91' lang='lat' dir='ltr'><strong><em>tibi</em></strong></span> <span class='ocrx_word' id='word_1_196' title='bbox 1592 651 1642 705; x_wconf 88' lang='lat' dir='ltr'><strong><em>per</em></strong></span> <span class='ocrx_word' id='word_1_197' title='bbox 1662 637 1750 704; x_wconf 88' lang='lat' dir='ltr'><strong><em>ipsius</em></strong></span> <span class='ocrx_word' id='word_1_198' title='bbox 1770 652 1837 704; x_wconf 82' lang='lat' dir='ltr'><strong><em>pra-</em></strong></span> 
     </span>
     <span class='ocr_line' id='line_1_26' title="bbox 989 706 1409 761; baseline -0.007 0"><span class='ocrx_word' id='word_1_199' title='bbox 989 709 1056 761; x_wconf 85' lang='lat' dir='ltr'><strong><em>lium</em></strong></span> <span class='ocrx_word' id='word_1_200' title='bbox 1068 706 1265 761; x_wconf 87' lang='lat' dir='ltr'><strong><em>restituendum</em></strong></span> <span class='ocrx_word' id='word_1_201' title='bbox 1281 711 1409 761; x_wconf 76' lang='lat' dir='ltr'><strong><em>resmoat.</em></strong></span> 
     </span>
    </p>

    <p class='ocr_par' dir='ltr' id='par_1_5' title="bbox 983 776 1836 1475">
     <span class='ocr_line' id='line_1_27' title="bbox 1024 776 1835 834; baseline -0.002 0"><span class='ocrx_word' id='word_1_202' title='bbox 1024 779 1062 834; x_wconf 84' lang='lat' dir='ltr'><strong><em>Dc</em></strong></span> <span class='ocrx_word' id='word_1_203' title='bbox 1080 781 1178 834; x_wconf 88' lang='lat' dir='ltr'><strong><em>eadem</em></strong></span> <span class='ocrx_word' id='word_1_204' title='bbox 1204 778 1365 833; x_wconf 81' lang='lat' dir='ltr'><strong><em>Citrtmicon</em></strong></span> <span class='ocrx_word' id='word_1_205' title='bbox 1390 776 1577 832; x_wconf 69' lang='lat' dir='ltr'><strong><em>(lisiniacensis</em></strong></span> <span class='ocrx_word' id='word_1_206' title='bbox 1603 777 1632 832; x_wconf 91' lang='lat' dir='ltr'><strong><em>in</em></strong></span> <span class='ocrx_word' id='word_1_207' title='bbox 1648 778 1727 831; x_wconf 81' lang='lat' dir='ltr'><strong><em>Petro</em></strong></span> <span class='ocrx_word' id='word_1_208' title='bbox 1749 778 1835 833; x_wconf 85' lang='lat' dir='ltr'><strong><em>Vene-</em></strong></span> 
     </span>
     <span class='ocr_line' id='line_1_28' title="bbox 986 847 1834 917; baseline -0.001 -14"><span class='ocrx_word' id='word_1_209' title='bbox 986 849 1069 904; x_wconf 84' lang='lat' dir='ltr'><strong><em>rabili</em></strong></span> <span class='ocrx_word' id='word_1_210' title='bbox 1086 849 1124 905; x_wconf 90' lang='lat' dir='ltr'><strong><em>ita</em></strong></span> <span class='ocrx_word' id='word_1_211' title='bbox 1139 847 1293 917; x_wconf 86' lang='lat' dir='ltr'><strong><em>loquitur:</em></strong></span> <span class='ocrx_word' id='word_1_212' title='bbox 1313 848 1477 902; x_wconf 77' lang='lat' dir='ltr'><strong><em>Abaelnrdus</em></strong></span> <span class='ocrx_word' id='word_1_213' title='bbox 1497 851 1592 903; x_wconf 85' lang='lat' dir='ltr'><strong><em>Petrus</em></strong></span> <span class='ocrx_word' id='word_1_214' title='bbox 1616 850 1723 903; x_wconf 77' lang='lat' dir='ltr'><strong><em>stamine</em></strong></span> <span class='ocrx_word' id='word_1_215' title='bbox 1742 848 1776 902; x_wconf 92' lang='lat' dir='ltr'><strong><em>ab</em></strong></span> <span class='ocrx_word' id='word_1_216' title='bbox 1792 864 1834 902; x_wconf 90' lang='lat' dir='ltr'><strong><em>er-</em></strong></span> 
     </span>
     <span class='ocr_line' id='line_1_29' title="bbox 987 918 1836 990; baseline 0.001 -16"><span class='ocrx_word' id='word_1_217' title='bbox 987 922 1095 976; x_wconf 83' lang='lat' dir='ltr'><strong><em>roribus</em></strong></span> <span class='ocrx_word' id='word_1_218' title='bbox 1118 921 1182 990; x_wconf 77' lang='lat' dir='ltr'><strong><em>tldei</em></strong></span> <span class='ocrx_word' id='word_1_219' title='bbox 1204 935 1253 988; x_wconf 86' lang='lat' dir='ltr'><strong><em>per</em></strong></span> <span class='ocrx_word' id='word_1_220' title='bbox 1274 920 1453 974; x_wconf 85' lang='lat' dir='ltr'><strong><em>uenerabilem</em></strong></span> <span class='ocrx_word' id='word_1_221' title='bbox 1495 920 1607 974; x_wconf 89' lang='lat' dir='ltr'><strong><em>Petrum</em></strong></span> <span class='ocrx_word' id='word_1_222' title='bbox 1636 918 1759 973; x_wconf 86' lang='lat' dir='ltr'><strong><em>abbatem</em></strong></span> <span class='ocrx_word' id='word_1_223' title='bbox 1789 935 1836 975; x_wconf 92' lang='lat' dir='ltr'><strong><em>no-</em></strong></span> 
     </span>
     <span class='ocr_line' id='line_1_30' title="bbox 987 991 1832 1046; baseline -0.002 0"><span class='ocrx_word' id='word_1_224' title='bbox 987 997 1075 1046; x_wconf 83' lang='lat' dir='ltr'><strong><em>strum</em></strong></span> <span class='ocrx_word' id='word_1_225' title='bbox 1109 997 1135 1046; x_wconf 89' lang='lat' dir='ltr'><strong><em>et</em></strong></span> <span class='ocrx_word' id='word_1_226' title='bbox 1163 996 1287 1045; x_wconf 86' lang='lat' dir='ltr'><strong><em>sanctum</em></strong></span> <span class='ocrx_word' id='word_1_227' title='bbox 1323 991 1494 1045; x_wconf 85' lang='lat' dir='ltr'><strong><em>Hernnrdnm</em></strong></span> <span class='ocrx_word' id='word_1_228' title='bbox 1530 991 1654 1044; x_wconf 88' lang='lat' dir='ltr'><strong><em>abbatem</em></strong></span> <span class='ocrx_word' id='word_1_229' title='bbox 1689 991 1832 1045; x_wconf 78' lang='lat' dir='ltr'><strong><em>Cteraeoel·</em></strong></span> 
     </span>
     <span class='ocr_line' id='line_1_31' title="bbox 987 1061 1832 1130; baseline -0.002 -12"><span class='ocrx_word' id='word_1_230' title='bbox 987 1064 1086 1118; x_wconf 90' lang='lat' dir='ltr'><strong><em>lensem</em></strong></span> <span class='ocrx_word' id='word_1_231' title='bbox 1111 1068 1259 1125; x_wconf 83' lang='lat' dir='ltr'><strong><em>reuocatus,</em></strong></span> <span class='ocrx_word' id='word_1_232' title='bbox 1282 1078 1341 1127; x_wconf 75' lang='lat' dir='ltr'><strong><em>quea</em></strong></span> <span class='ocrx_word' id='word_1_233' title='bbox 1366 1069 1447 1118; x_wconf 86' lang='lat' dir='ltr'><strong><em>antee</em></strong></span> <span class='ocrx_word' id='word_1_234' title='bbox 1467 1062 1500 1115; x_wconf 86' lang='lat' dir='ltr'><strong><em>de</em></strong></span> <span class='ocrx_word' id='word_1_235' title='bbox 1524 1061 1577 1130; x_wconf 77' lang='lat' dir='ltr'><strong><em>tide</em></strong></span> <span class='ocrx_word' id='word_1_236' title='bbox 1599 1062 1832 1129; x_wconf 78' lang='lat' dir='ltr'><strong><em>dopmetiaueerat</em></strong></span> 
     </span>
     <span class='ocr_line' id='line_1_32' title="bbox 983 1134 1829 1204; baseline 0 -16"><span class='ocrx_word' id='word_1_237' title='bbox 983 1135 1097 1204; x_wconf 73' lang='lat' dir='ltr'><strong><em>perfide,</em></strong></span> <span class='ocrx_word' id='word_1_238' title='bbox 1117 1134 1261 1202; x_wconf 76' lang='lat' dir='ltr'><strong><em>abjurans,</em></strong></span> <span class='ocrx_word' id='word_1_239' title='bbox 1288 1137 1432 1188; x_wconf 77' lang='lat' dir='ltr'><strong><em>tittrnttclttis</em></strong></span> <span class='ocrx_word' id='word_1_240' title='bbox 1458 1134 1643 1189; x_wconf 83' lang='lat' dir='ltr'><strong><em>Clrtrtiacensis</em></strong></span> <span class='ocrx_word' id='word_1_241' title='bbox 1662 1135 1754 1199; x_wconf 78' lang='lat' dir='ltr'><strong><em>sactus</em></strong></span> <span class='ocrx_word' id='word_1_242' title='bbox 1780 1140 1829 1188; x_wconf 87' lang='lat' dir='ltr'><strong><em>est.</em></strong></span> 
     </span>
     <span class='ocr_line' id='line_1_33' title="bbox 986 1205 1832 1273; baseline -0.002 -14"><span class='ocrx_word' id='word_1_243' title='bbox 986 1206 1022 1259; x_wconf 84' lang='lat' dir='ltr'><strong><em>ot</em></strong></span> <span class='ocrx_word' id='word_1_244' title='bbox 1049 1206 1148 1261; x_wconf 89' lang='lat' dir='ltr'><strong><em>deinde</em></strong></span> <span class='ocrx_word' id='word_1_245' title='bbox 1171 1221 1244 1259; x_wconf 88' lang='lat' dir='ltr'><strong><em>mens</em></strong></span> <span class='ocrx_word' id='word_1_246' title='bbox 1267 1220 1336 1273; x_wconf 75' lang='lat' dir='ltr'><strong><em>epus,</em></strong></span> <span class='ocrx_word' id='word_1_247' title='bbox 1353 1207 1449 1273; x_wconf 85' lang='lat' dir='ltr'><strong><em>linpna</em></strong></span> <span class='ocrx_word' id='word_1_248' title='bbox 1473 1220 1531 1271; x_wconf 72' lang='lat' dir='ltr'><strong><em>epus</em></strong></span> <span class='ocrx_word' id='word_1_249' title='bbox 1554 1220 1621 1272; x_wconf 86' lang='lat' dir='ltr'><strong><em>opus</em></strong></span> <span class='ocrx_word' id='word_1_250' title='bbox 1641 1205 1700 1272; x_wconf 87' lang='lat' dir='ltr'><strong><em>ejus</em></strong></span> <span class='ocrx_word' id='word_1_251' title='bbox 1726 1219 1832 1273; x_wconf 86' lang='lat' dir='ltr'><strong><em>semper</em></strong></span> 
     </span>
     <span class='ocr_line' id='line_1_34' title="bbox 987 1274 1830 1342; baseline 0 -12"><span class='ocrx_word' id='word_1_252' title='bbox 987 1277 1082 1331; x_wconf 86' lang='lat' dir='ltr'><strong><em>diuina</em></strong></span> <span class='ocrx_word' id='word_1_253' title='bbox 1105 1280 1190 1342; x_wconf 79' lang='lat' dir='ltr'><strong><em>sucre.</em></strong></span> <span class='ocrx_word' id='word_1_254' title='bbox 1218 1277 1292 1331; x_wconf 79' lang='lat' dir='ltr'><strong><em>Obiit</em></strong></span> <span class='ocrx_word' id='word_1_255' title='bbox 1317 1291 1393 1330; x_wconf 86' lang='lat' dir='ltr'><strong><em>anttu</em></strong></span> <span class='ocrx_word' id='word_1_256' title='bbox 1423 1276 1489 1328; x_wconf 74' lang='lat' dir='ltr'><strong><em>itta</em></strong></span> <span class='ocrx_word' id='word_1_257' title='bbox 1517 1275 1665 1330; x_wconf 81' lang='lat' dir='ltr'><strong><em>ntideciem</em></strong></span> <span class='ocrx_word' id='word_1_258' title='bbox 1687 1274 1830 1330; x_wconf 82' lang='lat' dir='ltr'><strong><em>Kalendas</em></strong></span> 
     </span>
     <span class='ocr_line' id='line_1_35' title="bbox 986 1346 1830 1415; baseline -0.004 -12"><span class='ocrx_word' id='word_1_259' title='bbox 986 1348 1063 1414; x_wconf 84' lang='lat' dir='ltr'><strong><em>Hali,</em></strong></span> <span class='ocrx_word' id='word_1_260' title='bbox 1089 1351 1180 1403; x_wconf 79' lang='lat' dir='ltr'><strong><em>aetatis</em></strong></span> <span class='ocrx_word' id='word_1_261' title='bbox 1201 1349 1244 1401; x_wconf 83' lang='grc'><strong><em>63.</em></strong></span> <span class='ocrx_word' id='word_1_262' title='bbox 1270 1347 1341 1415; x_wconf 81' lang='lat' dir='ltr'><strong><em>Ejus</em></strong></span> <span class='ocrx_word' id='word_1_263' title='bbox 1361 1361 1466 1415; x_wconf 89' lang='lat' dir='ltr'><strong><em>corpus</em></strong></span> <span class='ocrx_word' id='word_1_264' title='bbox 1486 1346 1617 1401; x_wconf 75' lang='lat' dir='ltr'><strong><em>llelaissao</em></strong></span> <span class='ocrx_word' id='word_1_265' title='bbox 1640 1346 1791 1402; x_wconf 73' lang='lat' dir='ltr'><strong><em>abbatissae</em></strong></span> <span class='ocrx_word' id='word_1_266' title='bbox 1813 1361 1830 1400; x_wconf 88' lang='lat' dir='ltr'><strong><em>a</em></strong></span> 
     </span>
     <span class='ocr_line' id='line_1_36' title="bbox 986 1417 1830 1475; baseline -0.004 -1"><span class='ocrx_word' id='word_1_267' title='bbox 986 1421 1069 1474; x_wconf 85' lang='lat' dir='ltr'><strong><em>Petro</em></strong></span> <span class='ocrx_word' id='word_1_268' title='bbox 1089 1418 1250 1475; x_wconf 82' lang='lat' dir='ltr'><strong><em>Venerabili</em></strong></span> <span class='ocrx_word' id='word_1_269' title='bbox 1275 1418 1379 1473; x_wconf 90' lang='lat' dir='ltr'><strong><em>abbate</em></strong></span> <span class='ocrx_word' id='word_1_270' title='bbox 1403 1418 1582 1473; x_wconf 71' lang='lat' dir='ltr'><strong><em>cluniacensi</em></strong></span> <span class='ocrx_word' id='word_1_271' title='bbox 1604 1431 1769 1473; x_wconf 86' lang='lat' dir='ltr'><strong><em>eoncessum</em></strong></span> <span class='ocrx_word' id='word_1_272' title='bbox 1793 1417 1830 1472; x_wconf 90' lang='lat' dir='ltr'><strong><em>ad</em></strong></span> 
     </span>
    </p>
   </div>
   <div class='ocr_carea' id='block_1_5' title="bbox 83 1487 1835 1630">
    <p class='ocr_par' dir='ltr' id='par_1_6' title="bbox 83 1487 1835 1630">
     <span class='ocr_line' id='line_1_37' title="bbox 83 1487 1832 1558; baseline 0 -16"><span class='ocrx_word' id='word_1_273' title='bbox 83 1497 204 1542; x_wconf 89' lang='lat' dir='ltr'><strong><em>mentum</em></strong></span> <span class='ocrx_word' id='word_1_274' title='bbox 227 1487 345 1557; x_wconf 85' lang='lat' dir='ltr'><strong><em>aliquod</em></strong></span> <span class='ocrx_word' id='word_1_275' title='bbox 370 1491 512 1557; x_wconf 78' lang='lat' dir='ltr'><strong><em>preterire</em></strong></span> <span class='ocrx_word' id='word_1_276' title='bbox 530 1488 646 1554; x_wconf 85' lang='lat' dir='ltr'><strong><em>sinebat,</em></strong></span> <span class='ocrx_word' id='word_1_277' title='bbox 672 1493 739 1554; x_wconf 88' lang='lat' dir='ltr'><strong><em>quin</em></strong></span> <span class='ocrx_word' id='word_1_278' title='bbox 760 1504 864 1558; x_wconf 87' lang='lat' dir='ltr'><strong><em>semper</em></strong></span> <span class='ocrx_word' id='word_1_279' title='bbox 882 1495 931 1542; x_wconf 86' lang='lat' dir='ltr'><strong><em>eut</em></strong></span> <span class='ocrx_word' id='word_1_280' title='bbox 986 1491 1191 1546; x_wconf 82' lang='lat' dir='ltr'><strong><em>tutonastcriunt</em></strong></span> <span class='ocrx_word' id='word_1_281' title='bbox 1226 1490 1421 1544; x_wconf 87' lang='lat' dir='ltr'><strong><em>Paracletcnse</em></strong></span> <span class='ocrx_word' id='word_1_282' title='bbox 1445 1491 1571 1544; x_wconf 81' lang='lat' dir='ltr'><strong><em>tielatntn</em></strong></span> <span class='ocrx_word' id='word_1_283' title='bbox 1603 1497 1654 1543; x_wconf 91' lang='lat' dir='ltr'><strong><em>est.</em></strong></span> <span class='ocrx_word' id='word_1_284' title='bbox 1690 1488 1765 1545; x_wconf 87' lang='lat' dir='ltr'><strong><em>Hisit</em></strong></span> <span class='ocrx_word' id='word_1_285' title='bbox 1795 1487 1832 1543; x_wconf 89' lang='lat' dir='ltr'><strong><em>ad</em></strong></span> 
     </span>
     <span class='ocr_line' id='line_1_38' title="bbox 85 1553 1835 1630; baseline -0.001 -16"><span class='ocrx_word' id='word_1_286' title='bbox 85 1565 176 1614; x_wconf 82' lang='lat' dir='ltr'><strong><em>orara</em></strong></span> <span class='ocrx_word' id='word_1_287' title='bbox 191 1565 240 1614; x_wconf 88' lang='lat' dir='ltr'><strong><em>aut</em></strong></span> <span class='ocrx_word' id='word_1_288' title='bbox 255 1560 361 1627; x_wconf 82' lang='lat' dir='ltr'><strong><em>teperet,</em></strong></span> <span class='ocrx_word' id='word_1_289' title='bbox 386 1565 434 1613; x_wconf 88' lang='lat' dir='ltr'><strong><em>ent</em></strong></span> <span class='ocrx_word' id='word_1_290' title='bbox 461 1558 589 1613; x_wconf 82' lang='lat' dir='ltr'><strong><em>scriberet</em></strong></span> <span class='ocrx_word' id='word_1_291' title='bbox 603 1564 653 1614; x_wconf 89' lang='lat' dir='ltr'><strong><em>eut</em></strong></span> <span class='ocrx_word' id='word_1_292' title='bbox 671 1561 855 1614; x_wconf 88' lang='lat' dir='ltr'><strong><em>dictaret.ln</em></strong></span> <span class='ocrx_word' id='word_1_293' title='bbox 889 1562 930 1613; x_wconf 74' lang='lat' dir='ltr'><strong><em>leis</em></strong></span> <span class='ocrx_word' id='word_1_294' title='bbox 949 1553 967 1607; x_wconf 84' lang='grc' dir='ltr'><strong>Β</strong></span> <span class='ocrx_word' id='word_1_295' title='bbox 986 1563 1113 1616; x_wconf 85' lang='lat' dir='ltr'><strong><em>eamdem</em></strong></span> <span class='ocrx_word' id='word_1_296' title='bbox 1152 1561 1312 1630; x_wconf 73' lang='lat' dir='ltr'><strong><em>religiosam</em></strong></span> <span class='ocrx_word' id='word_1_297' title='bbox 1347 1560 1494 1615; x_wconf 86' lang='lat' dir='ltr'><strong><em>iteruinant</em></strong></span> <span class='ocrx_word' id='word_1_298' title='bbox 1539 1559 1710 1615; x_wconf 86' lang='lat' dir='ltr'><strong><em>venerabilis</em></strong></span> <span class='ocrx_word' id='word_1_299' title='bbox 1745 1559 1835 1614; x_wconf 87' lang='lat' dir='ltr'><strong><em>abbas</em></strong></span> 
     </span>
    </p>
   </div>
   <div class='ocr_carea' id='block_1_6' title="bbox 78 1630 931 2836">
    <p class='ocr_par' dir='ltr' id='par_1_7' title="bbox 78 1630 931 2836">
     <span class='ocr_line' id='line_1_39' title="bbox 84 1630 930 1697; baseline 0.002 -13"><span class='ocrx_word' id='word_1_300' title='bbox 84 1643 224 1684; x_wconf 86' lang='lat' dir='ltr'><strong><em>sacrorum</em></strong></span> <span class='ocrx_word' id='word_1_301' title='bbox 258 1646 370 1697; x_wconf 89' lang='lat' dir='ltr'><strong><em>operum</em></strong></span> <span class='ocrx_word' id='word_1_302' title='bbox 406 1631 569 1696; x_wconf 79' lang='lat' dir='ltr'><strong><em>eaereitiis,</em></strong></span> <span class='ocrx_word' id='word_1_303' title='bbox 592 1646 652 1685; x_wconf 90' lang='lat' dir='ltr'><strong><em>cum</em></strong></span> <span class='ocrx_word' id='word_1_304' title='bbox 692 1632 826 1685; x_wconf 87' lang='lat' dir='ltr'><strong><em>aduentus</em></strong></span> <span class='ocrx_word' id='word_1_305' title='bbox 855 1630 930 1686; x_wconf 87' lang='lat' dir='ltr'><strong><em>illius</em></strong></span> 
     </span>
     <span class='ocr_line' id='line_1_40' title="bbox 84 1700 931 1770; baseline 0.002 -16"><span class='ocrx_word' id='word_1_306' title='bbox 84 1700 233 1765; x_wconf 84' lang='lat' dir='ltr'><strong><em>euanqelici</em></strong></span> <span class='ocrx_word' id='word_1_307' title='bbox 249 1702 407 1756; x_wconf 88' lang='lat' dir='ltr'><strong><em>Visitetoris</em></strong></span> <span class='ocrx_word' id='word_1_308' title='bbox 431 1702 542 1770; x_wconf 84' lang='lat' dir='ltr'><strong><em>reperit,</em></strong></span> <span class='ocrx_word' id='word_1_309' title='bbox 570 1717 617 1756; x_wconf 85' lang='lat' dir='ltr'><strong><em>nec</em></strong></span> <span class='ocrx_word' id='word_1_310' title='bbox 631 1717 691 1755; x_wconf 90' lang='lat' dir='ltr'><strong><em>eum</em></strong></span> <span class='ocrx_word' id='word_1_311' title='bbox 706 1707 737 1756; x_wconf 92' lang='lat' dir='ltr'><strong><em>ut</em></strong></span> <span class='ocrx_word' id='word_1_312' title='bbox 750 1703 848 1757; x_wconf 88' lang='lat' dir='ltr'><strong><em>mullos</em></strong></span> <span class='ocrx_word' id='word_1_313' title='bbox 864 1703 931 1756; x_wconf 86' lang='lat' dir='ltr'><strong><em>der-</em></strong></span> 
     </span>
     <span class='ocr_line' id='line_1_41' title="bbox 83 1772 929 1840; baseline 0.001 -14"><span class='ocrx_word' id='word_1_314' title='bbox 83 1774 210 1826; x_wconf 88' lang='lat' dir='ltr'><strong><em>mientem</em></strong></span> <span class='ocrx_word' id='word_1_315' title='bbox 223 1772 275 1826; x_wconf 87' lang='lat' dir='ltr'><strong><em>aed</em></strong></span> <span class='ocrx_word' id='word_1_316' title='bbox 296 1773 456 1840; x_wconf 72' lang='lat' dir='ltr'><strong><em>reputantem</em></strong></span> <span class='ocrx_word' id='word_1_317' title='bbox 476 1774 589 1826; x_wconf 89' lang='lat' dir='ltr'><strong><em>inuenit.</em></strong></span> <span class='ocrx_word' id='word_1_318' title='bbox 607 1774 718 1827; x_wconf 82' lang='lat' dir='ltr'><strong><em>Invenit</em></strong></span> <span class='ocrx_word' id='word_1_319' title='bbox 730 1789 790 1827; x_wconf 91' lang='lat' dir='ltr'><strong><em>eum</em></strong></span> <span class='ocrx_word' id='word_1_320' title='bbox 802 1788 863 1827; x_wconf 85' lang='lat' dir='ltr'><strong><em>aere</em></strong></span> <span class='ocrx_word' id='word_1_321' title='bbox 888 1777 929 1827; x_wconf 85' lang='lat' dir='ltr'><strong><em>vi-</em></strong></span> 
     </span>
     <span class='ocr_line' id='line_1_42' title="bbox 84 1843 930 1910; baseline 0.001 -15"><span class='ocrx_word' id='word_1_322' title='bbox 84 1843 215 1910; x_wconf 82' lang='lat' dir='ltr'><strong><em>pilantem</em></strong></span> <span class='ocrx_word' id='word_1_323' title='bbox 229 1848 255 1898; x_wconf 87' lang='lat' dir='ltr'><strong><em>et</em></strong></span> <span class='ocrx_word' id='word_1_324' title='bbox 276 1844 315 1898; x_wconf 89' lang='lat' dir='ltr'><strong><em>od</em></strong></span> <span class='ocrx_word' id='word_1_325' title='bbox 328 1846 491 1898; x_wconf 83' lang='lat' dir='ltr'><strong><em>aeternitatis</em></strong></span> <span class='ocrx_word' id='word_1_326' title='bbox 522 1846 646 1909; x_wconf 79' lang='lat' dir='ltr'><strong><em>nuptias,</em></strong></span> <span class='ocrx_word' id='word_1_327' title='bbox 666 1860 720 1898; x_wconf 90' lang='lat' dir='ltr'><strong><em>non</em></strong></span> <span class='ocrx_word' id='word_1_328' title='bbox 748 1849 779 1898; x_wconf 89' lang='lat' dir='ltr'><strong><em>ut</em></strong></span> <span class='ocrx_word' id='word_1_329' title='bbox 793 1846 901 1910; x_wconf 78' lang='lat' dir='ltr'><strong><em>satutem</em></strong></span> <span class='ocrx_word' id='word_1_330' title='bbox 923 1885 930 1910; x_wconf 93' lang='lat'><strong><em>,</em></strong></span> 
     </span>
     <span class='ocr_line' id='line_1_43' title="bbox 83 1913 931 1981; baseline 0.001 -14"><span class='ocrx_word' id='word_1_331' title='bbox 83 1913 134 1968; x_wconf 84' lang='lat' dir='ltr'><strong><em>eed</em></strong></span> <span class='ocrx_word' id='word_1_332' title='bbox 147 1919 178 1968; x_wconf 89' lang='lat' dir='ltr'><strong><em>ut</em></strong></span> <span class='ocrx_word' id='word_1_333' title='bbox 199 1916 349 1981; x_wconf 80' lang='lat' dir='ltr'><strong><em>sapientem</em></strong></span> <span class='ocrx_word' id='word_1_334' title='bbox 375 1917 508 1979; x_wconf 83' lang='lat' dir='ltr'><strong><em>virpinem</em></strong></span> <span class='ocrx_word' id='word_1_335' title='bbox 528 1918 655 1969; x_wconf 73' lang='lat' dir='ltr'><strong><em>euteceoit.</em></strong></span> <span class='ocrx_word' id='word_1_336' title='bbox 680 1915 783 1970; x_wconf 80' lang='lat' dir='ltr'><strong><em>Attulit</em></strong></span> <span class='ocrx_word' id='word_1_337' title='bbox 798 1921 869 1969; x_wconf 89' lang='lat' dir='ltr'><strong><em>enim</em></strong></span> <span class='ocrx_word' id='word_1_338' title='bbox 885 1916 931 1969; x_wconf 89' lang='lat' dir='ltr'><strong><em>illc</em></strong></span> 
     </span>
     <span class='ocr_line' id='line_1_44' title="bbox 83 1985 931 2055; baseline 0.002 -17"><span class='ocrx_word' id='word_1_339' title='bbox 83 1997 173 2038; x_wconf 77' lang='lat' dir='ltr'><strong><em>secum</em></strong></span> <span class='ocrx_word' id='word_1_340' title='bbox 203 1985 355 2053; x_wconf 86' lang='lat' dir='ltr'><strong><em>lampadem</em></strong></span> <span class='ocrx_word' id='word_1_341' title='bbox 378 1987 489 2055; x_wconf 78' lang='lat' dir='ltr'><strong><em>plenam</em></strong></span> <span class='ocrx_word' id='word_1_342' title='bbox 509 1987 564 2040; x_wconf 89' lang='lat' dir='ltr'><strong><em>oleo</em></strong></span> <span class='ocrx_word' id='word_1_343' title='bbox 581 2026 588 2049; x_wconf 94' lang='lat'><strong><em>,</em></strong></span> <span class='ocrx_word' id='word_1_344' title='bbox 605 1987 652 2041; x_wconf 85' lang='lat' dir='ltr'><strong><em>boc</em></strong></span> <span class='ocrx_word' id='word_1_345' title='bbox 672 1991 712 2041; x_wconf 90' lang='lat' dir='ltr'><strong><em>est</em></strong></span> <span class='ocrx_word' id='word_1_346' title='bbox 741 1989 931 2041; x_wconf 88' lang='lat' dir='ltr'><strong><em>conscientiam</em></strong></span> 
     </span>
     <span class='ocr_line' id='line_1_45' title="bbox 82 2056 930 2123; baseline 0.005 -15"><span class='ocrx_word' id='word_1_347' title='bbox 82 2056 214 2123; x_wconf 81' lang='lat' dir='ltr'><strong><em>refertam</em></strong></span> <span class='ocrx_word' id='word_1_348' title='bbox 250 2061 351 2111; x_wconf 79' lang='lat' dir='ltr'><strong><em>sancta</em></strong></span> <span class='ocrx_word' id='word_1_349' title='bbox 380 2059 443 2112; x_wconf 83' lang='lat' dir='ltr'><strong><em>ailae</em></strong></span> <span class='ocrx_word' id='word_1_350' title='bbox 465 2057 626 2112; x_wconf 86' lang='lat' dir='ltr'><strong><em>testimonia.</em></strong></span> <span class='ocrx_word' id='word_1_351' title='bbox 661 2058 731 2113; x_wconf 86' lang='lat' dir='ltr'><strong><em>Nam</em></strong></span> <span class='ocrx_word' id='word_1_352' title='bbox 764 2057 801 2112; x_wconf 89' lang='lat' dir='ltr'><strong><em>ed</em></strong></span> <span class='ocrx_word' id='word_1_353' title='bbox 825 2056 930 2112; x_wconf 65' lang='lat' dir='ltr'><strong><em>saltren-</em></strong></span> 
     </span>
     <span class='ocr_line' id='line_1_46' title="bbox 83 2124 929 2198; baseline 0.004 -19"><span class='ocrx_word' id='word_1_354' title='bbox 83 2124 149 2180; x_wconf 91' lang='lat' dir='ltr'><strong><em>dum</em></strong></span> <span class='ocrx_word' id='word_1_355' title='bbox 168 2141 306 2182; x_wconf 87' lang='lat' dir='ltr'><strong><em>commune</em></strong></span> <span class='ocrx_word' id='word_1_356' title='bbox 324 2130 480 2182; x_wconf 82' lang='lat' dir='ltr'><strong><em>mortalium</em></strong></span> <span class='ocrx_word' id='word_1_357' title='bbox 509 2128 640 2193; x_wconf 89' lang='lat' dir='ltr'><strong><em>debitum,</em></strong></span> <span class='ocrx_word' id='word_1_358' title='bbox 656 2128 748 2182; x_wconf 91' lang='lat' dir='ltr'><strong><em>morbo</em></strong></span> <span class='ocrx_word' id='word_1_359' title='bbox 764 2133 929 2198; x_wconf 88' lang='lat' dir='ltr'><strong><em>correptus,</em></strong></span> 
     </span>
     <span class='ocr_line' id='line_1_47' title="bbox 82 2199 930 2270; baseline 0.002 -18"><span class='ocrx_word' id='word_1_360' title='bbox 82 2210 166 2265; x_wconf 85' lang='lat' dir='ltr'><strong><em>eoque</em></strong></span> <span class='ocrx_word' id='word_1_361' title='bbox 186 2199 399 2266; x_wconf 85' lang='lat' dir='ltr'><strong><em>inpravescente,</em></strong></span> <span class='ocrx_word' id='word_1_362' title='bbox 423 2201 454 2253; x_wconf 88' lang='lat' dir='ltr'><strong><em>in</em></strong></span> <span class='ocrx_word' id='word_1_363' title='bbox 478 2199 553 2254; x_wconf 87' lang='lat' dir='ltr'><strong><em>breui</em></strong></span> <span class='ocrx_word' id='word_1_364' title='bbox 570 2199 607 2252; x_wconf 90' lang='lat' dir='ltr'><strong><em>ad</em></strong></span> <span class='ocrx_word' id='word_1_365' title='bbox 629 2203 748 2254; x_wconf 83' lang='lat' dir='ltr'><strong><em>eatrema</em></strong></span> <span class='ocrx_word' id='word_1_366' title='bbox 782 2201 930 2270; x_wconf 86' lang='lat' dir='ltr'><strong><em>perductus</em></strong></span> 
     </span>
     <span class='ocr_line' id='line_1_48' title="bbox 82 2270 930 2340; baseline 0.005 -19"><span class='ocrx_word' id='word_1_367' title='bbox 82 2272 131 2321; x_wconf 88' lang='lat' dir='ltr'><strong><em>est.</em></strong></span> <span class='ocrx_word' id='word_1_368' title='bbox 146 2270 292 2324; x_wconf 76' lang='lat' dir='ltr'><strong><em>lunorero</em></strong></span> <span class='ocrx_word' id='word_1_369' title='bbox 309 2286 392 2340; x_wconf 87' lang='lat' dir='ltr'><strong><em>quam</em></strong></span> <span class='ocrx_word' id='word_1_370' title='bbox 416 2275 517 2338; x_wconf 82' lang='lat' dir='ltr'><strong><em>sancte,</em></strong></span> <span class='ocrx_word' id='word_1_371' title='bbox 545 2286 628 2338; x_wconf 83' lang='lat' dir='ltr'><strong><em>quem</em></strong></span> <span class='ocrx_word' id='word_1_372' title='bbox 652 2271 754 2335; x_wconf 86' lang='lat' dir='ltr'><strong><em>devote,</em></strong></span> <span class='ocrx_word' id='word_1_373' title='bbox 778 2287 862 2340; x_wconf 79' lang='lat' dir='ltr'><strong><em>qurum</em></strong></span> <span class='ocrx_word' id='word_1_374' title='bbox 881 2287 930 2325; x_wconf 84' lang='lat' dir='ltr'><strong><em>co-</em></strong></span> 
     </span>
     <span class='ocr_line' id='line_1_49' title="bbox 81 2337 930 2410; baseline 0.006 -18"><span class='ocrx_word' id='word_1_375' title='bbox 81 2337 187 2400; x_wconf 85' lang='lat' dir='ltr'><strong><em>tltoliee,</em></strong></span> <span class='ocrx_word' id='word_1_376' title='bbox 207 2341 295 2408; x_wconf 88' lang='lat' dir='ltr'><strong><em>primo</em></strong></span> <span class='ocrx_word' id='word_1_377' title='bbox 319 2341 392 2410; x_wconf 72' lang='lat' dir='ltr'><strong><em>edet.</em></strong></span> <span class='ocrx_word' id='word_1_378' title='bbox 414 2340 512 2395; x_wconf 89' lang='lat' dir='ltr'><strong><em>deinde</em></strong></span> <span class='ocrx_word' id='word_1_379' title='bbox 540 2344 713 2408; x_wconf 89' lang='lat' dir='ltr'><strong><em>peccatorum</em></strong></span> <span class='ocrx_word' id='word_1_380' title='bbox 737 2344 930 2405; x_wconf 80' lang='lat' dir='ltr'><strong><em>confessionem</em></strong></span> 
     </span>
     <span class='ocr_line' id='line_1_50' title="bbox 79 2409 930 2482; baseline 0.004 -19"><span class='ocrx_word' id='word_1_381' title='bbox 79 2409 190 2476; x_wconf 62' lang='lat' dir='ltr'><strong><em>fecerim</em></strong></span> <span class='ocrx_word' id='word_1_382' title='bbox 208 2414 310 2478; x_wconf 84' lang='lat' dir='ltr'><strong><em>quanto</em></strong></span> <span class='ocrx_word' id='word_1_383' title='bbox 339 2411 472 2466; x_wconf 89' lang='lat' dir='ltr'><strong><em>inbiantis</em></strong></span> <span class='ocrx_word' id='word_1_384' title='bbox 489 2411 577 2465; x_wconf 90' lang='lat' dir='ltr'><strong><em>cordis</em></strong></span> <span class='ocrx_word' id='word_1_385' title='bbox 596 2412 696 2480; x_wconf 75' lang='lat' dir='ltr'><strong><em>affectu</em></strong></span> <span class='ocrx_word' id='word_1_386' title='bbox 720 2414 860 2479; x_wconf 86' lang='lat' dir='ltr'><strong><em>uiaticum,</em></strong></span> <span class='ocrx_word' id='word_1_387' title='bbox 884 2429 930 2482; x_wconf 89' lang='lat' dir='ltr'><strong><em>pe-</em></strong></span> 
     </span>
     <span class='ocr_line' id='line_1_51' title="bbox 79 2483 930 2553; baseline 0.005 -19"><span class='ocrx_word' id='word_1_388' title='bbox 79 2483 276 2546; x_wconf 82' lang='lat' dir='ltr'><strong><em>reprinetionis</em></strong></span> <span class='ocrx_word' id='word_1_389' title='bbox 303 2497 334 2536; x_wconf 88' lang='lat' dir='ltr'><strong><em>ac</em></strong></span> <span class='ocrx_word' id='word_1_390' title='bbox 354 2485 417 2537; x_wconf 79' lang='lat' dir='ltr'><strong><em>uita</em></strong></span> <span class='ocrx_word' id='word_1_391' title='bbox 437 2487 542 2536; x_wconf 78' lang='lat' dir='ltr'><strong><em>utana</em></strong></span> <span class='ocrx_word' id='word_1_392' title='bbox 556 2484 669 2550; x_wconf 89' lang='lat' dir='ltr'><strong><em>pipnus,</em></strong></span> <span class='ocrx_word' id='word_1_393' title='bbox 695 2498 794 2553; x_wconf 87' lang='lat' dir='ltr'><strong><em>corpus</em></strong></span> <span class='ocrx_word' id='word_1_394' title='bbox 830 2485 930 2539; x_wconf 87' lang='lat' dir='ltr'><strong><em>scilicet</em></strong></span> 
     </span>
     <span class='ocr_line' id='line_1_52' title="bbox 79 2550 927 2624; baseline 0.002 -18"><span class='ocrx_word' id='word_1_395' title='bbox 79 2550 268 2620; x_wconf 67' lang='lat' dir='ltr'><strong><em>Redemptum</em></strong></span> <span class='ocrx_word' id='word_1_396' title='bbox 296 2555 405 2608; x_wconf 84' lang='lat' dir='ltr'><strong><em>Domini</em></strong></span> <span class='ocrx_word' id='word_1_397' title='bbox 432 2556 568 2624; x_wconf 87' lang='lat' dir='ltr'><strong><em>acceperit</em></strong></span> <span class='ocrx_word' id='word_1_398' title='bbox 584 2570 591 2618; x_wconf 89' lang='lat'>;</span> <span class='ocrx_word' id='word_1_399' title='bbox 607 2569 690 2621; x_wconf 86' lang='lat' dir='ltr'><strong><em>quam</em></strong></span> <span class='ocrx_word' id='word_1_400' title='bbox 719 2555 836 2622; x_wconf 66' lang='lat' dir='ltr'><strong><em>fideliter</em></strong></span> <span class='ocrx_word' id='word_1_401' title='bbox 870 2571 927 2610; x_wconf 92' lang='lat' dir='ltr'><strong><em>cor·</em></strong></span> 
     </span>
     <span class='ocr_line' id='line_1_53' title="bbox 78 2625 929 2691; baseline 0.007 -17"><span class='ocrx_word' id='word_1_402' title='bbox 78 2636 232 2691; x_wconf 85' lang='lat' dir='ltr'><strong><em>passuum</em></strong></span> <span class='ocrx_word' id='word_1_403' title='bbox 257 2628 282 2677; x_wconf 84' lang='lat' dir='ltr'><strong><em>et</em></strong></span> <span class='ocrx_word' id='word_1_404' title='bbox 312 2628 433 2679; x_wconf 89' lang='lat' dir='ltr'><strong><em>animem</em></strong></span> <span class='ocrx_word' id='word_1_405' title='bbox 462 2625 506 2678; x_wconf 86' lang='lat' dir='ltr'><strong><em>bic</em></strong></span> <span class='ocrx_word' id='word_1_406' title='bbox 534 2626 612 2678; x_wconf 87' lang='lat' dir='ltr'><strong><em>etin</em></strong></span> <span class='ocrx_word' id='word_1_407' title='bbox 636 2629 767 2680; x_wconf 83' lang='lat' dir='ltr'><strong><em>aeternum</em></strong></span> <span class='ocrx_word' id='word_1_408' title='bbox 794 2642 929 2680; x_wconf 90' lang='lat' dir='ltr'><strong><em>commen·</em></strong></span> 
     </span>
     <span class='ocr_line' id='line_1_54' title="bbox 79 2691 929 2763; baseline 0.006 -17"><span class='ocrx_word' id='word_1_409' title='bbox 79 2691 196 2755; x_wconf 85' lang='lat' dir='ltr'><strong><em>daverit,</em></strong></span> <span class='ocrx_word' id='word_1_410' title='bbox 224 2698 302 2749; x_wconf 88' lang='lat' dir='ltr'><strong><em>testes</em></strong></span> <span class='ocrx_word' id='word_1_411' title='bbox 319 2699 384 2749; x_wconf 89' lang='lat' dir='ltr'><strong><em>sunt</em></strong></span> <span class='ocrx_word' id='word_1_412' title='bbox 414 2696 537 2763; x_wconf 81' lang='lat' dir='ltr'><strong><em>relipiosi</em></strong></span> <span class='ocrx_word' id='word_1_413' title='bbox 564 2697 666 2761; x_wconf 77' lang='lat' dir='ltr'><strong><em>tratres</em></strong></span> <span class='ocrx_word' id='word_1_414' title='bbox 703 2700 729 2750; x_wconf 89' lang='lat' dir='ltr'><strong><em>ct</em></strong></span> <span class='ocrx_word' id='word_1_415' title='bbox 757 2701 827 2751; x_wconf 88' lang='lat' dir='ltr'><strong><em>totus</em></strong></span> <span class='ocrx_word' id='word_1_416' title='bbox 854 2699 929 2751; x_wconf 88' lang='lat' dir='ltr'><strong><em>illius</em></strong></span> 
     </span>
     <span class='ocr_line' id='line_1_55' title="bbox 79 2767 929 2836; baseline 0.004 -19"><span class='ocrx_word' id='word_1_417' title='bbox 79 2767 238 2818; x_wconf 82' lang='lat' dir='ltr'><strong><em>monasterii</em></strong></span> <span class='ocrx_word' id='word_1_418' title='bbox 271 2768 301 2820; x_wconf 92' lang='lat' dir='ltr'><strong><em>in</em></strong></span> <span class='ocrx_word' id='word_1_419' title='bbox 325 2781 377 2835; x_wconf 79' lang='lat' dir='ltr'><strong><em>quo</em></strong></span> <span class='ocrx_word' id='word_1_420' title='bbox 400 2781 497 2834; x_wconf 90' lang='lat' dir='ltr'><strong><em>corpus</em></strong></span> <span class='ocrx_word' id='word_1_421' title='bbox 518 2770 607 2821; x_wconf 87' lang='lat' dir='ltr'><strong><em>sancti</em></strong></span> <span class='ocrx_word' id='word_1_422' title='bbox 646 2771 778 2836; x_wconf 72' lang='lat' dir='ltr'><strong><em>martyris</em></strong></span> <span class='ocrx_word' id='word_1_423' title='bbox 807 2769 929 2822; x_wconf 83' lang='lat' dir='ltr'><strong><em>Marcelli</em></strong></span> 
     </span>
    </p>
   </div>
   <div class='ocr_carea' id='block_1_7' title="bbox 982 1630 1836 2824">
    <p class='ocr_par' dir='ltr' id='par_1_8' title="bbox 984 1630 1836 2186">
     <span class='ocr_line' id='line_1_56' title="bbox 987 1630 1836 1702; baseline -0.006 -14"><span class='ocrx_word' id='word_1_424' title='bbox 987 1631 1116 1702; x_wconf 83' lang='lat' dir='ltr'><strong><em>magistri</em></strong></span> <span class='ocrx_word' id='word_1_425' title='bbox 1137 1631 1210 1688; x_wconf 85' lang='lat' dir='ltr'><strong><em>Petri</em></strong></span> <span class='ocrx_word' id='word_1_426' title='bbox 1231 1631 1439 1687; x_wconf 79' lang='lat' dir='ltr'><strong><em>absolutionem</em></strong></span> <span class='ocrx_word' id='word_1_427' title='bbox 1459 1633 1522 1700; x_wconf 82' lang='lat' dir='ltr'><strong><em>ejus</em></strong></span> <span class='ocrx_word' id='word_1_428' title='bbox 1544 1632 1654 1686; x_wconf 90' lang='lat' dir='ltr'><strong><em>tumulo</em></strong></span> <span class='ocrx_word' id='word_1_429' title='bbox 1673 1630 1836 1700; x_wconf 87' lang='lat' dir='ltr'><strong><em>appenden-</em></strong></span> 
     </span>
     <span class='ocr_line' id='line_1_57' title="bbox 985 1702 1833 1773; baseline -0.002 -15"><span class='ocrx_word' id='word_1_430' title='bbox 985 1704 1061 1769; x_wconf 87' lang='lat' dir='ltr'><strong><em>dam,</em></strong></span> <span class='ocrx_word' id='word_1_431' title='bbox 1088 1717 1154 1773; x_wconf 83' lang='lat' dir='ltr'><strong><em>qua</em></strong></span> <span class='ocrx_word' id='word_1_432' title='bbox 1180 1703 1223 1759; x_wconf 90' lang='lat' dir='ltr'><strong><em>bis</em></strong></span> <span class='ocrx_word' id='word_1_433' title='bbox 1251 1713 1313 1759; x_wconf 89' lang='lat' dir='ltr'><strong><em>erat</em></strong></span> <span class='ocrx_word' id='word_1_434' title='bbox 1343 1711 1481 1773; x_wconf 82' lang='lat' dir='ltr'><strong><em>concepta</em></strong></span> <span class='ocrx_word' id='word_1_435' title='bbox 1509 1703 1622 1758; x_wconf 87' lang='lat' dir='ltr'><strong><em>verbis:</em></strong></span> <span class='ocrx_word' id='word_1_436' title='bbox 1648 1704 1703 1770; x_wconf 79' lang='lat' dir='ltr'><strong><em>opo</em></strong></span> <span class='ocrx_word' id='word_1_437' title='bbox 1735 1702 1833 1756; x_wconf 84' lang='lat' dir='ltr'><strong><em>Petrus</em></strong></span> 
     </span>
     <span class='ocr_line' id='line_1_58' title="bbox 985 1773 1834 1841; baseline -0.004 -12"><span class='ocrx_word' id='word_1_438' title='bbox 985 1775 1170 1831; x_wconf 79' lang='lat' dir='ltr'><strong><em>cluniacensis</em></strong></span> <span class='ocrx_word' id='word_1_439' title='bbox 1194 1774 1289 1841; x_wconf 88' lang='lat' dir='ltr'><strong><em>abbas,</em></strong></span> <span class='ocrx_word' id='word_1_440' title='bbox 1316 1777 1363 1840; x_wconf 85' lang='lat' dir='ltr'><strong><em>qui</em></strong></span> <span class='ocrx_word' id='word_1_441' title='bbox 1389 1775 1502 1827; x_wconf 80' lang='lat' dir='ltr'><strong><em>Petrum</em></strong></span> <span class='ocrx_word' id='word_1_442' title='bbox 1520 1773 1697 1829; x_wconf 64' lang='lat' dir='ltr'><strong><em>elbaelardum</em></strong></span> <span class='ocrx_word' id='word_1_443' title='bbox 1721 1774 1750 1826; x_wconf 91' lang='lat' dir='ltr'><strong><em>in</em></strong></span> <span class='ocrx_word' id='word_1_444' title='bbox 1777 1787 1834 1826; x_wconf 85' lang='lat' dir='ltr'><strong><em>rno-</em></strong></span> 
     </span>
     <span class='ocr_line' id='line_1_59' title="bbox 985 1844 1834 1914; baseline -0.004 -15"><span class='ocrx_word' id='word_1_445' title='bbox 985 1846 1102 1900; x_wconf 82' lang='lat' dir='ltr'><strong><em>necltum</em></strong></span> <span class='ocrx_word' id='word_1_446' title='bbox 1128 1847 1330 1902; x_wconf 83' lang='lat' dir='ltr'><strong><em>Glurtiucenscm</em></strong></span> <span class='ocrx_word' id='word_1_447' title='bbox 1359 1847 1449 1914; x_wconf 83' lang='lat' dir='ltr'><strong><em>recepi</em></strong></span> <span class='ocrx_word' id='word_1_448' title='bbox 1474 1849 1499 1900; x_wconf 90' lang='lat' dir='ltr'><strong><em>ct</em></strong></span> <span class='ocrx_word' id='word_1_449' title='bbox 1523 1859 1619 1913; x_wconf 87' lang='lat' dir='ltr'><strong><em>corpus</em></strong></span> <span class='ocrx_word' id='word_1_450' title='bbox 1648 1846 1706 1912; x_wconf 73' lang='lat' dir='ltr'><strong><em>ejus</em></strong></span> <span class='ocrx_word' id='word_1_451' title='bbox 1734 1844 1834 1911; x_wconf 80' lang='lat' dir='ltr'><strong><em>furtim</em></strong></span> 
     </span>
     <span class='ocr_line' id='line_1_60' title="bbox 984 1914 1834 1972; baseline -0.006 0"><span class='ocrx_word' id='word_1_452' title='bbox 984 1917 1107 1972; x_wconf 91' lang='lat' dir='ltr'><strong><em>deletum</em></strong></span> <span class='ocrx_word' id='word_1_453' title='bbox 1128 1917 1258 1971; x_wconf 80' lang='lat' dir='ltr'><strong><em>Heloissa</em></strong></span> <span class='ocrx_word' id='word_1_454' title='bbox 1278 1916 1422 1971; x_wconf 80' lang='lat' dir='ltr'><strong><em>abbatissa</em></strong></span> <span class='ocrx_word' id='word_1_455' title='bbox 1444 1919 1470 1968; x_wconf 91' lang='lat' dir='ltr'><strong><em>el</em></strong></span> <span class='ocrx_word' id='word_1_456' title='bbox 1498 1914 1662 1970; x_wconf 89' lang='lat' dir='ltr'><strong><em>monialibus</em></strong></span> <span class='ocrx_word' id='word_1_457' title='bbox 1695 1915 1834 1969; x_wconf 86' lang='lat' dir='ltr'><strong><em>Perttcleti</em></strong></span> 
     </span>
     <span class='ocr_line' id='line_1_61' title="bbox 984 1987 1833 2054; baseline -0.006 -11"><span class='ocrx_word' id='word_1_458' title='bbox 984 1990 1111 2052; x_wconf 86' lang='lat' dir='ltr'><strong><em>concessi,</em></strong></span> <span class='ocrx_word' id='word_1_459' title='bbox 1153 1989 1316 2042; x_wconf 84' lang='lat' dir='ltr'><strong><em>auctoritate</em></strong></span> <span class='ocrx_word' id='word_1_460' title='bbox 1344 1988 1536 2054; x_wconf 87' lang='lat' dir='ltr'><strong><em>omrtipotcntis</em></strong></span> <span class='ocrx_word' id='word_1_461' title='bbox 1565 1988 1616 2041; x_wconf 84' lang='lat' dir='ltr'><strong><em>Dei</em></strong></span> <span class='ocrx_word' id='word_1_462' title='bbox 1651 1987 1676 2039; x_wconf 88' lang='lat' dir='ltr'><strong><em>el</em></strong></span> <span class='ocrx_word' id='word_1_463' title='bbox 1714 1989 1833 2041; x_wconf 87' lang='lat' dir='ltr'><strong><em>emnium</em></strong></span> 
     </span>
     <span class='ocr_line' id='line_1_62' title="bbox 984 2057 1833 2127; baseline -0.005 -14"><span class='ocrx_word' id='word_1_464' title='bbox 984 2066 1141 2114; x_wconf 87' lang='lat' dir='ltr'><strong><em>sanctorum</em></strong></span> <span class='ocrx_word' id='word_1_465' title='bbox 1159 2058 1267 2115; x_wconf 87' lang='lat' dir='ltr'><strong><em>absoluo</em></strong></span> <span class='ocrx_word' id='word_1_466' title='bbox 1291 2073 1353 2112; x_wconf 81' lang='lat' dir='ltr'><strong><em>etim</em></strong></span> <span class='ocrx_word' id='word_1_467' title='bbox 1364 2074 1417 2127; x_wconf 91' lang='lat' dir='ltr'><strong><em>pro</em></strong></span> <span class='ocrx_word' id='word_1_468' title='bbox 1431 2059 1521 2127; x_wconf 74' lang='lat' dir='ltr'><strong><em>officio</em></strong></span> <span class='ocrx_word' id='word_1_469' title='bbox 1538 2057 1571 2111; x_wconf 87' lang='lat' dir='ltr'><strong><em>ab</em></strong></span> <span class='ocrx_word' id='word_1_470' title='bbox 1592 2057 1717 2111; x_wconf 84' lang='lat' dir='ltr'><strong><em>erttrtibus</em></strong></span> <span class='ocrx_word' id='word_1_471' title='bbox 1742 2071 1833 2126; x_wconf 80' lang='lat' dir='ltr'><strong><em>peccet-</em></strong></span> 
     </span>
     <span class='ocr_line' id='line_1_63' title="bbox 985 2133 1102 2186; baseline -0.009 0"><span class='ocrx_word' id='word_1_472' title='bbox 985 2133 1102 2186; x_wconf 86' lang='lat' dir='ltr'><strong><em>tissuis.</em></strong></span> 
     </span>
    </p>

    <p class='ocr_par' dir='ltr' id='par_1_9' title="bbox 982 2196 1834 2824">
     <span class='ocr_line' id='line_1_64' title="bbox 1021 2196 1829 2270; baseline -0.004 -14"><span class='ocrx_word' id='word_1_473' title='bbox 1021 2202 1087 2257; x_wconf 84' lang='lat' dir='ltr'><strong><em>Haec</em></strong></span> <span class='ocrx_word' id='word_1_474' title='bbox 1102 2214 1153 2256; x_wconf 92' lang='lat' dir='ltr'><strong><em>nos</em></strong></span> <span class='ocrx_word' id='word_1_475' title='bbox 1173 2199 1257 2270; x_wconf 90' lang='lat' dir='ltr'><strong><em>paulo</em></strong></span> <span class='ocrx_word' id='word_1_476' title='bbox 1278 2198 1362 2269; x_wconf 90' lang='lat' dir='ltr'><strong><em>plura</em></strong></span> <span class='ocrx_word' id='word_1_477' title='bbox 1384 2199 1413 2254; x_wconf 91' lang='lat' dir='ltr'><strong><em>in</em></strong></span> <span class='ocrx_word' id='word_1_478' title='bbox 1435 2198 1510 2254; x_wconf 89' lang='lat' dir='ltr'><strong><em>Petri</em></strong></span> <span class='ocrx_word' id='word_1_479' title='bbox 1530 2198 1671 2254; x_wconf 81' lang='lat' dir='ltr'><strong><em>Abaelardi</em></strong></span> <span class='ocrx_word' id='word_1_480' title='bbox 1696 2196 1829 2268; x_wconf 79' lang='lat' dir='ltr'><strong><em>gratiam,</em></strong></span> 
     </span>
     <span class='ocr_line' id='line_1_65' title="bbox 983 2269 1829 2342; baseline -0.005 -14"><span class='ocrx_word' id='word_1_481' title='bbox 983 2272 1069 2342; x_wconf 79' lang='lat' dir='ltr'><strong><em>cuius</em></strong></span> <span class='ocrx_word' id='word_1_482' title='bbox 1090 2270 1303 2327; x_wconf 86' lang='lat' dir='ltr'><strong><em>calamitatibus</em></strong></span> <span class='ocrx_word' id='word_1_483' title='bbox 1323 2269 1499 2326; x_wconf 81' lang='lat' dir='ltr'><strong><em>aclaceratae</em></strong></span> <span class='ocrx_word' id='word_1_484' title='bbox 1523 2269 1604 2324; x_wconf 85' lang='lat' dir='ltr'><strong><em>tatnae</em></strong></span> <span class='ocrx_word' id='word_1_485' title='bbox 1626 2270 1767 2337; x_wconf 81' lang='lat' dir='ltr'><strong><em>compassi</em></strong></span> <span class='ocrx_word' id='word_1_486' title='bbox 1781 2284 1829 2324; x_wconf 90' lang='lat' dir='ltr'><strong><em>sn·</em></strong></span> 
     </span>
     <span class='ocr_line' id='line_1_66' title="bbox 983 2339 1829 2412; baseline -0.006 -13"><span class='ocrx_word' id='word_1_487' title='bbox 983 2358 1059 2410; x_wconf 87' lang='lat' dir='ltr'><strong><em>ntus,</em></strong></span> <span class='ocrx_word' id='word_1_488' title='bbox 1075 2341 1159 2412; x_wconf 84' lang='lat' dir='ltr'><strong><em>cujus</em></strong></span> <span class='ocrx_word' id='word_1_489' title='bbox 1175 2342 1322 2412; x_wconf 79' lang='lat' dir='ltr'><strong><em>ingenium</em></strong></span> <span class='ocrx_word' id='word_1_490' title='bbox 1342 2350 1369 2396; x_wconf 89' lang='lat' dir='ltr'><strong><em>et</em></strong></span> <span class='ocrx_word' id='word_1_491' title='bbox 1385 2340 1520 2411; x_wconf 89' lang='lat' dir='ltr'><strong><em>loquendi</em></strong></span> <span class='ocrx_word' id='word_1_492' title='bbox 1544 2339 1603 2394; x_wconf 88' lang='lat' dir='ltr'><strong><em>vim</em></strong></span> <span class='ocrx_word' id='word_1_493' title='bbox 1629 2339 1829 2407; x_wconf 83' lang='lat' dir='ltr'><strong><em>admiramur3</em></strong></span> 
     </span>
     <span class='ocr_line' id='line_1_67' title="bbox 983 2411 1834 2482; baseline -0.005 -14"><span class='ocrx_word' id='word_1_494' title='bbox 983 2415 1133 2481; x_wconf 87' lang='lat' dir='ltr'><strong><em>desumpta</em></strong></span> <span class='ocrx_word' id='word_1_495' title='bbox 1156 2421 1251 2468; x_wconf 89' lang='lat' dir='ltr'><strong><em>tamen</em></strong></span> <span class='ocrx_word' id='word_1_496' title='bbox 1268 2421 1300 2468; x_wconf 90' lang='lat' dir='ltr'><strong><em>ut</em></strong></span> <span class='ocrx_word' id='word_1_497' title='bbox 1319 2411 1447 2482; x_wconf 88' lang='lat' dir='ltr'><strong><em>plurium</em></strong></span> <span class='ocrx_word' id='word_1_498' title='bbox 1470 2425 1506 2466; x_wconf 83' lang='lat' dir='ltr'><strong><em>ex</em></strong></span> <span class='ocrx_word' id='word_1_499' title='bbox 1529 2411 1634 2466; x_wconf 87' lang='lat' dir='ltr'><strong><em>saeeulo</em></strong></span> <span class='ocrx_word' id='word_1_500' title='bbox 1661 2425 1687 2464; x_wconf 86' lang='lat' dir='ltr'><strong><em>tv</em></strong></span> <span class='ocrx_word' id='word_1_501' title='bbox 1703 2411 1834 2465; x_wconf 81' lang='lat' dir='ltr'><strong><em>Historia</em></strong></span> 
     </span>
     <span class='ocr_line' id='line_1_68' title="bbox 984 2480 1833 2553; baseline -0.005 -13"><span class='ocrx_word' id='word_1_502' title='bbox 984 2485 1177 2540; x_wconf 81' lang='lat' dir='ltr'><strong><em>Universitatis</em></strong></span> <span class='ocrx_word' id='word_1_503' title='bbox 1192 2484 1373 2546; x_wconf 66' lang='lat' dir='ltr'><strong><em>parisiensis,</em></strong></span> <span class='ocrx_word' id='word_1_504' title='bbox 1394 2491 1452 2538; x_wconf 87' lang='lat' dir='ltr'><strong><em>tant</em></strong></span> <span class='ocrx_word' id='word_1_505' title='bbox 1469 2482 1497 2538; x_wconf 89' lang='lat' dir='ltr'><strong><em>in</em></strong></span> <span class='ocrx_word' id='word_1_506' title='bbox 1517 2482 1646 2553; x_wconf 80' lang='lat' dir='ltr'><strong><em>catalogo</em></strong></span> <span class='ocrx_word' id='word_1_507' title='bbox 1675 2480 1833 2537; x_wconf 85' lang='lat' dir='ltr'><strong><em>illustrium</em></strong></span> 
     </span>
     <span class='ocr_line' id='line_1_69' title="bbox 983 2551 1832 2624; baseline -0.006 -13"><span class='ocrx_word' id='word_1_508' title='bbox 983 2556 1213 2612; x_wconf 86' lang='lat' dir='ltr'><strong><em>academicorum</em></strong></span> <span class='ocrx_word' id='word_1_509' title='bbox 1228 2569 1293 2624; x_wconf 73' lang='lat' dir='ltr'><strong><em>paq.</em></strong></span> <span class='ocrx_word' id='word_1_510' title='bbox 1309 2558 1361 2609; x_wconf 75' lang='lat'><strong><em>758</em></strong></span> <span class='ocrx_word' id='word_1_511' title='bbox 1375 2563 1402 2610; x_wconf 87' lang='lat' dir='ltr'><strong><em>et</em></strong></span> <span class='ocrx_word' id='word_1_512' title='bbox 1419 2554 1617 2622; x_wconf 71' lang='lat' dir='ltr'><strong><em>sequentibus,</em></strong></span> <span class='ocrx_word' id='word_1_513' title='bbox 1639 2551 1684 2606; x_wconf 92' lang='lat' dir='ltr'><strong><em>ubi</em></strong></span> <span class='ocrx_word' id='word_1_514' title='bbox 1702 2551 1787 2621; x_wconf 88' lang='lat' dir='ltr'><strong><em>plura</em></strong></span> <span class='ocrx_word' id='word_1_515' title='bbox 1802 2551 1832 2606; x_wconf 93' lang='lat' dir='ltr'><strong><em>in</em></strong></span> 
     </span>
     <span class='ocr_line' id='line_1_70' title="bbox 982 2622 1833 2697; baseline -0.007 -14"><span class='ocrx_word' id='word_1_516' title='bbox 982 2627 1047 2697; x_wconf 78' lang='lat' dir='ltr'><strong><em>eius</em></strong></span> <span class='ocrx_word' id='word_1_517' title='bbox 1063 2627 1187 2692; x_wconf 88' lang='lat' dir='ltr'><strong><em>landem,</em></strong></span> <span class='ocrx_word' id='word_1_518' title='bbox 1204 2641 1292 2696; x_wconf 87' lang='lat' dir='ltr'><strong><em>qnam</em></strong></span> <span class='ocrx_word' id='word_1_519' title='bbox 1309 2626 1337 2680; x_wconf 89' lang='lat' dir='ltr'><strong><em>in</em></strong></span> <span class='ocrx_word' id='word_1_520' title='bbox 1360 2626 1485 2681; x_wconf 83' lang='lat' dir='ltr'><strong><em>Historia</em></strong></span> <span class='ocrx_word' id='word_1_521' title='bbox 1508 2624 1623 2693; x_wconf 88' lang='lat' dir='ltr'><strong><em>passim,</em></strong></span> <span class='ocrx_word' id='word_1_522' title='bbox 1642 2623 1691 2679; x_wconf 92' lang='lat' dir='ltr'><strong><em>ubi</em></strong></span> <span class='ocrx_word' id='word_1_523' title='bbox 1707 2622 1833 2692; x_wconf 87' lang='lat' dir='ltr'><strong><em>plurima</em></strong></span> 
     </span>
     <span class='ocr_line' id='line_1_71' title="bbox 983 2693 1831 2753; baseline -0.007 1"><span class='ocrx_word' id='word_1_524' title='bbox 983 2699 1017 2753; x_wconf 89' lang='lat' dir='ltr'><strong><em>da</em></strong></span> <span class='ocrx_word' id='word_1_525' title='bbox 1045 2697 1188 2753; x_wconf 73' lang='lat' dir='ltr'><strong><em>abaelardi</em></strong></span> <span class='ocrx_word' id='word_1_526' title='bbox 1222 2697 1338 2752; x_wconf 81' lang='lat' dir='ltr'><strong><em>fortune</em></strong></span> <span class='ocrx_word' id='word_1_527' title='bbox 1370 2704 1397 2751; x_wconf 89' lang='lat' dir='ltr'><strong><em>et</em></strong></span> <span class='ocrx_word' id='word_1_528' title='bbox 1433 2697 1571 2750; x_wconf 77' lang='lat' dir='ltr'><strong><em>doctrina.</em></strong></span> <span class='ocrx_word' id='word_1_529' title='bbox 1601 2694 1667 2749; x_wconf 83' lang='lat' dir='ltr'><strong><em>vide</em></strong></span> <span class='ocrx_word' id='word_1_530' title='bbox 1702 2693 1831 2750; x_wconf 86' lang='lat' dir='ltr'><strong><em>Natalem</em></strong></span> 
     </span>
     <span class='ocr_line' id='line_1_72' title="bbox 983 2765 1832 2824; baseline -0.007 -2"><span class='ocrx_word' id='word_1_531' title='bbox 983 2770 1179 2824; x_wconf 83' lang='lat' dir='ltr'><strong><em>Alexandrum</em></strong></span> <span class='ocrx_word' id='word_1_532' title='bbox 1215 2768 1245 2823; x_wconf 92' lang='lat' dir='ltr'><strong><em>in</em></strong></span> <span class='ocrx_word' id='word_1_533' title='bbox 1274 2768 1383 2823; x_wconf 80' lang='lat' dir='ltr'><strong><em>Selrctis</em></strong></span> <span class='ocrx_word' id='word_1_534' title='bbox 1417 2767 1545 2820; x_wconf 75' lang='lat' dir='ltr'><strong><em>Historia</em></strong></span> <span class='ocrx_word' id='word_1_535' title='bbox 1570 2765 1756 2820; x_wconf 75' lang='lat' dir='ltr'><strong><em>aeclesiastica</em></strong></span> <span class='ocrx_word' id='word_1_536' title='bbox 1787 2780 1832 2818; x_wconf 90' lang='lat' dir='ltr'><strong><em>ee·</em></strong></span> 
     </span>
    </p>
   </div>
   <div class='ocr_carea' id='block_1_8' title="bbox 6 2834 1834 3264">
    <p class='ocr_par' dir='ltr' id='par_1_10' title="bbox 73 2834 1833 2909">
     <span class='ocr_line' id='line_1_73' title="bbox 73 2834 1833 2909; baseline 0.001 -21"><span class='ocrx_word' id='word_1_537' title='bbox 73 2834 150 2904; x_wconf 74' lang='lat' dir='ltr'><strong><em>jacet</em></strong></span> <span class='ocrx_word' id='word_1_538' title='bbox 177 2840 332 2892; x_wconf 79' lang='lat' dir='ltr'><strong><em>convertus.</em></strong></span> <span class='ocrx_word' id='word_1_539' title='bbox 363 2839 419 2892; x_wconf 85' lang='lat' dir='ltr'><strong><em>Hoc</em></strong></span> <span class='ocrx_word' id='word_1_540' title='bbox 444 2840 575 2905; x_wconf 86' lang='lat' dir='ltr'><strong><em>mapister</em></strong></span> <span class='ocrx_word' id='word_1_541' title='bbox 589 2841 685 2893; x_wconf 89' lang='lat' dir='ltr'><strong><em>Petrus</em></strong></span> <span class='ocrx_word' id='word_1_542' title='bbox 712 2839 837 2906; x_wconf 68' lang='lat' dir='ltr'><strong><em>inedies</em></strong></span> <span class='ocrx_word' id='word_1_543' title='bbox 867 2854 928 2893; x_wconf 90' lang='lat' dir='ltr'><strong><em>suos</em></strong></span> <span class='ocrx_word' id='word_1_544' title='bbox 946 2840 1087 2909; x_wconf 80' lang='lat' dir='ltr'><strong><em>cpitibus</em></strong></span> <span class='ocrx_word' id='word_1_545' title='bbox 1115 2838 1220 2894; x_wconf 74' lang='lat' dir='ltr'><strong><em>seculo</em></strong></span> <span class='ocrx_word' id='word_1_546' title='bbox 1244 2852 1293 2904; x_wconf 80' lang='lat' dir='ltr'><strong><em>xa,</em></strong></span> <span class='ocrx_word' id='word_1_547' title='bbox 1323 2845 1403 2906; x_wconf 89' lang='lat' dir='ltr'><strong><em>parta</em></strong></span> <span class='ocrx_word' id='word_1_548' title='bbox 1429 2853 1468 2898; x_wconf 83' lang='grc' dir='ltr'>ιιι,</span> <span class='ocrx_word' id='word_1_549' title='bbox 1498 2837 1698 2892; x_wconf 85' lang='lat' dir='ltr'><strong><em>dissertatione</em></strong></span> <span class='ocrx_word' id='word_1_550' title='bbox 1726 2840 1752 2903; x_wconf 80' lang='lat'><strong><em>7,</em></strong></span> <span class='ocrx_word' id='word_1_551' title='bbox 1783 2834 1833 2891; x_wconf 91' lang='lat' dir='ltr'><strong><em>ubi</em></strong></span> 
     </span>
    </p>

    <p class='ocr_par' dir='ltr' id='par_1_11' title="bbox 79 2906 1834 2976">
     <span class='ocr_line' id='line_1_74' title="bbox 79 2906 1834 2976; baseline 0.001 -16"><span class='ocrx_word' id='word_1_552' title='bbox 79 2911 278 2962; x_wconf 83' lang='lat' dir='ltr'><strong><em>consummavit</em></strong></span> <span class='ocrx_word' id='word_1_553' title='bbox 309 2912 344 2974; x_wconf 88' lang='lat' dir='ltr'><strong><em>et,</em></strong></span> <span class='ocrx_word' id='word_1_554' title='bbox 377 2908 425 2976; x_wconf 84' lang='lat' dir='ltr'><strong><em>qui</em></strong></span> <span class='ocrx_word' id='word_1_555' title='bbox 443 2911 581 2975; x_wconf 74' lang='lat' dir='ltr'><strong><em>stupratori</em></strong></span> <span class='ocrx_word' id='word_1_556' title='bbox 609 2911 728 2962; x_wconf 77' lang='lat' dir='ltr'><strong><em>seientia</em></strong></span> <span class='ocrx_word' id='word_1_557' title='bbox 771 2913 929 2976; x_wconf 74' lang='lat' dir='ltr'><strong><em>meipisterte</em></strong></span> <span class='ocrx_word' id='word_1_558' title='bbox 984 2911 1094 2966; x_wconf 89' lang='lat' dir='ltr'><strong><em>variam</em></strong></span> <span class='ocrx_word' id='word_1_559' title='bbox 1110 2909 1251 2965; x_wconf 78' lang='lat' dir='ltr'><strong><em>abelardi</em></strong></span> <span class='ocrx_word' id='word_1_560' title='bbox 1291 2908 1436 2963; x_wconf 85' lang='lat' dir='ltr'><strong><em>tartunam</em></strong></span> <span class='ocrx_word' id='word_1_561' title='bbox 1455 2907 1593 2963; x_wconf 89' lang='lat' dir='ltr'><strong><em>latissimo</em></strong></span> <span class='ocrx_word' id='word_1_562' title='bbox 1629 2906 1749 2976; x_wconf 78' lang='lat' dir='ltr'><strong><em>exponit</em></strong></span> <span class='ocrx_word' id='word_1_563' title='bbox 1764 2921 1834 2975; x_wconf 90' lang='lat' dir='ltr'><strong><em>opu-</em></strong></span> 
     </span>
    </p>

    <p class='ocr_par' dir='ltr' id='par_1_12' title="bbox 79 2975 1830 3049">
     <span class='ocr_line' id='line_1_75' title="bbox 79 2975 1830 3049; baseline -0.001 -18"><span class='ocrx_word' id='word_1_564' title='bbox 79 2978 679 3049; x_wconf 85' lang='lat' dir='ltr'><strong><em>totipeneorbiterrerumnotusetubique</em></strong></span> <span class='ocrx_word' id='word_1_565' title='bbox 704 2982 826 3046; x_wconf 74' lang='lat' dir='ltr'><strong><em>famosus</em></strong></span> <span class='ocrx_word' id='word_1_566' title='bbox 859 2985 928 3047; x_wconf 90' lang='lat' dir='ltr'><strong><em>erat,</em></strong></span> <span class='ocrx_word' id='word_1_567' title='bbox 984 2982 1063 3038; x_wconf 91' lang='lat' dir='ltr'><strong><em>scuto</em></strong></span> <span class='ocrx_word' id='word_1_568' title='bbox 1084 2995 1117 3036; x_wconf 88' lang='lat' dir='ltr'><strong><em>ea</em></strong></span> <span class='ocrx_word' id='word_1_569' title='bbox 1141 2981 1175 3036; x_wconf 92' lang='lat' dir='ltr'><strong><em>de</em></strong></span> <span class='ocrx_word' id='word_1_570' title='bbox 1199 2994 1229 3036; x_wconf 88' lang='lat' dir='ltr'><strong><em>re</em></strong></span> <span class='ocrx_word' id='word_1_571' title='bbox 1258 2979 1419 3044; x_wconf 70' lang='lat' dir='ltr'><strong><em>sinentem,</em></strong></span> <span class='ocrx_word' id='word_1_572' title='bbox 1446 2994 1533 3044; x_wconf 90' lang='lat' dir='ltr'><strong><em>quem</em></strong></span> <span class='ocrx_word' id='word_1_573' title='bbox 1557 2993 1609 3034; x_wconf 87' lang='lat' dir='ltr'><strong><em>nec</em></strong></span> <span class='ocrx_word' id='word_1_574' title='bbox 1632 2978 1728 3034; x_wconf 90' lang='lat' dir='ltr'><strong><em>omisit</em></strong></span> <span class='ocrx_word' id='word_1_575' title='bbox 1754 2975 1830 3032; x_wconf 84' lang='lat' dir='ltr'><strong><em>Guil-</em></strong></span> 
     </span>
    </p>

    <p class='ocr_par' dir='ltr' id='par_1_13' title="bbox 77 3049 1833 3120">
     <span class='ocr_line' id='line_1_76' title="bbox 77 3049 1833 3120; baseline 0 -18"><span class='ocrx_word' id='word_1_576' title='bbox 77 3049 109 3102; x_wconf 86' lang='lat' dir='ltr'><strong><em>in</em></strong></span> <span class='ocrx_word' id='word_1_577' title='bbox 136 3049 213 3103; x_wconf 80' lang='lat' dir='ltr'><strong><em>illius</em></strong></span> <span class='ocrx_word' id='word_1_578' title='bbox 235 3050 404 3119; x_wconf 84' lang='lat' dir='ltr'><strong><em>discipulatu</em></strong></span> <span class='ocrx_word' id='word_1_579' title='bbox 432 3052 482 3120; x_wconf 83' lang='lat' dir='ltr'><strong><em>qui</em></strong></span> <span class='ocrx_word' id='word_1_580' title='bbox 503 3050 598 3105; x_wconf 82' lang='lat' dir='ltr'><strong><em>dieii:</em></strong></span> <span class='ocrx_word' id='word_1_581' title='bbox 627 3051 728 3105; x_wconf 84' lang='lat' dir='ltr'><strong><em>Discite</em></strong></span> <span class='ocrx_word' id='word_1_582' title='bbox 753 3067 771 3104; x_wconf 93' lang='lat' dir='ltr'><strong><em>a</em></strong></span> <span class='ocrx_word' id='word_1_583' title='bbox 795 3066 837 3105; x_wconf 91' lang='lat' dir='ltr'><strong><em>me</em></strong></span> <span class='ocrx_word' id='word_1_584' title='bbox 863 3053 928 3117; x_wconf 86' lang='lat' dir='ltr'><strong><em>quie</em></strong></span> <span class='ocrx_word' id='word_1_585' title='bbox 983 3053 1086 3109; x_wconf 86' lang='lat' dir='ltr'><strong><em>lelntus</em></strong></span> <span class='ocrx_word' id='word_1_586' title='bbox 1121 3051 1216 3108; x_wconf 81' lang='lat' dir='ltr'><strong><em>Carus</em></strong></span> <span class='ocrx_word' id='word_1_587' title='bbox 1242 3049 1271 3106; x_wconf 88' lang='lat' dir='ltr'><strong><em>in</em></strong></span> <span class='ocrx_word' id='word_1_588' title='bbox 1300 3052 1423 3105; x_wconf 83' lang='lat' dir='ltr'><strong><em>Historia</em></strong></span> <span class='ocrx_word' id='word_1_589' title='bbox 1448 3052 1621 3119; x_wconf 88' lang='lat' dir='ltr'><strong><em>Scriptorum</em></strong></span> <span class='ocrx_word' id='word_1_590' title='bbox 1641 3049 1833 3104; x_wconf 89' lang='lat' dir='ltr'><strong><em>ecclesiastico-</em></strong></span> 
     </span>
    </p>

    <p class='ocr_par' dir='ltr' id='par_1_14' title="bbox 6 3120 1829 3264">
     <span class='ocr_line' id='line_1_77' title="bbox 6 3120 1829 3196; baseline 0.001 -24"><span class='ocrx_word' id='word_1_591' title='bbox 6 3193 9 3196; x_wconf 9' lang='lat'><em>*</em></span> <span class='ocrx_word' id='word_1_592' title='bbox 77 3120 232 3174; x_wconf 88' lang='lat' dir='ltr'><strong><em>mitissam</em></strong></span> <span class='ocrx_word' id='word_1_593' title='bbox 256 3121 409 3176; x_wconf 86' lang='lat' dir='ltr'><strong><em>etbumilis</em></strong></span> <span class='ocrx_word' id='word_1_594' title='bbox 434 3122 551 3189; x_wconf 72' lang='lat' dir='ltr'><strong><em>corde»</em></strong></span> <span class='ocrx_word' id='word_1_595' title='bbox 573 3122 686 3176; x_wconf 88' lang='lat' dir='ltr'><strong><em>mitiset</em></strong></span> <span class='ocrx_word' id='word_1_596' title='bbox 709 3121 929 3191; x_wconf 87' lang='lat' dir='ltr'><strong><em>bumilisperse·</em></strong></span> <span class='ocrx_word' id='word_1_597' title='bbox 982 3123 1221 3180; x_wconf 80' lang='lat' dir='ltr'><strong><em>mumadauuum</em></strong></span> <span class='ocrx_word' id='word_1_598' title='bbox 1251 3124 1328 3191; x_wconf 78' lang='lat' dir='ltr'><strong><em>ttuo,</em></strong></span> <span class='ocrx_word' id='word_1_599' title='bbox 1350 3135 1415 3193; x_wconf 83' lang='lat' dir='ltr'><strong><em>pag.</em></strong></span> <span class='ocrx_word' id='word_1_600' title='bbox 1437 3123 1488 3177; x_wconf 80' lang='lat' dir='ltr'><strong><em>boo</em></strong></span> <span class='ocrx_word' id='word_1_601' title='bbox 1514 3128 1540 3178; x_wconf 87' lang='lat' dir='ltr'><strong><em>et</em></strong></span> <span class='ocrx_word' id='word_1_602' title='bbox 1565 3121 1754 3192; x_wconf 79' lang='lat' dir='ltr'><strong><em>sequentibus</em></strong></span> <span class='ocrx_word' id='word_1_603' title='bbox 1779 3121 1829 3174; x_wconf 80' lang='lat' dir='ltr'><strong><em>bit</em></strong></span> 
     </span>
     <span class='ocr_line' id='line_1_78' title="bbox 76 3191 1084 3264; baseline 0.004 -20"><span class='ocrx_word' id='word_1_604' title='bbox 76 3204 186 3258; x_wconf 81' lang='lat' dir='ltr'><strong><em>aeram,</em></strong></span> <span class='ocrx_word' id='word_1_605' title='bbox 209 3191 247 3246; x_wconf 93' lang='lat' dir='ltr'><strong><em>ad</em></strong></span> <span class='ocrx_word' id='word_1_606' title='bbox 259 3194 362 3264; x_wconf 88' lang='lat' dir='ltr'><strong><em>ipsum,</em></strong></span> <span class='ocrx_word' id='word_1_607' title='bbox 381 3197 412 3247; x_wconf 91' lang='lat' dir='ltr'><strong><em>ut</em></strong></span> <span class='ocrx_word' id='word_1_608' title='bbox 431 3193 547 3262; x_wconf 77' lang='lat' dir='ltr'><strong><em>dianam</em></strong></span> <span class='ocrx_word' id='word_1_609' title='bbox 563 3196 603 3249; x_wconf 84' lang='lat' dir='ltr'><strong><em>est</em></strong></span> <span class='ocrx_word' id='word_1_610' title='bbox 625 3194 742 3263; x_wconf 77' lang='lat' dir='ltr'><strong><em>medere,</em></strong></span> <span class='ocrx_word' id='word_1_611' title='bbox 766 3195 805 3250; x_wconf 91' lang='lat' dir='ltr'><strong><em>sie</em></strong></span> <span class='ocrx_word' id='word_1_612' title='bbox 836 3197 928 3249; x_wconf 86' lang='lat' dir='ltr'><strong><em>trans·</em></strong></span> <span class='ocrx_word' id='word_1_613' title='bbox 981 3202 1009 3252; x_wconf 88' lang='lat' dir='ltr'><strong><em>ct</em></strong></span> <span class='ocrx_word' id='word_1_614' title='bbox 1022 3197 1084 3249; x_wconf 80' lang='lat'><strong>652.</strong></span> 
     </span>
    </p>
   </div>
   <div class='ocr_carea' id='block_1_9' title="bbox 552 3579 1359 3680">
    <p class='ocr_par' dir='ltr' id='par_1_15' title="bbox 552 3579 1359 3680">
     <span class='ocr_line' id='line_1_79' title="bbox 552 3579 1359 3680; baseline -0.001 -2"><span class='ocrx_word' id='word_1_615' title='bbox 552 3581 631 3678; x_wconf 80' lang='lat' dir='ltr'><strong><em>DE</em></strong></span> <span class='ocrx_word' id='word_1_616' title='bbox 672 3579 991 3679; x_wconf 82' lang='lat' dir='ltr'>DOCTRINA</span> <span class='ocrx_word' id='word_1_617' title='bbox 1028 3580 1359 3680; x_wconf 86' lang='lat' dir='ltr'><strong>ABAELARDI</strong></span> 
     </span>
    </p>
   </div>
   <div class='ocr_carea' id='block_1_10' title="bbox 509 3752 1393 3828">
    <p class='ocr_par' dir='ltr' id='par_1_16' title="bbox 509 3752 1393 3828">
     <span class='ocr_line' id='line_1_80' title="bbox 509 3752 1393 3828; baseline 0.002 -18"><span class='ocrx_word' id='word_1_618' title='bbox 509 3753 554 3828; x_wconf 84' lang='lat' dir='ltr'><strong><em>(o.</em></strong></span> <span class='ocrx_word' id='word_1_619' title='bbox 569 3753 655 3812; x_wconf 83' lang='lat' dir='ltr'><strong><em>Edm.</em></strong></span> <span class='ocrx_word' id='word_1_620' title='bbox 670 3752 811 3826; x_wconf 77' lang='lat' dir='ltr'><strong><em>Maurum,</em></strong></span> <span class='ocrx_word' id='word_1_621' title='bbox 829 3753 912 3812; x_wconf 78' lang='lat' dir='ltr'><strong><em>Praei.</em></strong></span> <span class='ocrx_word' id='word_1_622' title='bbox 937 3753 974 3812; x_wconf 87' lang='lat' dir='ltr'><strong><em>ad</em></strong></span> <span class='ocrx_word' id='word_1_623' title='bbox 992 3755 1125 3826; x_wconf 67' lang='lat' dir='ltr'><strong><em>anecdot,</em></strong></span> <span class='ocrx_word' id='word_1_624' title='bbox 1140 3762 1209 3815; x_wconf 90' lang='lat' dir='ltr'><strong><em>tom.</em></strong></span> <span class='ocrx_word' id='word_1_625' title='bbox 1225 3755 1258 3825; x_wconf 82' lang='lat' dir='ltr'><strong><em>V,</em></strong></span> <span class='ocrx_word' id='word_1_626' title='bbox 1274 3763 1339 3827; x_wconf 86' lang='lat' dir='ltr'><strong><em>pari</em></strong></span> <span class='ocrx_word' id='word_1_627' title='bbox 1351 3755 1393 3827; x_wconf 85' lang='grc' dir='ltr'>ιι.)</span> 
     </span>
    </p>
   </div>
   <div class='ocr_carea' id='block_1_11' title="bbox 72 4017 1830 4235">
    <p class='ocr_par' dir='ltr' id='par_1_17' title="bbox 72 4017 1830 4235">
     <span class='ocr_line' id='line_1_81' title="bbox 109 4017 1830 4093; baseline -0.005 -12"><span class='ocrx_word' id='word_1_628' title='bbox 109 4022 187 4081; x_wconf 83' lang='lat' dir='ltr'><strong><em>Petri</em></strong></span> <span class='ocrx_word' id='word_1_629' title='bbox 209 4020 351 4080; x_wconf 72' lang='lat' dir='ltr'><strong><em>abelardi</em></strong></span> <span class='ocrx_word' id='word_1_630' title='bbox 378 4019 549 4089; x_wconf 73' lang='lat' dir='ltr'><strong><em>licenciam</em></strong></span> <span class='ocrx_word' id='word_1_631' title='bbox 581 4019 764 4078; x_wconf 77' lang='lat' dir='ltr'><strong><em>Christianam</em></strong></span> <span class='ocrx_word' id='word_1_632' title='bbox 784 4019 925 4077; x_wconf 89' lang='lat' dir='ltr'><strong><em>hactenns</em></strong></span> <span class='ocrx_word' id='word_1_633' title='bbox 978 4020 1019 4077; x_wconf 91' lang='lat' dir='ltr'><strong><em>nii</em></strong></span> <span class='ocrx_word' id='word_1_634' title='bbox 1043 4021 1267 4093; x_wconf 80' lang='lat' dir='ltr'><strong><em>precipitatione</em></strong></span> <span class='ocrx_word' id='word_1_635' title='bbox 1291 4021 1395 4078; x_wconf 89' lang='lat' dir='ltr'><strong><em>dubias</em></strong></span> <span class='ocrx_word' id='word_1_636' title='bbox 1414 4028 1441 4078; x_wconf 88' lang='lat' dir='ltr'><strong><em>et</em></strong></span> <span class='ocrx_word' id='word_1_637' title='bbox 1462 4035 1596 4078; x_wconf 86' lang='lat' dir='ltr'><strong><em>erroneas</em></strong></span> <span class='ocrx_word' id='word_1_638' title='bbox 1623 4017 1830 4092; x_wconf 88' lang='lat' dir='ltr'><strong><em>propositiones</em></strong></span> 
     </span>
     <span class='ocr_line' id='line_1_82' title="bbox 73 4088 1829 4163; baseline -0.005 -10"><span class='ocrx_word' id='word_1_639' title='bbox 73 4094 306 4153; x_wconf 78' lang='lat' dir='ltr'><strong><em>disideraveraut</em></strong></span> <span class='ocrx_word' id='word_1_640' title='bbox 321 4091 378 4148; x_wconf 87' lang='lat' dir='ltr'><strong><em>riri</em></strong></span> <span class='ocrx_word' id='word_1_641' title='bbox 392 4093 497 4148; x_wconf 87' lang='lat' dir='ltr'><strong><em>eruditi</em></strong></span> <span class='ocrx_word' id='word_1_642' title='bbox 511 4093 546 4147; x_wconf 89' lang='lat' dir='ltr'><strong><em>ad</em></strong></span> <span class='ocrx_word' id='word_1_643' title='bbox 562 4092 750 4148; x_wconf 88' lang='lat' dir='ltr'><strong><em>elucidandas</em></strong></span> <span class='ocrx_word' id='word_1_644' title='bbox 770 4091 924 4147; x_wconf 86' lang='lat' dir='ltr'><strong><em>nonnullus</em></strong></span> <span class='ocrx_word' id='word_1_645' title='bbox 977 4093 1054 4148; x_wconf 87' lang='lat' dir='ltr'><strong><em>reris</em></strong></span> <span class='ocrx_word' id='word_1_646' title='bbox 1073 4091 1261 4159; x_wconf 83' lang='lat' dir='ltr'><strong><em>iinnnsceent,</em></strong></span> <span class='ocrx_word' id='word_1_647' title='bbox 1279 4108 1344 4163; x_wconf 75' lang='lat' dir='ltr'><strong><em>quaa</em></strong></span> <span class='ocrx_word' id='word_1_648' title='bbox 1369 4093 1464 4148; x_wconf 88' lang='lat' dir='ltr'><strong><em>debita</em></strong></span> <span class='ocrx_word' id='word_1_649' title='bbox 1479 4093 1608 4163; x_wconf 88' lang='lat' dir='ltr'><strong><em>quotidie</em></strong></span> <span class='ocrx_word' id='word_1_650' title='bbox 1630 4104 1751 4148; x_wconf 87' lang='lat' dir='ltr'><strong><em>censura</em></strong></span> <span class='ocrx_word' id='word_1_651' title='bbox 1766 4088 1829 4145; x_wconf 88' lang='lat' dir='ltr'><strong><em>atti·</em></strong></span> 
     </span>
     <span class='ocr_line' id='line_1_83' title="bbox 72 4162 1830 4235; baseline -0.004 -12"><span class='ocrx_word' id='word_1_652' title='bbox 72 4165 266 4233; x_wconf 88' lang='lat' dir='ltr'><strong><em>ditlloultates,</em></strong></span> <span class='ocrx_word' id='word_1_653' title='bbox 293 4172 321 4220; x_wconf 90' lang='lat' dir='ltr'><strong><em>et</em></strong></span> <span class='ocrx_word' id='word_1_654' title='bbox 347 4162 557 4232; x_wconf 86' lang='lat' dir='ltr'><strong><em>componendas</em></strong></span> <span class='ocrx_word' id='word_1_655' title='bbox 575 4177 640 4232; x_wconf 89' lang='lat' dir='ltr'><strong><em>quae</em></strong></span> <span class='ocrx_word' id='word_1_656' title='bbox 656 4162 689 4217; x_wconf 87' lang='lat' dir='ltr'><strong><em>de</em></strong></span> <span class='ocrx_word' id='word_1_657' title='bbox 721 4162 848 4232; x_wconf 85' lang='lat' dir='ltr'><strong><em>ejusdem</em></strong></span> <span class='ocrx_word' id='word_1_658' title='bbox 871 4162 922 4218; x_wconf 93' lang='lat' dir='ltr'><strong><em>do·</em></strong></span> <span class='ocrx_word' id='word_1_659' title='bbox 979 4166 1105 4220; x_wconf 88' lang='lat' dir='ltr'><strong><em>ciuntur.</em></strong></span> <span class='ocrx_word' id='word_1_660' title='bbox 1129 4165 1257 4220; x_wconf 87' lang='lat' dir='ltr'><strong><em>Primum</em></strong></span> <span class='ocrx_word' id='word_1_661' title='bbox 1283 4165 1311 4220; x_wconf 90' lang='lat' dir='ltr'><strong><em>in</em></strong></span> <span class='ocrx_word' id='word_1_662' title='bbox 1335 4165 1486 4220; x_wconf 82' lang='lat' dir='ltr'><strong><em>Abaelerdo</em></strong></span> <span class='ocrx_word' id='word_1_663' title='bbox 1508 4179 1565 4220; x_wconf 91' lang='lat' dir='ltr'><strong><em>non</em></strong></span> <span class='ocrx_word' id='word_1_664' title='bbox 1582 4164 1706 4235; x_wconf 82' lang='lat' dir='ltr'><strong><em>negavit,</em></strong></span> <span class='ocrx_word' id='word_1_665' title='bbox 1727 4175 1830 4217; x_wconf 89' lang='lat' dir='ltr'><strong><em>secun·</em></strong></span> 
     </span>
    </p>
   </div>
   <div class='ocr_carea' id='block_1_12' title="bbox 72 4234 923 4376">
    <p class='ocr_par' dir='ltr' id='par_1_18' title="bbox 72 4234 923 4376">
     <span class='ocr_line' id='line_1_84' title="bbox 74 4234 438 4359; baseline -0.019 -65"><span class='ocrx_word' id='word_1_666' title='bbox 74 4236 169 4295; x_wconf 90' lang='lat' dir='ltr'><strong><em>ctrina</em></strong></span> <span class='ocrx_word' id='word_1_667' title='bbox 195 4234 369 4306; x_wconf 72' lang='lat' dir='ltr'><strong><em>questiones</em></strong></span> <span class='ocrx_word' id='word_1_668' title='bbox 414 4249 438 4359; x_wconf 55' lang='lat' dir='ltr'>fi</span> 
     </span>
     <span class='ocr_line' id='line_1_85' title="bbox 72 4302 923 4376; baseline -0.007 -10"><span class='ocrx_word' id='word_1_669' title='bbox 72 4308 271 4376; x_wconf 88' lang='lat' dir='ltr'><strong><em>manuscripto</em></strong></span> <span class='ocrx_word' id='word_1_670' title='bbox 299 4303 396 4360; x_wconf 86' lang='lat' dir='ltr'><strong><em>codice</em></strong></span> <span class='ocrx_word' id='word_1_671' title='bbox 443 4302 531 4374; x_wconf 84' lang='lat' dir='ltr'><strong><em>ajeris</em></strong></span> <span class='ocrx_word' id='word_1_672' title='bbox 552 4303 718 4360; x_wconf 89' lang='lat' dir='ltr'><strong><em>Honasterii</em></strong></span> <span class='ocrx_word' id='word_1_673' title='bbox 738 4303 843 4359; x_wconf 89' lang='lat' dir='ltr'><strong><em>editam</em></strong></span> <span class='ocrx_word' id='word_1_674' title='bbox 872 4304 923 4360; x_wconf 92' lang='lat' dir='ltr'><strong><em>ba-</em></strong></span> 
     </span>
    </p>
   </div>
   <div class='ocr_carea' id='block_1_13' title="bbox 70 4373 924 5014">
    <p class='ocr_par' dir='ltr' id='par_1_19' title="bbox 71 4373 923 4665">
     <span class='ocr_line' id='line_1_86' title="bbox 72 4373 923 4445; baseline -0.007 -9"><span class='ocrx_word' id='word_1_675' title='bbox 72 4377 133 4445; x_wconf 89' lang='lat' dir='ltr'><strong><em>bes,</em></strong></span> <span class='ocrx_word' id='word_1_676' title='bbox 157 4377 248 4434; x_wconf 88' lang='lat' dir='ltr'><strong><em>lector</em></strong></span> <span class='ocrx_word' id='word_1_677' title='bbox 261 4373 383 4440; x_wconf 87' lang='lat' dir='ltr'><strong><em>erudite,</em></strong></span> <span class='ocrx_word' id='word_1_678' title='bbox 409 4374 438 4429; x_wconf 93' lang='lat' dir='ltr'><strong><em>in</em></strong></span> <span class='ocrx_word' id='word_1_679' title='bbox 453 4375 505 4430; x_wconf 89' lang='lat' dir='ltr'><strong><em>boe</em></strong></span> <span class='ocrx_word' id='word_1_680' title='bbox 521 4374 684 4441; x_wconf 83' lang='lat' dir='ltr'><strong><em>volumine,</em></strong></span> <span class='ocrx_word' id='word_1_681' title='bbox 700 4388 766 4430; x_wconf 90' lang='lat' dir='ltr'><strong><em>cum</em></strong></span> <span class='ocrx_word' id='word_1_682' title='bbox 795 4375 923 4431; x_wconf 91' lang='lat' dir='ltr'><strong><em>admoni-</em></strong></span> 
     </span>
     <span class='ocr_line' id='line_1_87' title="bbox 71 4445 923 4519; baseline -0.007 -12"><span class='ocrx_word' id='word_1_683' title='bbox 71 4448 149 4507; x_wconf 88' lang='lat' dir='ltr'><strong><em>tione</em></strong></span> <span class='ocrx_word' id='word_1_684' title='bbox 167 4447 285 4519; x_wconf 84' lang='lat' dir='ltr'><strong><em>praeria,</em></strong></span> <span class='ocrx_word' id='word_1_685' title='bbox 303 4447 404 4516; x_wconf 90' lang='lat' dir='ltr'><strong><em>inqua</em></strong></span> <span class='ocrx_word' id='word_1_686' title='bbox 421 4445 547 4515; x_wconf 89' lang='lat' dir='ltr'><strong><em>plurima</em></strong></span> <span class='ocrx_word' id='word_1_687' title='bbox 566 4459 632 4516; x_wconf 80' lang='lat' dir='ltr'><strong><em>qua</em></strong></span> <span class='ocrx_word' id='word_1_688' title='bbox 649 4445 731 4502; x_wconf 88' lang='lat' dir='ltr'><strong><em>nabis</em></strong></span> <span class='ocrx_word' id='word_1_689' title='bbox 745 4446 923 4502; x_wconf 82' lang='lat' dir='ltr'><strong><em>animadver-</em></strong></span> 
     </span>
     <span class='ocr_line' id='line_1_88' title="bbox 71 4516 922 4592; baseline -0.008 -13"><span class='ocrx_word' id='word_1_690' title='bbox 71 4521 151 4579; x_wconf 86' lang='lat' dir='ltr'><strong><em>sione</em></strong></span> <span class='ocrx_word' id='word_1_691' title='bbox 170 4521 259 4592; x_wconf 82' lang='lat' dir='ltr'><strong><em>digna</em></strong></span> <span class='ocrx_word' id='word_1_692' title='bbox 282 4518 349 4574; x_wconf 87' lang='lat' dir='ltr'><strong><em>-visa</em></strong></span> <span class='ocrx_word' id='word_1_693' title='bbox 374 4524 442 4573; x_wconf 86' lang='lat' dir='ltr'><strong><em>sum</em></strong></span> <span class='ocrx_word' id='word_1_694' title='bbox 470 4516 682 4573; x_wconf 88' lang='lat' dir='ltr'><strong><em>adnotavimus.</em></strong></span> <span class='ocrx_word' id='word_1_695' title='bbox 711 4518 809 4587; x_wconf 83' lang='lat' dir='ltr'><strong><em>Neque</em></strong></span> <span class='ocrx_word' id='word_1_696' title='bbox 826 4524 922 4574; x_wconf 88' lang='lat' dir='ltr'><strong><em>tamen</em></strong></span> 
     </span>
     <span class='ocr_line' id='line_1_89' title="bbox 72 4587 922 4665; baseline -0.008 -14"><span class='ocrx_word' id='word_1_697' title='bbox 72 4591 274 4665; x_wconf 76' lang='lat' dir='ltr'><strong><em>ignoravimus</em></strong></span> <span class='ocrx_word' id='word_1_698' title='bbox 298 4590 414 4645; x_wconf 88' lang='lat' dir='ltr'><strong><em>Petrum</em></strong></span> <span class='ocrx_word' id='word_1_699' title='bbox 438 4587 621 4644; x_wconf 80' lang='lat' dir='ltr'><strong><em>Abaeiardum</em></strong></span> <span class='ocrx_word' id='word_1_700' title='bbox 649 4588 703 4644; x_wconf 88' lang='lat' dir='ltr'><strong><em>bac</em></strong></span> <span class='ocrx_word' id='word_1_701' title='bbox 727 4597 824 4644; x_wconf 87' lang='lat' dir='ltr'><strong><em>nostra</em></strong></span> <span class='ocrx_word' id='word_1_702' title='bbox 840 4595 922 4644; x_wconf 85' lang='lat' dir='ltr'><strong><em>aetata</em></strong></span> 
     </span>
    </p>

    <p class='ocr_par' dir='ltr' id='par_1_20' title="bbox 113 4659 921 4731">
     <span class='ocr_line' id='line_1_90' title="bbox 113 4659 921 4731; baseline -0.009 -10"><span class='ocrx_word' id='word_1_703' title='bbox 113 4672 210 4721; x_wconf 88' lang='lat' dir='ltr'><strong><em>trouos</em></strong></span> <span class='ocrx_word' id='word_1_704' title='bbox 238 4660 386 4726; x_wconf 85' lang='lat' dir='ltr'><strong><em>babuisse,</em></strong></span> <span class='ocrx_word' id='word_1_705' title='bbox 415 4659 467 4729; x_wconf 91' lang='lat' dir='ltr'><strong><em>qui</em></strong></span> <span class='ocrx_word' id='word_1_706' title='bbox 496 4659 592 4729; x_wconf 88' lang='lat' dir='ltr'><strong><em>ipsum</em></strong></span> <span class='ocrx_word' id='word_1_707' title='bbox 622 4673 748 4731; x_wconf 77' lang='lat' dir='ltr'><strong><em>purgare</em></strong></span> <span class='ocrx_word' id='word_1_708' title='bbox 777 4660 921 4724; x_wconf 90' lang='lat' dir='ltr'><strong><em>nitentes,</em></strong></span> 
     </span>
    </p>

    <p class='ocr_par' dir='ltr' id='par_1_21' title="bbox 70 4729 924 5014">
     <span class='ocr_line' id='line_1_91' title="bbox 114 4729 923 4794; baseline -0.007 -2"><span class='ocrx_word' id='word_1_709' title='bbox 114 4735 256 4792; x_wconf 85' lang='lat' dir='ltr'><strong><em>roardum</em></strong></span> <span class='ocrx_word' id='word_1_710' title='bbox 282 4729 523 4790; x_wconf 83' lang='lat' dir='ltr'><strong><em>claravallensem</em></strong></span> <span class='ocrx_word' id='word_1_711' title='bbox 556 4729 697 4794; x_wconf 87' lang='lat' dir='ltr'><strong><em>abbatem,</em></strong></span> <span class='ocrx_word' id='word_1_712' title='bbox 731 4729 826 4785; x_wconf 84' lang='lat' dir='ltr'><strong><em>virum</em></strong></span> <span class='ocrx_word' id='word_1_713' title='bbox 855 4744 923 4786; x_wconf 91' lang='lat' dir='ltr'><strong><em>san-</em></strong></span> 
     </span>
     <span class='ocr_line' id='line_1_92' title="bbox 72 4800 923 4872; baseline -0.006 -9"><span class='ocrx_word' id='word_1_714' title='bbox 72 4806 233 4864; x_wconf 89' lang='lat' dir='ltr'><strong><em>ctissimum</em></strong></span> <span class='ocrx_word' id='word_1_715' title='bbox 249 4801 561 4861; x_wconf 90' lang='lat' dir='ltr'><strong><em>acmansuetissimum</em></strong></span> <span class='ocrx_word' id='word_1_716' title='bbox 578 4800 732 4870; x_wconf 87' lang='lat' dir='ltr'><strong><em>praecipitis</em></strong></span> <span class='ocrx_word' id='word_1_717' title='bbox 752 4800 854 4872; x_wconf 88' lang='lat' dir='ltr'><strong><em>judicii</em></strong></span> <span class='ocrx_word' id='word_1_718' title='bbox 874 4816 923 4858; x_wconf 90' lang='lat' dir='ltr'><strong><em>ac-</em></strong></span> 
     </span>
     <span class='ocr_line' id='line_1_93' title="bbox 71 4871 923 4943; baseline -0.006 -9"><span class='ocrx_word' id='word_1_719' title='bbox 71 4890 174 4935; x_wconf 83' lang='lat' dir='ltr'><strong><em>cusare</em></strong></span> <span class='ocrx_word' id='word_1_720' title='bbox 188 4890 247 4933; x_wconf 89' lang='lat' dir='ltr'><strong><em>oon</em></strong></span> <span class='ocrx_word' id='word_1_721' title='bbox 262 4873 465 4932; x_wconf 79' lang='lat' dir='ltr'><strong><em>terminarunt.</em></strong></span> <span class='ocrx_word' id='word_1_722' title='bbox 482 4871 586 4930; x_wconf 85' lang='lat' dir='ltr'><strong><em>Utrum</em></strong></span> <span class='ocrx_word' id='word_1_723' title='bbox 597 4871 766 4942; x_wconf 85' lang='lat' dir='ltr'><strong><em>autemjure</em></strong></span> <span class='ocrx_word' id='word_1_724' title='bbox 781 4881 923 4943; x_wconf 83' lang='lat' dir='ltr'><strong><em>purgetur</em></strong></span> 
     </span>
     <span class='ocr_line' id='line_1_94' title="bbox 70 4943 924 5014; baseline -0.009 -8"><span class='ocrx_word' id='word_1_725' title='bbox 70 4946 251 5013; x_wconf 80' lang='lat' dir='ltr'><strong><em>abelardus,</em></strong></span> <span class='ocrx_word' id='word_1_726' title='bbox 270 4960 304 5002; x_wconf 90' lang='lat' dir='ltr'><strong><em>ac</em></strong></span> <span class='ocrx_word' id='word_1_727' title='bbox 328 4944 500 5011; x_wconf 79' lang='lat' dir='ltr'><strong><em>bernardus,</em></strong></span> <span class='ocrx_word' id='word_1_728' title='bbox 524 4943 688 5010; x_wconf 90' lang='lat' dir='ltr'><strong><em>damnetur,</em></strong></span> <span class='ocrx_word' id='word_1_729' title='bbox 716 4943 924 5014; x_wconf 88' lang='lat' dir='ltr'><strong><em>pancisinqni·</em></strong></span> 
     </span>
    </p>
   </div>
   <div class='ocr_carea' id='block_1_14' title="bbox 69 5012 924 5151">
    <p class='ocr_par' dir='ltr' id='par_1_22' title="bbox 69 5012 924 5151">
     <span class='ocr_line' id='line_1_95' title="bbox 69 5012 924 5142; baseline -0.007 -66"><span class='ocrx_word' id='word_1_730' title='bbox 69 5018 195 5076; x_wconf 73' lang='lat' dir='ltr'><strong><em>mudum</em></strong></span> <span class='ocrx_word' id='word_1_731' title='bbox 227 5019 278 5073; x_wconf 89' lang='lat' dir='ltr'><strong><em>est.</em></strong></span> <span class='ocrx_word' id='word_1_732' title='bbox 302 5019 396 5142; x_wconf 44' lang='lat' dir='ltr'><strong><em>atque</em></strong></span> <span class='ocrx_word' id='word_1_733' title='bbox 411 5023 444 5073; x_wconf 92' lang='lat' dir='ltr'><strong><em>ut</em></strong></span> <span class='ocrx_word' id='word_1_734' title='bbox 460 5029 505 5070; x_wconf 90' lang='lat' dir='ltr'><strong><em>res</em></strong></span> <span class='ocrx_word' id='word_1_735' title='bbox 528 5012 636 5069; x_wconf 89' lang='lat' dir='ltr'><strong><em>clarius</em></strong></span> <span class='ocrx_word' id='word_1_736' title='bbox 653 5013 795 5069; x_wconf 87' lang='lat' dir='ltr'><strong><em>elucescat</em></strong></span> <span class='ocrx_word' id='word_1_737' title='bbox 812 5053 820 5080; x_wconf 95' lang='lat'><strong><em>,</em></strong></span> <span class='ocrx_word' id='word_1_738' title='bbox 840 5018 924 5070; x_wconf 91' lang='lat' dir='ltr'><strong><em>adeo-</em></strong></span> 
     </span>
     <span class='ocr_line' id='line_1_96' title="bbox 70 5081 923 5151; baseline -0.009 -2"><span class='ocrx_word' id='word_1_739' title='bbox 70 5089 203 5148; x_wconf 82' lang='lat' dir='ltr'><strong><em>laborara</em></strong></span> <span class='ocrx_word' id='word_1_740' title='bbox 227 5101 285 5144; x_wconf 90' lang='lat' dir='ltr'><strong><em>nen</em></strong></span> <span class='ocrx_word' id='word_1_741' title='bbox 309 5087 342 5143; x_wconf 91' lang='lat' dir='ltr'><strong><em>de</em></strong></span> <span class='ocrx_word' id='word_1_742' title='bbox 364 5094 414 5144; x_wconf 91' lang='lat' dir='ltr'><strong><em>ent</em></strong></span> <span class='ocrx_word' id='word_1_743' title='bbox 440 5083 585 5142; x_wconf 75' lang='lat' dir='ltr'><strong><em>abelardi</em></strong></span> <span class='ocrx_word' id='word_1_744' title='bbox 619 5081 791 5151; x_wconf 89' lang='lat' dir='ltr'><strong><em>defensores,</em></strong></span> <span class='ocrx_word' id='word_1_745' title='bbox 818 5092 850 5140; x_wconf 90' lang='lat' dir='ltr'><strong><em>nt</em></strong></span> <span class='ocrx_word' id='word_1_746' title='bbox 876 5085 923 5141; x_wconf 92' lang='lat' dir='ltr'><strong><em>de-</em></strong></span> 
     </span>
    </p>
   </div>
   <div class='ocr_carea' id='block_1_15' title="bbox 69 5153 925 5584">
    <p class='ocr_par' dir='ltr' id='par_1_23' title="bbox 69 5153 925 5584">
     <span class='ocr_line' id='line_1_97' title="bbox 70 5153 923 5227; baseline -0.007 -9"><span class='ocrx_word' id='word_1_747' title='bbox 70 5166 231 5218; x_wconf 86' lang='lat' dir='ltr'><strong><em>monstrent</em></strong></span> <span class='ocrx_word' id='word_1_748' title='bbox 256 5158 350 5227; x_wconf 88' lang='lat' dir='ltr'><strong><em>ipsum</em></strong></span> <span class='ocrx_word' id='word_1_749' title='bbox 386 5156 562 5214; x_wconf 81' lang='lat' dir='ltr'><strong><em>catholicum</em></strong></span> <span class='ocrx_word' id='word_1_750' title='bbox 590 5153 724 5210; x_wconf 78' lang='lat' dir='ltr'><strong><em>Ecclesia</em></strong></span> <span class='ocrx_word' id='word_1_751' title='bbox 764 5154 923 5212; x_wconf 88' lang='lat' dir='ltr'><strong><em>doctrinam</em></strong></span> 
     </span>
     <span class='ocr_line' id='line_1_98' title="bbox 70 5226 922 5298; baseline -0.008 -9"><span class='ocrx_word' id='word_1_752' title='bbox 70 5231 106 5289; x_wconf 87' lang='lat' dir='ltr'><strong><em>de</em></strong></span> <span class='ocrx_word' id='word_1_753' title='bbox 122 5228 305 5289; x_wconf 88' lang='lat' dir='ltr'><strong><em>distinetione</em></strong></span> <span class='ocrx_word' id='word_1_754' title='bbox 331 5226 417 5283; x_wconf 88' lang='lat' dir='ltr'><strong><em>trium</em></strong></span> <span class='ocrx_word' id='word_1_755' title='bbox 440 5227 470 5282; x_wconf 90' lang='lat' dir='ltr'><strong><em>in</em></strong></span> <span class='ocrx_word' id='word_1_756' title='bbox 494 5229 551 5284; x_wconf 86' lang='lat' dir='ltr'><strong><em>Deo</em></strong></span> <span class='ocrx_word' id='word_1_757' title='bbox 581 5238 782 5298; x_wconf 87' lang='lat' dir='ltr'><strong><em>personarum,</em></strong></span> <span class='ocrx_word' id='word_1_758' title='bbox 808 5234 836 5282; x_wconf 90' lang='lat' dir='ltr'><strong><em>et</em></strong></span> <span class='ocrx_word' id='word_1_759' title='bbox 858 5228 922 5283; x_wconf 92' lang='lat' dir='ltr'><strong><em>uni-</em></strong></span> 
     </span>
     <span class='ocr_line' id='line_1_99' title="bbox 73 5296 923 5368; baseline -0.007 -8"><span class='ocrx_word' id='word_1_760' title='bbox 73 5308 131 5360; x_wconf 79' lang='lat' dir='ltr'><strong><em>tate</em></strong></span> <span class='ocrx_word' id='word_1_761' title='bbox 165 5299 333 5357; x_wconf 80' lang='lat' dir='ltr'><strong><em>substantia</em></strong></span> <span class='ocrx_word' id='word_1_762' title='bbox 366 5297 395 5352; x_wconf 91' lang='lat' dir='ltr'><strong><em>in</em></strong></span> <span class='ocrx_word' id='word_1_763' title='bbox 428 5297 489 5353; x_wconf 89' lang='lat' dir='ltr'><strong><em>suis</em></strong></span> <span class='ocrx_word' id='word_1_764' title='bbox 517 5296 631 5368; x_wconf 91' lang='lat' dir='ltr'><strong><em>scriptis</em></strong></span> <span class='ocrx_word' id='word_1_765' title='bbox 661 5296 839 5365; x_wconf 83' lang='lat' dir='ltr'><strong><em>tradidisse3</em></strong></span> <span class='ocrx_word' id='word_1_766' title='bbox 873 5297 923 5354; x_wconf 94' lang='lat' dir='ltr'><strong><em>sed</em></strong></span> 
     </span>
     <span class='ocr_line' id='line_1_100' title="bbox 69 5366 924 5440; baseline -0.007 -10"><span class='ocrx_word' id='word_1_767' title='bbox 69 5382 172 5430; x_wconf 89' lang='lat' dir='ltr'><strong><em>utrum</em></strong></span> <span class='ocrx_word' id='word_1_768' title='bbox 213 5368 323 5440; x_wconf 86' lang='lat' dir='ltr'><strong><em>aliquid</em></strong></span> <span class='ocrx_word' id='word_1_769' title='bbox 360 5366 430 5423; x_wconf 89' lang='lat' dir='ltr'><strong><em>buia</em></strong></span> <span class='ocrx_word' id='word_1_770' title='bbox 466 5368 602 5424; x_wconf 77' lang='lat' dir='ltr'><strong><em>doctrina</em></strong></span> <span class='ocrx_word' id='word_1_771' title='bbox 639 5368 818 5425; x_wconf 88' lang='lat' dir='ltr'><strong><em>contrarium</em></strong></span> <span class='ocrx_word' id='word_1_772' title='bbox 849 5369 924 5424; x_wconf 89' lang='lat' dir='ltr'><strong><em>scri-</em></strong></span> 
     </span>
     <span class='ocr_line' id='line_1_101' title="bbox 71 5435 924 5510; baseline -0.005 -10"><span class='ocrx_word' id='word_1_773' title='bbox 71 5441 167 5501; x_wconf 87' lang='lat' dir='ltr'><strong><em>bendo</em></strong></span> <span class='ocrx_word' id='word_1_774' title='bbox 188 5435 246 5498; x_wconf 82' lang='lat' dir='ltr'><strong><em>n&#39;ou</em></strong></span> <span class='ocrx_word' id='word_1_775' title='bbox 278 5438 416 5497; x_wconf 88' lang='lat' dir='ltr'><strong><em>docuerit.</em></strong></span> <span class='ocrx_word' id='word_1_776' title='bbox 442 5438 517 5495; x_wconf 79' lang='lat' dir='ltr'><strong><em>Fieri</em></strong></span> <span class='ocrx_word' id='word_1_777' title='bbox 548 5441 626 5496; x_wconf 89' lang='lat' dir='ltr'><strong><em>enim</em></strong></span> <span class='ocrx_word' id='word_1_778' title='bbox 642 5447 743 5510; x_wconf 87' lang='lat' dir='ltr'><strong><em>potest,</em></strong></span> <span class='ocrx_word' id='word_1_779' title='bbox 770 5453 824 5496; x_wconf 88' lang='lat' dir='ltr'><strong><em>uec</em></strong></span> <span class='ocrx_word' id='word_1_780' title='bbox 857 5453 924 5498; x_wconf 84' lang='lat' dir='ltr'><strong><em>raro</em></strong></span> 
     </span>
     <span class='ocr_line' id='line_1_102' title="bbox 70 5508 925 5584; baseline -0.005 -11"><span class='ocrx_word' id='word_1_781' title='bbox 70 5512 101 5573; x_wconf 86' lang='lat' dir='ltr'><strong><em>te</em></strong></span> <span class='ocrx_word' id='word_1_782' title='bbox 131 5510 283 5584; x_wconf 76' lang='lat' dir='ltr'><strong><em>contingit,</em></strong></span> <span class='ocrx_word' id='word_1_783' title='bbox 300 5518 333 5568; x_wconf 90' lang='lat' dir='ltr'><strong><em>ut</em></strong></span> <span class='ocrx_word' id='word_1_784' title='bbox 359 5515 491 5567; x_wconf 84' lang='lat' dir='ltr'><strong><em>auctores</em></strong></span> <span class='ocrx_word' id='word_1_785' title='bbox 517 5521 587 5566; x_wconf 86' lang='lat' dir='ltr'><strong><em>rere</em></strong></span> <span class='ocrx_word' id='word_1_786' title='bbox 607 5508 746 5568; x_wconf 84' lang='lat' dir='ltr'><strong><em>Catholici</em></strong></span> <span class='ocrx_word' id='word_1_787' title='bbox 770 5517 798 5568; x_wconf 89' lang='lat' dir='ltr'><strong><em>et</em></strong></span> <span class='ocrx_word' id='word_1_788' title='bbox 811 5509 842 5568; x_wconf 90' lang='lat' dir='ltr'><strong><em>in</em></strong></span> <span class='ocrx_word' id='word_1_789' title='bbox 869 5510 925 5570; x_wconf 84' lang='lat' dir='ltr'><strong><em>ilde</em></strong></span> 
     </span>
    </p>
   </div>
   <div class='ocr_carea' id='block_1_16' title="bbox 64 5577 925 5658">
    <p class='ocr_par' dir='ltr' id='par_1_24' title="bbox 64 5577 925 5658">
     <span class='ocr_line' id='line_1_103' title="bbox 64 5577 925 5658; baseline -0.005 -12"><span class='ocrx_word' id='word_1_790' title='bbox 64 5581 205 5646; x_wconf 73' lang='lat' dir='ltr'><strong><em>Ecclesia</em></strong></span> <span class='ocrx_word' id='word_1_791' title='bbox 234 5579 442 5654; x_wconf 65' lang='lat' dir='ltr'><strong><em>stabilimine</em></strong></span> <span class='ocrx_word' id='word_1_792' title='bbox 458 5577 630 5654; x_wconf 87' lang='lat' dir='ltr'><strong><em>oscitantia,</em></strong></span> <span class='ocrx_word' id='word_1_793' title='bbox 658 5581 721 5644; x_wconf 84' lang='lat' dir='ltr'><strong><em>siro</em></strong></span> <span class='ocrx_word' id='word_1_794' title='bbox 735 5581 812 5641; x_wconf 83' lang='lat' dir='ltr'><strong><em>aeris</em></strong></span> <span class='ocrx_word' id='word_1_795' title='bbox 845 5581 925 5658; x_wconf 75' lang='lat' dir='ltr'><strong><em>inge·</em></strong></span> 
     </span>
    </p>
   </div>
   <div class='ocr_carea' id='block_1_17' title="bbox 398 4232 1828 4305">
    <p class='ocr_par' dir='ltr' id='par_1_25' title="bbox 398 4232 1828 4305">
     <span class='ocr_line' id='line_1_104' title="bbox 398 4232 1828 4305; baseline -0.001 -17"><span class='ocrx_word' id='word_1_796' title='bbox 398 4233 548 4288; x_wconf 79' lang='lat' dir='ltr'><strong><em>nitantur</em></strong></span> <span class='ocrx_word' id='word_1_797' title='bbox 570 4232 601 4288; x_wconf 89' lang='lat' dir='ltr'><strong><em>iu</em></strong></span> <span class='ocrx_word' id='word_1_798' title='bbox 625 4232 739 4289; x_wconf 86' lang='lat' dir='ltr'><strong><em>scholis.</em></strong></span> <span class='ocrx_word' id='word_1_799' title='bbox 778 4232 859 4288; x_wconf 89' lang='lat' dir='ltr'><strong><em>Hanc</em></strong></span> <span class='ocrx_word' id='word_1_800' title='bbox 887 4247 924 4289; x_wconf 84' lang='lat' dir='ltr'><strong><em>ex</em></strong></span> <span class='ocrx_word' id='word_1_801' title='bbox 940 4235 963 4290; x_wconf 88' lang='grc' dir='ltr'><strong><em>Ι)</em></strong></span> <span class='ocrx_word' id='word_1_802' title='bbox 978 4235 1047 4290; x_wconf 90' lang='lat' dir='ltr'><strong><em>dnm</em></strong></span> <span class='ocrx_word' id='word_1_803' title='bbox 1071 4238 1193 4291; x_wconf 88' lang='lat' dir='ltr'><strong><em>assernit</em></strong></span> <span class='ocrx_word' id='word_1_804' title='bbox 1217 4235 1392 4292; x_wconf 85' lang='lat' dir='ltr'><strong><em>Hernurdns.</em></strong></span> <span class='ocrx_word' id='word_1_805' title='bbox 1417 4237 1453 4291; x_wconf 87' lang='lat' dir='ltr'><strong><em>Et</em></strong></span> <span class='ocrx_word' id='word_1_806' title='bbox 1468 4244 1542 4291; x_wconf 88' lang='lat' dir='ltr'><strong><em>certe</em></strong></span> <span class='ocrx_word' id='word_1_807' title='bbox 1568 4233 1735 4305; x_wconf 73' lang='lat' dir='ltr'><strong><em>hujusmodi</em></strong></span> <span class='ocrx_word' id='word_1_808' title='bbox 1759 4240 1828 4288; x_wconf 91' lang='lat' dir='ltr'><strong><em>sunt</em></strong></span> 
     </span>
    </p>
   </div>
   <div class='ocr_carea' id='block_1_18' title="bbox 976 4305 1828 5658">
    <p class='ocr_par' dir='ltr' id='par_1_26' title="bbox 976 4305 1828 5658">
     <span class='ocr_line' id='line_1_105' title="bbox 978 4305 1828 4376; baseline -0.006 -15"><span class='ocrx_word' id='word_1_809' title='bbox 978 4305 1054 4361; x_wconf 87' lang='lat' dir='ltr'><strong><em>inter</em></strong></span> <span class='ocrx_word' id='word_1_810' title='bbox 1068 4306 1138 4361; x_wconf 88' lang='lat' dir='ltr'><strong><em>alins</em></strong></span> <span class='ocrx_word' id='word_1_811' title='bbox 1162 4308 1221 4362; x_wconf 79' lang='lat' dir='ltr'><strong><em>istae</em></strong></span> <span class='ocrx_word' id='word_1_812' title='bbox 1247 4309 1462 4376; x_wconf 83' lang='lat' dir='ltr'><strong><em>propositiones,</em></strong></span> <span class='ocrx_word' id='word_1_813' title='bbox 1487 4307 1591 4361; x_wconf 79' lang='lat' dir='ltr'><strong><em>babeo</em></strong></span> <span class='ocrx_word' id='word_1_814' title='bbox 1614 4309 1750 4361; x_wconf 78' lang='lat' dir='ltr'><strong><em>Poterat</em></strong></span> <span class='ocrx_word' id='word_1_815' title='bbox 1773 4318 1828 4356; x_wconf 90' lang='lat' dir='ltr'><strong><em>am-</em></strong></span> 
     </span>
     <span class='ocr_line' id='line_1_106' title="bbox 976 4377 1828 4448; baseline -0.006 -17"><span class='ocrx_word' id='word_1_816' title='bbox 976 4379 1139 4446; x_wconf 86' lang='lat' dir='ltr'><strong><em>nipotentia,</em></strong></span> <span class='ocrx_word' id='word_1_817' title='bbox 1175 4380 1259 4433; x_wconf 84' lang='lat' dir='ltr'><strong><em>Filius</em></strong></span> <span class='ocrx_word' id='word_1_818' title='bbox 1288 4379 1383 4448; x_wconf 80' lang='lat' dir='ltr'><strong><em>atique</em></strong></span> <span class='ocrx_word' id='word_1_819' title='bbox 1404 4381 1540 4448; x_wconf 89' lang='lat' dir='ltr'><strong><em>potentie,</em></strong></span> <span class='ocrx_word' id='word_1_820' title='bbox 1567 4377 1690 4447; x_wconf 88' lang='lat' dir='ltr'><strong><em>Spiritus</em></strong></span> <span class='ocrx_word' id='word_1_821' title='bbox 1715 4379 1828 4429; x_wconf 84' lang='lat' dir='ltr'><strong><em>sanctus</em></strong></span> 
     </span>
     <span class='ocr_line' id='line_1_107' title="bbox 977 4446 1827 4518; baseline -0.005 -17"><span class='ocrx_word' id='word_1_822' title='bbox 977 4449 1056 4502; x_wconf 85' lang='lat' dir='ltr'><strong><em>nulle</em></strong></span> <span class='ocrx_word' id='word_1_823' title='bbox 1077 4451 1211 4518; x_wconf 88' lang='lat' dir='ltr'><strong><em>potentin.</em></strong></span> <span class='ocrx_word' id='word_1_824' title='bbox 1242 4449 1334 4505; x_wconf 87' lang='lat' dir='ltr'><strong><em>Omnis</em></strong></span> <span class='ocrx_word' id='word_1_825' title='bbox 1355 4449 1432 4503; x_wconf 82' lang='lat' dir='ltr'><strong><em>bonta</em></strong></span> <span class='ocrx_word' id='word_1_826' title='bbox 1454 4449 1533 4503; x_wconf 83' lang='lat' dir='ltr'><strong><em>luebat</em></strong></span> <span class='ocrx_word' id='word_1_827' title='bbox 1559 4447 1724 4503; x_wconf 85' lang='lat' dir='ltr'><strong><em>naturaliter</em></strong></span> <span class='ocrx_word' id='word_1_828' title='bbox 1745 4446 1827 4515; x_wconf 76' lang='lat' dir='ltr'><strong><em>fidem</em></strong></span> 
     </span>
     <span class='ocr_line' id='line_1_108' title="bbox 976 4520 1825 4596; baseline -0.004 -23"><span class='ocrx_word' id='word_1_829' title='bbox 976 4526 1078 4574; x_wconf 82' lang='lat' dir='ltr'><strong><em>sancta</em></strong></span> <span class='ocrx_word' id='word_1_830' title='bbox 1093 4521 1249 4586; x_wconf 84' lang='lat' dir='ltr'><strong><em>Trinitatis,</em></strong></span> <span class='ocrx_word' id='word_1_831' title='bbox 1277 4536 1343 4590; x_wconf 74' lang='lat' dir='ltr'><strong><em>qnae</em></strong></span> <span class='ocrx_word' id='word_1_832' title='bbox 1368 4521 1461 4576; x_wconf 90' lang='lat' dir='ltr'><strong><em>cuivis</em></strong></span> <span class='ocrx_word' id='word_1_833' title='bbox 1475 4520 1619 4577; x_wconf 74' lang='lat' dir='ltr'><strong><em>catholieo</em></strong></span> <span class='ocrx_word' id='word_1_834' title='bbox 1643 4531 1758 4574; x_wconf 83' lang='lat' dir='ltr'><strong><em>sensnm</em></strong></span> <span class='ocrx_word' id='word_1_835' title='bbox 1777 4529 1825 4596; x_wconf 75' lang='lat' dir='ltr'><strong><em>er-</em></strong></span> 
     </span>
     <span class='ocr_line' id='line_1_109' title="bbox 976 4589 1825 4657; baseline -0.007 -11"><span class='ocrx_word' id='word_1_836' title='bbox 976 4604 1096 4647; x_wconf 86' lang='lat' dir='ltr'><strong><em>roncum</em></strong></span> <span class='ocrx_word' id='word_1_837' title='bbox 1112 4598 1140 4647; x_wconf 89' lang='lat' dir='ltr'><strong><em>et</em></strong></span> <span class='ocrx_word' id='word_1_838' title='bbox 1156 4592 1321 4647; x_wconf 79' lang='lat' dir='ltr'><strong><em>hereticum</em></strong></span> <span class='ocrx_word' id='word_1_839' title='bbox 1342 4592 1460 4647; x_wconf 88' lang='lat' dir='ltr'><strong><em>obvium</em></strong></span> <span class='ocrx_word' id='word_1_840' title='bbox 1476 4590 1621 4647; x_wconf 78' lang='lat' dir='ltr'><strong><em>exhibent.</em></strong></span> <span class='ocrx_word' id='word_1_841' title='bbox 1639 4593 1685 4655; x_wconf 81' lang='lat' dir='ltr'><strong><em>At,</em></strong></span> <span class='ocrx_word' id='word_1_842' title='bbox 1702 4589 1825 4657; x_wconf 83' lang='lat' dir='ltr'><strong><em>inquies,</em></strong></span> 
     </span>
     <span class='ocr_line' id='line_1_110' title="bbox 977 4658 1825 4732; baseline -0.008 -14"><span class='ocrx_word' id='word_1_843' title='bbox 977 4661 1061 4719; x_wconf 88' lang='lat' dir='ltr'><strong><em>bodie</em></strong></span> <span class='ocrx_word' id='word_1_844' title='bbox 1083 4662 1138 4719; x_wconf 88' lang='lat' dir='ltr'><strong><em>riri</em></strong></span> <span class='ocrx_word' id='word_1_845' title='bbox 1158 4662 1263 4718; x_wconf 90' lang='lat' dir='ltr'><strong><em>eruditi</em></strong></span> <span class='ocrx_word' id='word_1_846' title='bbox 1287 4663 1339 4717; x_wconf 89' lang='lat' dir='ltr'><strong><em>bas</em></strong></span> <span class='ocrx_word' id='word_1_847' title='bbox 1365 4663 1569 4732; x_wconf 85' lang='lat' dir='ltr'><strong><em>propositiones</em></strong></span> <span class='ocrx_word' id='word_1_848' title='bbox 1585 4660 1620 4716; x_wconf 90' lang='lat' dir='ltr'><strong><em>ad</em></strong></span> <span class='ocrx_word' id='word_1_849' title='bbox 1646 4658 1825 4716; x_wconf 79' lang='lat' dir='ltr'><strong><em>catholicum</em></strong></span> 
     </span>
     <span class='ocr_line' id='line_1_111' title="bbox 978 4729 1826 4802; baseline -0.008 -13"><span class='ocrx_word' id='word_1_850' title='bbox 978 4747 1093 4790; x_wconf 88' lang='lat' dir='ltr'><strong><em>sensum</em></strong></span> <span class='ocrx_word' id='word_1_851' title='bbox 1116 4732 1280 4789; x_wconf 88' lang='lat' dir='ltr'><strong><em>deflectunt.</em></strong></span> <span class='ocrx_word' id='word_1_852' title='bbox 1310 4733 1353 4787; x_wconf 87' lang='lat' dir='ltr'><strong><em>lte</em></strong></span> <span class='ocrx_word' id='word_1_853' title='bbox 1381 4733 1481 4802; x_wconf 84' lang='lat' dir='ltr'><strong><em>plane3</em></strong></span> <span class='ocrx_word' id='word_1_854' title='bbox 1511 4734 1559 4789; x_wconf 89' lang='lat' dir='ltr'><strong><em>sed</em></strong></span> <span class='ocrx_word' id='word_1_855' title='bbox 1587 4746 1631 4788; x_wconf 89' lang='lat' dir='ltr'><strong><em>res</em></strong></span> <span class='ocrx_word' id='word_1_856' title='bbox 1659 4731 1699 4787; x_wconf 87' lang='lat' dir='ltr'><strong><em>ita</em></strong></span> <span class='ocrx_word' id='word_1_857' title='bbox 1723 4744 1753 4785; x_wconf 90' lang='lat' dir='ltr'><strong><em>se</em></strong></span> <span class='ocrx_word' id='word_1_858' title='bbox 1776 4729 1826 4783; x_wconf 87' lang='lat' dir='ltr'><strong><em>ba-</em></strong></span> 
     </span>
     <span class='ocr_line' id='line_1_112' title="bbox 977 4803 1825 4872; baseline -0.008 -12"><span class='ocrx_word' id='word_1_859' title='bbox 977 4803 1105 4872; x_wconf 75' lang='lat' dir='ltr'><strong><em>bcaqrix</em></strong></span> <span class='ocrx_word' id='word_1_860' title='bbox 1128 4804 1188 4860; x_wconf 91' lang='lat' dir='ltr'><strong><em>ulla</em></strong></span> <span class='ocrx_word' id='word_1_861' title='bbox 1211 4810 1253 4859; x_wconf 92' lang='lat' dir='ltr'><strong><em>est</em></strong></span> <span class='ocrx_word' id='word_1_862' title='bbox 1274 4804 1351 4872; x_wconf 92' lang='lat' dir='ltr'><strong><em>apud</em></strong></span> <span class='ocrx_word' id='word_1_863' title='bbox 1377 4804 1525 4859; x_wconf 80' lang='lat' dir='ltr'><strong><em>haereticos</em></strong></span> <span class='ocrx_word' id='word_1_864' title='bbox 1545 4805 1697 4872; x_wconf 86' lang='lat' dir='ltr'><strong><em>scriptores</em></strong></span> <span class='ocrx_word' id='word_1_865' title='bbox 1722 4813 1825 4871; x_wconf 87' lang='lat' dir='ltr'><strong><em>propo·</em></strong></span> 
     </span>
     <span class='ocr_line' id='line_1_113' title="bbox 978 4869 1824 4946; baseline -0.007 -15"><span class='ocrx_word' id='word_1_866' title='bbox 978 4874 1116 4943; x_wconf 75' lang='lat' dir='ltr'><strong><em>sitleam</em></strong></span> <span class='ocrx_word' id='word_1_867' title='bbox 1135 4888 1237 4931; x_wconf 89' lang='lat' dir='ltr'><strong><em>sensus</em></strong></span> <span class='ocrx_word' id='word_1_868' title='bbox 1256 4873 1420 4931; x_wconf 78' lang='lat' dir='ltr'><strong><em>Catholicae</em></strong></span> <span class='ocrx_word' id='word_1_869' title='bbox 1439 4875 1539 4946; x_wconf 78' lang='lat' dir='ltr'><strong><em>attingi</em></strong></span> <span class='ocrx_word' id='word_1_870' title='bbox 1562 4874 1598 4929; x_wconf 86' lang='lat' dir='ltr'><strong><em>ab</em></strong></span> <span class='ocrx_word' id='word_1_871' title='bbox 1618 4873 1732 4930; x_wconf 89' lang='lat' dir='ltr'><strong><em>bomine</em></strong></span> <span class='ocrx_word' id='word_1_872' title='bbox 1755 4869 1824 4926; x_wconf 87' lang='lat' dir='ltr'><strong><em>sub·</em></strong></span> 
     </span>
     <span class='ocr_line' id='line_1_114' title="bbox 980 4941 1823 5015; baseline -0.007 -14"><span class='ocrx_word' id='word_1_873' title='bbox 980 4945 1021 5001; x_wconf 90' lang='lat' dir='ltr'><strong><em>tili</em></strong></span> <span class='ocrx_word' id='word_1_874' title='bbox 1047 4959 1104 5001; x_wconf 90' lang='lat' dir='ltr'><strong><em>non</em></strong></span> <span class='ocrx_word' id='word_1_875' title='bbox 1129 4945 1227 5015; x_wconf 87' lang='lat' dir='ltr'><strong><em>possit.</em></strong></span> <span class='ocrx_word' id='word_1_876' title='bbox 1250 4944 1328 5001; x_wconf 86' lang='lat' dir='ltr'><strong><em>Sicut</em></strong></span> <span class='ocrx_word' id='word_1_877' title='bbox 1347 4961 1362 5001; x_wconf 88' lang='lat' dir='ltr'><strong><em>e</em></strong></span> <span class='ocrx_word' id='word_1_878' title='bbox 1382 4959 1519 5002; x_wconf 87' lang='lat' dir='ltr'><strong><em>converso</em></strong></span> <span class='ocrx_word' id='word_1_879' title='bbox 1544 4944 1642 5001; x_wconf 90' lang='lat' dir='ltr'><strong><em>nullus</em></strong></span> <span class='ocrx_word' id='word_1_880' title='bbox 1661 4951 1702 5000; x_wconf 89' lang='lat' dir='ltr'><strong><em>est</em></strong></span> <span class='ocrx_word' id='word_1_881' title='bbox 1717 4941 1823 4998; x_wconf 85' lang='lat' dir='ltr'><strong><em>Catbe·</em></strong></span> 
     </span>
     <span class='ocr_line' id='line_1_115' title="bbox 978 5012 1825 5086; baseline -0.006 -15"><span class='ocrx_word' id='word_1_882' title='bbox 978 5015 1051 5071; x_wconf 87' lang='lat' dir='ltr'><strong><em>licus</em></strong></span> <span class='ocrx_word' id='word_1_883' title='bbox 1073 5016 1194 5085; x_wconf 89' lang='lat' dir='ltr'><strong><em>scriptor</em></strong></span> <span class='ocrx_word' id='word_1_884' title='bbox 1217 5016 1261 5072; x_wconf 89' lang='lat' dir='ltr'><strong><em>vel</em></strong></span> <span class='ocrx_word' id='word_1_885' title='bbox 1286 5017 1442 5086; x_wconf 89' lang='lat' dir='ltr'><strong><em>piissimus,</em></strong></span> <span class='ocrx_word' id='word_1_886' title='bbox 1471 5018 1501 5072; x_wconf 92' lang='lat' dir='ltr'><strong><em>in</em></strong></span> <span class='ocrx_word' id='word_1_887' title='bbox 1528 5029 1585 5086; x_wconf 91' lang='lat' dir='ltr'><strong><em>quo</em></strong></span> <span class='ocrx_word' id='word_1_888' title='bbox 1618 5016 1674 5072; x_wconf 84' lang='lat' dir='ltr'><strong><em>riri</em></strong></span> <span class='ocrx_word' id='word_1_889' title='bbox 1701 5012 1825 5083; x_wconf 88' lang='lat' dir='ltr'><strong><em>inquieti</em></strong></span> 
     </span>
     <span class='ocr_line' id='line_1_116' title="bbox 978 5083 1826 5163; baseline -0.007 -20"><span class='ocrx_word' id='word_1_890' title='bbox 978 5085 1092 5156; x_wconf 87' lang='lat' dir='ltr'><strong><em>aliquas</em></strong></span> <span class='ocrx_word' id='word_1_891' title='bbox 1116 5089 1323 5158; x_wconf 86' lang='lat' dir='ltr'><strong><em>propositiones</em></strong></span> <span class='ocrx_word' id='word_1_892' title='bbox 1345 5104 1394 5160; x_wconf 92' lang='lat' dir='ltr'><strong><em>per</em></strong></span> <span class='ocrx_word' id='word_1_893' title='bbox 1413 5103 1442 5144; x_wconf 90' lang='lat' dir='ltr'><strong><em>se</em></strong></span> <span class='ocrx_word' id='word_1_894' title='bbox 1465 5093 1556 5142; x_wconf 87' lang='lat' dir='ltr'><strong><em>rectas</em></strong></span> <span class='ocrx_word' id='word_1_895' title='bbox 1577 5093 1604 5141; x_wconf 88' lang='lat' dir='ltr'><strong><em>et</em></strong></span> <span class='ocrx_word' id='word_1_896' title='bbox 1628 5086 1771 5156; x_wconf 87' lang='lat' dir='ltr'><strong><em>piissimas</em></strong></span> <span class='ocrx_word' id='word_1_897' title='bbox 1796 5083 1826 5163; x_wconf 80' lang='lat' dir='ltr'><strong><em>in</em></strong></span> 
     </span>
     <span class='ocr_line' id='line_1_117' title="bbox 978 5154 1826 5231; baseline -0.006 -18"><span class='ocrx_word' id='word_1_898' title='bbox 978 5170 1103 5228; x_wconf 89' lang='lat' dir='ltr'><strong><em>pravum</em></strong></span> <span class='ocrx_word' id='word_1_899' title='bbox 1131 5171 1247 5215; x_wconf 89' lang='lat' dir='ltr'><strong><em>sensnm</em></strong></span> <span class='ocrx_word' id='word_1_900' title='bbox 1268 5174 1325 5214; x_wconf 93' lang='lat' dir='ltr'><strong><em>non</em></strong></span> <span class='ocrx_word' id='word_1_901' title='bbox 1351 5162 1550 5231; x_wconf 86' lang='lat' dir='ltr'><strong><em>detorqueant.</em></strong></span> <span class='ocrx_word' id='word_1_902' title='bbox 1577 5157 1722 5214; x_wconf 81' lang='lat' dir='ltr'><strong><em>Haretirae</em></strong></span> <span class='ocrx_word' id='word_1_903' title='bbox 1745 5154 1826 5210; x_wconf 83' lang='lat' dir='ltr'><strong><em>verbi</em></strong></span> 
     </span>
     <span class='ocr_line' id='line_1_118' title="bbox 979 5224 1827 5301; baseline -0.007 -18"><span class='ocrx_word' id='word_1_904' title='bbox 979 5230 1073 5299; x_wconf 78' lang='lat' dir='ltr'><strong><em>gratia</em></strong></span> <span class='ocrx_word' id='word_1_905' title='bbox 1094 5236 1162 5284; x_wconf 85' lang='lat' dir='ltr'><strong><em>sunt</em></strong></span> <span class='ocrx_word' id='word_1_906' title='bbox 1179 5230 1471 5301; x_wconf 67' lang='lat' dir='ltr'><strong><em>emmerentianae,</em></strong></span> <span class='ocrx_word' id='word_1_907' title='bbox 1489 5231 1612 5288; x_wconf 76' lang='lat' dir='ltr'><strong><em>cbristus</em></strong></span> <span class='ocrx_word' id='word_1_908' title='bbox 1628 5244 1680 5299; x_wconf 90' lang='lat' dir='ltr'><strong><em>pro</em></strong></span> <span class='ocrx_word' id='word_1_909' title='bbox 1701 5224 1827 5281; x_wconf 88' lang='lat' dir='ltr'><strong><em>omnibus</em></strong></span> 
     </span>
     <span class='ocr_line' id='line_1_119' title="bbox 977 5298 1825 5369; baseline -0.005 -16"><span class='ocrx_word' id='word_1_910' title='bbox 977 5303 1086 5355; x_wconf 89' lang='lat' dir='ltr'><strong><em>nonest</em></strong></span> <span class='ocrx_word' id='word_1_911' title='bbox 1106 5306 1240 5369; x_wconf 89' lang='lat' dir='ltr'><strong><em>mortuus,</em></strong></span> <span class='ocrx_word' id='word_1_912' title='bbox 1262 5304 1332 5356; x_wconf 86' lang='lat' dir='ltr'><strong><em>Deus</em></strong></span> <span class='ocrx_word' id='word_1_913' title='bbox 1352 5317 1405 5355; x_wconf 89' lang='lat' dir='ltr'><strong><em>non</em></strong></span> <span class='ocrx_word' id='word_1_914' title='bbox 1427 5302 1486 5355; x_wconf 85' lang='lat' dir='ltr'><strong><em>vult</em></strong></span> <span class='ocrx_word' id='word_1_915' title='bbox 1509 5317 1599 5357; x_wconf 89' lang='lat' dir='ltr'><strong><em>omnes</em></strong></span> <span class='ocrx_word' id='word_1_916' title='bbox 1616 5299 1706 5355; x_wconf 85' lang='lat' dir='ltr'><strong><em>sulcos</em></strong></span> <span class='ocrx_word' id='word_1_917' title='bbox 1724 5298 1825 5365; x_wconf 78' lang='lat' dir='ltr'><strong><em>secere.</em></strong></span> 
     </span>
     <span class='ocr_line' id='line_1_120' title="bbox 977 5368 1828 5442; baseline -0.005 -16"><span class='ocrx_word' id='word_1_918' title='bbox 977 5370 1015 5427; x_wconf 82' lang='lat' dir='ltr'><strong><em>Et</em></strong></span> <span class='ocrx_word' id='word_1_919' title='bbox 1042 5375 1138 5426; x_wconf 89' lang='lat' dir='ltr'><strong><em>tamen</em></strong></span> <span class='ocrx_word' id='word_1_920' title='bbox 1166 5371 1234 5427; x_wconf 86' lang='lat' dir='ltr'><strong><em>istas</em></strong></span> <span class='ocrx_word' id='word_1_921' title='bbox 1259 5373 1465 5442; x_wconf 88' lang='lat' dir='ltr'><strong><em>prepositiones</em></strong></span> <span class='ocrx_word' id='word_1_922' title='bbox 1502 5373 1531 5429; x_wconf 92' lang='lat' dir='ltr'><strong><em>in</em></strong></span> <span class='ocrx_word' id='word_1_923' title='bbox 1564 5386 1651 5429; x_wconf 88' lang='lat' dir='ltr'><strong><em>sensu</em></strong></span> <span class='ocrx_word' id='word_1_924' title='bbox 1680 5368 1828 5427; x_wconf 76' lang='lat' dir='ltr'><strong><em>catholice</em></strong></span> 
     </span>
     <span class='ocr_line' id='line_1_121' title="bbox 978 5439 1827 5514; baseline -0.005 -17"><span class='ocrx_word' id='word_1_925' title='bbox 978 5448 1101 5512; x_wconf 87' lang='lat' dir='ltr'><strong><em>possunt</em></strong></span> <span class='ocrx_word' id='word_1_926' title='bbox 1120 5439 1210 5514; x_wconf 88' lang='lat' dir='ltr'><strong><em>aliqui</em></strong></span> <span class='ocrx_word' id='word_1_927' title='bbox 1234 5441 1425 5513; x_wconf 87' lang='lat' dir='ltr'><strong><em>interpretari.</em></strong></span> <span class='ocrx_word' id='word_1_928' title='bbox 1449 5441 1501 5499; x_wconf 91' lang='lat' dir='ltr'><strong><em>Sed</em></strong></span> <span class='ocrx_word' id='word_1_929' title='bbox 1524 5451 1585 5500; x_wconf 89' lang='lat' dir='ltr'><strong><em>esto</em></strong></span> <span class='ocrx_word' id='word_1_930' title='bbox 1602 5440 1745 5498; x_wconf 77' lang='lat' dir='ltr'><strong><em>Abalardi</em></strong></span> <span class='ocrx_word' id='word_1_931' title='bbox 1765 5451 1827 5494; x_wconf 87' lang='lat' dir='ltr'><strong><em>tne-</em></strong></span> 
     </span>
     <span class='ocr_line' id='line_1_122' title="bbox 978 5511 1828 5585; baseline -0.004 -17"><span class='ocrx_word' id='word_1_932' title='bbox 978 5521 1107 5570; x_wconf 88' lang='lat' dir='ltr'><strong><em>moratas</em></strong></span> <span class='ocrx_word' id='word_1_933' title='bbox 1121 5512 1326 5585; x_wconf 86' lang='lat' dir='ltr'><strong><em>prepositiones</em></strong></span> <span class='ocrx_word' id='word_1_934' title='bbox 1344 5526 1425 5584; x_wconf 85' lang='lat' dir='ltr'><strong><em>possa</em></strong></span> <span class='ocrx_word' id='word_1_935' title='bbox 1446 5514 1613 5572; x_wconf 87' lang='lat' dir='ltr'><strong><em>adsensum</em></strong></span> <span class='ocrx_word' id='word_1_936' title='bbox 1633 5511 1828 5571; x_wconf 84' lang='lat' dir='ltr'><strong><em>orthodoxum</em></strong></span> 
     </span>
     <span class='ocr_line' id='line_1_123' title="bbox 976 5580 1826 5658; baseline -0.011 -14"><span class='ocrx_word' id='word_1_937' title='bbox 976 5582 1101 5656; x_wconf 72' lang='lat' dir='ltr'><strong><em>mbecti,</em></strong></span> <span class='ocrx_word' id='word_1_938' title='bbox 1128 5597 1168 5643; x_wconf 87' lang='lat' dir='ltr'><strong><em>au</em></strong></span> <span class='ocrx_word' id='word_1_939' title='bbox 1191 5583 1256 5644; x_wconf 89' lang='lat' dir='ltr'><strong><em>ideo</em></strong></span> <span class='ocrx_word' id='word_1_940' title='bbox 1274 5584 1449 5658; x_wconf 72' lang='lat' dir='ltr'><strong><em>purgandas</em></strong></span> <span class='ocrx_word' id='word_1_941' title='bbox 1467 5583 1516 5644; x_wconf 84' lang='lat' dir='ltr'><strong><em>ille</em></strong></span> <span class='ocrx_word' id='word_1_942' title='bbox 1539 5592 1568 5646; x_wconf 88' lang='lat' dir='ltr'><strong><em>et</em></strong></span> <span class='ocrx_word' id='word_1_943' title='bbox 1588 5581 1772 5646; x_wconf 80' lang='lat' dir='ltr'><strong><em>damnandus</em></strong></span> <span class='ocrx_word' id='word_1_944' title='bbox 1794 5580 1826 5636; x_wconf 85' lang='lat' dir='ltr'><strong><em>to.</em></strong></span> 
     </span>
    </p>
   </div>
   <div class='ocr_carea' id='block_1_19' title="bbox 0 0 1906 5962">
    <p class='ocr_par' dir='ltr' id='par_1_27' title="bbox 0 0 1906 5962">
     <span class='ocr_line' id='line_1_124' title="bbox 0 0 1906 5962; baseline 0 4"><span class='ocrx_word' id='word_1_945' title='bbox 0 0 1906 5962; x_wconf 95' lang='lat' dir='ltr'><strong><em> </em></strong></span> 
     </span>
    </p>
   </div>
  </div>
 </body>
</html>
