3804 5962
104 221 170 306 ιιι
412 245 512 301 ruant
531 243 720 300 anausoni
734 242 811 298 oar.
832 238 921 297 raus
939 237 975 294 tu
994 265 1029 282 -
1046 237 1228 298 sanctonus
1247 243 1291 299 ar
1309 242 1430 299 opusc.
1450 244 1568 301 iscar.

116 371 256 431 Dominus
272 382 453 442 percernem
478 366 628 424 manileste
653 366 781 434 veniens,
811 364 880 421 huic
903 361 958 433 ipsi
973 363 998 417 Α
1012 364 1121 421 scandit
1134 366 1287 423 cacumina
1307 373 1474 424 sanctorum
1497 367 1551 435 Qui
1578 369 1661 426 nobis
1675 369 1759 427 hodie

113 462 196 521 carui
215 461 298 533 quasi
328 458 381 515 levi
409 458 480 515 nubi
516 456 629 524 insedit,
662 456 732 528 quia
757 456 841 511 homo
871 452 918 510 ille
946 466 963 507 a
1016 452 1289 524 devellenascitor,
1306 456 1424 527 quiade
1453 456 1580 515 inleriori
1607 473 1679 515 sexu
1698 467 1726 516 et
1756 460 1759 515 l

116 550 209 612 Verbo
233 555 410 618 assumptus,
437 547 472 603 de
496 560 554 619 quo
580 545 783 616 scriptumest
808 560 815 598 :
842 541 962 600 Verbum
1017 540 1084 598 lima
1106 543 1226 615 virgine,
1242 558 1377 600 summus
1397 544 1443 601 ille
1462 545 1568 602 divinae
1594 547 1751 618 maiestatis

115 657 178 697 caro
200 639 305 706 sectam
333 640 383 702 est,
419 634 534 692 nullum
560 647 596 691 ex
622 632 803 704 corruptibili
831 644 960 703 corpore,
1014 631 1068 686 dor
1082 632 1118 686 ad
1136 632 1277 689 hurnauos
1298 632 1380 688 hodie
1401 633 1494 703 prodit
1512 634 1640 702 obtutus,
1656 635 1753 691 caruis

116 729 192 802 quod
207 731 347 799 aggravat
373 723 510 792 animam,
530 722 644 794 pondus
669 723 759 779 traxit
782 719 897 792 peccati.
914 718 960 777 Sol
1015 719 1091 776 mine
1109 721 1310 789 obumbratos,
1326 732 1358 778 ιιι
1374 722 1401 777 iu
1417 729 1517 779 nostra
1535 723 1635 780 saltem
1661 725 1752 781 videri

113 831 219 889 vapore
235 830 289 873 suo
303 812 501 872 exhalationes
514 819 596 868 terra
613 824 763 884 generans,
786 809 894 867 nubem
913 815 960 865 at·
1013 810 1184 878 substantia,
1198 811 1247 881 qui
1260 811 1412 868 invisibilis
1422 811 1548 883 persistit
1563 813 1592 869 iu
1608 827 1671 870 sua.

111 906 213 976 trahit,
229 906 263 961 de
277 917 337 975 qua
350 909 447 973 postea
459 914 581 958 manans
596 900 696 971 pluvia
712 908 815 956 terram
836 897 958 955 inebriat
1049 898 1115 955 Haec
1134 899 1182 956 illa
1194 900 1301 970 species
1315 899 1421 969 electri,
1448 914 1537 972 quam
1552 902 1688 959 Ezechieli
1717 915 1759 973 prt

113 1002 147 1053 ιιι
169 991 441 1063 tranlucentlapor
456 991 553 1063 itaque
576 991 637 1047 sive
665 988 745 1045 calor
771 987 858 1056 solus,
873 986 959 1057 Spiri·
1013 985 1135 1059 legimus
1161 988 1326 1045 revelatam.
1352 989 1498 1046 Electrum
1525 991 1631 1062 quippe
1658 991 1759 1062 quaeda

112 1092 160 1143 tus
186 1084 246 1154 ipse
272 1089 315 1138 est
336 1095 353 1136 a
374 1083 430 1137 ileo
453 1078 684 1151 procedens,qui
703 1086 730 1135 et
757 1078 850 1147 ipsius
878 1088 959 1132 autor
1013 1079 1076 1133 auri
1096 1085 1123 1133 et
1151 1077 1263 1149 argenti
1284 1079 1415 1147 mistura,
1454 1078 1484 1136 iu
1509 1093 1569 1150 qua
1594 1087 1622 1136 et
1647 1089 1759 1151 argenti

111 1174 228 1231 dicitur.
256 1170 308 1228 llio
323 1169 373 1226 ubi
400 1169 463 1226 vult
484 1168 606 1239 spirans,
631 1175 658 1224 et
678 1174 792 1223 terrena
813 1165 901 1222 corda
928 1164 958 1220 iu
1012 1166 1170 1223 claritatem
1194 1167 1305 1237 prolicit
1340 1167 1466 1225 melioris
1491 1168 1660 1226 admistione
1689 1177 1759 1225 meta

109 1263 201 1318 ileum
217 1258 386 1326 accendens,
403 1257 487 1328 quasi
500 1257 640 1328 quasdam
660 1254 856 1312 exhalationes
874 1261 958 1309 terrae
1012 1269 1118 1311 aurum
1135 1270 1152 1310 a
1171 1270 1222 1312 suo
1239 1255 1349 1327 lolgore
1369 1264 1555 1330 temperator,
1569 1258 1639 1314 dum
1658 1256 1759 1314 inlerio

111 1356 238 1422 generat,
263 1348 333 1405 dum
362 1347 491 1416 ipsorum
525 1345 649 1417 gemitus
674 1351 762 1415 atque
780 1341 904 1411 suspiria
927 1341 957 1398 iu
1012 1342 1079 1400 tallo
1104 1345 1231 1402 sociatur
1255 1345 1360 1414 (Ezecb.
1385 1360 1405 1413 1,
1431 1345 1470 1417 l).
1491 1345 1537 1402 Sic
1558 1353 1586 1403 et
1601 1346 1747 1404 Christum

111 1439 203 1496 Deum
226 1436 342 1494 excitat.
369 1435 450 1493 Unde
482 1443 509 1490 et
542 1433 726 1504 Apostolos:
767 1433 828 1501 lpse
862 1430 958 1502 iuquit
1011 1447 1044 1488 ex
1075 1433 1191 1490 duabus
1213 1434 1325 1491 naturis
1354 1434 1542 1506 intelligimus
1565 1450 1726 1506 personam,
1754 1436 1759 1491 i

111 1527 233 1596 spiritns
244 1525 370 1596 postulat
388 1540 440 1594 pro
459 1524 535 1580 nobie
558 1522 703 1590 gemitibus
728 1520 957 1576 inenarrabilibus
1011 1521 1148 1578 diviuitas
1176 1537 1258 1590 auro,
1283 1523 1450 1580 humanitas
1476 1538 1545 1581 vero
1568 1524 1696 1582 inleriori
1711 1539 1759 1581 coo

111 1615 270 1687 (Romaiu,
296 1614 352 1685 ab),
367 1615 436 1669 dum
453 1627 505 1668 uos
522 1611 654 1668 videlicet
680 1610 856 1681 postulantes
878 1609 953 1675 lacit,
971 1637 993 1694 B
1011 1618 1059 1665 tur
1082 1611 1204 1668 metallo.
1229 1615 1262 1668 lu
1287 1612 1343 1668 hac
1364 1612 1454 1684 igitur
1474 1626 1605 1684 persona,
1634 1627 1700 1684 quae
1726 1614 1759 1670 tlt

110 1712 137 1761 et
152 1711 267 1761 orantes
286 1717 352 1774 quae
377 1701 516 1774 suggerit.
543 1700 663 1757 Summa
684 1713 752 1771 ergo
780 1700 808 1755 in
828 1697 956 1768 antiquis
1010 1706 1062 1765 est,
1094 1699 1148 1756 hoc
1168 1707 1209 1756 est
1227 1702 1302 1757 Deus
1321 1708 1348 1758 et
1365 1701 1459 1771 homo,
1477 1702 1518 1758 sic
1535 1702 1590 1758 sibi
1617 1702 1718 1758 divina
1745 1717 1760 1758 e

109 1792 242 1850 Patribus
259 1791 320 1848 haec
334 1791 370 1847 ad
385 1790 575 1847 Deumoratio
590 1789 644 1845 luit
670 1795 697 1846 et
721 1787 907 1858 exspectatio,
924 1795 956 1843 ιιι
1010 1801 1096 1843 mana
1112 1789 1273 1858 conjuncta
1288 1799 1356 1846 suut
1378 1799 1500 1856 naturae,
1531 1800 1563 1847 ut
1582 1791 1628 1847 ille
1642 1791 1755 1862 incomp

107 1882 282 1950 promissum
310 1883 352 1938 eis
385 1880 512 1936 mitteret
538 1867 714 1935 saluatorem
734 1892 741 1931 ε
765 1877 840 1934 sicut
868 1875 955 1934 etde
1011 1875 1100 1932 sibilis
1127 1876 1231 1934 divium
1259 1878 1399 1935 claritatis
1434 1878 1539 1951 iulgor,
1577 1879 1673 1935 carnis
1714 1879 1759 1935 vel

109 1968 191 2026 beato
215 1969 261 2025 illo
291 1969 397 2041 legitur
425 1969 558 2025 simeone
586 1967 659 2036 (Luc.
678 1982 709 2035 ιι,
738 1967 794 2037 ιι).
823 1965 904 2034 Quod
928 1974 956 2022 et
1009 1963 1208 2027 obumbratus.
1224 1967 1360 2025 humanis
1383 1983 1412 2024 se
1434 1968 1525 2024 oculis
1546 1975 1758 2038 temperante

108 2057 210 2115 beatus
224 2071 451 2115 commemorans
467 2057 649 2128 augustiuus
664 2055 741 2127 (78):
764 2054 953 2126 «intelligite,
1009 2062 1090 2124 copta
1111 2055 1277 2112 humanitas
1292 2057 1327 2112 ad
1351 2056 1508 2113 claritatem
1537 2056 1695 2127 proliceret,
1729 2070 1759 2112 ct

106 2146 219 2216 iratres,
240 2168 254 2197 a
285 2147 390 2220 inquit,
422 2155 594 2217 acquantum
619 2144 792 2201 desiderium
811 2142 954 2200 habebant
1008 2143 1109 2200 delicet
1127 2144 1211 2201 homo
1240 2143 1533 2217 illequasiquaedam
1553 2145 1759 2213 loteatesta,s

107 2236 220 2307 antiqui
234 2238 325 2293 sancti
340 2236 437 2292 videre
457 2233 622 2292 Christuml
642 2233 773 2290 Sciebant
794 2232 874 2288 illum
893 2245 953 2288 essa
1008 2233 1201 2302 tlaesapernae
1225 2232 1312 2302 illius,
1343 2234 1390 2291 cui
1418 2242 1460 2290 est
1486 2235 1597 2301 unitus,
1637 2234 1759 2304 incompt

107 2335 276 2394 venturum,
294 2333 321 2382 el
337 2325 496 2395 omnesqui
511 2321 677 2393 cupiebant,
694 2320 952 2379 dicebautzaosi
1008 2319 1071 2377 luce
1112 2335 1260 2388 accensus,
1293 2329 1406 2378 nostras
1433 2322 1601 2380 illuminans
1629 2323 1759 2379 tenebras

105 2429 151 2471 me
166 2414 214 2470 illa
228 2414 356 2470 iuveniat
372 2412 509 2470 nativitas
534 2412 540 2467 l
557 2427 573 2466 o
590 2412 613 2468 si
633 2411 711 2482 quod
726 2410 810 2467 credo
832 2410 862 2466 iu
877 2409 952 2466 Scri·
1007 2408 1101 2465 uerbis
1120 2424 1209 2480 qoam
1226 2410 1373 2481 exsmplis,
1396 2412 1526 2467 omnium
1543 2411 1625 2468 nobis
1647 2411 1758 2482 plenitu

106 2503 198 2574 pluris
213 2503 271 2572 ilci,
285 2503 398 2559 videam
412 2500 505 2558 oculis
520 2500 590 2557 meis
606 2497 612 2554 l
632 2521 641 2549 ι
668 2499 745 2556 idem
761 2508 825 2570 post
853 2497 952 2570 aliqua
1005 2497 1148 2554 virtutum
1162 2497 1322 2566 exhiberet,
1338 2505 1366 2556 ct
1378 2497 1462 2570 longe
1481 2500 1628 2570 puriorem
1644 2507 1672 2556 et
1688 2500 1756 2557 intel

104 2592 139 2649 de
169 2592 251 2649 beato
285 2591 332 2647 illo
350 2590 485 2663 praedicto
517 2603 584 2646 sene
609 2588 692 2659 quasi
721 2587 899 2644 desiderante
924 2595 952 2644 et
1007 2585 1046 2642 tia
1070 2586 1217 2658 potiorem,
1246 2600 1335 2658 qoam
1361 2587 1390 2643 in
1418 2588 1552 2659 paradiso
1580 2597 1675 2646 creata
1703 2603 1759 2646 esse

104 2682 280 2752 suspirante,
304 2678 520 2751 etquotidieiu
549 2676 948 2735 orationibussoisdicente:
1004 2677 1093 2731 stram
1117 2683 1263 2746 repararet
1286 2684 1432 2733 naturam.
1462 2679 1496 2733 Ut
1525 2684 1620 2734 autem
1651 2677 1759 2736 Verbur

104 2792 119 2821 a
135 2770 255 2836 Quando
271 2769 377 2841 veniet,
391 2768 509 2840 quando
529 2776 672 2836 nascetur,
692 2767 808 2838 quando
823 2764 949 2821 videbo?
1003 2778 1119 2822 caruem
1135 2766 1170 2823 de
1186 2765 1305 2837 Virgine
1320 2781 1447 2833 sumens,
1473 2767 1527 2823 hoc
1541 2782 1570 2824 se
1594 2769 1759 2826 velamine(

102 2859 192 2916 Putas
211 2859 350 2915 durabo?
375 2866 461 2929 putas
476 2858 523 2914 hic
550 2872 594 2914 me
623 2854 777 2912 inveniet?
797 2861 880 2925 putas
903 2853 950 2910 isti
1004 2852 1110 2920 baaret,
1125 2855 1215 2926 ipsam
1238 2869 1354 2925 quoque
1376 2855 1523 2926 Virginem
1553 2857 1635 2926 prius
1665 2858 1759 2915 obnml

104 2948 180 3006 oculi
199 2946 350 3015 videbunt,
367 2947 424 3017 'per
454 2961 540 3017 quem
557 2945 651 3002 cordis
678 2945 753 3001 oculi
781 2943 950 3000 revelabuu-
966 2976 987 3034 c
1003 2941 1119 3010 dicitur,
1132 2951 1164 2999 ut
1177 2942 1358 3013 postmodum
1373 2957 1410 2999 ex
1431 2944 1478 3000 illa
1506 2945 1547 3001 sic
1568 2946 1759 3003 obumbratos

102 3037 172 3094 turi
188 3036 305 3093 Dicebat
320 3036 374 3090 ista
388 3034 418 3091 in
428 3033 608 3091 orationibus
619 3033 689 3101 suis,
701 3041 728 3090 et
744 3047 795 3104 pro
810 3032 949 3091 desiderio
1004 3038 1141 3087 sceretur.
1157 3029 1229 3087 Cum
1243 3029 1319 3085 euim
1337 3045 1461 3102 maguus
1486 3033 1532 3089 ille
1555 3034 1676 3091 coelestis
1694 3048 1759 3105 para

101 3138 153 3181 suo
175 3122 284 3192 accepit
310 3135 491 3191 responsum,
518 3120 597 3190 quod
624 3135 684 3176 uon
718 3127 847 3191 gustaret
872 3134 950 3177 mor·
1003 3120 1078 3189 phos
1088 3118 1203 3175 Gabriel
1216 3118 1409 3191 archangelus
1424 3120 1538 3192 Virgini
1559 3123 1739 3192 praedixisset

101 3220 157 3267 tem
185 3211 276 3267 donec
292 3209 402 3266 videret
419 3207 567 3266 Christum
589 3208 703 3265 Domini
724 3209 790 3281 (79).
819 3229 833 3259 »
849 3209 888 3265 De
904 3210 949 3266 bis
1000 3211 1071 3263 ratos
1096 3213 1206 3263 sanctos
1237 3210 1408 3278 superveniet
1430 3211 1460 3264 in
1487 3211 1597 3282 tellao.
1630 3227 1649 3279 1,
1673 3214 1759 3281 35l,a

100 3314 217 3370 quoque
252 3307 418 3355 sanctorum
452 3297 600 3354 desideriis
640 3306 667 3354 et
698 3299 947 3357 vehementissimo
1001 3296 1166 3367 exprimens
1196 3296 1225 3352 iu
1254 3312 1313 3369 quo
1332 3297 1380 3354 hic
1399 3299 1531 3369 superior
1559 3300 1702 3357 adventus
1723 3300 1759 3372 Sp

99 3388 224 3445 clamore
239 3388 332 3444 cordis
346 3386 419 3444 illud
438 3395 480 3444 est
495 3385 597 3443 lsaiae:
619 3387 788 3442 Clamabunt
806 3387 844 3443 od
864 3391 946 3443 Deum
1001 3386 1092 3441 sancti
1112 3385 1289 3453 consisteret,
1321 3386 1425 3457 adjecit
1444 3388 1541 3444 diceus
1561 3405 1568 3443 ε
1597 3392 1631 3444 Et
1651 3392 1740 3444 cirico

97 3491 115 3530 o
141 3478 214 3543 socie
241 3475 410 3542 tribulantis,
438 3479 463 3530 el
490 3475 580 3529 mittet
610 3477 647 3530 eis
689 3475 868 3545 Saloolorem,
891 3483 945 3531 etc.
999 3476 1062 3529 simi
1081 3474 1253 3530 obumbrabit
1282 3477 1342 3531 tibi.
1374 3479 1409 3531 dt
1426 3476 1499 3545 qaod
1527 3483 1653 3533 nuscetur
1677 3495 1711 3533 eac
1736 3484 1759 3535 te

97 3565 173 3629 (lsai.
198 3579 257 3631 xix,
280 3564 337 3635 ab).
366 3563 447 3620 Tales
476 3563 567 3635 igitur
585 3562 724 3619 clamores
750 3562 795 3619 vel
822 3563 946 3635 gemitus
1000 3568 1082 3630 ctum,
1108 3563 1252 3619 vocabitur
1279 3566 1367 3620 Filias
1392 3567 1443 3620 bet·
1467 3565 1569 3636 (told).
1597 3566 1697 3624 Virtus
1740 3583 1757 3638 q

96 3652 235 3722 fidelium,
268 3652 352 3724 quasi
372 3653 505 3725 quaedam
532 3659 614 3709 erant
637 3651 835 3708 exhalationes
855 3659 945 3710 terra
999 3648 1092 3706 Patris
1114 3651 1335 3721 Filiusdicitur,
1366 3668 1451 3724 quem
1472 3654 1522 3710 Dei
1544 3655 1759 3712 virtutemetll

95 3755 172 3799 rom·
188 3741 233 3799 Ad
253 3756 379 3813 quorum
399 3742 515 3813 quidem
543 3740 764 3811 postulationem
789 3748 817 3798 et
843 3756 943 3813 euspe-
999 3738 1136 3808 pientiam
1162 3742 1315 3812 Apostolus
1337 3744 1486 3810 nomiua13
1511 3757 1544 3799 eo
1559 3743 1636 3814 quod
1664 3758 1759 3815 qoaect

94 3830 258 3900 clationem,
280 3831 321 3889 sol
341 3831 396 3888 sibi
426 3844 512 3888 verus
534 3843 642 3900 vapore
671 3831 842 3888 suouuhem
857 3838 945 3888 attra—
997 3839 1049 3896 per
1067 3829 1236 3899 sapientiam
1262 3844 1344 3886 suam
1367 3831 1499 3902 disponit.
1517 3845 1568 3902 per
1593 3832 1721 3888 eamdem
1750 3848 1759 3904 q

97 3921 151 3988 xit,
181 3921 429 3996 dumoperatioue
454 3920 577 3990 Spiritus
592 3920 683 3976 sancti
699 3920 825 3977 Verbum
845 3920 894 3978 Dei
909 3921 944 3977 de
999 3917 1247 3988 teretbeitqlcor.
1277 3934 1296 3986 ι,
1315 3919 1372 3990 24).
1395 3919 1461 3975 Haec
1487 3921 1577 3991 igitur
1592 3921 1684 3977 Patris
1700 3935 1758 3978 coae

94 4010 212 4082 Virgine
226 4024 342 4067 carnem
369 4009 485 4079 accepit.
522 4010 560 4066 lle
574 4022 633 4080 qua
663 4007 750 4065 etiam
774 4023 862 4067 carne
881 4017 943 4067 tau·
997 4005 1138 4073 sapientia
1161 4005 1349 4062 obumbrasse
1374 3999 1487 4078 Virgini
1504 4008 1620 4076 dicitur,
1648 4011 1759 4079 quasit

93 4113 183 4170 quam
209 4097 244 4154 de
271 4098 348 4154 nube
374 4096 506 4167 pluviam
526 4096 612 4164 dedit,
639 4111 706 4154 cum
735 4097 942 4155 incarnationis
997 4099 1114 4149 belsam
1133 4094 1301 4162 occubassb,
1330 4102 1357 4151 θῐ
1372 4094 1406 4151 db
1420 4095 1560 4153 universa
1585 4098 1706 4153 humani
1730 4112 1759 4169 tlt

90 4187 155 4258 eius
172 4186 342 4256 mysterium
379 4185 543 4256 praedicatio
561 4185 644 4242 terris
672 4188 940 4243 omuibusnoutia-
996 4193 1090 4236 massa
1112 4182 1202 4252 ipsam
1225 4183 1276 4240 sibi
1300 4183 1460 4255 specialiter
1485 4184 1613 4257 elegisse,
1643 4196 1759 4257 atque:

90 4275 142 4343 vit,
165 4283 193 4331 et
216 4274 280 4330 lidei
298 4274 425 4330 lructum
450 4274 516 4329 inde
533 4274 646 4330 extulit.
661 4277 735 4332 Cum
750 4276 806 4331 hac
829 4274 937 4346 itaque,
954 4273 977 4327 h
992 4269 1080 4336 sisse,
1098 4270 1127 4328 iu
1144 4286 1203 4343 qua
1217 4284 1322 4331 nostrae
1342 4275 1532 4345 reparationis
1558 4283 1727 4351 operaretur
1742 4291 1759 4332 ιι

91 4371 123 4422 ut
144 4362 254 4420 dictum
281 4370 334 4430 est,
365 4376 461 4430 carne,
492 4363 552 4433 ipso
577 4364 774 4435 iuAEgyptum
795 4364 935 4434 veniente,
992 4357 1124 4428 rium,et
1151 4360 1323 4418 altissimum
1355 4376 1414 4419 suae
1442 4362 1663 4432 dispensationis
1690 4378 1759 4434 comt

89 4459 248 4510 motasnnt
274 4452 430 4508 simulacra
452 4452 566 4524 AEgyptl
595 4452 698 4524 (ibid),
716 4453 868 4524 quiainde
890 4468 935 4511 re·
994 4461 1146 4504 arcanum·
1176 4451 1255 4516 Obbd
1289 4458 1385 4507 aulem
1417 4465 1527 4508 nubea
1549 4451 1681 4509 Gabriele
1709 4452 1756 4509 dib

88 4551 165 4599 mota
181 4549 222 4598 est
246 4540 417 4607 idololatria,
448 4542 592 4597 conversis
616 4541 652 4598 ad
673 4542 766 4612 ipsum
790 4543 935 4614 gentibus.
995 4537 1089 4592 Virtus
1108 4538 1245 4594 bilissimt'
1263 4539 1438 4595 obumbrabit
1452 4540 1514 4609 tibi,
1541 4545 1567 4595 el
1582 4541 1654 4611 qaod
1667 4548 1759 4597 noscet

86 4623 122 4679 lit
135 4631 205 4680 tuuc
220 4622 344 4693 prolecto
354 4621 441 4692 iuxta
460 4621 616 4689 Danielem,
637 4629 732 4679 statua
746 4623 933 4694 comminuta,
992 4629 1017 4677 te
1038 4632 1170 4695 sanctam,
1205 4635 1271 4696 etc„
1299 4628 1396 4685 hocin
1425 4631 1500 4685 lsaia
1527 4630 1590 4701 (ιιι,
1616 4630 1659 4701 ll)
1690 4628 1759 4702 dilig

86 4710 159 4783 lapis
172 4710 220 4768 ille
235 4711 264 4768 in
292 4719 417 4768 montem
438 4723 577 4782 magnum
605 4713 705 4775 crevit,
722 4717 749 4766 et
769 4713 934 4769 universam
988 4712 1075 4784 juxta
1090 4714 1235 4772 llebraicaa
1250 4715 1358 4787 linguae
1371 4720 1572 4788 proprietatem
1594 4718 1655 4789 jam
1670 4732 1758 4789 expra

84 4809 191 4858 terram
212 4800 342 4871 replevit,
365 4801 435 4871 quia
449 4800 513 4871 ejus
538 4813 645 4870 corpus
676 4812 734 4855 uon
749 4799 843 4858 solum
859 4801 935 4858 hauc
989 4802 1093 4861 luerat.
1111 4804 1164 4860 Ubi
1179 4804 1255 4860 enim
1270 4819 1321 4862 nos
1342 4806 1467 4864 dicimus
1485 4823 1492 4863 :
1512 4808 1578 4863 Ecce
1605 4809 1682 4876 oirgo
1707 4822 1759 4862 con

84 4889 281 4958 morientium,
297 4889 375 4960 quod
387 4896 430 4945 est
444 4887 587 4954 Ecclesia,
614 4887 665 4945 ubi
683 4896 828 4945 terrarum
852 4889 932 4958 lides,
987 4897 1013 4947 et
1024 4895 1116 4962 pariet
1128 4893 1231 4961 tilium,
1248 4893 1276 4949 in
1293 4895 1412 4954 liebraeo
1437 4910 1488 4967 pro
1501 4895 1616 4968 virgine
1631 4895 1749 4967 ponitur

82 4976 223 5044 dilatavit,
252 4992 319 5035 cum
338 4977 537 5034 infidelitatem
561 4976 704 5047 expulerit
729 4976 810 5050 (ban.
828 4993 858 5045 u,
873 4981 931 5048 25).
987 4983 1064 5052 quod
1087 4990 1169 5039 sonat
1188 4984 1358 5040 abscondito.
1388 4985 1481 5053 Quam
1508 4985 1600 5056 igitur
1626 4984 1665 5041 ibt
1695 4985 1760 5055 Prot

81 5064 162 5133 Quod
187 5067 311 5138 denique
326 5081 431 5139 corpus
444 5080 503 5122 uon
531 5066 622 5123 solum
642 5066 718 5123 hauc
734 5065 930 5139 morientium,
987 5069 1055 5127 dicit
1070 5069 1277 5142 absconditam,
1300 5074 1375 5131 hanc
1391 5088 1455 5140 nos,
1472 5075 1633 5132 secundum
1648 5074 1759 5131 asserti(

77 5155 126 5212 sed
142 5154 235 5226 magis
249 5155 327 5212 illam
351 5156 512 5214 viventium
527 5164 569 5212 est
599 5163 708 5213 terram
736 5156 928 5227 repleturum.
986 5156 1159 5229 angelicam,
1173 5159 1296 5217 dicimos
1309 5161 1522 5218 obumbratam.

78 5243 278 5301 llicestmons
300 5245 670 5317 llleDominipraeparatus
687 5246 717 5302 iu
734 5247 838 5303 vertice
852 5259 933 5306 mon.
1022 5247 1151 5314 Qualiter
1179 5259 1275 5308 autem
1307 5252 1407 5308 divina
1439 5251 1581 5323 sapientia
1616 5252 1760 5310 obumbra

68 5331 155 5405 tiom,
170 5334 223 5406 qul
237 5347 288 5406 per
302 5335 460 5394 divinitatis
482 5335 669 5395 eminentiam
687 5335 819 5395 omnium
833 5341 921 5395 trau·
985 5337 1108 5412 Virgini,
1129 5339 1159 5397 id
1173 5348 1216 5399 est
1229 5354 1319 5413 quam
1333 5341 1479 5413 sapienter
1498 5342 1585 5414 heus,
1608 5349 1642 5402 ιιι
1655 5342 1759 5402 dictum

147 5508 498 5585 (retransmissa.
520 5515 587 5572 tosa
1055 5517 1115 5593 (re)
1128 5519 1201 5578 me.
