3804 5962
436 204 614 264 uxeostrro
633 203 671 263 tlt
690 202 798 264 urlsr.
817 200 922 261 raum
942 202 989 259 Ab
1008 199 1093 258 nott.
1118 198 1231 257 -ttlt
1251 199 1283 256 V.
1676 198 1728 256 970

79 335 195 393 ιιιειιειε
221 332 380 405 quamdam
409 332 455 390 sui
479 331 640 403 praetendit,
666 330 691 388 si
716 330 753 388 ad
774 329 964 388 eosacoaoti
992 335 1090 401 agant.
1130 325 1205 393 Quia
1242 339 1279 383 ex
1307 337 1409 383 eorum
1449 322 1598 383 voluntate
1634 325 1728 399 magis

78 423 212 481 tvenire
239 421 364 479 diderat.
397 423 556 479 ministrare
583 422 695 489 sanetis,
730 420 826 477 idest
881 433 970 491 quam
994 432 1031 476 ex
1055 426 1153 476 nostra
1172 414 1364 474 concitatione
1379 414 1408 472 id
1428 413 1552 487 geritur,
1579 421 1607 472 et
1622 415 1725 474 merito

79 513 100 571 ri
118 512 159 571 ibi
180 511 397 569 suntlidelibus
424 526 461 569 ex
484 511 583 569 iudaea
604 508 760 578 conversis,
786 509 825 566 ei·
880 509 999 582 placuit,
1025 509 1096 582 qnia
1123 508 1230 567 seilicet
1257 506 1390 563 debitores
1414 509 1481 562 sunt
1515 504 1598 575 Quod
1630 507 1729 566 statim

79 600 109 658 ad
138 601 339 658 necessitatem
354 614 456 658 eorum
485 614 502 657 a
521 614 567 657 me
585 599 738 656 collectum
767 597 827 654 illis
880 611 897 653 a
914 597 1018 655 minori
1042 597 1188 656 convincit
1218 596 1333 654 diceus:
1351 597 1420 652 Nom
1440 595 1669 664 stsptrtteettom
1687 610 1731 654 ro·

79 706 97 749 a.
120 691 250 749 ilabebat
278 691 388 762 quippe
413 691 443 746 in
473 689 683 748 consuetudine
706 689 826 759 Aposto·
879 703 941 743 rum
967 689 1119 758 participes
1137 687 1207 755 secti
1234 690 1308 756 suot,
1325 685 1440 755 eentites
1455 683 1554 741 debent
1567 690 1593 740 et
1615 688 1646 743 in
1668 701 1727 742 cor-

79 788 129 838 ειιι
144 794 218 852 saepe
237 787 358 837 testatur
372 780 407 836 de
431 778 480 836 illa
498 777 757 850 Hierosolymitana
769 778 827 834 Ec·
879 777 988 833 actibus
1014 779 1175 833 menistrore
1199 778 1248 844 eis,
1264 776 1293 833 id
1320 782 1363 833 εει
1377 789 1444 833 cum
1465 773 1660 845 spiritualium
1675 775 1731 834 bo-

106 884 158 942 por
186 869 279 940 ipsum
307 868 454 926 christum
479 867 549 926 olim
574 874 603 924 et
630 880 682 938 per
709 866 827 924 Petrum
879 881 996 936 norum,
1029 881 1096 939 qttae
1118 867 1160 924 illi
1184 866 1339 934 habebant,
1369 864 1539 938 sieutlegis,
1574 864 1730 939 propbeta·

79 958 161 1018 >bum
187 965 339 1015 caeterosve
365 954 508 1028 apostolos
533 968 685 1022 conuersa,
712 954 743 1012 in
762 966 825 1011 cor·
879 970 958 1023 rum,
986 956 1032 1013 vei
1059 955 1145 1014 etiam
1174 954 1339 1012 orationum
1365 960 1393 1012 et
1421 954 1630 1026 obsequiorum
1656 953 1729 1014 dirl-

99 1046 320 1105 uecessitatibus
343 1046 503 1102 maximam
532 1043 765 1111 sollicitudinem,
794 1049 827 1100 ut
879 1059 997 1115 norum,
1015 1059 1082 1117 quse
1101 1045 1230 1118 quotidie
1256 1044 1295 1102 ibi
1315 1057 1367 1116 pro
1386 1043 1480 1102 salute
1504 1043 1635 1117 gentium
1661 1043 1732 1104 ceie-

79 1138 141 1195 ltem
171 1135 349 1207 corporalem
378 1134 476 1192 cibum
495 1133 685 1200 ministraret,
718 1132 827 1205 quibus
880 1136 976 1192 lirant.
1006 1136 1061 1191 lico
1096 1150 1170 1204 erpo,
1214 1134 1286 1208 quia
1309 1132 1442 1192 videlicet
1480 1133 1546 1204 illis,
1582 1135 1660 1194 sicut
1681 1133 1731 1208 ιιι·

79 1240 104 1283 m
124 1225 292 1297 pradicatio
320 1223 511 1294 spiritualem.
535 1222 682 1292 Praecipue
704 1235 771 1279 vero
786 1221 828 1279 eis
878 1230 956 1281 stum
970 1229 1022 1293 est,
1039 1223 1158 1294 placuit.

79 1314 213 1372 uiendum
242 1313 363 1385 putabat
390 1312 525 1384 pluribus
553 1311 588 1368 de
606 1311 711 1368 causis.
736 1310 828 1367 Pluri·
916 1314 982 1372 Gom
1003 1327 1232 1383 consummavero,
1266 1312 1351 1370 idest
1380 1310 1525 1384 perfecero
1555 1311 1629 1371 banc
1651 1311 1731 1387 lega·

79 1417 194 1476 qnoque
217 1403 417 1460 auctoritatem
444 1400 509 1458 fidei
536 1409 641 1457 nostrae
664 1399 751 1456 dabat
773 1413 828 1470 po·
881 1402 998 1473 tionem,
1014 1410 1041 1460 et
1066 1403 1237 1474 perveniens
1257 1400 1327 1459 illuc
1351 1403 1528 1472 ossipnooero
1551 1403 1589 1458 eis
1610 1402 1733 1471 daretem

86 1491 134 1550 ille
148 1506 316 1561 conversus,
343 1491 395 1564 qui
424 1491 503 1548 locus
522 1504 538 1546 a
554 1491 611 1546 lieo
626 1489 717 1561 legem
736 1490 828 1546 susci·
880 1488 955 1545 bunc
981 1489 1114 1549 videlicet
1140 1490 1336 1563 eleemosynae,
1355 1491 1413 1550 boe
1431 1499 1483 1562 est,
1501 1490 1659 1550 distinxero
1677 1493 1730 1565 qui

79 1580 231 1654 peculiaris
248 1583 312 1653 ejus
343 1580 469 1652 populus
483 1587 603 1637 vocatus
627 1584 680 1648 est,
706 1585 733 1635 et
761 1592 829 1636 oum
883 1576 957 1634 bene
986 1577 1028 1634 eis
1051 1578 1175 1648 mittant,
1191 1586 1224 1636 ut
1248 1592 1299 1651 pro
1318 1580 1360 1637 eis
1383 1587 1525 1653 unquam
1545 1579 1733 1640 beoelactori·

90 1671 256 1729 credidisset
280 1670 365 1742 quasi
389 1670 539 1726 innostra
563 1667 629 1724 ddei
641 1666 828 1725 fundamento
844 1631 867 1688 B
884 1667 939 1724 bus
949 1667 1011 1724 suis
1025 1676 1117 1736 orent,
1142 1670 1311 1741 proficiscor,
1337 1676 1390 1727 ete.
1416 1669 1555 1739 Quamvis
1569 1670 1644 1729 dicat
1658 1671 1734 1744 tipo·

79 1760 142 1818 teris
167 1759 299 1831 exemplo
321 1759 430 1831 positus
448 1758 608 1830 plurimum
634 1770 671 1813 ιιε
697 1755 829 1814 deiiceret
884 1755 975 1814 stolus
1002 1770 1032 1813 se
1056 1757 1252 1829 proiecturum
1270 1760 1300 1816 in
1325 1760 1505 1831 Hispaniam,
1536 1761 1678 1820 incertum
1690 1768 1734 1822 est

81 1848 188 1907 tandm
202 1857 274 1906 erat.
884 1844 981 1902 adbuc
1008 1851 1109 1903 utrum
1135 1845 1164 1903 id
1192 1846 1298 1915 lecerit,
1325 1855 1442 1919 propter
1468 1847 1655 1907 diversorum
1675 1849 1734 1922 opl-

80 1939 149 2012 ique
177 1937 253 1995 sicut
277 1937 305 1994 iu
334 1936 456 1994 Actibus
484 1935 680 2009 apostolorum
709 1934 828 2007 legitur,
884 1934 1105 1992 aionesliiero.
1128 1933 1460 2008 inlsai.lib.1r(95):‹
1481 1936 1662 1995 Volobootlo
1679 1952 1735 1995 oe·
1778 1964 1782 1969 ·

97 2027 247 2085 devotione
286 2026 418 2083 conversi
445 2034 514 2083 sunt
546 2032 581 2082 ut
610 2025 730 2082 omuino
760 2038 830 2095 pro·
883 2025 963 2080 cibus
986 2025 1203 2093 oltenipenerum
1231 2030 1257 2080 et
1283 2041 1360 2081 more
1391 2026 1474 2083 ειιιιιιι
1501 2026 1735 2099 depredabantur

91 2116 297 2188 relinquentes,
319 2116 416 2172 omnia
432 2129 499 2187 quae
515 2114 661 2171 habebant
686 2114 721 2169 ad
744 2113 830 2184 pedes
885 2113 948 2184 (iso.
975 2125 1006 2179 x,
1038 2113 1080 2181 ιι,
1114 2111 1192 2185 juxt.
1224 2113 1321 2187 ixx).
1352 2113 1433 2183 Quod
1463 2115 1499 2174 de
1531 2117 1620 2176 unius
1651 2117 1734 2177 Pauli

80 2205 176 2264 lorum
203 2212 352 2275 ponerent,
381 2213 409 2261 et
430 2205 506 2261 sicut
521 2204 580 2275 ipse
595 2205 624 2259 in
651 2201 778 2274 Epistola
793 2200 830 2259 ad
885 2200 1006 2273 apostoli
1031 2201 1229 2275 intelligamus
1255 2204 1397 2275 exemplo,
1422 2204 1475 2277 qui
1509 2220 1560 2277 per
1588 2207 1733 2281 Pamphy·

79 2308 117 2352 tos
135 2294 278 2362 meminit,
309 2293 449 2365 maiorem
474 2292 643 2349 violentiam
663 2291 830 2348 iudeorum
884 2289 994 2350 liamet
1019 2291 1115 2348 Asiam
1139 2299 1167 2349 et
1193 2292 1387 2351 Macedoniam
1408 2301 1437 2352 et
1461 2294 1612 2367 Achaiam,
1638 2303 1666 2356 ει
1687 2296 1734 2355 di-

79 2383 204 2441 uissioue
233 2396 353 2440 suarum
392 2395 490 2439 rerum
515 2382 724 2438 sustinuerant.
758 2379 831 2437 Hinc
884 2393 984 2439 versas
998 2380 1109 2439 insulas
1136 2389 1224 2453 atque
1239 2382 1405 2453 provincias
1426 2381 1462 2439 ad
1482 2383 1593 2441 ltaliam
1616 2398 1736 2458 qnoque

89 2472 369 2546 praeeipuelormam
383 2478 411 2528 et
426 2470 592 2542 exemplum
614 2469 750 2540 Epistolls
764 2483 832 2539 apo-
886 2470 959 2542 (Aet.
987 2483 1092 2538 axem,
1128 2469 1182 2542 ιι),
1209 2478 1237 2528 et
1263 2478 1296 2529 ut
1311 2470 1372 2543 ipse
1391 2471 1493 2530 scribit
1516 2470 1553 2529 ad
1580 2471 1735 2547 liispauias

84 2562 227 2634 proponit,
243 2570 275 2619 ut
291 2575 358 2618 cum
375 2574 515 2632 pauperes
538 2559 677 2616 Ecclesias
698 2572 747 2615 seu
770 2572 829 2615 mo·
886 2557 1116 2631 alienigenarum
1131 2566 1262 2631 portatus
1276 2567 1319 2617 εει
1342 2560 1456 2618 ratibus
1468 2560 1555 2633 (ιιειιι.
1582 2575 1634 2634 xv,
1649 2563 1732 2637 ιιι.»

79 2651 111 2708 ia
140 2650 353 2722 conspexerint,
380 2663 483 2706 eorum
521 2647 685 2720 praedicatio
712 2648 754 2704 eis
782 2647 833 2704 ali·
886 2645 1073 2705 Cassiodorus
1098 2661 1187 2718 snper
1217 2649 1292 2706 banc
1324 2649 1416 2720 ipsam
1452 2649 1610 2721 Epistolam
1639 2650 1732 2722 Pauli,

79 2737 219 2811 ‚colligat
237 2738 427 2795 Probooeruot
448 2739 528 2793 enim.
552 2736 622 2793 Vide
636 2750 726 2808 quam
748 2745 832 2794 caute
886 2737 1046 2808 Proficiscur
1068 2753 1121 2808 per
1134 2752 1180 2793 cos
1207 2739 1239 2792 io
1263 2739 1469 2808 Hispaniama
1497 2741 1573 2811 quod
1598 2739 1734 2813 nequeo·

79 2841 126 2886 uos
143 2828 268 2885 aliorum
303 2827 435 2898 exemplo
461 2827 497 2883 ad
523 2826 599 2883 banc
621 2827 832 2897 eleemosynam
886 2830 931 2882 ter
944 2824 1021 2894 dicit,
1046 2825 1095 2882 sed
1110 2839 1265 2898 nunquam
1293 2825 1416 2898 legimus
1431 2826 1520 2885 luisse
1545 2829 1743 2901 completum„

79 2927 119 2976 ter
134 2916 402 2988 Hierosolymitanis
425 2917 584 2973 taciendam
601 2915 712 2980 invitet,
734 2915 832 2973 diceus
848 2924 871 2982 c
888 2914 969 2973 Unde
987 2915 1168 2973 desideratur
1191 2915 1270 2988 quod
1284 2915 1400 2986 dicitur,
1416 2916 1469 2974 sed
1494 2932 1554 2976 non
1569 2919 1733 2993 prophetali

79 3007 202 3064 uihanc
238 3008 380 3074 tribuant,
409 3019 460 3077 per
478 3005 587 3076 seipsos
607 3003 637 3061 id
665 3004 831 3062 iaciendum
885 3005 1007 3062 veritate
1034 3004 1205 3076 completur.
1229 3003 1319 3063 Nemo
1343 3013 1438 3065 tamen
1462 3009 1629 3079 Apostolum
1650 3024 1734 3070 reum

79 3110 131 3163 sss,
159 3096 186 3153 id
211 3102 254 3153 est
280 3095 413 3152 laudasse
427 3094 525 3168 potius
544 3107 632 3166 quam
649 3093 749 3166 aliqua
763 3107 832 3151 coa·
886 3092 1028 3151 mendacii
1043 3101 1159 3167 arguat,
1181 3094 1204 3150 si
1223 3093 1277 3151 boc
1292 3095 1370 3166 quod
1386 3095 1506 3155 credidit
1520 3110 1578 3155 nou
1593 3097 1732 3171 implerit.

105 3185 150 3242 rel
179 3185 379 3242 exhortatione
416 3182 553 3254 Apostoli.
588 3183 668 3241 Unde
695 3191 723 3240 et
752 3183 831 3254 dicit,
885 3182 949 3239 Nou
976 3182 1054 3239 enim
1082 3196 1135 3254 per
1161 3181 1362 3257 duplicitatem
1389 3184 1731 3257 locutusest‚utrideli·

79 3278 179 3342 ament,
199 3274 228 3331 id
254 3281 296 3331 est
310 3273 393 3346 qnasi
415 3288 468 3330 sno
489 3272 517 3329 id
537 3273 648 3343 judicio
669 3273 830 3344 approbau.
886 3278 930 3328 oet
943 3270 1024 3328 aliud
1039 3270 1148 3329 diceret
1172 3286 1261 3344 quam
1277 3273 1447 3339 intenderet,
1463 3274 1492 3332 id
1515 3282 1558 3334 est
1582 3291 1630 3337 ore
1645 3292 1736 3351 quam

92 3362 147 3422 boc
161 3378 205 3421 me
219 3362 433 3435 compulerunt.
455 3363 565 3433 Haymo
582 3362 669 3434 (9³·):
683 3383 699 3412 ι
717 3362 764 3418 ιειι
780 3359 833 3432 qui
887 3359 1009 3417 corde.»
1030 3359 1093 3417 Scio
1106 3364 1209 3417 'eutem
1229 3368 1358 3430 quonium
1383 3366 1494 3423 cericas
1509 3365 1547 3421 od
1572 3382 1629 3436 cos,
1644 3367 1673 3426 id
1693 3374 1737 3427 est

81 3453 137 3511 iam
152 3453 329 3525 predicandi
349 3468 407 3510 uon
432 3452 589 3519 habebant,
617 3458 650 3508 ιιι
678 3451 714 3507 ad
731 3449 834 3522 praedi·
888 3449 992 3520 spiritu
1006 3451 1151 3509 revelante
1178 3450 1275 3520 didici,
1292 3453 1430 3525 quamvis
1455 3455 1564 3514 scilicet
1579 3470 1625 3514 me
1640 3464 1735 3516 traus-

79 3556 95 3599 ε
115 3551 213 3614 gentes
241 3549 356 3614 possent
380 3541 431 3610 ire,
459 3547 541 3598 erant
557 3541 586 3596 in
607 3539 764 3597 Jerusalem
779 3552 835 3595 va·
889 3538 963 3595 itum
976 3552 1028 3609 per
1049 3553 1101 3597 ros
1115 3540 1222 3597 babere
1248 3540 1382 3600 dixerim.
1407 3544 1441 3601 ln
1469 3558 1530 3618 quo
1552 3546 1671 3618 quidem
1687 3561 1737 3606 no-

79 3646 85 3689 ι
112 3632 293 3689 orationibus
315 3637 342 3689 et
355 3631 488 3703 jejuniis.
515 3629 626 3698 Quibus
648 3629 734 3685 etiam
762 3643 834 3700 apo-
888 3628 1009 3686 tandum
1037 3629 1194 3701 estquod,
1220 3629 1290 3687 dum
1319 3631 1373 3690 boc
1398 3631 1456 3690 sibl
1483 3635 1641 3695 revelatum
1657 3620 1737 3708 dicit,

82 3719 119 3778 de
133 3719 258 3791 singulis
273 3719 429 3790 provinciis
443 3724 471 3775 ει
490 3717 559 3774 locis
581 3717 610 3773 in
638 3716 834 3788 quibusprae·
889 3720 923 3773 ιιι
950 3717 1030 3785 εειει,
1055 3717 1151 3776 innuit
1178 3716 1249 3775 illud
1277 3719 1356 3791 quod
1392 3721 1426 3777 de
1456 3721 1595 3794 Hispania
1622 3727 1737 3798 praemi·

79 3813 134 3871 tut,
158 3807 303 3880 quidquid
332 3807 534 3879 pecuniarum,
551 3804 664 3878 argenti
686 3812 714 3861 et
728 3804 793 3861 auri
808 3809 835 3860 et
890 3806 927 3862 sit
940 3819 978 3862 ex
1002 3806 1136 3877 opinione
1153 3807 1246 3876 potius
1265 3822 1355 3879 quam
1381 3823 1418 3867 ex
1452 3813 1609 3871 assertione
1637 3821 1736 3886 protu-

79 3895 127 3954 mii
141 3904 169 3955 et
189 3898 427 3955 vestimentorum
451 3895 640 3968 accipiebant,
663 3893 705 3950 eis
724 3893 836 3950 mittere
890 3893 967 3951 iisse.
994 3896 1026 3950 ιιι
1058 3895 1231 3951 abundantio
1259 3897 1453 3955 benedictionis
1492 3900 1597 3958 Christi
1630 3903 1740 3959 senium

79 3985 168 4055 abant,
178 3987 304 4044 maxime
315 3996 409 4045 temen
422 3985 540 4051 Paulus
555 3984 607 4057 qui
618 3983 752 4056 pluribus
766 3996 836 4055 gen·
891 3990 924 4040 ut
949 3981 1170 4040 videlicetsicnt
1194 3983 1229 4040 de
1256 3985 1359 4057 loseph
1382 3985 1500 4058 legitur,
1526 3985 1563 4045 ad
1588 3986 1740 4047 introitum

94 4075 276 4146 predicabat
298 4076 379 4133 liudo
399 4076 499 4132 dicunt
528 4075 667 4141 doctores,
683 4074 760 4145 quod
784 4071 835 4129 ali·
892 4086 990 4129 meum
1014 4070 1154 4130 Dominus
1178 4073 1290 4148 largam
1316 4074 1399 4132 robis
1424 4074 1549 4134 eoelestis
1576 4076 1740 4150 gratiaebe·

79 4164 244 4236 loamplius
266 4178 355 4237 quam
377 4170 434 4220 tres
453 4171 506 4221 aut
522 4163 654 4235 quinque
668 4163 777 4219 modios
792 4175 837 4219 ar·
852 4160 1086 4284 1,nedictiouam
1109 4161 1255 4232 inlundat,
1293 4162 1321 4220 id
1348 4171 1390 4222 est
1416 4163 1619 4236 spiritualibus
1641 4165 1740 4225 multi·

82 4254 125 4311 eis
140 4254 279 4311 mittebat
297 4255 398 4311 «ltem
414 4252 484 4326 (st)
500 4252 667 4310 Macedonia
680 4258 708 4308 et
723 4225 877 4320 Aenean
893 4249 986 4321 plicet.
1017 4249 1130 4307 Obsecro
1150 4267 1213 4319 erqo
1242 4267 1300 4318 vos,
1328 4252 1432 4311 iratres
1455 4260 1488 4311 ut
1515 4253 1741 4328 videlieetquod

79 4344 184 4401 debera
199 4352 329 4412 vocatur
347 4357 445 4415 aqua
458 4350 485 4400 et
500 4343 600 4414 ρεριιιι
614 4355 678 4413 eJus
701 4340 840 4398 dicuntur
891 4337 959 4397 volo
987 4339 1094 4412 possim
1119 4356 1171 4412 per
1200 4343 1340 4398 Dominum
1380 4348 1504 4400 nostram
1537 4346 1644 4402 lesem
1664 4346 1742 4403 Giri-

80 4432 267 4505 ,provinciae
291 4439 358 4490 suut
388 4432 574 4490 nobilissimae
601 4431 767 4490 Graecorum
784 4427 839 4487 sibi
893 4432 966 4484 stum
994 4433 1021 4485 et
1043 4446 1094 4501 per
1116 4431 1279 4488 eboritotem
1304 4432 1426 4503 Spiritus
1451 4435 1542 4490 sancti
1569 4439 1600 4489 ut
1627 4432 1740 4504 odiose·

79 4530 163 4581 entes.
203 4536 279 4594 quas
313 4521 465 4593 apostolus
501 4520 637 4578 Ecclesiis
667 4518 797 4591 replerit.
825 4539 837 4569 ι
894 4518 996 4588 liesca,
1012 4517 1182 4576 sividelicet
1206 4520 1236 4577 in
1255 4535 1289 4578 eo
1306 4522 1433 4594 amplius
1454 4523 1591 4594 perlicere
1604 4521 1743 4592 ruitis,et

84 4610 192 4670 dicitnr
218 4611 383 4669 Macedonia
405 4617 432 4667 et
458 4609 579 4679 Achaia,
607 4610 757 4666 continens
790 4621 841 4679 po-
893 4607 1075 4665 dilectionem
1109 4608 1160 4665 Dei
1190 4609 1311 4680 habetis,
1350 4613 1381 4666 in
1414 4611 1585 4668 orationibus
1605 4611 1643 4667 od
1662 4613 1744 4668 ιιειιιιι

87 4715 139 4774 pro
151 4708 296 4770 contento,
309 4701 337 4758 id
356 4708 398 4758 εει
416 4699 534 4758 nomina
549 4707 693 4756 terrarum
723 4705 841 4768 propter
893 4702 924 4752 ut
949 4696 1049 4752 liberer
1075 4697 1109 4751 ab
1138 4699 1293 4767 infidelibus
1314 4701 1363 4766 poi
1380 4705 1445 4757 seat
1468 4704 1499 4756 io
1520 4700 1617 4757 iudae
1631 4702 1657 4756 et
1671 4698 1745 4756 obse·

79 4803 109 4848 aa
136 4789 343 4858 habitatorum,
374 4790 450 4848 sieut
477 4796 618 4861 etpotum
650 4787 766 4845 calicem
789 4799 840 4856 ap·
895 4787 1031 4858 quitmei.
1057 4784 1215 4844 Multorum
1235 4786 1313 4844 enim
1337 4789 1471 4860 princeps
1485 4788 1614 4847 lidelinm
1639 4802 1745 4861 quam·

79 4894 142 4938 uus.
159 4880 345 4947 collationem,
374 4894 464 4950 quam
488 4878 652 4951 symbolum
679 4875 775 4934 Graece
801 4875 842 4930 di·
893 4876 939 4934 vis
968 4874 1200 4944 imperfectorum
1238 4876 1364 4934 multum
1391 4877 1470 4949 apud
1503 4877 1592 4936 ileum
1615 4878 1745 4938 obtinere

79 4983 95 5040 ι,
119 4969 168 5027 ubi
195 4969 301 5026 scilicet
320 4967 433 5026 diversa
457 4967 681 5025 contemptura
709 4960 840 5027 diversis,
895 4963 995 5022 credit.
1010 4964 1053 5020 Ab
1079 4964 1245 5036 infidelibus,
1263 4966 1333 5023 dum
1352 4966 1391 5023 ita
1421 4966 1530 5027 seilicet
1545 4981 1596 5040 pro
1612 4968 1746 5027 ddelibus

95 5055 127 5116 ιιι
164 5057 452 5115 commessationibus
485 5056 546 5112 sieri
574 5054 654 5112 solet.
687 5051 737 5108 ιειι
772 5064 842 5108 ιειι
896 5054 948 5126 qui
963 5054 1093 5124 ibisuut,
1117 5055 1226 5124 laboro,
1246 5057 1370 5124 obsequii
1392 5060 1456 5126 mei,
1481 5058 1508 5114 id
1537 5067 1579 5118 est
1598 5060 1668 5118 mibi
1689 5059 1746 5117 inl·

79 5149 181 5214 antias,
220 5147 270 5204 sed
322 5147 483 5219 paupertim
523 5141 772 5201 commessationes
807 5140 843 5198 de
897 5145 974 5202 mica
1001 5146 1037 5203 ab
1053 5146 1099 5202 bis
1126 5146 1177 5217 qui
1201 5160 1252 5217 per
1273 5161 1318 5204 me
1344 5149 1398 5205 boc
1411 5149 1542 5214 mittunt,
1558 5149 1603 5207 rei
1625 5150 1746 5207 etiams

82 5238 308 5311 congregabant.
351 5238 458 5292 Ptocrtit
489 5236 569 5303 raim,
603 5247 637 5290 ac
672 5231 696 5288 si
725 5230 842 5300 diceret,
899 5233 1021 5291 Domino
1034 5235 1086 5306 qui
1101 5248 1146 5292 me
1166 5234 1335 5293 ministrum
1358 5237 1418 5293 sive
1436 5236 1666 5308 dispensatorem
1690 5238 1743 5296 Ec·

86 5326 157 5394 dixi,
177 5326 276 5399 probo,
307 5332 339 5383 ut
364 5324 418 5380 boc
447 5321 608 5381 voluntarii
637 5321 843 5393 potiusquam
898 5322 992 5380 clesiae
1007 5324 1167 5394 constituit,
1182 5323 1346 5382 Obiotioeis
1369 5331 1512 5398 tauquam
1531 5326 1568 5386 ad
1583 5325 1673 5387 altare
1694 5327 1746 5387 Ilei

79 5431 429 5579 ))1Ρωιιὲιοι.οὲῗιιέ026ιιι,ιι
453 5432 508 5489 eol.
526 5431 588 5500 ὅθι,
605 5430 666 5485 502.
933 5428 989 5503 (sb)
1004 5431 1107 5488 Petrei.
1123 5439 1192 5490 ιοιιι.
1207 5432 1308 5502 XXIV,
1323 5432 1375 5492 col.
1399 5435 1461 5492 ibt.

221 5593 349 5666 rinos.
374 5592 575 5665 ctxxvlll.
1481 5592 1521 5664 at
