3804 5962
128 166 195 222 1187
399 158 502 215 PETRI
520 156 704 214 testreet
723 155 800 214 OPP.
820 153 910 213 PARS
928 156 975 213 lll.
992 185 1027 198 -
1038 139 1266 213 tumoto'ulctt
1283 155 1329 212 ET
1348 151 1611 214 Philosoetttcu.
1808 156 1867 213 titt

123 291 261 345 tumesse
283 285 312 342 iu
336 283 407 341 coelo
427 282 527 340 dellui·
563 282 651 339 etiam
680 287 804 353 tyranno
832 277 967 338 crudelis·
983 280 1122 352 teipsum
1154 287 1214 338 tam
1251 277 1334 338 lactis
1358 278 1427 349 ipsis
1463 276 1650 349 assumpserit
1673 291 1735 336 non
1760 285 1805 336 est
1830 278 1866 337 iu·

125 383 188 434 tum
205 371 530 442 locum,ubibcatiaero
567 371 638 427 simo
667 370 772 441 paruit,
802 370 918 427 vinctus
944 375 973 427 et
1024 384 1113 441 quam
1154 369 1238 426 dictis
1283 367 1430 425 adhortati
1466 367 1624 440 cognitum.
1639 367 1714 425 Nam
1742 382 1813 426 cnm
1834 383 1865 426 er
1901 421 1902 426 ,

125 463 298 535 sempiterno
311 461 456 517 truantur.
477 459 529 516 lli-
565 459 797 516 corrosiones
813 458 884 530 quia
908 457 972 529 phi·
1024 459 1092 528 siut,
1107 458 1240 531 pluribus
1264 464 1431 514 sanctorum
1469 455 1575 529 populo
1608 455 1778 515 iudeorum
1801 498 1814 525 ,
1841 466 1866 515 ut
1897 496 1901 567 Ι

125 553 165 610 hil
176 549 266 610 estilli
279 548 401 621 principi
415 549 470 604 beo
474 587 528 603 .....
567 546 713 618 losophus,
743 547 836 619 major
860 554 972 604 emente
1024 561 1143 618 qnoque
1164 547 1284 603 Patrum
1308 546 1432 602 testime
1468 545 1598 617 plerique
1613 545 1808 614 arbitrantur,
1827 561 1866 619 ge-

125 640 306 712 qulomuem
327 635 530 693 mundumre·
567 634 706 692 sciuit.»
1024 635 1083 693 niis
1115 634 1281 692 didicimus.
1326 633 1433 691 Socra-
1470 632 1668 704 nusduxerit,
1688 635 1808 708 exejus
1834 635 1867 693 di·

125 729 177 802 git,
193 724 404 800 quodquidem
421 724 450 780 in
473 730 527 780 ter·
1024 732 1080 782 tem
1118 725 1228 796 quippe
1264 723 1430 795 multosque
1466 722 1589 795 scipliua
1616 723 1765 783 derivavit
1789 725 1867 782 etiam
1901 735 1902 751 ¹

120 818 161 875 ris
172 817 223 873 liat
238 814 385 885 acceptius
400 827 489 884 quam
504 811 627 870 eoncilia
651 820 802 884 coetusque
818 810 969 870 hominum
1022 812 1202 871 aliosomnia
1215 811 1366 884 reliquisse
1377 812 1432 868 sir·
1468 810 1627 883 magisterii
1645 820 1801 884 precepta,
1817 827 1868 871 mo·

118 905 185 979 lure
199 903 310 971 sociati,
326 917 391 974 quse
406 902 535 959 civitates
550 901 772 973 appellantur.»
1022 910 1055 959 ut
1075 908 1103 959 et
1130 900 1274 972 apostolos
1293 901 1427 972 Hierony·
1466 899 1581 972 rituque
1591 901 1804 973 magnnsapnd
1815 902 1869 974 phi-

156 996 232 1052 Bene
246 1001 342 1050 autem
357 989 496 1058 subdidit,
513 1004 550 1047 ex
577 990 624 1046 his
643 1004 709 1061 que
731 991 761 1047 in
785 988 967 1057 terrisliaut,
1021 1005 1086 1047 mus
1103 990 1243 1062 perhibet,
1274 997 1336 1047 tum
1360 989 1430 1062 quia
1466 988 1601 1060 losophos
1620 989 1869 1064 habitusnsqut·

121 1083 231 1142 horest
246 1083 274 1138 in
296 1079 444 1138 communi
461 1079 612 1136 bominum
627 1079 816 1146 habitatione,
837 1078 914 1150 quod
930 1077 968 1134 ad
1020 1071 1051 1136 iu
1064 1079 1105 1136 eis
1129 1079 1241 1137 nullam
1264 1079 1430 1151 jndiearent
1468 1076 1533 1143 lem.
1549 1078 1685 1145 malunt,
1696 1078 1867 1153 vixrepcrit¹

120 1173 244 1230 activam
259 1169 441 1228 referendum
453 1175 495 1225 est
511 1168 611 1234 vitam,
626 1183 693 1239 ques
704 1167 735 1225 in
750 1166 968 1224 necessitatibus
1020 1169 1153 1239 gloriam,
1170 1175 1345 1240 quaetenus
1369 1181 1429 1238 pes
1465 1166 1586 1238 Legerat
1601 1166 1702 1239 itaque
1718 1166 1751 1226 in
1776 1168 1868 1227 Exodo

120 1259 258 1335 proximi,
281 1273 347 1317 cunr
367 1273 425 1329 guo
454 1257 605 1326 inhabitat,
623 1271 721 1315 amore
742 1271 861 1329 quoque
875 1255 966 1327 ipsius
1019 1255 1100 1313 simis
1125 1270 1216 1328 quam
1243 1257 1278 1313 ab
1312 1255 1428 1327 optimis
1465 1255 1554 1326 lloysi
1585 1263 1763 1327 preceptum
1788 1271 1867 1326 esse,

120 1348 232 1410 laborat
248 1349 278 1407 iu
297 1348 430 1417 terrenis,
454 1354 486 1404 ut
504 1346 608 1404 habeat
623 1347 701 1404 nnde
716 1347 825 1404 tribuat
841 1344 964 1402 necessi·
1019 1346 1091 1404 viris
1115 1346 1254 1418 possideri
1291 1345 1421 1418 possint,
1459 1350 1492 1401 ut
1518 1352 1644 1402 montem
1676 1359 1747 1403 cum
1776 1359 1866 1405 sacer·

120 1448 207 1498 tatem
225 1437 356 1511 patienti,
371 1445 399 1494 et
412 1438 439 1494 ei
453 1435 582 1494 fructum
607 1437 653 1493 sui
668 1436 834 1494 commiscet
847 1434 963 1491 laboris.
1017 1442 1045 1490 et
1060 1433 1279 1506 iniquissimum
1303 1447 1364 1490 esse
1384 1439 1426 1490 at·
1464 1432 1581 1491 dotibus
1607 1434 1799 1502 ascenderet,
1821 1449 1865 1508 po·

120 1528 234 1600 llajorls
252 1527 361 1599 quippe
384 1525 479 1582 meriti
493 1525 622 1583 solitaria
643 1526 702 1582 vita
721 1534 763 1583 est
789 1521 963 1594 contempla·
1020 1523 1169 1581 tenderent
1197 1523 1276 1580 illam
1305 1521 1427 1580 humani
1466 1522 1554 1593 pulus
1594 1531 1693 1581 autem
1739 1524 1864 1583 deorsum

121 1616 220 1685 tionis,
235 1629 295 1689 qua
310 1629 363 1672 nos
375 1613 483 1671 nimius
497 1613 589 1670 divini
612 1613 719 1670 amoris
741 1613 837 1670 lervor
851 1610 888 1667 ad
902 1623 967 1666 con·
983 1579 1003 1633 Β
1022 1613 1113 1668 enimi
1145 1611 1371 1678 excellentiam,
1401 1617 1429 1668 et
1465 1616 1561 1668 staret.
1594 1610 1747 1683 separarit
1782 1610 1864 1685 igitur

120 1704 458 1776 templationemdiviuae
483 1701 603 1760 visionis
626 1702 788 1773 suspendit,
813 1697 966 1770 omniJam
1022 1700 1127 1757 divine
1164 1699 1252 1756 decus
1294 1697 1429 1770 imaginis
1466 1698 1668 1757 sacerdotesa
1704 1698 1824 1772 pupulo,
1842 1708 1864 1758 et

120 1793 339 1850 mundanarum
364 1789 568 1848 necessitatum
591 1786 964 1858 sollieitudinepostposita,
1021 1790 1108 1847 rebus
1124 1788 1233 1846 infimis
1251 1795 1279 1845 at
1306 1787 1424 1845 caducis
1461 1796 1559 1858 postea
1575 1788 1671 1859 ipsum
1699 1789 1816 1863 lloyssn
1830 1788 1863 1847 in·

121 1888 150 1939 et
165 1881 250 1953 quasi
264 1881 295 1936 in
310 1878 473 1936 coelestibus
483 1884 697 1935 nostramtouet
708 1875 965 1933 conversationem.
1021 1878 1106 1936 subdi
1119 1894 1126 1933 :
1142 1884 1207 1934 tum
1217 1877 1288 1948 quia
1302 1877 1354 1934 has
1369 1875 1424 1932 im·
1462 1884 1507 1934 tra
1531 1878 1640 1935 nubem
1668 1877 1782 1939 intrare
1800 1891 1861 1951 pret

120 1969 201 2038 Quod
226 1984 279 2027 uec
295 1968 357 2040 ipsa
372 1966 511 2025 ldacrobii
525 1966 665 2037 expositio
681 1973 782 2023 notare
808 1960 965 2036 pratcrml·
1021 1967 1183 2040 pauimento
1205 1981 1266 2023 esse
1299 1979 1425 2037 praeseu-
1463 1965 1546 2037 cepit.
1574 1966 1656 2024 Vides
1680 1967 1865 2027 divisiones?

120 2059 170 2129 sit,
186 2059 311 2116 activam
327 2065 473 2115 rectorum
498 2055 589 2112 vitam
605 2068 656 2126 per
676 2055 731 2112 hoc
752 2068 770 2110 a
794 2050 968 2121 contempla·
1021 2057 1108 2114 tireut
1134 2055 1171 2112 ad
1197 2054 1337 2122 studium,
1364 2055 1424 2111 sive
1462 2053 1535 2110 nihil
1551 2055 1580 2111 in
1595 2055 1796 2115 sacerdotibus
1814 2056 1865 2128 plc-

120 2150 197 2205 tionc
213 2145 447 2219 philosophorum
468 2143 658 2216 distinguens.
685 2145 763 2200 Duos
781 2141 879 2213 itaque
899 2153 966 2196 con·
1021 2144 1057 2201 ad
1072 2157 1148 2200 verre
1165 2141 1353 2200 beatitudinis
1363 2155 1426 2212 per·
1464 2141 1561 2199 belum
1591 2143 1716 2214 requiri,
1736 2144 1811 2202 nihil
1824 2158 1866 2217 po

119 2236 274 2293 tinentium
291 2234 404 2290 ordines
426 2235 455 2289 in
471 2232 649 2304 philosophis
669 2232 885 2300 concluserunt,
901 2242 967 2284 cum
1021 2233 1207 2304 ceptionem,
1247 2231 1332 2302 quasi
1366 2230 1428 2302 jam
1466 2230 1577 2303 pulare,
1608 2231 1680 2289 nihil
1715 2247 1865 2291 commuue

120 2324 193 2380 alios
212 2323 308 2379 adhuc
333 2320 452 2392 purgari
478 2335 529 2390 per
543 2320 722 2377 abstinentie
743 2333 776 2376 uc
794 2319 884 2376 studii
898 2319 968 2375 assi·
1021 2329 1091 2386 tunc
1105 2321 1136 2377 iu
1157 2320 1226 2392 ipsis
1251 2319 1426 2391 philosophis
1463 2334 1530 2379 cum
1547 2321 1644 2378 studio
1657 2328 1749 2396 atque
1775 2329 1865 2381 usuet

120 2412 260 2468 duitatem
274 2410 384 2478 dicunt,
409 2409 459 2480 qui
476 2408 593 2464 tortasse
608 2406 841 2479 philosophantes
861 2411 967 2469 rectius
1022 2408 1070 2467 llla
1099 2410 1233 2468 Veritatis
1262 2408 1428 2479 praedicario
1465 2410 1595 2466 moribus
1619 2410 1776 2469 inconditae
1797 2411 1864 2470 mul·

120 2514 211 2574 qnam
224 2498 385 2571 philosophi
401 2496 513 2554 dicendi
534 2503 611 2561 sunt,
632 2503 660 2553 et
675 2497 821 2553 communi
852 2497 964 2557 habita·
1020 2499 1126 2561 diceret
1159 2515 1165 2553 :
1196 2498 1257 2555 Nisi
1283 2499 1344 2567 quis
1384 2513 1426 2551 re·
1463 2497 1625 2556 titudinis?
1662 2497 1863 2573 supergradia·

120 2588 196 2646 tione
220 2587 394 2654 studiorum,
410 2585 533 2643 formam
559 2585 771 2643 coenabitarum
786 2593 882 2644 tenent
903 2603 963 2646 mo·
1019 2588 1190 2643 nuntiaverit
1211 2586 1335 2642 omnihus
1365 2601 1425 2656 que
1461 2599 1528 2643 mur
1545 2586 1636 2659 igitur
1658 2586 1787 2659 plebeias
1809 2587 1861 2659 opi·

119 2678 290 2743 pachorum,
320 2676 435 2747 qualem
460 2682 487 2731 et
512 2674 654 2745 Iosephus
680 2674 830 2732 iunctave
856 2676 966 2734 decimo
1017 2670 1149 2747 possidet,
1167 2690 1220 2731 nort
1245 2678 1425 2746 potestmerts
1462 2676 1573 2743 niones,
1588 2682 1616 2733 et
1628 2682 1721 2734 strata
1737 2677 1863 2748 quadan

119 2766 309 2839 antiquitatis
330 2766 403 2822 libro
429 2765 520 2821 vitam
547 2764 721 2821 Essenornm
738 2764 883 2832 describit,
899 2780 964 2822 cum
1019 2763 1335 2836 essedtscipuluslluc.
1363 2776 1425 2830 rrr,
1464 2764 1590 2836 gregalis
1618 2765 1864 2832 conversationis,

120 2859 251 2915 ilebraeos
280 2870 398 2928 quoque
430 2853 487 2910 tria
516 2866 622 2924 genera
658 2852 898 2924 philosophorum
937 2860 965 2910 et
1020 2853 1075 2925 33).
1100 2854 1136 2909 Et
1150 2853 1279 2910 iterum:
1303 2853 1363 2909 llos
1376 2868 1424 2923 po·
1462 2865 1497 2909 ac
1525 2852 1635 2910 detritae
1660 2852 1730 2912 vitae
1766 2853 1866 2912 orbitas

119 2958 219 3002 eorum
236 2952 327 3001 sectas
340 2943 539 3013 distingueret,
556 2955 681 3011 quorum
706 2940 775 2997 alios
794 2941 962 3011 Pharisaeos,
978 2923 1003 2983 0
1020 2944 1095 2998 testis
1110 2943 1213 2998 servire
1226 2946 1279 2998 Deo
1298 2946 1322 2997 ct
1337 2957 1426 2997 mum·
1461 2939 1641 2999 declinemus
1674 2941 1810 3015 vulgaris
1830 2957 1865 3000 se

119 3034 190 3090 alios
205 3033 385 3099 Sadducaeos,
409 3030 480 3086 alios
502 3029 625 3084 Essenos
649 3027 784 3099 appellat.
806 3026 884 3095 Quos
898 3031 963 3101 qui·
1017 3046 1102 3087 merra
1126 3031 1237 3102 (blattis.
1281 3044 1325 3100 vr,
1368 3031 1424 3100 24).
1461 3030 1560 3087 mitae:
1587 3030 1682 3089 solunt
1703 3045 1865 3105 quaeramus

118 3123 183 3180 dem
229 3120 400 3177 novissimos
444 3116 527 3173 miris
570 3114 650 3173 sliert
695 3115 854 3185 laudibus,
892 3117 964 3175 alios
1017 3120 1147 3189 Quorum
1160 3119 1278 3191 guidem
1292 3133 1371 3177 unus
1381 3120 1421 3177 di·
1460 3119 1543 3177 nobis
1587 3120 1665 3178 viem
1693 3122 1863 3180 inaccessam

116 3211 178 3283 jam
214 3209 332 3281 purgati
369 3222 403 3264 ac
439 3204 558 3263 delecati
595 3204 685 3261 animi
721 3218 792 3271 esse,
831 3205 860 3261 in
898 3220 965 3278 quo·
1017 3209 1139 3281 ligeuter
1168 3209 1330 3280 attendens,
1353 3208 1424 3280 qnid
1461 3209 1644 3267 sermonibus
1669 3209 1861 3279 insolentium,

118 3313 185 3356 rum
225 3311 312 3353 carue
359 3296 421 3366 jam
467 3307 518 3364 per
568 3292 711 3349 diutinam
757 3293 963 3351 abstinentiam
1016 3306 1101 3364 pisper
1128 3305 1203 3363 inger
1235 3304 1342 3361 habere
1373 3318 1419 3376 pe.
1458 3304 1568 3363 inviam
1597 3290 1739 3377 opernm
1755 3303 1863 3380 imppp.

47 3461 50 3466 Ι
117 3385 290 3445 mollificata
326 3383 428 3441 nullus
465 3383 526 3453 jam
570 3383 693 3453 irrepere
737 3381 783 3440 vel
819 3383 964 3441 dominari
1016 3394 1146 3463 cuniam,
1172 3401 1200 3450 et
1216 3393 1422 3465 gervireppgu.
1462 3400 1673 3466 lorum‚qugm
1687 3393 1792 3454 nuum
1803 3407 1861 3453 m.

118 3474 359 3546 concupiscentie
394 3479 490 3529 motus
526 3470 610 3538 valet,
650 3470 702 3542 qui
738 3471 799 3542 jam
835 3472 964 3529 solitaria
1016 3483 1082 3551 m,
1099 3484 1185 3556 jung
1204 3482 1282 3553 quod
1301 3489 1329 3538 02
1348 3481 1426 3538 psal.
1462 3481 1710 3542 gulosusgggem,
1727 3506 1745 3537 ,,

118 3564 297 3624 habitatione
312 3562 450 3628 viventes,
480 3574 533 3617 suo
560 3560 622 3630 ipso
643 3559 792 3617 sufficiant
819 3562 961 3632 praesidio,
1016 3572 1165 3628 migrasti:
1181 3569 1325 3628 utoittaest
1339 3572 1422 3641 amu.

98 3654 250 3727 ·qualium
270 3649 425 3723 perlectam
453 3648 694 3707 anachoretarum
719 3649 809 3706 vitam
828 3649 962 3719 dicimus,
1017 3665 1076 3729 ant,
1092 3661 1176 3717 notite
1190 3676 1237 3716 cor
1250 3675 1387 3731 opponere
1412 3659 1501 3731 (Psoi.
1517 3675 1576 3729 uxr,
1603 3661 1658 3732 ιι),
1675 3658 1753 3721 inter
1767 3669 1860 3721 caera

118 3758 191 3818 quos
206 3741 322 3814 guidem
342 3741 429 3810 10111
443 3738 648 3809 1110001000]
668 3738 704 3793 ad
731 3739 881 3795 11110110010
904 3753 961 3796 ¹¹1⁰·
1016 3749 1149 3806 meminit
1164 3749 1261 3806 dicens
1278 3763 1285 3803 ε
1303 3769 1317 3797 «
1337 3749 1373 3804 Et
1391 3747 1463 3805 mihi
1487 3761 1606 3805 resnou
1622 3762 1668 3806 me
1690 3749 1780 3809 rebus
1796 3764 1859 3822 sup-

115 3833 243 3892 nachum
266 3830 437 3887 scribentem
479 3828 513 3884 de
540 3834 682 3884 conventu
719 3829 962 3886 monasteriorum
1018 3852 1122 3910 ponere
1145 3851 1243 3906 aanor,
1271 3836 1451 3894 urridellcet
1465 3851 1518 3909 ego
1546 3836 1617 3910 ipsis
1637 3836 1783 3908 dominer,
1808 3851 1859 3896 uon

116 3922 336 3996 0810110001101
360 3917 494 3990 1111111110
509 3917 606 3974 1011011
628 3915 905 3988 philosophantium,
931 3927 964 3975 nt
1017 3926 1086 3998 ipse
1112 3927 1184 3984 mibi
1199 3925 1300 3998 aliqua
1325 3926 1369 3983 sui
1399 3925 1557 3983 ambitione
1575 3933 1657 3997 capto
1673 3933 1702 3986 et
1719 3925 1859 4000 usquead

117 4012 174 4070 illic
187 4011 240 4067 sub
256 4006 524 4081 reguladlsclpliuae
537 4007 729 4072 instruantur,
745 4014 963 4092 argue‘tamcx-
1018 4015 1118 4073 plicita
1134 4022 1287 4087 pern-2010,
1313 4036 1328 4066 »
1345 4015 1419 4071 Hinc
1432 4022 1475 4073 052
1499 4015 1549 4072 jug
1568 4015 1741 4088 memmi
1762 4016 1799 4075 ap
1820 4016 1862 4073 pu.

115 4097 209 4169 emplo
221 4097 355 4162 aliorum,
371 4109 459 4167 quam
471 4095 559 4151 verbo
571 4094 605 4150 ad
618 4093 818 4164 perlectionem
827 4095 963 4151 erudian-
1018 4104 1130 4162 uanum
1157 4104 1321 4162 exhortatio
1336 4119 1343 4160 :
1361 4125 1376 4154 ι
1401 4103 1565 4161 Contemnis
1581 4101 1716 4163 nurum?
1740 4111 1861 4164 pontem·

114 4194 173 4254 tur,
195 4193 222 4243 et
251 4200 268 4242 a
296 4184 403 4242 recenti
425 4183 634 4240 consuetudine
647 4182 824 4253 voluptatem
842 4183 961 4241 abducti
976 4182 1000 4237 l)
1016 4200 1137 4266 pserunt
1161 4201 1190 4251 er
1212 4193 1314 4251 mundi
1336 4192 1508 4265 philosophi,
1523 4193 1558 4251 de
1573 4193 1683 4265 quibus
1711 4208 1802 4261 unus,
1832 4202 1862 4251 ut

114 4282 287 4347 1101800101·
305 4274 356 4330 1110
370 4275 484 4344 purgati
498 4271 569 4341 1110,
581 4279 608 4328 01
622 4270 652 4326 10
665 4271 800 4327 01001000
817 4270 960 4339 instructi,
1015 4292 1132 4341 caeteros
1155 4282 1264 4352 sileam,
1300 4283 1460 4340 multarum
1493 4282 1704 4354 possessionum
1738 4283 1860 4356 pretium

114 4364 284 4434 cunctisque
296 4361 487 4419 tentationum
515 4360 643 4417 motibus
658 4359 793 4430 repulsis,
809 4360 894 4431 quasi
915 4359 961 4416 sui
1016 4370 1327 4444 projegrrjnpelagug
1352 4371 1450 4438 Abire,
1478 4371 1588 4440 pigens,
1619 4371 1650 4429 in
1673 4372 1860 4443 profundum,

114 4452 243 4523 ipsorum
257 4452 391 4518 victores,
406 4450 452 4507 sui
466 4449 593 4521 regimen
606 4448 699 4505 securi
707 4448 876 4519 suscipiant,
887 4457 914 4506 et
924 4448 962 4505 ad
1015 4461 1099 4519 malae
1118 4459 1302 4531 cupiditates,
1326 4474 1380 4532 ego
1395 4474 1447 4517 vos
1461 4474 1601 4533 mergam,
1618 4475 1655 4518 ue
1673 4460 1737 4532 1930
1752 4473 1861 4534 mg„

114 4543 274 4600 videndum
286 4537 960 4612 Deumpurgatisjemmentibustotianhelent,
1015 4546 1139 4605 avobis.
1157 4566 1172 4596 »ι
1198 4546 1288 4615 Quem
1315 4547 1432 4618 quidem
1460 4547 1490 4605 in
1515 4549 1641 4605 secundo
1661 4557 1765 4606 comm
1792 4547 1860 4606 sopp

114 4638 147 4690 nt
171 4631 232 4704 jam
256 4630 336 4687 nulls
366 4629 519 4686 hominum
1015 4635 1140 4693 nianum
1166 4649 1203 4693 ex
1232 4635 1348 4692 nomine
1386 4636 1501 4694 videtur
1535 4637 1710 4709 exprimere,
1748 4637 1799 4697 ubi
1829 4635 1860 4694 de

114 4720 279 4792 frequentia
291 4720 336 4776 vel
355 4727 470 4788 aspectu
485 4718 521 4774 ab
593 4714 761 4774 Ambrosius
789 4716 818 4773 in
843 4716 962 4788 epistola
1016 4737 1113 4781 amore
1120 4723 1209 4781 studii
1219 4723 1456 4795 philosophorum
1473 4724 1604 4797 loquitur
1613 4725 1712 4783 diceus
1725 4741 1734 4784 :
1749 4748 1761 4778 ι
1776 4727 1859 4796 Quot·

114 4806 516 4879 illacontemplationiscelsi·
553 4806 590 4862 ad
621 4807 786 4863 lreuaeum:
821 4827 832 4855 ‹
859 4805 962 4877 Pytha·
1016 4813 1083 4871 dam
1103 4812 1227 4886 legimus
1255 4813 1309 4871 sibi
1333 4813 1465 4873 effodisse
1486 4815 1595 4884 oculos,
1620 4829 1656 4872 ne
1681 4829 1735 4887 per
1761 4828 1858 4875 eorum

112 4898 215 4958 tudine
230 4900 411 4956 revocentur·
421 4898 517 4962 011³ss-
555 4894 687 4968 gorieum
721 4894 892 4953 mandalum
931 4895 961 4953 in
1015 4902 1111 4961 visum
1135 4917 1153 4960 a
1174 4903 1414 4975 contemplatione
1441 4903 1628 4976 philosophie
1657 4912 1857 4964 avocarentur.

113 4995 162 5046 tus
189 4997 288 5046 autem
319 4986 421 5043 mundi
454 5000 520 5042 eon·
555 4984 720 5056 aliquorum
748 4985 862 5056 scriptis
891 5000 962 5057 pree·
1017 4990 1140 5049 lindeet
1163 4991 1322 5049 Cratesillc
1344 4992 1498 5050 Thebanus
1524 4994 1789 5065 projectoinmare
1806 5006 1858 5053 non

111 5084 240 5150 temptus
278 5078 356 5148 apud
397 5075 521 5147 philoso·
557 5073 646 5130 dicari
674 5074 849 5143 invenimus,
881 5075 962 5146 guod
1016 5079 1186 5151 parenanri
1215 5078 1505 5151 pondereuhbite,
1531 5081 1669 5153 tinguit,
1688 5096 1857 5154 «pessum,

55 5212 58 5218 .
112 5167 186 5240 phos
198 5167 296 5235 luerit,
312 5174 341 5224 et
353 5169 450 5238 :quam
465 5164 521 5221 sibi
559 5163 773 5235 illediscipulos
796 5178 864 5222 suos
888 5178 964 5222 com·
1018 5189 1031 5217 o
1047 5167 1131 5225 malae
1145 5168 1328 5240 cupiditates,
1349 5183 1403 5242 ego
1418 5184 1469 5229 vos
1494 5183 1634 5243 mergam,
1658 5185 1696 5228 nc
1709 5170 1772 5243 ipse
1790 5183 1858 5229 mer·

112 5264 224 5314 aretam
252 5256 382 5314 vitame
411 5253 517 5313 seculo
553 5266 673 5312 munem
709 5260 798 5326 atque
822 5253 961 5311 usitatam
1019 5270 1132 5329 egara
1146 5257 1238 5314 vobis.
1256 5257 1364 5315 »Idem
1385 5257 1529 5316 ineodem
1545 5275 1552 5314 :
1569 5258 1749 5332 Pythagorae,
1765 5259 1858 5319 Socra·

111 5344 276 5402 recedentes
315 5344 517 5414 instituerint,
555 5343 661 5416 populo
701 5342 882 5416 prohibuerit
904 5342 962 5403 liu·
1016 5344 1064 5413 tis,
1083 5343 1270 5411 Antisthenis,
1300 5351 1329 5404 et
1349 5345 1533 5420 reliquorum
1556 5345 1756 5420 lrugalitatom
1779 5349 1860 5410 reler·

112 5438 320 5505 quantumque
335 5433 407 5492 alios
420 5432 520 5490 adhoc
556 5432 637 5505 grem
650 5432 739 5493 viam.
753 5430 959 5493 sedhoeunde
1016 5446 1079 5494 rem
1102 5433 1134 5494 in
1151 5433 1351 5497 contusionem
1367 5442 1508 5509 nosbam,
1525 5435 1582 5498 uisi
1599 5435 1773 5515 etlougum
1790 5443 1859 5500 ascl
