3804 5962
75 225 128 282 ιιι
536 213 638 271 namt
656 206 843 267 lammens
861 205 938 262 oar.
958 204 1048 276 rans
1067 207 1088 261 t.
1109 235 1142 247 -
1162 207 1352 268 nrrsrone.
1767 226 1823 284 ιιι

76 366 144 411 rum
162 346 382 423 epithalamium
396 359 456 403 non
483 341 656 414 intelligens,
673 337 853 395 vulneretur.
868 330 918 388 Ca·
934 331 958 386 Α
974 345 1027 388 nec
1041 330 1207 391 Graecarum
1224 334 1386 393 litterarum
1411 348 1559 412 expertem
1586 358 1649 402 eam
1678 362 1741 407 esse
1759 365 1823 422 per·

74 440 246 500 veatomnia
273 435 448 510 apocrypha,
477 440 512 497 et,
544 426 711 500 siquando
742 438 777 482 ea
805 438 864 480 non
883 421 920 478 ad
975 419 1083 478 mittit:
1108 423 1244 492 maxime,
1266 431 1297 481 ut
1314 425 1446 496 arbitror,
1475 439 1590 502 prepter
1603 438 1820 499 translationem

74 531 242 604 dogmatum
257 527 416 592 veritatem,
432 522 480 578 sed
502 519 538 576 ad
554 519 704 590 signorum
728 512 918 572 reverentiam
974 510 1139 569 divinorum
1155 512 1344 572 libroruma
1368 516 1474 576 Graecis
1497 521 1533 578 ad
1575 538 1628 581 nos
1649 526 1820 602 derivatam,

74 621 169 694 legere
185 615 316 683 voluerit,
337 613 408 670 sciat
432 625 491 667 non
510 622 609 665 aarum
633 620 703 673 esse,
733 616 860 675 quorum
884 600 918 657 ti·
974 600 1222 660 undediscernere
1241 612 1346 675 posset,
1363 607 1434 679 quid
1461 610 1538 680 apud
1567 627 1620 672 nos
1644 616 1752 688 minus,
1774 621 1820 678 vel

75 711 144 769 tulis
159 713 367 781 praenotantur,
393 700 542 770 multaque
557 697 603 753 bis
626 694 749 752 admista
768 691 881 758 vitiosa,
892 695 920 745 et
974 689 1057 747 aliter
1071 699 1146 749 esset
1160 706 1167 747 :
1183 699 1211 749 et
1220 691 1340 751 fortasse
1365 704 1480 767 propter
1504 698 1666 760 liberalium
1692 706 1821 780 discipli·

76 799 194 877 grandis
208 810 269 854 csse
289 791 449 865 prudentia
464 802 570 845 aurum
585 787 615 842 in
632 785 692 841 luto
712 795 851 854 quaerere.
869 780 921 850 Cy·
975 792 1043 835 nam
1058 780 1175 849 artium,
1188 795 1254 852 quae
1270 782 1324 851 his,
1341 784 1392 855 qui
1407 787 1443 841 ad
1459 788 1660 857 perfectionem
1681 796 1820 856 doctrinae

76 888 171 963 priani
182 883 322 958 opuscula
337 893 449 950 semper
468 877 497 933 in
518 890 607 932 manu
632 879 736 931 teneat.
766 867 918 927 Athanasii
972 867 1119 937 nituntur,
1133 870 1264 927 nonnihil
1276 870 1401 930 aderunt
1418 876 1557 934 utilitatis.
1570 879 1623 947 Qui
1637 883 1725 942 etiam
1749 902 1818 945 con·

75 977 226 1051 Epistulas,
248 981 276 1031 et
299 970 401 1027 llilarii
423 968 510 1024 libros
536 963 674 1022 inoffenso
689 962 825 1018 decurrat
838 959 918 1029 pede.
974 955 1111 1014 ditionem
1141 958 1247 1015 Latinae
1274 960 1382 1033 linguae
1411 967 1567 1037 tramittit,
1595 972 1727 1041 quasiab
1757 977 1821 1048 ipsa

75 1070 195 1127 illorum
222 1060 403 1128 tractatibus,
425 1056 541 1113 illorum
560 1052 717 1108 delectetur
739 1048 872 1121 ingeniis,
890 1047 920 1103 in
974 1053 1106 1102 nostrum
1132 1045 1310 1105 inchoaverit
1341 1052 1550 1124 magisterium.
1576 1059 1648 1116 Cum
1678 1072 1774 1122 autem
1802 1082 1820 1126 a

77 1169 203 1231 quorum
218 1151 300 1208 libris
315 1151 405 1220 pietas
437 1141 635 1201 nonvacillet.
665 1139 789 1195 Caeteros
808 1137 849 1194 sic
877 1136 930 1199 le-.
974 1136 1210 1192 sonovocumad
1233 1151 1335 1195 earum
1367 1144 1527 1210 pervenerit
1555 1161 1726 1222 sensum,ut
1752 1172 1818 1227 quae

77 1252 136 1319 gat,
153 1250 185 1300 ut
199 1240 293 1312 magis
319 1236 438 1308 iudicet,
467 1245 556 1302 quam
576 1236 726 1300 sequatur.
761 1225 922 1295 Responde·
974 1223 1102 1295 proferre
1118 1224 1248 1283 didicerit
1273 1227 1334 1299 jam
1359 1229 1517 1304 intelligere
1545 1237 1614 1295 velit
1629 1255 1636 1294 :
1652 1244 1763 1302 codices
1793 1250 1820 1305 ei

76 1336 121 1393 bis
136 1350 143 1390 ε
157 1328 303 1397 Quomodo
319 1321 487 1382 haecomnia
501 1319 605 1376 mulier
624 1316 782 1382 saecularis,
796 1315 825 1370 in
840 1320 922 1371 tanta
974 1313 1126 1386 distinguit
1148 1315 1284 1386 diversos,
1314 1325 1372 1375 tam
1400 1320 1435 1377 de
1457 1336 1566 1382 canone
1580 1327 1704 1388 duorum
1720 1335 1821 1393 Testa-

75 1419 239 1494 frequentia
252 1415 414 1479 hominum,
430 1412 527 1468 homa
549 1405 694 1464 custodire
709 1405 836 1476 potero?
856 1404 923 1462 Noli
976 1411 1148 1471 mentorum,
1166 1405 1305 1476 quamde
1328 1410 1475 1478 opusculis
1500 1413 1659 1486 doctorum,
1689 1437 1726 1479 ιιι
1744 1440 1818 1495 quo.

76 1527 145 1585 ergo
161 1509 258 1566 subire
273 1518 355 1570 onus,
371 1500 449 1574 quod
464 1499 537 1556 ferre
550 1510 607 1552 non
634 1502 737 1566 potes3
765 1493 825 1564 sed,
848 1501 945 1565 post-·
976 1505 1042 1548 rum
1066 1492 1226 1551 eruditione
1254 1493 1394 1565 proficiat,
1425 1507 1456 1555 nt
1486 1516 1712 1567 consummetur.
1743 1515 1821 1573 lnter

78 1615 167 1674 quam
183 1593 372 1655 ablactaveris
387 1603 450 1647 eam
465 1601 530 1644 cum
556 1586 645 1652 Isaac,
661 1590 689 1640 et
704 1582 832 1640 vestieris
853 1596 918 1640 cum
935 1625 957 1681 Β
977 1580 1131 1638 canonicas
1155 1589 1251 1639 autent
1266 1583 1438 1656 Scripturas,
1463 1587 1504 1646 ita
1521 1593 1547 1646 ei
1560 1593 1719 1668 Evangelia
1742 1615 1820 1659 com.

77 1686 219 1754 Samuele,
242 1685 321 1740 mitte
347 1678 459 1735 aviaeet
477 1673 592 1732 amittae.
624 1671 719 1728 Redde
746 1671 919 1742 pretiosissi·
975 1670 1102 1739 mendat,
1119 1677 1151 1727 ut
1176 1685 1328 1743 nunquam
1349 1673 1412 1732 baec
1430 1675 1464 1732 de
1487 1681 1621 1739 manibus
1634 1685 1757 1758 virginis
1773 1705 1818 1748 re·

76 1792 154 1837 mam
166 1786 309 1847 gemmam
322 1765 572 1832 cubiculollaria,
582 1768 610 1819 et
624 1762 709 1818 cunis
721 1760 789 1818 lesu
803 1761 923 1834 vagien-
975 1773 1090 1816 cessura
1117 1767 1232 1818 censeat
1259 1777 1267 1829 ;
1293 1763 1377 1833 quasi
1411 1764 1477 1836 plus
1503 1767 1614 1839 aliquid
1641 1773 1819 1849 diaconissis,

78 1868 114 1926 tis
125 1868 247 1936 impone.
263 1859 415 1917 Nutriatur
429 1854 460 1911 in
476 1850 649 1909 monasterio
666 1867 673 1905 :
694 1848 730 1908 sit
746 1850 922 1923 intervirgi-
975 1862 1065 1920 quam
1093 1847 1221 1906 diaconis
1244 1850 1278 1906 de
1299 1849 1421 1909 lectione
1448 1854 1582 1929 iniungat
1617 1862 1817 1937 Evangelica:

77 1971 150 2014 num
167 1953 268 2011 choros
283 1965 290 2006 ε
304 1949 404 2020 jurare
419 1958 479 2001 non
492 1942 597 1998 discat:
607 1938 723 1996 mentiri
737 1938 921 2011 sacrilegium
975 1951 1042 1994 cum
1054 1937 1099 1994 isti
1114 1937 1143 1994 in
1158 1937 1282 1995 eeclesiae
1298 1938 1377 1997 illam
1388 1941 1514 2001 habeant
1532 1947 1661 2020 recitare,
1679 1952 1735 2011 illae
1745 1971 1821 2015 nun·

76 2051 174 2117 putet:
191 2040 298 2098 nesciat
313 2034 469 2094 saeculum:
485 2031 565 2088 vivat
581 2029 710 2101 angelice
723 2043 730 2084 :
745 2028 821 2085 sitin
834 2042 921 2086 carne
976 2040 1066 2097 quam
1098 2025 1135 2083 ab
1159 2040 1259 2083 eorum
1279 2027 1402 2088 debeant
1425 2032 1545 2091 lectione
1567 2051 1681 2097 vacare.
1711 2045 1820 2105 Deinde

77 2133 140 2190 sine
153 2144 240 2189 carne
257 2143 264 2183 :
280 2138 365 2184 omne
377 2121 527 2179 hominum
555 2133 647 2192 genus
661 2117 708 2175 sui
722 2116 814 2174 simile
828 2124 918 2188 putet.
976 2115 1031 2173 ista
1044 2114 1128 2172 matri
1144 2115 1179 2173 de
1189 2115 1249 2172 lilia
1263 2117 1403 2188 scribens,
1418 2135 1556 2193 nequam
1582 2135 1674 2188 mater
1691 2145 1820 2192 excusa-

77 2223 120 2291 Ει,
141 2227 174 2279 ut
201 2224 304 2275 caetera
319 2221 440 2278 taceam,
458 2218 534 2265 certe
547 2216 573 2264 te
597 2207 698 2264 liberet
717 2206 852 2262 servandi
867 2206 922 2263 dif·
977 2204 1081 2262 tionem
1106 2205 1303 2275 praetenderet,
1331 2207 1502 2267 haecomnia
1528 2214 1624 2273 llomae
1651 2221 1819 2283 saecularem

35 2370 38 2375 ,
77 2301 408 2376 ticultate,etcustodiae
435 2297 577 2372 periculo.
607 2295 709 2354 lfelins
724 2294 832 2352 esttibi
848 2293 921 2351 desi-
975 2292 1111 2349 feminam
1140 2293 1170 2349 in
1207 2297 1286 2351 tanta
1311 2295 1463 2354 hominum
1491 2300 1655 2373 frequentia
1683 2311 1820 2380 perficere

77 2400 178 2458 derare
193 2397 352 2456 absentem,
377 2403 467 2463 quam
490 2399 595 2457 pavere
624 2384 660 2442 ad
680 2382 804 2456 singula.
831 2383 922 2440 Trade
975 2396 1057 2453 posse
1076 2398 1085 2454 ;
1101 2381 1149 2438 dat
1176 2384 1340 2453 consilium,
1361 2393 1394 2443 ut
1417 2388 1454 2444 ab
1474 2388 1527 2448 isto
1547 2407 1577 2450 se
1600 2410 1687 2455 onere
1707 2400 1818 2473 liberet,

76 2485 231 2547 Eustochio
247 2480 400 2554 parvulam
417 2494 424 2533 ε
442 2476 521 2532 illam
552 2474 653 2546 primis
668 2473 790 2530 miretur
807 2473 844 2530 ab
872 2487 922 2529 an·
975 2471 1306 2545 monasteriovirginum
1323 2475 1416 2533 tradat
1442 2476 1539 2547 filiam,
1553 2482 1604 2539 ubi
1618 2485 1736 2546 educari
1757 2492 1820 2550 sine

76 2577 143 2647 nis;
161 2575 246 2646 cujus
258 2579 285 2628 et
299 2582 405 2635 sermo,
417 2573 445 2623 ιι
462 2566 601 2632 incessus,
615 2571 642 2620 et
657 2560 774 2620 babitus
789 2561 922 2620 doctrina
975 2561 1113 2632 periculo,
1128 2568 1156 2618 et
1189 2561 1224 2618 de
1252 2560 1308 2631 bis,
1330 2577 1397 2633 qua
1424 2565 1506 2632 dixit,
1535 2571 1689 2640 perfectius
1712 2578 1819 2640 instrni

75 2668 220 2725 virtutum
236 2669 287 2719 est.
311 2658 352 2715 Sit
363 2656 393 2712 in
413 2654 523 2727 gremio
542 2653 626 2723 aviae,
657 2665 723 2723 qnae
752 2651 838 2724 longo
864 2666 921 2709 usu
975 2653 1073 2724 possit.
1089 2651 1209 2709 Omnem
1223 2649 1348 2722 denique
1371 2653 1549 2714 occasionem
1563 2670 1718 2732 amputans
1728 2683 1765 2725 ne
1780 2672 1817 2730 de

76 2753 176 2812 didicit
195 2749 319 2814 nutrire,
335 2758 462 2812 servare,
488 2742 589 2799 docere
617 2740 754 2813 virgines.
777 2743 863 2795 anna
887 2739 919 2795 fl-
974 2742 1112 2813 magistro
1122 2738 1377 2810 tandemqualem
1386 2741 1444 2812 ipse
1453 2743 1650 2820 descripserat,
1664 2760 1819 2817 matarmp.

75 2842 159 2910 linm,
180 2852 267 2912 quem
286 2836 344 2893 lieo
356 2838 486 2900 voverat,
504 2836 656 2901 postquam
669 2828 771 2885 obtulit
789 2828 921 2886 intaber·
975 2829 1144 2896 imitaretur,
1165 2828 1267 2899 puella
1287 2829 1378 2885 Roma
1393 2831 1628 2909 hierosolymam,
1656 2842 1693 2899 ad
1721 2847 1819 2908 aviam

75 2919 505 2998 naculo,nunquam1ecepit.
534 2919 607 2988 lpse,
622 2917 646 2974 si
661 2916 782 2974 Paulam
796 2917 917 2987 miseris,
935 2918 1080 2982 escilicet
1105 2925 1233 2974 sanctam
1265 2917 1395 2988 Paulam,
1420 2928 1448 2978 et
1479 2925 1597 2984 amitam
1628 2930 1819 2998 Eustochium

75 3027 104 3078 et
130 3015 305 3089 magistrum
333 3024 389 3078 me,
410 3013 438 3064 et
464 3005 620 3064 nutritium
653 3004 788 3075 spondeo,
804 3006 921 3077 gestabo
975 3009 1079 3078 missa,
1108 3020 1138 3065 se
1165 3006 1337 3080 magistrum
1360 3008 1466 3079 pariter
1493 3017 1521 3069 et
1544 3018 1699 3079 nutritium
1724 3026 1817 3086 offert.

76 3105 215 3173 humeris,
232 3099 362 3159 balbutia
385 3093 574 3152 senexverba
593 3092 733 3160 formabo,
753 3093 844 3150 multo
859 3093 920 3166 gle-
975 3100 1012 3157 lit
1027 3099 1056 3155 in
1087 3103 1211 3166 tantum,
1247 3097 1324 3168 qued
1348 3097 1427 3156 dictn
1456 3101 1589 3163 mirabile
1617 3118 1667 3180 est,
1692 3117 1820 3188 erumpit

76 3195 179 3256 riesior
203 3187 306 3249 mundi
321 3183 502 3258 philosopho,
520 3181 645 3254 quinon
672 3195 768 3253 regem
790 3183 920 3241 llacedo-
976 3187 1160 3259 promissum,
1177 3193 1210 3243 ut
1231 3193 1328 3243 tantus
1349 3186 1483 3247 Ecclesia
1503 3192 1601 3252 doctor
1631 3201 1718 3257 etiam
1738 3206 1818 3263 senio

75 3299 159 3350 num,
175 3276 335 3350 Babylonio
351 3276 513 3348 periturum
527 3285 648 3340 veneno,
671 3271 719 3328 scd
743 3272 878 3329 ancillam
893 3280 921 3332 et
975 3276 1088 3346 debilis,
1103 3275 1178 3332 dicat
1204 3289 1233 3331 se
1248 3274 1402 3347 virginem,
1425 3281 1510 3350 quasi
1524 3282 1656 3355 bajulum
1675 3291 1748 3363 ejus,
1764 3294 1820 3352 bu.

75 3384 212 3444 sponsam
231 3364 337 3426 Christi
365 3362 506 3431 erudiam,
533 3360 630 3433 regnis
656 3359 820 3419 coelestibus
847 3362 920 3418 offe-
976 3369 1062 3424 meris
1091 3372 1201 3439 gestare
1227 3380 1286 3422 non
1321 3366 1480 3440 dedignari.
1511 3370 1592 3438 Quod
1620 3391 1710 3447 quam
1739 3385 1819 3456 apud

76 3460 206 3519 rendam.
230 3478 245 3510 a
268 3452 447 3526 Perpendite,
472 3464 583 3508 sorores
608 3450 638 3506 iu
652 3449 765 3507 cbristo
781 3449 920 3508 charissi-
974 3455 1154 3527 suspiciosos,
1188 3468 1246 3512 non
1277 3453 1338 3510 sine
1366 3457 1527 3528 suspicione
1556 3462 1627 3534 heri,
1653 3482 1710 3526 uon
1741 3476 1819 3544 apud

75 3564 141 3617 mae,
156 3546 274 3624 *parlier
298 3551 326 3602 ιι
344 3555 503 3609 conservae,
528 3547 669 3612 quantam
697 3554 798 3597 curam
818 3547 918 3599 tantus
976 3545 1124 3619 religiosos
1153 3544 1214 3601 sine
1241 3542 1377 3600 scandalo
1409 3543 1460 3602 vir
1482 3549 1670 3623 contingeret.
1696 3559 1821 3620 liucia-

74 3636 319 3696 Ecclesiaedoctor
334 3633 363 3689 in
382 3631 544 3688 eruditione
561 3629 649 3686 unius
675 3630 805 3701 parvulae
819 3644 919 3687 susce-
975 3650 1041 3693 men
1054 3635 1152 3694 omnia
1165 3634 1212 3691 vir
1235 3635 1292 3689 Deo
1307 3633 1419 3704 plenus,
1442 3643 1471 3694 et
1496 3637 1531 3695 de
1563 3641 1727 3716 integritate
1753 3654 1821 3713 vitae

74 3727 159 3800 perit,
175 3727 205 3782 in
222 3738 282 3797 qna
295 3731 354 3780 tam
366 3721 518 3793 diligenter
539 3726 644 3776 cuncta
665 3717 919 3791 discurrensque
974 3726 1111 3783 omnibus
1133 3723 1236 3781 tandin
1268 3722 1412 3796 cognitus,
1441 3727 1618 3789 confidenter
1635 3738 1817 3806 spondebat:

72 3815 234 3875 necessaria
264 3811 401 3870 doctrina
424 3809 592 3878 decreverit,
624 3807 660 3865 ab
685 3808 747 3880 ipso
766 3808 920 3880 alphabeto
974 3815 1129 3873 dummodo
1144 3826 1233 3872 unam
1250 3811 1291 3869 sic
1319 3812 1463 3873 instruere
1490 3819 1631 3892 virginem
1659 3837 1764 3902 posset,
1786 3842 1820 3892 ut

72 3919 190 3963 sumens
218 3900 385 3963 exordium
410 3900 467 3957 Nec
494 3898 588 3956 solum
632 3897 667 3953 de
698 3894 934 3968 pronuntiandis¹
974 3903 1065 3974 ipsam
1091 3901 1202 3960 ceteris
1222 3902 1390 3976 magistram
1417 3903 1603 3982 relinqueret,
1630 3923 1659 3973 et
1679 3918 1709 3976 in
1725 3921 1817 3993 ipsam

72 3994 201 4067 syllabis,
228 4001 255 4051 et
279 3990 382 4050 litteris
393 3987 616 4062 conjungendis,
640 3999 745 4044 verum
774 3986 860 4044 etiam
885 3987 920 4045 de
974 3991 1181 4061 Hieronymum
1192 3990 1307 4064 legeret,
1328 3993 1380 4064 qui
1396 3993 1603 4067 Hieronymum
1613 4019 1672 4063 non
1684 4010 1815 4072 vidisset.

72 4083 233 4142 scribendis
257 4081 375 4138 adhibet
403 4079 609 4135 documentum
632 4091 639 4132 τ
659 4088 712 4132 uec
732 4089 793 4132 110u
817 4080 846 4133 et
884 4075 919 4133 de
973 4081 1115 4139 Utautem
1124 4080 1159 4137 de
1171 4080 1301 4152 parvolis
1310 4081 1346 4138 ad
1355 4083 1666 4154 majorestranseamns
1677 4098 1816 4175 virgines,

71 4174 154 4232 sociis
180 4171 312 4245 providet
340 4166 544 4240 adjungendis,
572 4179 699 4237 quorum
744 4164 842 4235 livore,
872 4165 917 4222 vel
973 4183 1047 4241 quas
1059 4168 1218 4240 plurimum
1237 4184 1350 4241 semper
1371 4182 1507 4243 provocat
1533 4179 1570 4234 ad
1594 4184 1723 4244 studium
1741 4190 1816 4249 litte.

70 4263 157 4321 laude
172 4258 331 4332 plurimum
363 4262 523 4314 moveatur.
544 4254 625 4324 Quod
648 4254 746 4324 etiam,
774 4260 807 4311 ut
834 4267 918 4326 spen·
933 4270 956 4329 p
972 4273 1082 4328 rarum,
1112 4266 1172 4317 tam
1198 4257 1239 4316 eis
1266 4257 1398 4317 videlicet
1428 4263 1579 4325 scribendo
1607 4287 1674 4343 qnae
1708 4277 1815 4350 legant,

70 4359 156 4408 tanea
169 4347 262 4420 magis
275 4360 364 4421 quam
380 4352 479 4403 coacta
492 4344 586 4413 faciat,
607 4350 635 4401 et
662 4343 765 4417 majori
786 4343 917 4401 studium
972 4361 1061 4420 qnam
1084 4363 1133 4406 eas
1148 4348 1294 4406 laudando
1318 4348 1352 4405 de
1375 4351 1542 4412 assiduitate
1565 4357 1676 4433 legendi
1698 4368 1743 4424 vel
1772 4370 1816 4427 di.

71 4454 168 4498 amore
189 4434 414 4508 complectatur;
439 4433 597 4501 blanditiis,
630 4438 658 4491 ιι
692 4431 840 4502 laudibus,
864 4446 917 4489 nec
970 4435 1082 4493 cendi:
1111 4434 1183 4507 quid
1212 4436 1249 4492 ad
1285 4435 1460 4509 Principiam
1483 4443 1627 4517 virginem
1647 4451 1681 4510 de
1705 4457 1815 4526 psalmo

70 4543 129 4586 non
142 4534 170 4586 ιι
188 4523 371 4584 munusculis
398 4521 513 4579 incitari
540 4521 682 4578 admonet.
710 4521 776 4592 lpsa
799 4534 917 4594 quoqne
971 4523 1192 4599 quadragesimo
1232 4531 1337 4596 quarto
1374 4527 1502 4588 scribens
1537 4533 1622 4604 dicat,
1648 4543 1813 4605 audiamus.

70 4618 189 4676 nomina
208 4613 359 4687 distinguit
382 4626 417 4670 ιιι
446 4610 601 4684 Scripturis
625 4609 715 4668 sacris
742 4609 915 4683 colligenda,
971 4612 1063 4671 «Seio
1077 4627 1133 4682 me,
1163 4613 1309 4685 Principia
1332 4614 1362 4672 in
1385 4616 1497 4677 Christo
1526 4622 1595 4694 filia,
1624 4643 1642 4684 a
1666 4630 1815 4707 plerisque

71 4707 229 4780 inquibus
260 4701 439 4776 proferendis
467 4714 497 4758 sc
523 4699 652 4771 primum
679 4711 826 4766 exercens,
854 4698 916 4756 baec
969 4701 1150 4774 reprebendi,
1183 4702 1260 4774 quod
1283 4703 1429 4764 interdum
1455 4710 1580 4771 scribam
1595 4716 1632 4773 ad
1661 4720 1810 4794 mulieres,

69 4796 215 4856 memoriae
231 4810 291 4853 suae
321 4790 481 4865 plurimum
511 4787 700 4859 commendet,
727 4787 815 4861 juxta
842 4787 915 4846 illud
969 4799 996 4850 et
1011 4789 1187 4865 fragiliorem
1197 4807 1298 4851 sexum
1313 4795 1444 4855 maribus
1462 4801 1613 4871 prefatam
1633 4816 1685 4865 :et
1708 4811 1814 4873 idcirco

70 4885 235 4945 Poeticum:
969 4881 1057 4939 debeo
1083 4880 1210 4952 primum
1233 4883 1475 4947 obtrectatoribus
1500 4892 1571 4949 meis
1593 4899 1814 4968 responderem

140 4975 196 5043 Quo
211 4973 338 5030 amaricat
351 4971 457 5030 imbuto
474 4985 575 5037 reeens,
594 4966 715 5026 servabit
734 4965 844 5025 odorae
968 4968 1009 5026 sic
1023 4968 1123 5028 venire
1150 4971 1187 5028 ad
1210 4971 1498 5047 disputatiunculam,
1527 4994 1618 5050 quam
1640 4991 1757 5058 rogasti.
1783 4990 1813 5048 si

142 5065 223 5119 Testa
241 5063 291 5118 dia
293 5102 360 5120 ......
967 5058 1022 5118 viri
1045 5060 1079 5116 de
1108 5058 1263 5132 scripturis
1288 5073 1458 5135 quaererent,
1488 5069 1660 5132 mulieribus
1682 5090 1740 5136 non
1768 5080 1813 5137 lo·

69 5153 168 5224 Qualis
178 5151 265 5209 etiarn
280 5150 418 5224 magister
429 5150 465 5208 ad
478 5150 532 5208 hec
543 5148 580 5206 sit
599 5146 760 5221 eligendus,
785 5145 913 5221 diligen-

69 5253 113 5302 ter
128 5239 284 5300 describit:
309 5255 362 5298 nec
390 5238 582 5312 pretermittit
605 5237 753 5309 praeflxam
779 5250 841 5294 esse
864 5236 913 5295 de·

69 5332 137 5390 bere
155 5343 323 5388 mensuram
350 5327 487 5394 lectionis,
518 5341 608 5400 quam
632 5327 803 5385 cordetenus
818 5324 914 5384 firma·

68 5427 129 5478 tam
161 5415 466 5492 quotidiepersolvat.
487 5416 523 5475 ιιι
544 5415 615 5488 quia
628 5430 661 5473 eo
681 5423 818 5487 tempore,
836 5412 912 5473 firc-

69 5520 174 5570 carum
201 5520 320 5583 quoque
339 5504 503 5571 litterarum
523 5517 596 5566 mm
618 5502 718 5566 ιιοιιιι
731 5501 910 5578 abundabat,

968 5161 1082 5221 querer.
1099 5147 1127 5206 si
1142 5149 1252 5209 barach
1264 5150 1305 5210 ire
1333 5154 1370 5212 ad
1385 5154 1515 5226 pralium
1530 5159 1677 5234 voluisset,
1700 5167 1814 5228 bebere

967 5237 1002 5294 de
1014 5236 1097 5295 victis
1112 5236 1243 5297 hostibus
1258 5255 1317 5299 non
1337 5243 1555 5316 triumphasset.
1587 5275 1602 5304 a
1622 5253 1658 5310 lit
1677 5264 1740 5327 post
1761 5259 1813 5316 ali·

966 5339 1027 5398 qua
1043 5340 1050 5382 :
1067 5349 1082 5378 ι
1097 5326 1209 5398 apollo,
1223 5327 1321 5388 virum
1351 5332 1550 5407 apostolicum,
1575 5347 1603 5398 et
1622 5340 1652 5399 in
1681 5342 1745 5418 lage
1762 5347 1813 5407 do·

966 5413 1139 5492 ctissimnm,
1163 5416 1270 5490 hqufla
1309 5424 1338 5477 ιι
1363 5418 1495 5481 Priscilla
1523 5427 1671 5502 erudiunt,
1708 5441 1737 5494 ιι
1760 5435 1811 5496 in-

966 5503 1277 5572 assentientem
1290 5506 1416 5573 bomini.
1432 5510 1463 5576 si
1473 5511 1569 5577 doceri
1592 5531 1611 5578 a
1627 5518 1737 5584 femina
1750 5539 1811 5588 non
