3804 5962
569 164 723 222 ΕΡΙΤΟΜΕ
741 161 945 222 THEOLOGIAE
964 162 1194 222 CHRISTIANAE.
1215 216 1220 230 ,
1435 202 1439 209 ·
1681 174 1750 229 tiso

79 311 84 349 ι
114 294 268 360 lecturum,
302 301 329 351 ιι
360 307 406 350 me
429 292 515 350 bodie
538 293 642 365 legere,
665 300 692 350 ιι
714 307 779 350 cras
801 307 846 349 me
861 291 886 345 A
901 292 994 363 illum,
1011 293 1057 350 vel
1072 295 1149 351 Ueus
1172 293 1267 365 parcit
1281 293 1334 350 illi.
1352 294 1457 352 Nullus
1480 295 1558 354 enim
1581 298 1752 370 hujusmodi

79 382 210 455 elegisse.
238 384 303 453 lpsa
317 383 462 454 siquidem
484 383 573 439 verba
593 382 637 439 vel
663 390 802 453 tempora,
819 381 850 437 li·
904 381 1034 450 allectus,
1059 383 1158 439 nullus
1182 391 1276 438 motus
1305 384 1335 438 in
1349 399 1417 439 oum
1438 385 1523 454 cadit,
1550 387 1602 458 qui
1627 387 1656 442 in
1673 396 1750 445 trau-

83 479 115 528 nt
130 479 252 538 mutata,
268 471 343 528 idem
367 480 462 528 tamen
483 487 587 529 verum
605 479 763 542 permanet.
787 473 849 541 lpse
904 472 1047 541 quillitate
1062 471 1139 529 iacit.
1157 472 1317 530 Misericors
1341 487 1409 544 ergo
1439 473 1545 531 dicitur
1574 476 1602 531 in
1619 491 1659 545 se,
1674 477 1750 534 sicul

80 574 173 615 rcum
197 559 243 627 sit,
260 558 308 615 cni
330 559 412 615 nulla
427 561 549 616 mutatio
565 559 703 629 temporis
717 557 847 635 obsistat,
903 564 931 616 et
944 561 1098 633 benignus,
1116 562 1267 618 miserator
1291 561 1321 618 in
1341 562 1529 619 exhibitione.
1554 563 1583 619 Si
1608 579 1675 636 ergo
1692 580 1749 624 non

79 662 110 719 pe
124 649 199 705 nibil
213 655 256 705 est
272 648 346 705 inter
366 651 429 720 eius
452 650 640 707 aeternitatem
654 656 683 706 et
711 649 847 706 ultimum
903 657 986 717 esset,
1007 650 1056 705 οιιί
1085 651 1279 717 misereretur,
1309 664 1362 706 neo
1399 651 1550 709 miserator
1584 662 1666 710 esset.
1700 654 1752 710 llic

80 736 138 794 oris
164 746 358 804 momentum,
376 753 454 805 cunr,
483 739 615 809 inquam,
631 739 685 795 hoo
700 739 746 807 sit,
761 738 850 809 quid·
903 735 973 793 solet
986 740 1077 809 quaeri
1093 747 1194 796 utrum
1211 739 1363 811 benignior
1389 755 1450 797 esse
1467 741 1567 812 possit,
1592 742 1638 798 vel
1660 743 1753 815 magis

93 826 148 883 luit
163 826 208 882 vel
225 834 267 883 est
285 827 331 884 vel
359 828 423 895 erit,
441 827 466 882 ei
498 829 617 885 omnino
643 842 768 899 presens
794 835 847 885 est.
903 826 1063 884 miserator.
1089 829 1184 885 Posset
1198 829 1278 885 enim
1307 828 1442 899 pluribus
1460 831 1535 886 dona
1563 830 1698 889 conlerre
1725 840 1753 890 ιι

90 915 180 986 igitur
195 916 275 987 quod
290 917 471 986 providentia
487 932 537 975 seu
553 917 730 987 praescientia
748 924 777 974 ιι
791 916 848 972 dis·
902 927 951 969 eos
982 914 1104 972 salvare.
1135 917 1231 972 Posset
1254 916 1387 986 pluribus
1407 917 1537 974 misereri
1562 926 1591 975 et
1619 932 1748 989 parcere.

79 1003 102 1061 io
118 1004 219 1061 divina
240 1011 298 1060 tam
328 1004 363 1060 ad
383 1006 461 1061 bona
475 1020 563 1076 quam
593 1006 628 1061 ad
651 1005 727 1062 mala
754 1019 784 1060 se
800 1005 849 1060 ba·
904 1001 950 1058 Sir
967 1002 1058 1074 igitur
1085 1002 1237 1075 benignior
1251 1012 1278 1060 et
1295 1005 1386 1075 magis
1402 1006 1563 1075 miserator,
1591 1007 1636 1065 vel
1656 1008 1754 1066 minus

82 1093 294 1164 praedestinatio
322 1109 390 1151 vero
419 1101 533 1151 tantum
557 1095 593 1151 ad
618 1095 704 1151 bona.
731 1095 847 1164 Augus·
903 1099 996 1161 posset
1016 1106 1077 1148 esse
1099 1099 1150 1148 aut
1176 1092 1265 1148 etiam
1292 1108 1351 1150 non
1381 1094 1541 1163 miserator,
1568 1111 1636 1153 cum
1663 1096 1752 1154 etiam

79 1198 98 1239 s
112 1191 208 1240 tamen
233 1197 285 1255 pro
310 1185 488 1254 prescientia
510 1185 688 1256 quandoque
702 1183 848 1254 predesti·
904 1187 997 1249 posset
1027 1195 1084 1238 non
1118 1179 1206 1237 luisse
1234 1181 1281 1237 cui
1308 1182 1507 1240 misereretur.
1536 1185 1591 1241 Sed
1606 1185 1677 1257 quid
1705 1185 1753 1243 hio

79 1285 149 1328 nem
176 1286 280 1342 ponere
307 1272 386 1328 solet.
415 1273 516 1329 Fatum
542 1287 659 1343 quoquo
687 1272 848 1330 notandum
903 1282 1020 1339 quoque
1040 1268 1206 1338 responderi
1221 1268 1316 1325 valeat
1333 1283 1370 1325 ex
1394 1271 1592 1341 superioribus
1619 1273 1753 1346 cognosci

79 1361 151 1431 quod
179 1360 323 1418 descendit
357 1374 373 1416 a
412 1361 608 1431 dispositione,
644 1364 783 1432 tanquam
812 1360 849 1416 ab
904 1365 1003 1427 potest.
1030 1356 1093 1413 Non
1119 1357 1197 1414 enirn
1226 1371 1278 1427 pro
1306 1357 1416 1416 ratione
1443 1361 1591 1432 assignata
1618 1362 1753 1432 superius

79 1463 114 1505 ne
128 1449 231 1520 passio.
262 1449 409 1520 Siquidem
429 1465 496 1506 cum
521 1452 627 1507 lactum
644 1451 680 1507 sit
699 1449 848 1521 dispositio
903 1445 1038 1516 pluribus
1057 1445 1136 1502 bona
1162 1445 1365 1515 conterrere}
1393 1448 1528 1519 pluribus
1542 1450 1683 1520 misereri,
1705 1451 1751 1509 vel

79 1551 104 1593 ia
127 1537 215 1594 rebus
235 1537 391 1594 mobilibus
421 1538 578 1607 inhaerens,
603 1536 678 1593 nibil
702 1544 745 1594 est
768 1536 848 1594 aliud
903 1534 985 1592 aliter
1000 1548 1089 1606 quarn
1104 1535 1199 1603 iaciat,
1217 1536 1310 1615 lacero
1325 1543 1428 1606 potest.

79 1639 93 1680 n
112 1625 270 1695 dispositio,
291 1627 365 1684 actio
384 1626 439 1697 ipsi
460 1627 631 1697 disponenti,
659 1628 713 1683 hoo
732 1635 889 1697 exceptos
1208 1625 1326 1682 CAPUT
1348 1627 1447 1681 xlllll.

79 1763 81 1770 .
98 1714 245 1784 dispositio
268 1715 490 1772 immutabiliter
516 1716 592 1773 lacit.
624 1716 694 1783 Quae
709 1729 778 1772 vero
793 1715 850 1771 dis-
889 1758 893 1763 ,
1203 1713 1457 1771 Gorbeusbomo?

79 1808 152 1859 ntur
178 1803 350 1859 nonnullam
382 1804 570 1861 mutationem
593 1805 748 1874 recipiunt,
773 1802 850 1859 unde
940 1800 1020 1857 Uicto
1035 1801 1070 1857 de
1094 1799 1185 1857 altera
1211 1810 1292 1871 parte
1307 1803 1383 1871 fidei,
1408 1811 1528 1875 quaeest
1542 1805 1571 1860 in
1587 1805 1752 1877 cognitione
1825 1848 1830 1859 ,

89 1897 130 1946 est
152 1890 232 1947 aliud
258 1891 343 1949 letari
365 1907 454 1964 quam
477 1893 602 1963 disponi.
630 1893 711 1949 Unde
730 1891 850 1962 quiaex
904 1891 964 1958 Uei,
981 1891 1015 1947 de
1039 1890 1152 1946 unitate
1167 1891 1274 1947 scilieet
1303 1892 1410 1949 divinus
1428 1892 1638 1950 substantiaeet
1667 1895 1752 1953 trini·

79 1977 190 2034 nomine
205 1978 313 2036 iactum
331 1979 416 2037 multi
432 1981 461 2036 in
482 1995 609 2037 errorem
624 1980 775 2046 cadebant,
795 1992 850 2048 pu·
904 1986 960 2036 tate
976 1993 1176 2049 personarum,
1192 1987 1220 2035 et
1245 1980 1280 2035 de
1295 1982 1508 2050 pertinentibus
1526 1983 1562 2038 ad
1583 1991 1751 2055 utramque,

79 2080 98 2123 ts
125 2067 216 2123 latum
244 2083 304 2125 esse
319 2069 575 2137 constellationem,
602 2070 664 2126 ideo
692 2069 782 2124 sancti
797 2068 852 2122 hoc
904 2075 1049 2139 quantum
1077 2068 1222 2125 memoriae
1243 2070 1380 2135 occurrit,
1406 2072 1534 2127 uunode
1549 2071 1640 2129 altera
1661 2082 1752 2143 parte,

79 2156 121 2213 ine
137 2157 178 2213 uti
193 2157 359 2214 noluerunt.
381 2159 431 2214 Est
454 2159 544 2229 igitur
559 2158 662 2224 latum,
678 2165 711 2214 ut
724 2156 764 2212 ait
780 2157 851 2210 Beo-
904 2158 1012 2214 scilicet
1037 2158 1071 2213 de
1098 2157 1243 2214 beneficiis
1270 2159 1353 2215 nobis
1380 2158 1416 2215 ab
1430 2174 1463 2216 ιο
1487 2159 1598 2217 collatis
1625 2160 1753 2218 breviter

87 2245 233 2315 dispositio
258 2260 357 2303 rerum
381 2248 412 2303 in
431 2261 522 2303 manu
544 2247 604 2303 Uei.
629 2246 698 2313 Quae
733 2243 851 2316 quidem
904 2246 1092 2317 expediemus
1112 2261 1118 2301 :
1138 2260 1265 2317 quorum
1289 2247 1366 2317 quod
1386 2250 1751 2307 summumetmaximum

79 2334 230 2404 spositione
251 2334 351 2391 divina
376 2342 408 2393 ut
431 2337 523 2405 passio
541 2335 577 2391 ab
597 2336 707 2392 actione
736 2333 849 2404 pendet.
904 2336 968 2404 iuit,
995 2336 1073 2407 quod
1089 2335 1231 2404 sapientia
1254 2335 1305 2391 Uei
1329 2350 1447 2393 carnem
1478 2338 1512 2394 de
1529 2337 1649 2409 Virgine
1669 2352 1752 2396 assu·

79 2422 231 2491 lestinatio,
253 2431 286 2480 ut
313 2424 452 2494 diximus,
482 2425 516 2481 de
550 2424 632 2481 bonis
656 2430 698 2480 est
724 2430 850 2480 tantum.
904 2424 1009 2480 mondo
1023 2437 1077 2479 sua
1090 2423 1154 2480 luce
1170 2437 1223 2479 nos
1244 2422 1434 2491 illuminavit,
1463 2423 1646 2481 dilectionem
1669 2437 1753 2481 suam

79 2512 89 2568 l
121 2512 197 2569 enim
213 2512 282 2569 dicit
306 2513 489 2585 Augustinus
503 2522 531 2570 et
546 2514 580 2570 de
593 2512 677 2570 malis
691 2527 752 2570 esse
776 2526 851 2582 prae-
904 2513 989 2569 nobis
1010 2512 1155 2569 exhibuit.
1177 2513 1212 2568 ln
1227 2512 1281 2569 boo
1299 2514 1375 2569 enirn
1402 2521 1547 2584 quantum
1571 2513 1753 2571 dilectionem

81 2601 235 2671 nationem,
260 2615 310 2672 pro
334 2603 512 2673 prescientia
533 2602 653 2672 accepit.
682 2603 731 2658 Est
754 2610 851 2658 autem
905 2601 1025 2658 haberet
1039 2601 1116 2658 oiroa
1140 2616 1191 2658 nos
1205 2602 1339 2670 ostendit,
1365 2601 1416 2672 qui
1436 2602 1576 2670 animam,
1605 2616 1694 2674 qnam
1710 2615 1754 2659 aa·

79 2689 217 2746 lestinatio
244 2690 343 2762 gratiae
369 2692 540 2762 praeparatio
564 2709 572 2760 ;
596 2691 696 2762 incipit
724 2691 760 2747 ab
790 2691 851 2761 ipso
905 2690 1038 2762 sumpsit,
1064 2703 1115 2762 pro
1141 2690 1223 2747 nobis
1252 2690 1357 2761 posuit.
1383 2691 1465 2747 Unde
1494 2690 1593 2747 idem:
1621 2693 1753 2761 llcjmem

80 2778 277 2846 sedunorum,
294 2794 344 2850 per
369 2783 579 2838 successionem
604 2781 773 2837 divinorum
802 2779 852 2835 bo·
905 2779 955 2835 boo
983 2780 1153 2834 dilectionem
1176 2794 1253 2833 nemo
1283 2779 1373 2846 babet,
1394 2784 1424 2833 ιιι
1447 2782 1568 2834 animem
1587 2795 1665 2835 suom
1691 2781 1753 2850 quis

79 2880 122 2933 m,
143 2868 245 2925 deinde
260 2869 430 2927 collatorum
455 2870 600 2942 usquead
616 2869 702 2926 finem
726 2882 849 2939 praeseu-
868 2873 991 2966 Cpotam
1003 2883 1055 2940 pro
1068 2868 1163 2922 amicis
1176 2870 1235 2922 suis
1260 2866 1350 2938 (Jocn.
1375 2883 1422 2936 xv,
1455 2869 1509 2939 13).
1525 2869 1578 2924 Ριο
1602 2868 1753 2926 dilectione

79 2955 135 3013 ritae
154 2959 290 3028 procedit.
316 2958 362 3014 Sic
388 2960 479 3030 igitur
511 2958 709 3029 temporaliter
736 2958 767 3014 lit
797 2956 851 3013 ista
905 2956 1059 3028 siqnidem,
1071 2970 1161 3030 quam
1175 2969 1245 3027 erga
1256 2971 1308 3012 nos
1322 2955 1434 3025 babuit,
1452 2965 1484 3013 ιιι
1498 2972 1551 3014 nos
1574 2957 1675 3029 ajugo
1690 2971 1753 3028 pec·

79 3044 190 3101 taratio.
217 3045 245 3103 Si
269 3062 336 3104 vero
360 3047 572 3118 praedestinatio
595 3047 632 3104 ab
663 3053 770 3104 eterno
790 3058 851 3102 esse
905 3047 961 3103 cati
989 3043 1151 3113 redimeret,
1185 3058 1302 3101 carnem
1328 3043 1492 3115 assumpsit.
1526 3045 1633 3117 Aquo
1661 3045 1753 3117 igitur

79 3139 131 3200 tur,
147 3134 222 3191 sicut
244 3135 427 3208 providentia
454 3136 500 3194 vel
522 3136 609 3193 etiam
632 3134 790 3206 dispositio,
806 3141 849 3202 ut,
905 3150 959 3191 nos
972 3133 1134 3202 redemerit,
1150 3141 1178 3190 et
1192 3132 1336 3204 quomodo
1365 3133 1524 3205 redemptio
1540 3134 1589 3190 illa
1611 3134 1687 3190 iacta
1702 3133 1751 3203 sit,

88 3221 229 3279 dicimus:
248 3224 292 3280 Ab
307 3231 413 3281 aeterno
432 3225 520 3281 etiam
535 3223 748 3295 predestinavit
771 3223 851 3280 bunc
905 3223 1059 3295 diligenter
1073 3221 1283 3293 inquirendum
1305 3236 1366 3278 esse
1395 3222 1470 3279 ratio
1499 3224 1664 3292 persuadet.
1680 3221 1752 3290 Qui-

79 3308 155 3378 itam,
173 3311 229 3368 talc
243 3320 284 3369 est
309 3327 343 3369 ac
371 3313 395 3370 si
410 3313 544 3368 dicatur:
562 3313 606 3369 Ab
629 3320 734 3368 aeterno
754 3311 850 3382 provi·
905 3313 971 3368 dam
985 3312 1085 3371 dicunt
1100 3311 1179 3384 qnod
1201 3324 1218 3367 a
1248 3318 1386 3382 potestate
1410 3311 1521 3368 diaboli
1546 3312 1686 3382 redempti
1700 3325 1753 3368 su-

79 3398 145 3468 [uod
159 3399 272 3472 aliquid
295 3400 405 3458 bonum
426 3402 507 3459 daret
529 3402 609 3468 huic,
634 3415 684 3472 per
699 3401 777 3471 quod
792 3400 849 3456 sal·
905 3417 981 3469 mus,
999 3402 1052 3474 qni
1069 3401 1215 3458 homiuem
1235 3400 1404 3471 decipiendo
1419 3400 1514 3472 ipsum
1538 3400 1594 3458 sibi
1616 3400 1750 3472 subjecit,

78 3493 135 3543 tur.
152 3487 255 3545 Utrum
266 3489 351 3560 plura
365 3491 454 3562 possit
471 3491 623 3562 disponere
646 3504 735 3561 quam
755 3488 849 3559 dispo·
904 3497 932 3545 et
951 3496 1130 3560 potestatem,
1162 3501 1251 3558 quam
1266 3489 1348 3559 prius
1374 3504 1433 3547 non
1460 3490 1613 3560 babuerat,
1639 3491 1670 3548 iu
1683 3505 1752 3548 eum

94 3575 139 3631 vel
166 3577 253 3646 possit
278 3580 361 3649 scire,
378 3580 465 3636 etiarn
488 3580 586 3650 plures
614 3579 650 3635 ad
666 3577 757 3636 vitam
784 3591 852 3648 prae
905 3578 1021 3648 recepit.
1037 3577 1173 3648 ideoque,
1198 3576 1355 3644 utdicunt,
1381 3578 1487 3634 missus
1506 3586 1549 3635 est
1577 3578 1667 3636 Filius
1691 3579 1751 3648 Uei,

81 3677 162 3734 nare,
181 3668 250 3726 satis
263 3677 306 3726 est
320 3670 349 3725 in
365 3678 511 3740 promptu.
904 3667 948 3734 ut,
967 3667 1106 3737 quoniam
1117 3672 1253 3736 potestate
1263 3665 1409 3722 hominem
1428 3667 1455 3723 ei
1483 3667 1597 3724 aulerre
1609 3675 1750 3740 potuerat,

312 3757 427 3816 CAPUT
456 3759 548 3815 xlill.
905 3757 999 3826 magis
1010 3755 1126 3826 justitia
1149 3761 1178 3810 et
1192 3754 1357 3811 bumilitate
1384 3753 1415 3810 in
1429 3769 1497 3812 enm
1520 3763 1660 3812 uteretur.
1675 3755 1751 3815 Alio·

90 3843 128 3898 Ue
141 3844 184 3900 bis
199 3848 308 3915 quaed
323 3848 470 3903 bonitatem
483 3849 607 3903 divinam
620 3848 767 3918 pertineat.
905 3843 978 3915 quiu
989 3843 1094 3901 inierre
1109 3843 1136 3898 ei
1152 3842 1291 3914 injuriam
1303 3841 1464 3911 videretur,
1488 3858 1556 3900 cum
1567 3843 1634 3915 jnre
1657 3845 1751 3901 borni-

79 3939 122 3989 eto
137 3934 172 3990 de
192 3937 318 4005 potentia
336 3944 364 3993 et
377 3938 519 4007 sapientia
531 3938 695 4008 bucusque,
711 3936 746 3992 dc
767 3931 850 3992 bo'ni·
904 3947 980 3997 uem,
1010 3930 1063 4003 qui
1094 3946 1124 3988 se
1162 3930 1203 3987 illi
1236 3930 1464 4000 mancipaverat,
1493 3931 1660 4001 possideret.
1690 3935 1752 4006 Ego

93 4022 194 4094 aliqua
222 4026 419 4083 subnectenda
452 4034 520 4083 sunt
551 4026 686 4083 breviter.
709 4026 796 4093 Deus,
818 4030 850 4081 ut
904 4036 972 4079 vero
1009 4028 1126 4078 econtra
1156 4018 1219 4076 dico
1256 4026 1284 4075 et
1306 4019 1418 4077 ratione
1440 4019 1635 4092 irreiragabili
1663 4021 1752 4092 probo

79 4125 144 4178 nus,
167 4111 312 4186 benignus
325 4122 377 4183 est,
401 4122 429 4172 ιι
447 4113 617 4183 misericors,
638 4121 666 4170 ιι
690 4112 848 4169 miserator.
905 4111 982 4182 quod
1006 4110 1138 4167 diabolus
1162 4109 1193 4165 in
1219 4108 1366 4165 bominem
1393 4108 1508 4166 nullum
1529 4109 1580 4181 jus
1592 4110 1750 4180 imbuerit.

79 4214 100 4256 is
127 4201 313 4275 benignitatis
338 4202 561 4272 ellectumcum
584 4203 643 4273 ipse
669 4201 848 4259 nibiloindi-
903 4198 1004 4270 Neque
1028 4199 1106 4254 enim
1145 4198 1198 4270 qui
1228 4212 1295 4255 eum
1324 4198 1491 4269 decipiendo
1523 4213 1541 4256 a
1572 4199 1752 4272 subjectione

79 4297 194 4360 utpote
219 4293 270 4363 qui
288 4293 343 4349 sibi
371 4292 540 4363 peremnia
568 4292 716 4350 sullioiens
738 4298 791 4359 est,
819 4291 850 4348 in
905 4287 1020 4344 Domini
1047 4287 1095 4344 sni
1128 4286 1276 4355 alienavit,
1311 4286 1442 4357 aliquam
1469 4295 1637 4359 potestatem
1665 4302 1752 4360 super

79 4379 145 4435 auris
161 4380 222 4437 suis
244 4389 368 4439 exercet.
390 4383 461 4439 Cum
485 4383 575 4454 igitur
590 4384 620 4440 iu
635 4397 664 4440 se
679 4383 739 4440 solo
758 4383 795 4438 sit
810 4380 851 4438 ai·
903 4391 971 4434 eum
985 4376 1085 4433 debuit
1099 4375 1239 4445 accipere,
1255 4375 1351 4446 potius
1373 4376 1395 4432 si
1411 4391 1502 4448 quam
1521 4378 1603 4449 prius
1620 4379 1749 4450 baberet,

79 4467 250 4540 benignus,
274 4471 304 4526 in
323 4472 464 4529 creaturis
478 4472 546 4528 solis
565 4472 652 4529 elficit
670 4472 748 4544 quod
770 4470 850 4527 boni·
905 4466 1004 4523 debuit
1041 4464 1180 4521 amittere.
1212 4465 1266 4530 Qui
1288 4465 1366 4520 euim
1391 4479 1527 4524 concessa
1553 4467 1593 4524 ibi
1618 4467 1751 4526 abutitur

79 4556 127 4613 tali
142 4567 253 4617 oonstat
274 4561 468 4619 eludendum.
497 4561 534 4618 At
555 4576 634 4629 vero,
661 4562 714 4633 qui
737 4575 850 4619 summe
903 4557 1050 4627 potestate,
1077 4554 1141 4625 ejus
1162 4552 1350 4625 privilegium
1373 4563 1502 4612 meretur
1525 4557 1653 4626 perdere.
1671 4557 1751 4615 Siout

79 4654 166 4717 uest,
186 4649 223 4705 ab
237 4664 269 4706 eo
285 4665 370 4720 porro
384 4651 477 4708 omnis
505 4650 616 4706 invidia
645 4650 770 4721 relegata
795 4657 847 4720 est,
904 4646 928 4702 si
956 4650 1052 4702 essent
1074 4651 1131 4701 tres
1157 4642 1234 4699 servi
1253 4642 1378 4714 alicujus
1403 4644 1522 4713 domini,
1548 4660 1675 4716 qnorum
1698 4646 1750 4702 uni

79 4735 98 4792 is
116 4736 214 4793 itidem
241 4738 292 4806 ira,
313 4740 409 4797 omnis
431 4739 512 4797 luror
536 4739 573 4795 ab
593 4754 627 4796 eo
647 4748 776 4797 remotus
794 4747 846 4796 est.
904 4733 1124 4806 praerogativam
1144 4744 1231 4802 super
1249 4731 1320 4787 alios
1343 4732 1465 4789 dedisset
1488 4734 1633 4798 dominus,
1658 4741 1686 4791 ιι
1703 4734 1751 4793 ille

79 4872 80 4879 ,
110 4824 201 4897 igitur
225 4829 302 4899 quod
317 4829 497 4888 diciturzllle
521 4831 661 4884 ινοιιοιιιν
685 4831 765 4897 fictor
786 4832 848 4884 tuus
905 4822 1046 4881 adomino
1065 4821 1175 4879 domini
1204 4828 1231 4877 et
1245 4819 1423 4891 subiectione
1448 4821 1619 4879 subtrahere
1647 4822 1752 4880 nitere-

79 4916 173 4970 raos‘?
188 4916 289 4987 (secu.
305 4932 397 4988 xxxn,
418 4919 482 4989 lo.)
510 4919 584 4986 Quid
607 4918 693 4975 etiam
715 4925 849 4988 precatur
904 4922 964 4979 tur,
980 4927 1038 4970 non
1055 4925 1142 4981 super
1169 4924 1217 4967 eos
1232 4918 1398 4980 potestatem
1413 4910 1543 4982 aliquam
1568 4911 1710 4982 acciperet
1733 4926 1751 4970 a

79 5002 168 5059 heta:
210 5009 334 5075 Domine,
365 5024 399 5063 ue
419 5011 448 5062 itt
469 5010 564 5076 surore
587 5013 632 5063 tuo
658 5023 759 5076 arguas
779 5008 847 5062 me?
904 5004 1028 5066 domino,
1046 5002 1095 5059 sed
1121 5007 1187 5056 anie
1208 5014 1371 5056 concessam
1394 5015 1431 5057 ex
1454 5000 1587 5073 nequitia
1612 5017 1668 5059 sua
1686 5015 1749 5073 per·

82 5131 89 5144 .
116 5095 521 5167 xxxv11,2.)utnujusmoui
548 5094 706 5152 allectunm
721 5095 849 5152 nomini·
904 5093 992 5150 deret.
1008 5093 1058 5148 Est
1079 5097 1106 5147 et
1121 5089 1178 5146 alia
1202 5103 1301 5158 causa,
1330 5103 1421 5160 quare
1450 5091 1501 5162 jus
1527 5091 1642 5148 nullum
1671 5092 1701 5149 iu
1715 5106 1749 5150 eo

79 5181 241 5238 translative
257 5184 380 5253 utimur,
407 5200 474 5241 oum
496 5185 531 5241 dc
552 5185 609 5242 Deo
632 5185 782 5257 loquimur
804 5192 847 5254 ut,
904 5182 1057 5249 babuerat,
1078 5181 1149 5253 quia
1179 5179 1227 5236 ille
1252 5194 1283 5236 se
1305 5179 1331 5236 ei
1355 5181 1538 5251 emancipare
1561 5195 1621 5238 non
1645 5182 1749 5252 potuit.

79 5269 164 5327 ndum
180 5270 324 5341 ellectum,
350 5281 378 5330 et
398 5288 457 5331 non
474 5274 634 5331 secundum
657 5273 791 5331 allectum
815 5273 850 5331 de
907 5272 1082 5341 Quanquam
1100 5269 1179 5327 enirn
1204 5268 1313 5341 aliquis
1336 5283 1438 5326 servus
1459 5267 1607 5325 adomino
1622 5283 1676 5326 suo
1700 5269 1751 5327 lu-

79 5358 273 5432 ntelligamus.
297 5362 364 5418 Tale
387 5370 429 5420 est
449 5362 561 5434 igitur:
577 5364 647 5419 Deus
687 5365 848 5431 arctasset,
905 5361 976 5433 giat,
992 5373 1051 5416 non
1077 5366 1172 5416 tamen
1197 5358 1280 5416 alteri
1307 5373 1336 5416 se
1363 5358 1497 5431 jurepro
1516 5372 1608 5416 servo
1635 5359 1751 5418 tradere
1854 5388 1858 5394 ·

98 5450 169 5508 oeus
191 5453 308 5522 pacatas
336 5455 386 5521 est,
409 5465 443 5509 ac
473 5452 499 5510 si
513 5451 648 5512 dicatur:
668 5452 744 5513 bens
766 5452 851 5525 punit
907 5455 1009 5523 potest.
1025 5448 1121 5522 Igitur
1146 5462 1215 5509 cum
1237 5462 1340 5512 servm
1361 5446 1620 5521 emancipationem
1642 5448 1690 5510 sui
1706 5448 1751 5508 la·
