3804 5962
571 277 698 335 nrnrm
718 276 784 337 sau
804 276 902 337 sciro
921 229 1097 335 rc‘resun.
1400 224 1404 239 ¹
1656 227 1708 330 eea

79 404 123 462 uit
147 402 226 477 qnod
247 416 314 462 eum
334 401 396 475 ipso
420 400 506 461 etiam
520 402 587 463 ritae
608 418 668 462 suae
683 404 812 477 periculo
827 404 852 459 il
866 417 932 462 nem
948 402 1046 461 anima
1059 402 1124 476 eiras
1139 400 1312 459 naturaliter
1327 399 1511 468 formidabat,
1536 413 1589 457 nec
1603 397 1707 456 volun·

80 493 131 551 iti
862 493 968 565 tarjum
989 494 1016 550 ci
1031 507 1092 550 esse
1109 500 1218 563 poterat
1238 490 1315 562 qirod
1334 489 1443 561 poeoule
1458 489 1576 546 sciebat.
1594 489 1633 544 lte
1649 502 1708 559 quo

100 582 126 639 si
149 582 322 652 respondeas
343 596 380 638 ex
401 581 551 640 voluntate
566 582 595 638 id
610 597 727 654 quoque
746 597 807 639 esse
861 597 927 639 cum
951 582 1018 639 alibi
1041 582 1186 652 Scriptum
1212 581 1271 636 sit:
1302 579 1413 635 obtutus
1432 582 1481 647 est,
1504 579 1569 644 quio
1585 579 1644 646 ipse
1659 592 1706 632 uo·

81 713 88 741 ,
105 685 173 727 cum
187 685 223 726 ex
239 670 388 725 voluntate
402 669 509 726 scilicet
521 680 642 727 mortem
656 671 806 737 evadendi,
863 673 913 726 tuit
926 672 990 743 (iso.
1007 687 1069 740 cru,
1087 673 1126 738 7),
1144 677 1195 726 aut
1212 669 1372 725 secuudum
1391 666 1554 723 Divinitatis
1569 674 1705 722 naturam

79 760 193 815 minum
216 773 302 815 suurn
327 758 483 826 occidendi,
500 760 649 815 constetin
669 759 722 815 hoc
740 774 807 815 enm
862 761 1060 831 accipiendum
1088 769 1136 822 est,
1162 760 1191 815 in
1216 758 1301 830 cujtrs
1323 757 1473 814 volrrntato
1489 755 1543 811 luit
1559 753 1643 810 ilium
1659 766 1705 809 as·

79 848 220 905 ductum:
247 860 437 918 nequaqnam
459 845 488 902 id
501 846 676 914 relellinrns;
694 848 753 916 sed,
775 855 808 904 ut
862 855 1013 920 sumptum
1034 848 1180 904 hominem
1204 847 1274 918 pati,
1297 852 1349 903 aut
1368 846 1453 900 votuit
1468 843 1578 900 dietum
1595 848 1637 898 est
1655 854 1706 911 pro

79 944 151 994 :tum
166 944 217 1004 est,
235 949 423 1008 nequaqnam
439 935 576 992 voluntas
592 935 646 992 ista
668 944 807 1008 tanquam
862 938 1007 1007 disposuit,
1027 937 1113 1007 juxta
1136 936 1207 992 illud
1226 935 1402 992 psalmista:
1430 929 1605 1002 Quocunque
1619 929 1706 986 uoluit

79 1033 99 1082 st
122 1025 321 1095 improbanda,
345 1038 497 1095 perquam
512 1024 567 1091 ille,
589 1032 621 1080 ut
635 1025 716 1093 dicis,
733 1040 806 1082 rnor·
862 1015 1022 1095 secttiPsot.
1046 1039 1124 1100 οιιιιι,
1142 1025 1177 1094 3).
1202 1028 1317 1082 Constat
1344 1023 1440 1094 itaque
1463 1029 1610 1092 peccatum
1637 1034 1707 1076 non·

79 1112 171 1180 edere,
196 1127 253 1169 uon
276 1113 427 1169 dominum
449 1112 541 1170 voluit
564 1114 710 1182 occidere;
727 1122 754 1171 et
771 1122 809 1170 ta·
863 1129 1018 1183 uunquam
1034 1114 1173 1170 committi
1190 1114 1252 1169 sine
1269 1112 1345 1169 mala
1369 1110 1484 1182 penitus
1499 1109 1656 1177 voluntate,
1675 1114 1707 1165 ut

78 1202 162 1273 liquit
183 1201 396 1268 consentiendo,
414 1202 549 1273 quamvis
568 1211 687 1259 coactus
707 1204 809 1260 timore
863 1218 899 1260 en
917 1203 969 1260 hoo
985 1203 1131 1275 liquidum
1147 1203 1185 1259 sit
1201 1201 1280 1274 quod
1299 1209 1448 1273 peccatum
1471 1206 1512 1255 est
1528 1198 1708 1256 uoluntatem

79 1291 199 1364 injustae,
224 1289 415 1346 interfectioni
439 1305 529 1362 qnam
544 1306 610 1347 eum
628 1291 722 1363 potins
736 1293 809 1349 terre
864 1306 922 1349 nou
939 1291 1005 1349 diei.

81 1377 176 1435 nierre
195 1379 340 1448 oportuit;
359 1378 488 1450 gladium
512 1379 620 1450 quippo
637 1379 739 1451 accipit
760 1394 810 1449 per
900 1378 1051 1450 Equidem,
1079 1379 1205 1451 inquies,
1223 1379 1262 1436 ita
1277 1385 1319 1436 est
1344 1377 1394 1434 ubi
1420 1377 1510 1435 coacti
1537 1389 1706 1446 peccamua3

99 1467 239 1524 traditum
263 1466 317 1523 sibi
337 1466 441 1524 habuit
460 1481 476 1522 a
493 1475 646 1538 potestate;
666 1469 742 1525 nude
755 1470 808 1528 Ve-
864 1471 913 1526 sed
929 1483 988 1527 uon
1014 1471 1062 1536 ita,
1080 1468 1132 1526 nhi
1148 1467 1275 1525 veientes
1292 1482 1299 1522 ε
1325 1467 1417 1541 veluti
1432 1468 1457 1523 si
1474 1465 1529 1523 tale
1544 1465 1618 1536 quid
1634 1478 1710 1521 com·

79 1557 179 1622 Omnis,
207 1555 312 1626 iuquit,
335 1558 384 1625 qui
404 1559 536 1626 occeperit
559 1557 694 1625 gladium,
717 1558 810 1624 plodio
846 1559 975 1615 ‘mittere
1000 1558 1135 1626 rotimus,
1162 1557 1239 1628 quod
1264 1570 1451 1628 nequaquam
1478 1555 1579 1612 debere
1595 1568 1612 1610 a
1629 1553 1712 1610 uobis

88 1643 196 1716 (biottb.
227 1657 311 1712 xxvi,
340 1646 384 1715 52)
409 1660 417 1711 ;
446 1644 499 1700 hoc
525 1652 566 1702 est
594 1646 807 1703 damnationem
824 1689 847 1746 B
865 1648 1004 1705 committi
1021 1648 1139 1704 scimus.
1168 1647 1210 1702 lbi
1227 1647 1334 1716 quippo
1355 1646 1432 1702 rnala
1460 1645 1510 1701 illa
1524 1644 1661 1701 voluutas
1683 1649 1711 1700 et

79 1733 181 1789 animae
205 1747 265 1788 suaa
283 1732 452 1789 occisionem
473 1748 509 1790 ex
524 1733 578 1790 hac
593 1738 750 1793 temeritate
766 1736 806 1792 in·
866 1744 1015 1809 peecatum
1032 1737 1107 1793 idem
1121 1750 1182 1792 esse
1197 1736 1331 1792 videtur:
1350 1735 1431 1792 verbi
1449 1735 1552 1806 gratia,
1569 1733 1646 1790 videt
1661 1731 1712 1788 ali·

96 1820 194 1879 Voluit
219 1821 317 1892 itaque
346 1828 378 1877 ut
401 1822 510 1878 dictum
541 1831 593 1892 est,
618 1824 665 1880 ille
689 1832 807 1881 mortem
864 1826 931 1897 quis
951 1824 1101 1881 mulierem
1117 1831 1145 1880 et
1170 1824 1199 1880 iu
1216 1824 1479 1895 concupiscentiam
1497 1821 1596 1878 incidit
1616 1828 1643 1879 et
1659 1821 1711 1878 de-

79 1927 93 1979 ι,
115 1924 173 1966 οοο
193 1910 343 1966 dominum
368 1911 517 1982 occitlere;
542 1912 591 1967 sed
608 1913 678 1982 qnia
693 1915 722 1969 in
738 1913 810 1969 occi·
864 1914 1014 1971 lactatione
1030 1913 1127 1969 carnis
1143 1927 1224 1969 mens
1239 1914 1304 1984 ejns
1321 1912 1462 1985 tangitur,
1479 1919 1512 1968 ut
1528 1911 1564 1967 ad
1582 1910 1709 1981 turpitu-

84 1999 237 2066 aonsensit,
262 1998 392 2069 inquam
415 2013 474 2055 uon
501 1999 610 2066 debuit,
631 2001 807 2072 hicejusin·
865 2002 962 2058 dinem
991 2002 1084 2059 coitus
1107 2001 1291 2058 accendatur.
1326 2001 1393 2058 Haec
1423 2015 1494 2073 ergo
1520 1999 1655 2056 voluntas
1684 2004 1712 2054 et

88 2101 245 2144 consensus
274 2087 325 2158 qui
353 2086 526 2144 occisionem
553 2089 697 2158 praecessit
710 2103 808 2160 pecca·
866 2099 949 2161 turpe
965 2090 1143 2148 desiderium
1159 2090 1231 2162 qnid
1246 2089 1338 2158 aliud,
1357 2089 1466 2162 inquis,
1483 2096 1526 2146 est
1541 2101 1631 2161 quant
1647 2100 1709 2159 peo·

80 2182 100 2232 t.
866 2180 985 2236 catum?

94 2262 205 2335 siquis
230 2263 301 2321 lorte
328 2263 429 2322 dicat:
455 2264 529 2332 Quia
545 2265 637 2324 noluit
653 2265 812 2323 interficere
903 2267 1086 2338 Respondeo:
1112 2266 1184 2335 Quid
1214 2267 1238 2323 si
1268 2267 1323 2324 ista
1346 2265 1482 2347 voluutas
1515 2264 1712 2337 temperantia

79 2368 114 2410 tm
139 2367 225 2409 suum
251 2360 368 2424 propter
397 2354 452 2410 hoc
477 2361 509 2410 ut
524 2363 645 2412 mortem
669 2355 812 2425 evaderet,
866 2357 975 2415 virtuto
999 2357 1159 2413 relreuetur
1183 2369 1235 2412 uec
1252 2363 1347 2413 tamen
1372 2356 1585 2427 exstinguatur,
1609 2355 1644 2410 ad
1663 2368 1713 2425 pn·

79 2456 109 2499 eo
132 2441 299 2512 simpliciter
322 2441 428 2498 iulerre
453 2450 543 2514 potest
562 2446 630 2513 quio
653 2444 738 2499 uetuit
754 2461 814 2499 oum
868 2461 958 2518 guam
975 2453 1141 2516 permaneat
1156 2453 1184 2501 et
1205 2445 1242 2502 ad
1267 2453 1412 2502 certamen
1438 2444 1572 2515 persistat
1587 2457 1640 2499 neo
1664 2442 1710 2498 de·

79 2547 101 2599 ³3
118 2530 209 2587 veluti
237 2532 261 2587 si
286 2531 380 2588 dicam
405 2532 511 2589 alieni:
542 2532 616 2598 Quia
631 2533 694 2590 volo
714 2543 746 2591 ut
763 2535 812 2590 ha·
867 2533 946 2591 ficiat
962 2535 1061 2591 victa?
1078 2534 1143 2605 (ubi
1160 2534 1237 2590 enim
1255 2533 1394 2605 pugua,si
1403 2532 1553 2604 pugnandi
1569 2532 1642 2588 desit
1653 2542 1711 2603 ma·

79 2619 181 2690 oppam
207 2633 299 2676 meam
321 2627 436 2690 propter
457 2621 511 2677 hoc
532 2629 564 2678 ut
579 2621 627 2678 des
642 2622 712 2678 mihi
727 2623 814 2693 qniu-
868 2622 964 2680 teria‘i
987 2631 1037 2678 aut
1062 2623 1140 2679 uude
1158 2622 1310 2692 praemium
1328 2621 1447 2692 grande,
1465 2621 1490 2677 si
1506 2635 1564 2676 non
1581 2621 1618 2676 sit
1634 2617 1713 2690 quod

80 2707 151 2775 idos,
172 2707 216 2764 vel
238 2723 244 2763 :
266 2708 387 2764 libenter
412 2723 475 2765 eam
504 2723 555 2779 pro
581 2711 671 2780 pretio
687 2711 740 2767 isto
753 2712 814 2768 lteri
869 2706 1023 2769 toleremus
1039 2713 1160 2783 gravei)
1178 2710 1251 2768 Cnru
1267 2719 1412 2767 certamen
1429 2708 1560 2776 deluerit,
1578 2706 1712 2777 uoniam

79 2793 142 2860 roto,
165 2808 223 2849 non
247 2794 309 2850 ideo
335 2795 458 2852 concedo
485 2797 564 2867 quod
578 2811 640 2854 eam
662 2805 742 2855 tuam
755 2814 816 2862 essu
869 2809 999 2873 superest
1017 2814 1160 2872 pugnare,
1178 2799 1226 2855 sed
1244 2799 1393 2869 praemium
1411 2797 1571 2869 percipere;
1597 2795 1645 2851 hic
1659 2808 1710 2850 au·

90 2880 144 2938 Sed
170 2888 198 2937 et
225 2880 248 2937 si
266 2882 331 2952 quis
357 2883 386 2938 in
414 2897 528 2940 carcere
557 2886 729 2942 constrictus
748 2886 816 2941 velit
870 2897 926 2946 tem
944 2889 1099 2960 pugnando
1115 2896 1269 2956 certamus,
1286 2895 1319 2944 ut
1343 2886 1413 2943 alibi
1429 2885 1595 2942 certaminis
1612 2884 1711 2940 trium·

79 2982 166 3026 suurn
190 2970 228 3025 ibi
254 2985 304 3040 pro
332 2986 361 3026 se
390 2985 504 3042 ponere,
531 2981 560 3027 ut
589 2974 813 3044 redemptionem
869 2977 1133 3051 phatorescorona
1158 2977 1363 3048 percipiamus.
1390 2976 1426 3035 Ut
1450 2989 1517 3032 vero
1542 2986 1642 3046 progna
1664 2971 1711 3038 sit,

79 3059 224 3129 erqnirat,
253 3060 387 3131 uunquid
414 3060 476 3117 ideo
502 3061 670 3131 simpliciter
683 3063 812 3118 concedi·
869 3067 979 3123 hostem
1001 3079 1061 3122 esse
1083 3065 1218 3122 convenit
1244 3066 1295 3136 qui
1311 3065 1435 3132 resistat,
1452 3078 1510 3120 non
1526 3063 1577 3134 qui
1594 3073 1713 3132 prorsus

79 3146 135 3204 uod
164 3146 358 3204 tiliumsuum
380 3149 409 3204 in
435 3163 579 3206 carcerem
608 3151 813 3214 mitterevetit,
868 3154 991 3211 deliciet.
1010 3155 1215 3212 Haecveroest
1232 3154 1481 3212 nostravolnntas
1497 3151 1584 3219 maia,
1601 3149 1713 3221 deque

79 3250 142 3292 anm
168 3237 430 3307 magnislacrynris
452 3247 566 3294 etcum
582 3239 680 3295 multis
703 3239 827 3310 gemiti.
869 3241 1094 3313 triumphamus,
1120 3256 1187 3298 cum
1209 3255 1273 3298 earn
1297 3240 1402 3298 divinae
1427 3241 1632 3312 subjugamus,
1662 3249 1715 3299 nec

79 3322 179 3380 ttinere
198 3323 333 3395 cogituri
347 3323 411 3380 Non
430 3324 533 3395 ntique
556 3324 629 3394 talis,
648 3324 689 3381 uti
708 3325 747 3380 ita
768 3325 815 3380 dt-
868 3343 932 3386 eam
962 3344 1079 3400 prorsus
1109 3330 1320 3402 extinguimus,
1352 3339 1384 3386 ut
1414 3343 1525 3401 semper
1555 3327 1715 3384 habeamus

79 3411 205 3479 oluntas,
222 3426 288 3483 quae
300 3413 329 3468 in
345 3413 556 3484 magnodolore
567 3414 656 3470 animi
672 3413 813 3482 consistit,
868 3426 1073 3489 contraquam
1089 3418 1272 3476 dimicemus.

79 3516 87 3557 t
114 3493 321 3570 est'ooluutus,
356 3503 403 3556 sed
439 3502 534 3572 potius
558 3506 663 3572 passio.
695 3503 730 3559 iit
760 3503 815 3559 tale
905 3506 980 3572 Quid
1005 3508 1083 3563 euim
1111 3522 1250 3580 inagnum
1279 3521 1328 3579 pro
1352 3510 1410 3563 Deo
1432 3507 1564 3574 lecimus,
1588 3504 1610 3560 si
1641 3501 1714 3558 nihil

79 3589 183 3646 niahoc
205 3591 399 3661 rultpropter
424 3590 506 3658 illud,
525 3598 665 3662 tanquam
689 3591 713 3647 si
740 3591 814 3648 dice·
868 3603 973 3652 nostrae
1007 3596 1149 3652 voluntati
1171 3597 1326 3652 adversum
1358 3595 1523 3662 toleramus,
1547 3593 1596 3650 sed
1621 3590 1715 3662 magis

81 3677 134 3734 uia
150 3677 232 3749 quod
248 3692 303 3734 non
321 3678 383 3735 vnit
399 3679 499 3735 tolerat
516 3686 630 3749 propter
645 3679 726 3746 illud,
737 3681 814 3750 quod
869 3684 946 3754 quod
964 3683 1098 3741 volumus
1115 3683 1295 3754 implemus?
1312 3683 1385 3749 eris
1400 3683 1506 3739 etenim
1521 3681 1605 3739 nohis
1621 3679 1714 3752 gratis

79 3774 119 3824 at.
137 3766 183 3823 Sic
206 3776 233 3823 et
251 3768 384 3824 infirmus
401 3768 458 3834 nri,
475 3767 520 3823 vel
537 3768 627 3824 secari
648 3767 765 3834 dicitur,
783 3776 815 3824 nt
869 3773 981 3840 habeat,
1003 3773 1027 3828 si
1050 3773 1079 3828 in
1102 3787 1135 3830 eo
1161 3773 1237 3843 quod
1262 3787 1312 3842 pro
1328 3774 1387 3842 ipso
1403 3785 1455 3828 nos
1471 3771 1563 3827 lacere
1577 3768 1713 3834 dicimus,

79 3870 93 3922 ἰ
119 3863 147 3912 et
168 3864 309 3926 martyres
334 3857 404 3927 pati,
430 3863 461 3913 nt
486 3857 522 3913 ad
547 3856 694 3913 Christum
716 3869 815 3926 perve-
868 3862 1046 3919 voluntatem
1063 3868 1190 3918 nostram
1208 3860 1400 3930 impleamus?
1416 3867 1467 3914 ant
1484 3858 1568 3928 quid,
1587 3855 1713 3926 inquies,

80 3943 215 4001 Christus
231 3945 300 4015 ipse,
309 3953 341 4001 ut
357 3960 410 4001 nos
425 3947 489 4018 ejus
506 3945 637 4015 passione
654 3945 812 4002 salvamur.
869 3951 946 4022 apud
963 3951 1053 4007 Deum
1066 3963 1211 4006 meremur
1225 3963 1258 4005 ex
1274 3963 1308 4004 eo
1324 3948 1401 4018 quod
1419 3946 1546 4003 volentes
1561 3949 1613 4000 aut
1630 3942 1714 3999 iuviti

79 4046 143 4091 meu
170 4033 232 4089 idco
254 4035 422 4104 simpliciter
447 4035 600 4090 concedere
624 4034 759 4106 cogimur
783 4042 815 4092 ut
869 4039 1008 4111 agimus?
1023 4038 1101 4096 Nihil
1131 4045 1205 4095 certe
1232 4036 1406 4108 respondeo:
1424 4049 1492 4092 cum
1507 4035 1567 4106 ipse
1582 4033 1713 4088 animum

82 4122 142 4194 iut;
168 4136 315 4193 nusquam
339 4123 417 4179 enim
444 4124 538 4194 passio
563 4136 622 4180 esse
643 4130 741 4192 potest,
760 4125 815 4181 nisi
870 4129 965 4200 potius
981 4142 1070 4199 quam
1086 4127 1229 4184 actionem
1246 4124 1273 4182 iu
1290 4125 1521 4182 remuneratione
1538 4128 1645 4193 penset,
1664 4134 1716 4176 nec

79 4217 136 4267 rtra
156 4209 334 4267 voluntatem
351 4211 463 4282 aliquid
479 4210 525 4282 fit3
544 4226 597 4268 nec
614 4212 770 4283 quisquan
785 4212 815 4268 in
870 4217 1035 4288 quidquam
1060 4217 1096 4273 ad
1119 4217 1258 4272 meritum
1282 4215 1355 4271 actio
1378 4214 1464 4270 addat
1488 4212 1549 4269 sive
1577 4210 1714 4277 debona,

79 4304 145 4368 itur,
169 4299 219 4355 uhi
245 4313 327 4355 suam
351 4300 449 4371 implet
467 4300 644 4356 volumtatem
676 4308 703 4357 et
737 4302 815 4371 quod
870 4306 931 4362 sive
955 4305 990 4362 de
1012 4306 1089 4362 mala
1112 4306 1261 4362 voluntate
1285 4304 1412 4375 prodeat,
1440 4300 1714 4372 sioutpostmodum

79 4402 121 4444 rm
146 4388 280 4445 oblectat.
311 4388 347 4444 Et
377 4396 452 4444 certe
477 4389 641 4459 Apostolus,
670 4390 721 4460 qui
747 4390 789 4446 ait
807 4369 1063 4450 :Descendemus
1102 4393 1176 4449 Cum
1207 4407 1275 4450 raro
1305 4393 1485 4450 voluntatem
1515 4391 1581 4462 eius
1609 4398 1715 4446 nostrae

79 4477 131 4549 2⁷⁸)
152 4476 275 4544 dissolvi,
292 4483 317 4531 et
336 4492 391 4532 esse
406 4493 466 4531 eum
485 4478 591 4535 Christo
615 4477 700 4542 (Phil.
718 4494 737 4546 r,
754 4479 810 4549 23).
869 4483 1074 4553 praeponimus,
1093 4490 1125 4539 ut
1142 4482 1221 4539 iilius
1239 4482 1334 4553 potins
1354 4495 1444 4552 quarn
1466 4489 1594 4537 nostram
1610 4489 1712 4548 sequa·

79 4564 105 4623 id
125 4566 180 4622 hoo
196 4567 269 4621 mori
286 4572 318 4622 ut
344 4565 460 4622 adeum
478 4566 654 4636 perveniam,
671 4567 730 4637 ipse
746 4567 814 4623 alibi
868 4585 944 4639 rriur,
962 4584 1102 4642 maguum
1111 4571 1188 4640 apud
1203 4585 1272 4628 enm
1289 4571 1425 4626 meritum
1435 4568 1599 4626 obtinemus
1608 4583 1618 4636 ;
1631 4566 1715 4637 juxta

79 4661 191 4712 morat:
219 4655 351 4712 Nolumus
375 4656 534 4724 exspoliari,
556 4655 604 4710 sed
625 4659 811 4726 supervestiri,
868 4660 947 4716 illam
978 4658 1114 4717 Veritatis
1137 4659 1364 4730 perlectionem:
1392 4658 1455 4715 Non
1472 4656 1538 4714 veui
1560 4655 1653 4712 iacere
1668 4669 1712 4710 uo·

79 4742 185 4798 ’beatur
203 4745 317 4798 mortale
338 4760 355 4798 o
378 4747 436 4798 vito
458 4744 498 4813 (ll
514 4745 573 4800 Cor.
600 4759 628 4813 v,
659 4744 696 4816 l).
721 4744 813 4812 Quam
869 4750 1001 4805 luutntem
1010 4764 1107 4815 meum,
1130 4750 1178 4804 aad
1191 4750 1250 4818 ejus
1266 4750 1316 4818 qui
1334 4749 1409 4802 misit
1424 4762 1465 4801 me
1478 4745 1574 4816 (Joou.
1591 4757 1631 4810 vr,
1650 4742 1709 4815 38).

79 4832 244 4891 cutentiam
264 4846 281 4887 a
298 4830 418 4889 homino
434 4831 541 4888 dictam
558 4833 661 4889 beatus
676 4834 815 4905 Augusti·
868 4837 912 4895 hd
929 4838 1007 4910 quod
1026 4846 1053 4894 et
1077 4852 1131 4894 nos
1153 4837 1310 4894 exhortans
1325 4838 1384 4892 ait:
1403 4837 1435 4890 st
1451 4835 1511 4901 quis
1526 4832 1647 4890 veuited
1662 4846 1713 4899 me,

79 4920 181 4984 minio,
208 4921 258 4977 uhi
275 4921 359 4977 Petro
384 4921 478 4977 dixit:
495 4922 813 4978 noteudesuouustuas
867 4932 893 4982 et
917 4943 971 4982 uon
998 4927 1057 4983 odit
1082 4931 1198 4996 putrem,
1226 4931 1252 4980 et
1282 4930 1442 4987 matrem...,
1475 4921 1670 4977 adiuuantium
1689 4925 1715 4975 et

99 5010 280 5079 baugenci
298 5009 376 5065 ducet
394 5015 563 5081 quogtuuou
581 5013 621 5066 uis
642 5011 730 5084 (toan.
749 5025 812 5078 xxi,
867 5017 988 5072 unimam
1016 5031 1106 5081 suom,
1136 5027 1194 5070 non
1224 5020 1266 5070 est
1286 5027 1331 5069 me
1347 5012 1453 5084 dignus
1469 5010 1629 5082 (ιιοιιι,
1645 5008 1712 5081 td);

79 5099 97 5155 ιι
112 5099 199 5154 etiam
221 5098 307 5169 juxta
332 5098 529 5156 infirmitatem
552 5101 686 5156 hnmanae
701 5108 815 5157 naturae
868 5104 922 5161 hoc
946 5111 1000 5167 est,
1026 5102 1084 5159 nisi
1100 5101 1335 5174 suggestionibus
1350 5113 1451 5158 eorum
1467 5099 1513 5156 vei
1528 5099 1652 5170 propria
1667 5112 1716 5156 re·

81 5195 143 5244 tam
163 5185 241 5243 Patri
258 5187 297 5242 ait
315 5202 322 5243 :
338 5188 371 5242 St
381 5188 512 5257 possibile
535 5192 583 5258 est,
602 5194 722 5244 trauseat
739 5206 756 5244 o
773 5205 816 5245 aue
868 5192 982 5249 nuntiet
998 5190 1150 5260 voluntati,
1166 5197 1194 5247 et
1211 5189 1450 5261 preceptionibus
1465 5190 1536 5245 meis
1551 5202 1582 5245 se
1596 5188 1716 5245 omnino

80 5280 118 5346 te,
139 5291 233 5330 uuum
248 5280 339 5331 tumea
360 5291 414 5330 uou
430 5279 500 5332 sicut
514 5292 562 5346 epo
581 5279 649 5345 uoto,
673 5277 721 5333 sed
743 5281 814 5334 sicut
868 5280 1014 5350 subjiciat.
1040 5279 1120 5336 Sicut
1144 5294 1212 5352 ergo
1237 5286 1346 5349 patrem
1371 5278 1462 5346 odire,
1491 5292 1551 5334 nou
1575 5277 1716 5349 perimere

79 5365 430 5437 t.xxr1,39).btagnam
456 5366 564 5437 qnippe
590 5366 689 5424 mortis
706 5368 812 5438 passio·
864 5368 1023 5441 jubemur:
1048 5368 1088 5425 ita
1112 5375 1140 5425 et
1166 5368 1344 5426 voluntatem
1359 5374 1498 5438 nostram,
1517 5372 1549 5424 ut
1572 5380 1630 5423 uon
1651 5379 1716 5428 eam

79 5540 165 5616 iulg.
184 5540 542 5612 &tumulentuose
