3736 5962
47 147 93 199 a:
829 147 946 202 senno
966 147 1000 204 ι.
1741 127 1802 215 aa

47 268 176 337 trepidus
201 284 207 323 :
235 276 315 340 gerat
342 282 409 338 qnae
431 268 569 336 Christus,
590 277 617 324 et
642 269 667 325 ei
697 268 891 340 indulgemus.
909 271 933 325 A
950 270 1030 328 liudo
1051 280 1078 328 et
1103 271 1215 328 Natum
1238 274 1453 331 Testamentum
1480 276 1628 347 discipulis
1655 281 1795 341 Dominus

46 357 112 412 Cum
130 367 232 414 antem
248 357 306 413 vita
329 356 452 412 hominis
467 357 585 413 tentatio
600 357 645 424 sit,
665 365 693 413 et
709 356 782 414 inter
797 359 898 428 epulas
953 363 1090 417 tradens:
1107 362 1169 418 Nisi
1185 361 1378 429 abundaverit,
1391 364 1619 435 incultissima
1632 374 1732 436 restra,
1746 377 1800 427 eto.

47 459 173 501 nastttte
187 445 327 502 sobrietas
340 455 448 514 pereat,
466 445 599 502 honestas
614 445 797 516 periclitetur,
814 447 899 503 lusu·
954 448 1062 520 (licitu
1089 465 1116 517 v,
1141 449 1197 520 ab).
1224 451 1297 507 ιιιιιι
1323 453 1408 509 etiam
1444 454 1616 512 duentttenta
1643 457 1713 530 legis
1735 457 1802 515 rudi

47 534 83 589 tia
97 533 308 590 uinvalcscat:
326 542 404 589 tauto
421 534 483 590 haeu
496 533 629 590 convivia
641 535 765 603 amplius
782 536 899 591 vitanda
954 539 1058 607 pupulo
1081 539 1157 607 data,
1183 539 1286 596 littoris
1310 553 1516 611 comparantur
1536 543 1738 617 potiusquam
1757 545 1803 601 di·

46 632 122 690 snnt,
148 633 263 692 quanto
282 622 487 680 eornmtritam
506 622 708 679 invirtutibus
731 628 900 692 ptaeutinere
953 627 1106 692 ottonibus,
1135 627 1179 683 vel
1207 630 1398 687 orationibus.
1432 631 1544 687 Litterae
1569 633 1675 705 quippe
1702 643 1802 691 carent

47 712 135 768 tecet.
149 712 235 778 Quod
252 725 320 768 vero
333 712 418 783 aquis
433 712 462 767 iu
479 712 582 768 vinum
597 714 744 768 conversis
762 712 901 768 cantius
953 715 1171 786 significatione.
1197 718 1233 774 Et
1260 718 1423 776 intellectus
1441 718 1513 791 legis
1541 728 1680 793 tauquam
1701 722 1802 780 littere

48 800 192 857 hominus
216 800 322 869 reiecit,
352 810 483 872 patenter
501 801 624 857 ostendit
649 814 836 872 nequaquam
863 815 900 857 es

48 890 213 960 indigentia
237 891 291 947 cibi
321 904 351 945 se
376 891 411 946 ad
445 890 562 960 nuptias
591 890 714 960 venisse,
742 892 791 946 sed
816 892 898 961 quasi

48 992 125 1034 more
141 979 260 1035 illorum
283 979 336 1049 qni
358 978 487 1050 symbola
510 978 662 1035 cuniernnt
685 979 750 1049 plns
773 978 830 1035 illic
851 993 899 1048 po·

47 1069 148 1135 tuisse,
173 1081 262 1137 qnam
283 1070 449 1136 sumpsisse.
477 1069 541 1138 lpse
566 1067 672 1138 quippe
693 1075 747 1132 est,
761 1066 812 1138 qui
828 1066 899 1122 nihil

48 1156 139 1225 gratis
165 1154 278 1225 arripit,
310 1164 380 1212 teste
407 1157 540 1227 Apostolu
564 1157 615 1226 qni
638 1157 676 1211 ait
700 1171 707 1210 :
735 1158 833 1212 Beatus
860 1160 900 1210 est

49 1245 114 1300 dare
128 1247 220 1313 mapis
232 1260 315 1314 panta
330 1246 449 1314 occipere
464 1244 537 1314 (Act.
555 1259 604 1311 xx,
622 1244 676 1315 35).

82 1334 235 1400 Quaestum
250 1334 340 1404 igitur
355 1335 486 1402 prasenti
506 1333 679 1390 solemnitati
696 1332 833 1390 universa
847 1333 894 1390 de·

50 1423 114 1478 beat
131 1422 271 1491 Ecclesia,
290 1436 326 1478 ιι
352 1422 396 1478 his
412 1435 478 1491 ιιι
500 1422 577 1477 dicta
599 1430 669 1479 sunt
681 1423 820 1478 attendat.
838 1422 901 1477 bla-

49 1526 98 1582 pos
113 1510 259 1581 primitias
278 1511 408 1582 gentium
432 1525 508 1567 nova
523 1511 607 1567 hodie
621 1511 702 1568 stella
725 1511 811 1582 quasi
827 1526 901 1581 qno.

48 1601 115 1656 dam
133 1600 348 1671 praedicationis
374 1600 457 1656 modo
481 1601 516 1656 ad
542 1599 626 1655 iidem
650 1600 800 1668 convertit,
821 1608 849 1656 et
864 1600 901 1654 ad

49 1689 203 1746 Christum
218 1688 350 1745 adduxit.
371 1688 452 1745 Unde
470 1703 523 1745 nos
538 1688 589 1759 qni
609 1689 643 1745 de
658 1689 793 1760 gentibus
807 1688 901 1745 vocati

48 1778 198 1845 venimus,
220 1777 295 1834 hano
321 1779 466 1849 praeeipne
486 1778 668 1834 testivitatem
693 1786 832 1848 tauquam
847 1792 902 1833 no-

47 1875 113 1924 strae
129 1866 326 1923 conversionis
341 1866 493 1923 exordium
506 1867 692 1923 celebremus.
709 1867 740 1922 lu
755 1866 903 1939 ‚baptismo

48 1956 136 2012 etiam
160 1955 265 2013 Christi
289 1955 383 2025 ipsum
415 1959 503 2013 totius
534 1955 752 2012 christianitatis
786 1955 902 2012 initium

48 2045 133 2102 uobis
164 2044 399 2102 eotnmeodatum
436 2059 615 2102 veneremur.
653 2045 750 2101 llonor
770 2044 902 2116 {denique

48 2136 161 2205 nuptiis
180 2134 330 2192 exhibitus
352 2148 402 2205 per
426 2135 534 2205 ipsum,
550 2149 689 2206 magnum
704 2141 747 2190 est
765 2133 901 2191 solatium

50 2223 217 2281 infirmitati
240 2224 475 2294 conjugatorum.
498 2221 573 2277 Bene
593 2221 690 2278 emnia
713 2220 789 2291 lecit,
809 2231 837 2279 ιι
851 2223 903 2278 be-

50 2311 188 2368 nedictus
206 2311 235 2367 io
249 2312 357 2368 secula
370 2311 416 2367 sit.
430 2313 532 2367 Amen.

389 2471 508 2530 sunno
533 2471 567 2529 V.

215 2631 244 2672 ut
263 2629 475 2673 rnntrtuttrtomt
499 2629 614 2672 staura
637 2627 741 2670 manta.

87 2763 158 2818 Cum
181 2774 299 2816 essemus
318 2759 443 2829 paruuli,
469 2757 623 2829 Apostolus
642 2758 693 2826 ait,
715 2758 765 2814 sub
786 2760 899 2814 summa-

954 805 1108 862 occidentis
1139 806 1266 876 mysticis
1296 808 1488 865 obumbratus
1526 811 1631 877 verbis,
1663 810 1729 868 rntli
1762 811 1803 869 illi

955 893 1059 962 populo
1074 906 1132 948 non
1152 894 1253 965 patuit.
1278 894 1373 952 Verba
1388 897 1487 967 itaque
1502 895 1574 969 lepis
1595 898 1679 970 qnasi
1695 898 1805 957 litteras

952 981 1043 1037 tudtei
1060 981 1237 1045 habuerunt,
1254 983 1324 1054 quia
1347 984 1376 1039 in
1390 985 1432 1039 eis
1455 985 1597 1054 spiritales
1621 996 1649 1045 et
1670 988 1806 1059 mysticos

953 1080 1123 1124 sensusnou
1138 1069 1354 1138 intellexerunt,
1366 1072 1393 1127 in
1410 1073 1518 1143 quibus
1534 1074 1678 1144 praeeipne
1694 1074 1806 1133 utilitas

953 1157 1083 1213 consistit
1104 1158 1309 1222 intelliueotite.
1326 1158 1395 1226 Qttae
1409 1162 1528 1231 qnidam
1545 1163 1685 1232 spiritalis
1700 1163 1804 1220 intelli·

954 1248 1051 1317 gentis
1066 1246 1137 1318 legis
1151 1249 1333 1315 spiritusuitae
1348 1253 1425 1304 estin
1441 1254 1508 1304 rotis
1519 1251 1625 1320 (Erech.
1642 1266 1660 1318 t,
1670 1251 1727 1323 illl,
1743 1251 1805 1308 sine

954 1349 1014 1406 qua
1028 1336 1073 1391 los
1088 1335 1150 1404 ipsa
1170 1336 1268 1392 litterae
1288 1346 1473 1407 eomparatur
1485 1339 1635 1395 occidenti.
1653 1339 1710 1405 Oui
1727 1341 1805 1397 enim

954 1425 1014 1480 solo
1030 1424 1129 1479 lttterae
1151 1439 1237 1481 sensu
1259 1425 1383 1482 conteuti
1406 1435 1484 1493 sunt,
1504 1435 1532 1483 et
1557 1428 1586 1483 iu
1608 1428 1661 1484 hoc
1683 1427 1804 1499 justitiae

960 1512 1044 1568 linem
1061 1510 1115 1568 sibi
1135 1522 1325 1578 consumunt,
1343 1514 1433 1584 ipsam
1457 1515 1512 1572 sibi
1535 1516 1657 1573 litteram
1682 1516 1711 1571 in
1731 1529 1806 1573 mor·

959 1606 1013 1655 tem
1029 1608 1211 1656 convertunt.
1229 1600 1264 1658 Ut
1278 1602 1353 1658 enim
1382 1602 1482 1659 beatus
1506 1604 1637 1660 meminit
1661 1605 1805 1675 iherony-

957 1702 1043 1743 mus:
1070 1711 1081 1737 ι
1106 1688 1216 1745 Timum
1240 1704 1392 1747 servornm
1416 1701 1469 1759 est,
1501 1705 1599 1748 amare
1622 1691 1759 1749 illorum.
1788 1713 1803 1743 ι

956 1775 1015 1832 Sub
1039 1776 1187 1832 elententis
1214 1778 1274 1833 istis
1301 1781 1431 1835 serviunt
1447 1780 1498 1850 pul
1528 1780 1628 1836 timore
1653 1792 1805 1850 poenarnm

957 1864 986 1921 in
1011 1865 1072 1936 lege
1107 1866 1340 1932 constitutarum,
1362 1881 1429 1923 cnm
1462 1868 1588 1925 dicitnr:
1620 1871 1731 1925 beatem
1751 1883 1803 1940 pro

956 1954 1047 2021 dente,
1071 1962 1137 2020 etc,
1177 1955 1274 2025 (Ecod.
1307 1971 1363 2023 ιιι,
1391 1956 1447 2027 ιι),
1480 1957 1516 2013 ad
1542 1956 1732 2014 obedientiam
1761 1970 1806 2015 ιι

957 2052 1069 2112 gntttnr
1092 2051 1123 2098 ut
1138 2047 1224 2111 servi,
1247 2058 1304 2100 uun
1320 2058 1416 2101 amare
1431 2045 1581 2102 ducuntur
1596 2054 1627 2102 nt
1644 2045 1707 2102 tilii.
1724 2044 1806 2104 Unde

956 2137 984 2187 et
1000 2140 1062 2200 post
1078 2133 1196 2188 medum
1220 2134 1279 2202 ipse
1303 2134 1456 2203 Apostolus
1479 2135 1536 2191 duo
1559 2135 1738 2192 Testamenta
1754 2147 1804 2205 per

956 2222 1036 2291 Agar
1058 2221 1204 2291 ancillam,
1232 2231 1260 2279 et
1283 2221 1383 2279 Sarum
1411 2222 1530 2279 liberam
1557 2223 1750 2295 distinguens,
1771 2222 1804 2279 il·

956 2309 1006 2364 lud
1022 2309 1051 2364 iu
1066 2311 1216 2380 servitute,
1233 2311 1308 2367 istud
1325 2311 1355 2367 iu
1371 2311 1501 2368 libertate
1516 2313 1642 2369 declarat
1662 2312 1803 2382 populum

957 2397 1013 2453 lieo
1038 2411 1187 2468 generare,
1210 2407 1237 2455 et
1261 2401 1345 2470 attasi
1367 2400 1403 2456 ad
1426 2400 1616 2457 obediendum
1640 2401 1666 2456 ιι
1693 2412 1804 2457 ιιιιιι.

958 2487 1037 2542 Unde
1056 2497 1084 2543 et
1108 2487 1178 2544 illud
1204 2489 1360 2551 servitutis,
1383 2489 1437 2545 hoc
1459 2489 1672 2546 Testamentum
1699 2487 1806 2545 dicitur

957 2574 1118 2631 libertatis:
1144 2577 1216 2632 illud
1236 2575 1344 2633 timoris
1368 2577 1422 2633 hoo
1438 2578 1566 2634 amotis:
1588 2577 1661 2635 illud
1687 2576 1805 2634 inchoa·

957 2664 1052 2730 tionis,
1081 2665 1133 2720 hoc
1164 2664 1353 2734 perfeetionis.
1381 2666 1420 2721 De
1448 2680 1507 2736 qua
1535 2680 1615 2722 nnnc
1634 2665 1805 2735 perfectione

958 2753 1134 2824 subjungit:
1151 2753 1200 2820 At,
1223 2753 1271 2808 ubi
1293 2757 1367 2808 acuit
1384 2753 1530 2824 plenitudo
1549 2756 1677 2824 temporis
1699 2753 1803 2825 (liciat.

53 2853 88 2905 lis
102 2848 203 2904 mundi
224 2861 332 2902 eramus
358 2849 513 2902 servientes.
530 2848 579 2915 At,
604 2846 740 2901 ubioeuit
757 2847 902 2917 plenitudo
920 2852 941 2908 c
958 2856 997 2907 ιι,
1021 2842 1079 2914 ιι).
1119 2841 1327 2899 Plenitndinem
1367 2843 1502 2912 temporis
1531 2843 1683 2913 perlectam
1713 2841 1806 2900 nundi

53 2943 198 3010 temporis,
211 2939 287 2992 misit
304 2938 377 2991 Deus
389 2938 490 2992 Titium
505 2952 595 3004 satiat,
611 2937 715 3003 sactum
730 2952 765 2991 ec
779 2937 901 3000 atuiiere,
958 2939 1071 2988 retatettt
1087 2931 1166 2999 dicit,
1198 2938 1259 3000 post
1284 2931 1355 2987 illud
1384 2939 1495 3000 tempus
1518 2935 1706 3001 parvulorum
1727 2928 1806 3002 quoti

53 3031 160 3096 suetum
174 3027 224 3083 sub
239 3030 313 3094 tepe;
339 3033 371 3081 ut
391 3028 500 3095 eosqui
518 3025 569 3080 sab
589 3025 646 3093 iepc
667 3031 747 3080 eraut
760 3025 904 3080 redimeret
958 3019 1105 3090 praemisit.
1133 3018 1196 3075 Non
1216 3019 1292 3074 enim
1316 3019 1375 3089 jam
1400 3019 1514 3090 parvuli
1535 3019 1593 3075 sita
1614 3018 1657 3075 ιιι
1674 3017 1807 3076 doctrina

54 3123 85 3172 ut
107 3116 283 3185 adoptionem
304 3114 424 3183 tiliorum
445 3117 635 3183 reciperemus.
657 3110 791 3178 Οιιιιιιι
813 3119 904 3168 autem
959 3107 1114 3165 Christiani
1136 3107 1249 3163 dicendi
1274 3114 1353 3174 snut,
1376 3106 1451 3163 siunt
1474 3107 1513 3162 illi
1543 3106 1672 3164 luerunt.
1697 3106 1808 3164 ιιιιιιιιι·

53 3208 122 3260 estis
142 3203 195 3272 ptri
216 3204 266 3257 bei
289 3203 364 3256 misit
382 3204 454 3256 Deus
470 3201 606 3271 Spiritum
621 3202 687 3255 Titii
701 3204 746 3256 sai
768 3205 797 3255 ia
820 3203 904 3256 corda
959 3198 1045 3253 etiam
1062 3195 1208 3266 plenitudo
1231 3194 1367 3264 temporis
1389 3194 1600 3251 consummatio
1615 3207 1808 3266 eorumque

53 3299 151 3348 rastra
178 3290 360 3345 clamantem:
390 3289 481 3356 Abba,
510 3292 599 3345 Pater.
623 3291 729 3360 itaque,
755 3290 816 3359 jam
852 3308 905 3346 noa
959 3285 1098 3356 protttissa
1113 3283 1228 3340 inerant
1242 3284 1276 3340 de
1295 3286 1423 3340 adventu
1445 3283 1560 3340 christi.
1576 3281 1665 3350 Quale
1679 3290 1721 3340 est
1737 3281 1808 3339 illud

54 3387 95 3437 est
124 3396 219 3436 seruus
234 3381 282 3435 sed
299 3380 396 3434 Fidius.
413 3377 490 3444 Quod
516 3384 541 3434 si
561 3379 659 3441 Filius,
690 3383 716 3434 ct
745 3379 828 3435 dares
853 3397 907 3452 per
959 3376 1055 3432 iacobi
1073 3374 1242 3444 patriarchae
1259 3391 1265 3427 :
1283 3373 1342 3428 Noa
1361 3375 1505 3441 auferetur
1524 3379 1662 3443 sceptrum
1676 3371 1807 3440 ἀιιιιιι,

53 3474 142 3527 mum
170 3469 274 3539 (Galat.
304 3483 342 3536 tv,
368 3468 407 3539 3).
432 3468 547 3535 Quanta
572 3467 741 3538 perfectione
769 3469 906 3525 doctrinan
959 3472 1013 3521 etc.
1040 3463 1129 3535 (dett,
1152 3476 1230 3528 ιιιιιι,
1261 3462 1315 3533 ιθ).
1351 3463 1385 3517 Et
1416 3461 1539 3518 illudio
1566 3461 1685 3518 Daniele
1711 3462 1806 3532 (liam,

53 3559 165 3629 pariter
182 3566 210 3614 et
231 3557 299 3614 ιιιιι
327 3556 483 3613 Christiani
507 3557 609 3614 debeat
638 3558 818 3627 praemittere,
836 3571 907 3626 prae-
960 3568 999 3621 ιιι,
1019 3553 1065 3624 ιι)
1089 3554 1124 3608 de
1144 3566 1266 3608 nntttero
1296 3550 1509 3607 hebdomadum
1538 3564 1695 3616 annorum,
1719 3557 1746 3607 ιι
1773 3549 1809 3605 ιιι

52 3662 120 3705 sens
145 3647 302 3716 scripturae
333 3645 413 3701 locus
430 3653 560 3715 patenter
589 3646 729 3711 insinuat,
746 3646 905 3714 plenitudi-
961 3641 1151 3698 institntiuuis
1173 3641 1284 3697 delectu
1306 3640 1352 3697 ιιι
1380 3639 1522 3706 sarrdtoii,
1550 3639 1668 3710 quando
1689 3638 1808 3710 inunge·

55 3752 120 3793 nem
135 3734 272 3805 temporis
287 3733 387 3805 gratie
403 3734 439 3790 ah
456 3733 669 3804 impulsatione
683 3733 907 3803 precedentium
961 3740 1010 3788 tur
1027 3730 1150 3786 Sanctus
1174 3737 1351 3785 sanctorum.
1376 3729 1441 3785 llaec
1464 3742 1533 3798 ergo
1551 3726 1697 3797 plenitudo
1723 3724 1807 3797 quasi

54 3837 220 3899 temporum
234 3830 263 3879 et
280 3822 479 3893 perlectionem
502 3823 651 3894 Evangelii
666 3821 703 3877 ab
726 3821 908 3878 inchoatione
961 3818 1081 3889 qnidam
1100 3824 1143 3872 est
1158 3817 1285 3872 delectus
1309 3815 1389 3886 legis,
1406 3822 1437 3871 nt
1453 3829 1518 3871 cnm
1535 3815 1608 3869 ritus
1622 3814 1686 3884 ejus
1702 3812 1809 3870 ιιιιιιι-

55 3914 241 3984 disttngnens
258 3912 339 3982 legis.
357 3913 422 3967 cum
444 3927 573 3978 essemus,
591 3911 696 3981 inquit,
715 3912 836 3981 paruuli,
852 3918 905 3966 etc.
962 3914 1015 3972 ret,
1030 3913 1057 3962 ιι
1075 3906 1185 3975 Mopsus
1202 3905 1356 3960 deiunctns
1378 3912 1460 3969 esset,
1476 3901 1668 3971 Evangeltnm
1693 3899 1758 3971 legi,
1781 3905 1809 3957 ιι

55 4003 126 4058 Tota
152 4002 213 4057 hare
237 4000 362 4070 Epistola
385 4015 450 4071 quae
474 4000 583 4057 Galatis
605 4000 712 4070 scripta
736 4008 788 4067 est,
808 3999 844 4054 ad
860 4013 908 4054 eos
961 4009 1049 4053 verus
1063 3995 1148 4051 iosue
1168 3994 1334 4049 succederet
1358 3992 1456 4062 Moysi,
1481 3999 1512 4047 ut
1537 3996 1810 4045 consttmmarentnr

55 4090 219 4161 specialiter
234 4088 369 4156 intendit,
394 4089 446 4159 qui
469 4089 504 4145 de
522 4089 670 4146 ludaismo
691 4088 832 4155 conversi,
850 4086 906 4157 pri·
963 4086 992 4141 in
1016 4085 1077 4140 istis
1092 4098 1159 4154 quae
1178 4082 1301 4151 iocoepta
1326 4080 1484 4138 lucrantia
1510 4079 1574 4134 illis.
1596 4078 1648 4133 libi
1666 4081 1751 4143 omit,
1767 4077 1810 4133 in-

54 4183 164 4239 stinum
185 4193 260 4235 onus
280 4178 350 4249 legis
373 4178 509 4235 reducere
532 4178 674 4244 volebant,
693 4191 749 4233 nou
763 4177 908 4233 arbitran—
964 4173 1122 4245 quisdam
1136 4175 1188 4229 etsi
1205 4172 1279 4229 [leus
1302 4171 1379 4242 qnod
1401 4168 1540 4241 promittit
1559 4165 1684 4233 diderat,
1713 4165 1809 4224 nulla·

55 4274 98 4324 tes
120 4266 254 4325 sulficere
281 4266 317 4322 ad
344 4266 465 4322 salutem
488 4265 664 4336 evangelicae
690 4265 826 4321 dot-trinae
844 4277 908 4335 per·
961 4271 1046 4320 tenus
1065 4263 1169 4330 tardat,
1197 4263 1245 4318 sed
1271 4260 1389 4333 singula
1412 4268 1541 4329 tempora
1565 4256 1606 4313 sic
1625 4255 1762 4327 disponit,
1778 4262 1810 4312 ιιι

53 4357 218 4413 lectionem.
244 4353 357 4422 Quibus
379 4369 409 4410 se
431 4367 645 4410 connumerans
673 4353 825 4423 Apostolus
841 4362 907 4408 tau·
964 4351 993 4407 in
1008 4351 1049 4407 eis
1060 4358 1177 4421 peragat
1192 4349 1270 4420 qnod
1284 4347 1433 4419 promittit.
1448 4347 1558 4402 ιιιιιιι
1575 4343 1808 4401 llabacucdicit:

55 4459 148 4518 qnam
163 4444 294 4502 similiter
308 4457 466 4500 conversus
486 4442 527 4500 ait
545 4458 551 4498 :
568 4444 635 4500 Cum
655 4458 772 4499 essemus
785 4443 905 4512 paruuli,
963 4441 994 4496 Si
1016 4454 1121 4495 moram
1145 4439 1250 4506 fecerit,
1265 4441 1390 4507 respecta
1410 4451 1480 4503 eum,
1503 4436 1569 4505 quia
1584 4435 1694 4488 ueniens
1708 4433 1807 4499 seruet,

54 4545 111 4593 ete.
135 4534 251 4591 Constat
276 4534 510 4603 permissuum
534 4532 570 4588 ad
591 4530 774 4603 disciplinam
797 4530 908 4588 littera·
963 4533 1056 4584 etstan
1079 4526 1202 4582 tardabit
1222 4526 1348 4592 (Hebae,
1375 4540 1403 4592 n,
1424 4524 1462 4595 ι).
1491 4524 1589 4593 Longe
1617 4523 1684 4577 ante
1706 4520 1811 4576 adven·

55 4636 125 4679 rum
160 4621 353 4692 applicantur,
384 4619 466 4691 prins
498 4619 665 4677 litteralium
699 4620 908 4676 elementorum
963 4623 1025 4670 tum
1041 4612 1156 4678 chtisti,
1172 4611 1207 4666 de
1222 4611 1282 4680 ipso
1301 4612 1472 4680 promissum
1492 4607 1520 4663 id
1540 4607 1643 4663 luerat.
1665 4602 1751 4660 Aliud
1767 4609 1810 4659 est

55 4711 172 4782 ligures
191 4710 235 4766 ιιι
262 4710 513 4780 pronuntiationes
536 4708 693 4775 addiscere,
717 4721 805 4779 quam
832 4708 908 4762 inte·
964 4702 1061 4770 itaque
1076 4712 1185 4755 moram
1210 4697 1408 4764 raderamind
1433 4695 1556 4752 tardare.
1578 4693 1683 4748 lloraut
1704 4704 1811 4764 qutppe

56 4813 128 4871 gras
152 4799 297 4855 orationes
327 4798 443 4855 valeant
471 4796 606 4854 [armare.
636 4797 782 4853 Elementa
809 4795 908 4867 itaque

56 4888 161 4944 muudi
179 4888 231 4944 hoc
251 4888 311 4945 loco
324 4887 463 4944 dicuntur
491 4887 656 4956 impulsata
677 4889 850 4943 documenta
867 4884 910 4939 le-

57 4978 114 5048 pis,
130 4991 197 5047 aare
211 4976 320 5033 carnali
342 4976 447 5047 populo
473 4984 502 5032 et
523 4975 701 5032 amatoribus
721 4972 906 5037 mundium

55 5067 189 5123 doctriua
212 5080 301 5138 auant
326 5065 385 5123 vita
415 5065 554 5136 parvulis,
591 5063 683 5135 primo
713 5075 762 5131 per
787 5064 909 5132 ιιιιιιιιι

58 5155 120 5212 lata
135 5164 187 5212 est.
216 5156 251 5213 Ui
269 5155 345 5212 enim
371 5156 406 5211 ad
424 5156 558 5211 livbrteas
573 5154 649 5209 idem
667 5149 820 5221 Apostolus
842 5151 910 5207 scri·

58 5246 120 5303 bit:
150 5243 228 5302 nuit
252 5246 281 5301 al
308 5247 461 5316 perfectum
492 5242 614 5298 adducit
649 5242 693 5296 lec
723 5238 827 5312 (Hebe,
858 5252 908 5306 ιιι,

963 4788 1056 4846 lacere
1078 4794 1119 4845 est
1152 4785 1266 4843 diderre
1299 4801 1349 4857 per
1376 4785 1492 4856 aliquod
1523 4783 1658 4853 temporis
1683 4781 1811 4852 spatium

964 4875 1044 4950 quod
1062 4877 1224 4933 laciendum
1240 4883 1292 4932 est.
1318 4875 1445 4930 Tardare
1468 4886 1538 4929 vero
1561 4873 1674 4941 proprie
1692 4869 1810 4936 dicitur,

963 4982 1030 5026 cnm
1050 4965 1182 5023 didertnr
1203 4963 1326 5036 aliquid,
1351 4961 1468 5034 quaudo
1487 4960 1591 5017 debere
1606 4958 1669 5015 lieri
1686 4957 1809 5015 ridetur.

964 5059 1041 5114 Dens
1063 5056 1171 5126 itaque,
1204 5053 1256 5111 etsi
1281 5050 1394 5108 diderat
1418 5049 1536 5122 tmplere
1558 5049 1634 5121 qnod
1661 5045 1809 5120 promittit,

964 5147 1079 5204 tardare
1099 5143 1266 5200 nullatenus
1289 5148 1389 5212 potest,
1405 5153 1474 5212 quta
1498 5153 1556 5195 non
1575 5140 1693 5211 sephim
1709 5138 1736 5194 id
1751 5134 1812 5208 agit

965 5247 1054 5306 quam
1070 5233 1163 5288 debet.
1188 5230 1267 5298 Quod
1295 5237 1424 5300 patenter
1446 5235 1474 5285 et
1499 5225 1741 5298 ingeminatione
1763 5222 1813 5280 illa

60 5335 118 5406 ιι).
134 5335 185 5393 sed
200 5349 274 5408 qnos
295 5334 374 5395 illins
396 5331 605 5406 imperfectioni
634 5330 671 5388 ad
690 5328 911 5388 consummatio·
965 5330 1143 5382 monstratur
1165 5333 1226 5393 qua
1250 5319 1373 5376 dicitur:
1407 5315 1478 5385 Quia
1497 5317 1608 5374 reatem
1632 5316 1733 5380 amici,
1758 5311 1813 5371 hoc

60 5438 129 5483 nem
140 5423 262 5496 justitia
275 5422 376 5492 deluit,
388 5421 571 5491 abundantis
584 5417 730 5493 supplevit
746 5415 909 5488 Evangelii.
965 5421 1018 5484 est,
1034 5410 1152 5471 indilate
1165 5417 1193 5467 et
1211 5408 1321 5479 absque
1340 5405 1553 5478 impedimento,
1567 5416 1636 5462 cnm
1661 5408 1814 5475 oppertus·
