3804 5962
1654 30 1838 40 ἡὴ

764 161 879 221 sinito
896 163 962 220 lilii.
1689 174 1742 230 tit

79 282 196 341 sutilem
220 282 361 354 accipere,
384 283 480 342 addit:
509 286 596 342 Filias
623 287 706 344 Jacob
733 292 759 344 ct
780 291 833 345 Jo-
847 289 872 344 Α
886 286 1062 358 impertiens,
1090 304 1149 347 unu
1172 291 1324 361 reprobato
1349 292 1467 364 populo,
1496 294 1602 354 multos
1635 300 1739 371 acqui·

79 372 108 429 id
131 380 174 429 est
193 380 319 444 posteros
336 381 395 430 tam
418 374 530 430 iudaici
546 388 636 447 quarn
651 377 768 448 gentilis
783 391 833 448 po·
890 377 967 434 sivit.
996 379 1071 434 liare
1103 379 1200 451 majtrs
1229 387 1272 436 est
1292 381 1377 452 aquis
1400 390 1428 439 et
1452 384 1646 442 amaritudine
1676 388 1741 458 plc-

79 469 107 518 ut
120 461 254 518 videlicet
268 461 299 518 ia
317 462 445 521 Ecclesia
456 463 514 521 duo
534 465 666 535 parietes,
687 464 724 523 ad
740 479 835 523 unum
889 479 980 537 uum3
1004 474 1032 523 ει
1056 467 1116 524 vita
1138 467 1446 541 conjugatarumque
1470 472 1577 530 multos
1596 474 1682 545 capit,
1712 482 1740 534 et

79 563 158 607 arem
178 549 313 620 lapidem,
341 551 427 608 idest
452 552 607 623 Christum,
626 553 833 627 jungerentur.
890 555 1080 612 aurtssaecnti
1103 564 1145 612 est
1169 556 1316 627 implicita,
1344 566 1415 629 quot
1436 560 1581 618 molestias
1605 563 1740 634 sustinet,

87 639 199 711 quippe
222 639 424 710 supplantator
445 641 533 709 Esau,
552 643 604 714 qui
626 658 693 700 eum
715 643 835 700 baeredi·
891 649 931 700 tot
950 645 1159 701 amaritudines
1173 646 1268 703 babet.
1293 647 1343 702 Via
1364 646 1450 704 latior
1464 656 1507 705 εει
1523 664 1612 721 quarn
1630 652 1739 724 semita,

79 740 110 785 ta
131 728 270 798 privavit,
285 729 424 786 iudaicus
437 737 480 787 εει
494 732 630 804 populus,
647 732 699 803 qui
713 732 835 804 expulso
890 738 919 788 et
932 733 991 789 vita
1006 733 1228 805 coniugatorum
1243 735 1337 792 laxior
1350 744 1393 793 est
1406 751 1495 808 quam
1515 740 1740 800 continentium.

78 816 88 874 i
111 824 218 874 terram
244 818 442 889 promissionis
464 818 598 877 obtinuit.
626 821 730 892 ioseph
754 835 834 890 vero,
892 820 997 879 Venire
1018 829 1114 878 autem
1138 823 1174 879 ad
1191 838 1252 892 nos,
1276 824 1337 881 sive
1359 825 1556 897 propinquare
1573 827 1650 885 Deus
1668 829 1740 888 dici·

79 911 236 974 numentum
261 907 477 978 interpretatur,
501 909 616 981 gentiiis
636 917 679 968 est
700 910 835 982 populus,
891 913 950 978 tur,
972 917 1004 967 ut
1027 924 1079 967 nos
1106 911 1143 968 ad
1169 926 1199 968 se
1223 913 1328 982 trabat,
1353 928 1420 971 oum
1445 915 1589 974 bonorum
1614 932 1739 988 operum

82 1002 132 1052 cat
156 995 344 1053 multitudine
359 995 511 1053 bominum
534 998 714 1056 transcendit
737 999 836 1056 ludai-
891 999 975 1056 nobis
989 998 1123 1056 affectum
1135 1000 1267 1071 inspirat.

78 1083 120 1140 ita
134 1091 162 1141 ει
176 1098 298 1142 nurnero
313 1099 519 1143 conversorum
543 1087 675 1145 fidelium
696 1100 836 1160 magnum
929 1090 980 1144 Per
993 1088 1057 1145 vias
1071 1088 1162 1160 igitur
1174 1089 1279 1147 incedit
1294 1090 1323 1147 in
1340 1092 1425 1160 mari,
1441 1093 1511 1164 quia
1525 1093 1638 1154 laxiora
1653 1111 1740 1168 opera

79 1173 119 1230 tim
139 1173 217 1229 dedit
236 1183 438 1244 augmentum.
458 1174 568 1233 Paucos
583 1177 690 1249 quippe
706 1177 753 1233 vei
767 1177 837 1234 nui·
891 1175 979 1233 babet
994 1176 1025 1233 iu
1040 1191 1098 1233 non
1122 1177 1295 1248 conjugatis,
1320 1179 1395 1236 sicut
1422 1181 1568 1238 strictiora
1592 1185 1621 1239 in
1647 1184 1739 1242 conti·

96 1262 206 1319 ludaeis
221 1263 437 1332 comparatione
452 1265 603 1335 gentilium
620 1265 748 1322 Ecclesia
765 1281 837 1324 con·
892 1266 1028 1323 uentibus
1055 1282 1122 1338 quae
1144 1267 1253 1324 semitis
1284 1276 1451 1338 operantur.
1479 1271 1515 1326 iit
1535 1271 1594 1329 baec
1622 1273 1739 1343 quidem

97 1350 178 1418 Quod
201 1351 319 1422 quidem
344 1361 535 1424 augmentum
555 1354 685 1412 Ecclesiae
709 1355 745 1412 de
764 1370 837 1413 con·
890 1355 1013 1425 vestigia
1036 1356 1149 1412 Domini
1173 1356 1203 1411 iu
1226 1356 1362 1428 gentibus
1385 1371 1443 1414 nou
1468 1369 1689 1430 coguoscentur,
1707 1367 1740 1418 ut

99 1439 238 1513 gentibus
266 1439 363 1498 statim
384 1443 580 1514 prosequitur,
611 1443 725 1501 diceas:
758 1444 838 1500 Vide
892 1441 1024 1501 videlicet
1044 1444 1079 1500 de
1100 1444 1240 1515 peculiari
1264 1444 1368 1516 populo
1391 1459 1445 1503 suo
1469 1446 1588 1503 ludaico
1615 1447 1738 1520 gratiam

79 1545 199 1600 ecqua,
220 1533 302 1598 brus,
326 1530 381 1587 boc
395 1539 448 1594 est,
470 1530 611 1588 credendo
634 1539 661 1589 te
686 1530 837 1589 intellexe-
853 1554 875 1610 Β
893 1544 977 1588 ειιειιι
1000 1533 1037 1589 ad
1062 1541 1162 1605 gentes
1185 1533 1350 1600 transierat,
1373 1541 1401 1590 et
1425 1534 1466 1590 sic
1485 1549 1517 1591 eo
1537 1535 1681 1603 derelicto,
1702 1536 1740 1594 ad

79 1618 171 1690 populi
190 1617 353 1688 nationum,
379 1622 430 1690 qui
450 1620 532 1690 prius
558 1620 642 1692 quasi
658 1634 736 1693 aqua
755 1621 836 1678 omui
892 1629 992 1692 gentes
1005 1629 1142 1690 transeat,
1168 1622 1238 1694 quia
1260 1621 1360 1679 nuilus
1382 1637 1416 1680 co
1442 1633 1569 1696 temporo
1591 1624 1621 1680 id
1642 1625 1740 1696 potuit

101 1705 241 1763 doctrinae
269 1706 560 1775 circumferebantur,
593 1724 645 1766 nec
672 1709 835 1782 quidquam
893 1722 1079 1778 praenoscere.
1097 1709 1178 1766 Unde
1196 1716 1225 1766 ει
1244 1711 1304 1782 ipse
1318 1709 1511 1781 apostolorum
1527 1711 1660 1783 princeps
1672 1727 1740 1770 curu

79 1794 168 1853 tdinis
187 1795 258 1866 quid
280 1797 361 1867 sequi
377 1796 513 1854 deberent
527 1811 564 1854 ex
581 1798 642 1871 iege
666 1798 835 1857 didicerant.
891 1797 987 1855 adbuc
1015 1798 1051 1856 de
1083 1798 1233 1856 vocatione
1269 1800 1398 1871 gentium
1426 1814 1476 1870 per
1507 1800 1739 1871 pradicationem

79 1883 152 1941 tibus
172 1883 203 1939 in
218 1883 388 1955 apocalypsi
404 1885 544 1955 scriptum
560 1894 603 1942 εει
617 1902 624 1941 :
639 1887 728 1958 Aqua
739 1889 838 1959 populi
891 1899 975 1942 snam
990 1885 1121 1943 iacienda
1141 1894 1237 1944 certus
1257 1900 1315 1943 uon
1331 1890 1415 1955 esset,
1435 1902 1503 1945 vase
1517 1890 1645 1960 quodam
1660 1889 1740 1947 omni

91 1973 133 2029 ile
149 1972 257 2045 quibus
276 1973 373 2030 adbuc
392 1973 538 2038 subditur,
560 1976 630 2047 quia
651 1977 713 2032 viso
728 1976 785 2033 ileo
801 1977 835 2032 ti·
891 1988 996 2047 genere
1017 1974 1165 2045 reptilium
1185 1975 1269 2046 pleno
1295 1989 1346 2047 per
1367 1975 1463 2033 visum
1487 1978 1541 2034 sibi
1566 1983 1688 2048 ostenso,
1704 1978 1740 2037 de

79 2070 134 2131 tnt,
165 2077 223 2119 non
247 2070 308 2119 tam
330 2063 463 2121 videlicet
486 2062 584 2120 servili
611 2065 723 2133 timore,
748 2078 836 2137 quam
891 2062 946 2119 hoc
970 2061 1032 2135 ipso
1055 2063 1228 2120 admonetur
1251 2070 1342 2134 atque
1365 2064 1484 2122 docetur
1504 2064 1577 2137 (Act.
1603 2068 1654 2136 xx).
1681 2067 1740 2127 Cur

79 2151 322 2209 ommunicatione
349 2166 512 2223 prunarum,
535 2166 625 2224 quam
642 2161 720 2210 casto
735 2154 780 2211 vel
799 2152 835 2208 sr-
891 2158 988 2208 autem
1002 2151 1064 2208 baec
1082 2151 1204 2225 vestigia
1219 2152 1268 2209 Dei
1281 2152 1309 2209 in
1327 2153 1463 2225 gentibus
1476 2153 1691 2226 ignorarentur,
1705 2162 1739 2214 ut

79 2238 234 2311 inaquam
256 2240 383 2313 diligunt
403 2239 541 2298 offensam
568 2250 771 2312 praecaventes.
801 2244 837 2297 nt
891 2238 1017 2297 caritate
1036 2239 1112 2296 iacta
1132 2240 1162 2295 iu
1186 2240 1272 2296 israel
1297 2249 1395 2313 gentes
1415 2240 1660 2312 illuminarentur,
1682 2243 1739 2302 ssne

79 2335 180 2384 arunt
195 2329 301 2400 abyssi,
323 2328 377 2385 itoc
397 2337 439 2386 εει
454 2329 667 2400 prolunditates
690 2329 837 2388 saecularis
891 2327 994 2399 psalmi
1018 2328 1211 2386 concluditur.
1236 2331 1276 2385 Ac
1308 2329 1332 2384 si
1361 2329 1494 2388 videlicet
1517 2330 1641 2389 diceret:
1673 2332 1740 2393 ideo

79 2417 184 2488 opniae,
213 2432 280 2488 quae
305 2417 387 2488 prius
411 2418 495 2490 quasi
520 2417 728 2489 limpidissima
752 2433 836 2492 aquae
892 2417 929 2473 ab
943 2418 1059 2474 bomine
1074 2417 1213 2488 praenosci
1226 2432 1285 2474 nou
1299 2418 1402 2488 potuit,
1416 2426 1448 2475 ut
1458 2418 1618 2490 reprobatis
1631 2421 1741 2478 ludaeis

79 2514 170 2575 ratur,
205 2514 234 2563 ει
272 2506 469 2578 gratissimum
507 2508 653 2565 habebant
685 2508 833 2578 baustum,
892 2515 991 2577 gentes
1009 2505 1255 2576 illuminarentur,
1271 2507 1341 2578 quia
1357 2506 1441 2564 iilum
1457 2509 1582 2578 priorem
1598 2509 1739 2580 populum

90 2594 218 2651 turbatas
242 2608 275 2650 ac
297 2594 467 2652 coenuientae
492 2596 652 2660 viluerunt,
682 2610 836 2668 compara·
892 2594 977 2665 quasi
1009 2609 1126 2668 gregem
1163 2594 1310 2666 proprium
1351 2609 1464 2666 semper
1503 2596 1657 2666 habueras,
1690 2598 1739 2656 cui

79 2682 269 2754 simplicitatis
281 2683 465 2756 evangelicae.
892 2683 1007 2754 Moysen
1030 2691 1057 2743 et
1082 2686 1177 2741 Aaron
1206 2691 1301 2741 tantos
1329 2693 1456 2755 pastores
1483 2684 1685 2755 deputaveras,
1711 2695 1740 2745 et

79 2774 169 2828 drudo
189 2775 296 2828 sonitus
326 2790 472 2845 aquaram,
497 2774 624 2833 subaudi
648 2789 759 2847 rocem,
787 2776 836 2833 de·
892 2780 1003 2829 tantam
1026 2785 1146 2829 manum
1170 2772 1200 2827 iu
1228 2772 1362 2844 gentibus
1381 2771 1508 2829 delendis
1523 2780 1639 2844 propter
1654 2773 1737 2833 ilium

81 2868 93 2919 t
120 2861 236 2933 quare?
252 2862 324 2933 quia
345 2879 434 2919 nomm
459 2864 591 2920 deducant
613 2865 707 2921 nubes.
727 2865 837 2924 Multus
853 2837 874 2894 ⁰
891 2874 1073 2929 exercueras,
1088 2867 1116 2918 et
1132 2861 1185 2918 boc
1206 2863 1248 2917 est
1265 2861 1344 2932 quod
1359 2860 1417 2916 ait:
1440 2860 1596 2930 Deducisti,
1618 2869 1686 2932 etc,
1702 2863 1739 2921 de

79 2965 95 3008 e
122 2965 214 3009 sonus
241 2951 348 3008 divinae
368 2952 463 3009 laudis
488 2960 603 3011 resonat
632 2953 662 3011 in
690 2955 837 3013 conversis
890 2951 1012 3022 AEgypto
1036 2949 1167 3006 videlicet
1194 2963 1261 3005 eum
1285 2948 1442 3012 adducens·
1462 2957 1489 3006 et
1505 2948 1535 3004 in
1559 2956 1665 3007 terram
1692 2964 1738 3008 re-

79 3039 109 3108 ia,
129 3053 198 3095 voce
223 3038 359 3106 nubium,
388 3040 416 3097 id
440 3049 481 3098 est
505 3041 706 3111 predicatione
720 3051 835 3113 aposto·
891 3037 1086 3109 promissionis
1118 3038 1268 3107 inducens,
1306 3038 1361 3095 sub
1400 3037 1539 3110 regimine
1574 3046 1602 3097 ct
1629 3039 1739 3097 ducatu
1804 3048 1808 3054 ’

79 3126 214 3185 reductis.
236 3128 346 3182 Etenim
360 3132 471 3198 sagitta
494 3135 546 3186 iuae
560 3130 645 3201 (Psul.
666 3133 757 3199 naun)
780 3131 834 3205 ts),
890 3128 980 3199 Moysi
994 3127 1077 3185 ducis
1090 3134 1118 3184 ct
1136 3128 1233 3184 Aaron
1248 3126 1412 3184 sacerdotis.

79 3229 104 3286 s,
119 3229 170 3287 pcr
190 3215 244 3273 bas
272 3217 364 3275 nubes
387 3218 422 3275 de
440 3219 541 3277 iudaea
567 3219 785 3278 transieruntur
798 3220 836 3277 ad
1208 3214 1325 3273 sunno
1340 3215 1416 3273 xxi.

79 3318 97 3361 t.
131 3304 248 3377 Sagittae
285 3307 393 3378 quippe
429 3316 498 3365 suut
534 3308 624 3365 verba
659 3309 836 3380 evangelica
1081 3322 1108 3363 ut
1123 3320 1208 3364 annm
1225 3319 1337 3371 nutura
1356 3320 1547 3363 rrrtrtrcosrns

79 3393 209 3460 cationis,
233 3409 300 3465 quae
320 3396 406 3466 quasi
425 3396 599 3468 quibusdam
617 3398 707 3455 divini
728 3398 835 3457 amoris
925 3393 999 3463 Quid
1009 3393 1096 3452 eiiam
1119 3394 1207 3451 Αιιιοε
1229 3394 1378 3464 propbeta,
1394 3394 1451 3451 imo
1464 3393 1524 3465 ipse
1538 3394 1663 3467 Spiritus
1686 3410 1738 3468 per

79 3496 91 3538 s
115 3482 203 3540 corda
224 3484 381 3540 vulnerant
403 3485 580 3556 auditorum,
600 3488 674 3546 sicut
702 3488 733 3545 iu
759 3487 833 3545 Cau·
890 3483 1009 3541 eumin
1033 3483 1123 3555 hujus
1150 3481 1339 3540 solemnitatis
1361 3497 1422 3540 suae
1448 3484 1591 3554 praeconio
1616 3484 1735 3554 dixerit,

79 3585 182 3643 tpousa
220 3571 307 3628 dicit:
338 3575 489 3630 Vulnerata
531 3577 665 3632 claritate
697 3592 745 3645 epo
774 3592 835 3632 sum
890 3572 1063 3630 audiamus:
1082 3573 1224 3637 Dominus,
1244 3570 1351 3642 iuquit,
1379 3574 1449 3626 neus
1478 3575 1655 3641 caecitatum,
1688 3576 1738 3646 qui

104 3675 144 3727 tv,
168 3661 204 3730 9).
226 3662 259 3718 lit
285 3662 330 3718 bae
355 3662 473 3734 quidem
496 3665 608 3736 sagittae
625 3666 705 3736 prius
725 3665 756 3721 in
779 3668 834 3722 lu·
889 3666 979 3730 tanptt
1000 3667 1112 3729 terrant,
1139 3663 1165 3715 ei
1191 3660 1322 3727 tabescet,
1347 3665 1373 3715 et
1396 3660 1528 3729 lugebunt
1542 3678 1632 3719 omnes
1653 3665 1736 3720 itabi-

79 3756 218 3821 lanquam
253 3750 284 3806 in
311 3751 446 3820 pharetra
472 3754 647 3811 tenebantur
679 3753 832 3822 conclusas,
890 3755 978 3806 ionica
997 3752 1027 3805 in
1049 3766 1090 3805 ea.
1110 3751 1146 3804 nt
1161 3750 1288 3804 ascendet
1306 3753 1377 3804 sicut
1397 3751 1473 3806 riuus
1488 3754 1577 3807 amnis
1592 3756 1619 3807 ct
1637 3753 1736 3822 defluet

79 3879 85 3907 ‚
118 3838 229 3895 ludaeis
265 3838 457 3911 Evangellum
495 3842 712 3913 repellentibus
742 3850 834 3899 trans·
888 3842 958 3895 sicut
985 3840 1085 3908 iluuius
1116 3839 1238 3907 AEqppie‘.
1270 3838 1323 3905 Qui
1348 3837 1466 3907 acdificat
1489 3843 1519 3893 in
1545 3840 1608 3895 culo
1637 3856 1735 3896 muen-

93 3927 131 3983 ad
147 3934 246 3998 gentes
260 3928 390 3998 apostoli,
414 3930 489 3987 sicut
512 3945 590 3988 unus
604 3945 705 3988 eorum
724 3930 760 3987 ad
788 3931 834 4003 ip-
888 3931 991 3984 sionem
1004 3942 1090 3992 suom,
1111 3930 1136 3981 et
1156 3926 1320 3993 imcicnlum
1345 3940 1425 3980 suum
1445 3941 1528 3995 super
1550 3932 1652 3982 terram
1672 3931 1737 3996 fun-

79 4013 136 4071 tit:
192 4015 273 4071 Vobis
324 4018 464 4086 oportebat
513 4020 633 4088 primum
679 4019 834 4090 praedicare
889 4017 976 4072 dubit.
996 4016 1048 4083 Qui
1067 4020 1145 4071 uocat
1163 4029 1249 4081 aquus
1276 4029 1372 4081 murts,
1400 4018 1426 4069 et
1440 4013 1561 4083 effundet
1587 4031 1632 4071 eas
1653 4032 1737 4088 super

79 4105 181 4169 thci,
206 4102 256 4158 sed
279 4107 347 4175 quio
365 4120 412 4162 nos
434 4107 575 4176 repulistis
597 4109 680 4176 iilud,
697 4124 754 4164 ecce
769 4124 830 4164 can·
887 4108 987 4175 facicm
1014 4110 1102 4161 terrac.
1133 4107 1261 4160 Dominus
1289 4118 1385 4158 nomen
1413 4102 1472 4172 ejus
1504 4103 1597 4174 (Amos
1620 4119 1661 4176 rx,
1696 4104 1735 4178 5).

79 4208 116 4247 ur
141 4192 178 4246 ud
197 4198 290 4262 pentes
307 4194 380 4265 (Act.
405 4210 464 4262 rur,
480 4198 537 4268 ts).
563 4198 623 4253 Voc
640 4200 763 4267 tonitrui,
779 4198 834 4256 boc
850 4188 873 4243 Ι)
889 4195 1041 4252 Exercitus
1053 4194 1115 4262 Dei,
1130 4193 1238 4264 quibus
1257 4193 1317 4265 ipse
1335 4191 1478 4262 praesidet,
1499 4200 1639 4264 tanquam
1655 4193 1736 4267 prin·

79 4294 89 4339 ι
107 4282 243 4351 supernis
260 4295 310 4353 per
327 4281 469 4354 Spiritum
492 4285 521 4341 in
538 4284 674 4356 apostolis
691 4286 767 4343 lacta
784 4300 834 4357 per
889 4285 975 4354 cipes,
991 4289 1019 4340 et
1042 4282 1134 4339 aerias
1154 4278 1276 4338 debellat
1299 4287 1462 4351 potestates,
1487 4288 1581 4337 castra
1604 4281 1653 4337 iiia
1668 4287 1737 4339 sunt

95 4367 195 4426 ornem
209 4371 556 4444 uruttatan,atqutaua
570 4372 615 4431 tus
628 4374 834 4446 scriptumest,
888 4369 1058 4441 angelorum
1076 4369 1119 4426 rei
1143 4367 1271 4426 bdelium
1296 4368 1460 4436 nominum,
1480 4383 1545 4441 nuae
1563 4367 1737 4442 plerumque

79 4458 204 4531 proiecti
224 4459 449 4529 predicaverunt
475 4463 587 4533 ubique,
610 4467 724 4520 Domino
743 4479 834 4536 coopo-
889 4457 1038 4529 scriptura
1066 4465 1279 4516 commemorat.
1315 4455 1410 4514 Refert
1447 4456 1565 4514 Genesis
1595 4458 1673 4531 quod
1702 4457 1737 4515 de

79 4546 249 4619 sequentibus
270 4550 358 4617 signis
373 4547 470 4620 (liare,
490 4564 552 4618 xvr,
568 4552 634 4622 30);
650 4551 777 4611 tonitruo
792 4553 833 4610 itti
888 4545 1091 4618 liesopotamia
1111 4545 1198 4604 iacob
1222 4546 1253 4602 iu
1278 4552 1355 4603 terra
1383 4545 1524 4603 Cbanaan
1553 4547 1589 4604 ad
1624 4554 1736 4618 patrem

79 4648 138 4693 ’um
157 4637 371 4694 coruscationes
391 4644 461 4695 sunt
484 4638 588 4695 additae
611 4639 831 4698 miraculorum.
887 4635 1052 4699 revertenti,
1076 4634 1192 4692 luerunt
1216 4634 1332 4691 obviam
1357 4634 1453 4706 angeli
1471 4635 1530 4701 Dei,
1550 4642 1688 4707 tanquam
1704 4636 1735 4692 in

79 4724 156 4783 tibus
181 4739 259 4782 nunc
294 4726 419 4784 dicitur:
443 4728 599 4784 illuserunt
631 4730 747 4798 tblpura
772 4733 832 4801 ejus
887 4724 1091 4796 protectionem
1121 4722 1212 4794 ipsius
1238 4723 1341 4780 milites
1368 4722 1448 4779 missi
1468 4722 1546 4793 (Gen.
1576 4738 1664 4794 axxu,
1697 4725 1734 4797 i).

79 4829 132 4870 rra
156 4812 240 4885 (Ρεει.
258 4828 334 4879 xavr,
355 4815 393 4887 i).
419 4815 454 4873 lit
469 4815 607 4888 quoniam
622 4817 752 4875 infideles
771 4833 832 4876 ma·
886 4815 963 4882 Quos
981 4828 1049 4871 cum
1060 4813 1187 4881 vidisset,
1202 4812 1241 4869 ait
1255 4828 1262 4866 :
1278 4813 1437 4869 (lustrabat
1449 4811 1681 4883 sontiariibid,
1692 4814 1733 4885 i).

79 4903 135 4960 tine
157 4902 310 4975 signorum
325 4903 419 4977 magis
446 4919 534 4977 quam
561 4906 731 4964 auctoritate
756 4905 832 4965 Scri·
886 4906 921 4962 lit
945 4902 1101 4975 appellavit
1127 4916 1233 4959 nornen
1261 4901 1315 4958 loci
1344 4899 1423 4958 iilius
1456 4900 1616 4968 bianabim,
1641 4900 1737 4959 idest

79 5005 133 5050 ιιιιι
151 5000 306 5050 moventur
319 4993 355 5050 ad
376 4993 472 5065 iidem,
488 4994 558 5053 visis
583 4996 832 5054 coruscationibus
886 5000 988 5050 castra.
1011 4989 1166 5048 Ecclesiam
1191 5004 1309 5062 quoque
1329 4988 1358 5045 iu
1387 4997 1548 5047 castrorum
1576 4989 1667 5048 aciem
1688 5004 1735 5048 or·

79 5088 122 5139 >ta
136 5087 180 5136 est
195 5088 292 5153 terra;
313 5081 383 5152 quia
407 5083 613 5142 miraculorum
641 5083 832 5144 admiratione
886 5082 1026 5150 diaetam,
1045 5088 1185 5152 tanquam
1207 5079 1237 5135 in
1262 5078 1420 5149 praeciuctu
1439 5077 1507 5136 belli
1523 5080 1734 5151 procedentem,

79 5167 260 5227 tiromiuum
284 5171 371 5228 corda
389 5171 423 5228 de
439 5171 743 5243 pristiuainiidelitate
763 5182 832 5232 sunt
886 5170 1037 5228 Canticum
1066 5170 1243 5226 canticorum
1274 5165 1429 5224 describit:
1464 5167 1567 5224 iiititia
1605 5173 1646 5224 cst
1677 5172 1737 5225 otte

79 5273 100 5317 t.
117 5259 215 5331 Atque
234 5257 274 5315 lta
291 5259 368 5317 beas
382 5261 451 5332 petit
465 5261 572 5320 babere
586 5263 616 5319 ia
628 5262 701 5320 mari
716 5263 788 5334 vias,
803 5271 832 5322 et
885 5260 1001 5315 nominis
1022 5274 1104 5328 nuper
1123 5263 1223 5312 terrum
1244 5255 1310 5327 (Job
1327 5270 1375 5325 vn,
1403 5259 1439 5327 ι).
1464 5255 1617 5329 Tanquam
1643 5258 1674 5315 in
1688 5271 1737 5315 ca·

79 5347 114 5406 tis
137 5348 275 5404 semitas:
302 5363 369 5407 cum
388 5350 552 5409 videliceta
574 5350 830 5424 ludaeatanquam
886 5348 952 5405 stris
979 5361 1092 5419 semper
1115 5345 1249 5414 militant,
1275 5343 1328 5417 qui
1352 5344 1470 5403 minime
1497 5359 1596 5418 pacem
1613 5345 1659 5403 iric
1682 5347 1735 5404 ba·

79 5437 136 5497 tria
156 5440 234 5495 terra
248 5437 394 5509 recedens,
417 5447 445 5498 et
458 5440 582 5514 gratiam
597 5455 681 5502 suam
695 5442 830 5514 gentibus
885 5439 984 5497 bentes
1006 5444 1107 5496 contra
1141 5434 1299 5493 diabolicas
1330 5435 1502 5495 tenutiones
1534 5435 1582 5495 vel
1610 5435 1736 5509 impetus
