3804 5962
77 117 127 170 lilii
536 109 642 167 rurtit
661 110 853 171 mutiunt
871 111 949 178 OPP.
968 111 1061 170 Petis
1078 114 1099 168 l.
1120 143 1154 155 -
1172 110 1362 169 sumtuum.
1774 119 1824 170 liiii

73 252 141 299 ritui
155 239 324 310 importuna
349 235 572 308 interrogatione
591 234 738 307 pulsaret:
755 238 826 309 quid
854 239 924 295 mihi
939 242 964 294 tt
978 236 1060 294 cessi.
1078 237 1141 307 lpse
1160 237 1304 309 qnippeet
1315 235 1386 291 mibi
1399 236 1616 308 aliquantulum
1628 244 1785 295 nntnserat
1798 246 1826 295 et

72 340 161 398 anper
186 325 241 385 bac
262 325 467 392 controversia,
495 324 577 382 Beda
599 325 730 382 videlicet
748 335 836 397 atque
855 327 923 384 lini·
977 322 1211 395 oppressionibus
1238 323 1308 380 meis
1323 336 1396 393 ques
1418 323 1550 381 audierat
1568 325 1724 381 admodum
1751 339 1826 382 cuni·
1863 346 1866 352 ·

75 413 336 482 donii,rlderetur,
353 413 505 485 respondi:
531 414 613 470 neda
640 415 848 474 austeritatem.
875 431 923 472 eu·
978 413 1150 483 patiebatur.
1180 411 1220 468 ibi
1247 420 1343 468 autem
1370 411 1427 483 (49)
1444 412 1473 467 in
1501 423 1595 469 castre
1619 413 1748 484 privigni
1773 410 1823 484 [nl.

72 503 123 576 ius
136 502 244 572 scripta
269 503 411 559 universae
430 501 597 559 Latinorum
618 500 802 574 frequentant
828 502 923 560 Eccle
977 499 1109 572 Prurini]
1125 501 1230 557 morari
1245 499 1330 570 coepi,
1345 499 1455 556 incelis
1471 500 1600 559 ridelicet
1615 503 1741 572 quadani
1759 502 1825 556 Tre

75 591 136 656 sias,
157 590 312 664 gratiorem
329 591 399 648 mibi
422 589 582 647 sideritis
601 591 717 661 qncilli
740 592 922 649 vehementer
976 589 1106 647 censium
1135 588 1352 657 monachornm,
1385 603 1511 662 quorum
1534 590 1611 660 prior
1639 597 1725 645 antea
1754 587 1824 644 milii

73 678 324 737 accensiclamare
339 689 498 750 nonerunt,
526 692 607 734 nunc
621 693 665 736 me
680 687 809 750 patenter
823 689 922 737 osten·
976 676 1126 735 iamiiiaris
1163 677 1322 745 exstiterat,
1342 675 1464 734 etvalde
1485 677 1634 734 dilexerat.
1663 676 1717 743 Qui
1739 676 1823 732 valde

75 766 159 835 disse,
173 766 377 839 qnodtemper
393 766 598 824 monasterium
625 765 694 823 illnd
721 777 853 824 nostrum
882 767 922 823 in·
977 765 1007 822 in
1020 766 1148 824 adventu
1167 779 1229 822 meo
1256 767 1383 838 gavisus,
1407 780 1475 821 cum
1497 766 1575 822 omni
1597 765 1757 837 dilligentia
1779 779 1824 821 mc

74 855 245 925 tentaverim,
268 862 297 913 et
324 855 402 928 quod
425 869 504 912 nunc
529 855 654 911 maxime
670 854 718 911 loti
735 868 825 927 regno
840 854 922 912 dero
976 855 1160 926 procurabat.
1175 854 1285 912 Accidit
1298 854 1532 926 antcmquadem
1548 855 1593 910 die
1608 863 1640 911 ut
1666 854 1701 910 ad
1727 855 1824 924 ipsum

74 944 215 1016 gaverino,
239 942 265 1001 ei
287 942 419 1001 videlicet
435 942 571 1000 bonorem
595 942 677 1000 illurn
701 942 921 1015 auferensque
975 953 1104 1001 castrum
1128 943 1217 1000 abbas
1238 952 1334 1001 nester
1352 943 1387 1000 ad
1409 943 1578 1013 predictum
1605 943 1736 999 coniitem
1772 955 1824 1012 pro

74 1026 262 1105 singulariter
303 1033 485 1104 gloriaretur,
519 1048 585 1090 curn
623 1048 722 1091 eurum
765 1043 920 1105 patronum
975 1032 1151 1102 quibusdam
1167 1032 1228 1088 suis
1249 1031 1371 1104 negotiis
1385 1032 1505 1089 veniret.
1535 1031 1597 1098 Quo
1620 1033 1745 1103 cognito,
1778 1045 1824 1087 nc-

73 1121 757 1194 Areopagitaminissedeneqarem.Egoantem
769 1123 919 1194 respondi:
974 1122 1045 1178 cessi
1079 1122 1116 1176 ad
1148 1121 1279 1178 comitem
1307 1135 1374 1177 cnm
1405 1120 1498 1190 priore
1526 1120 1584 1187 illo,
1618 1134 1724 1192 rugans
1755 1133 1824 1175 cuin

73 1225 127 1267 nec
141 1225 186 1267 me
199 1210 253 1267 boe
267 1210 433 1282 denegasse,
450 1225 502 1267 nee
521 1211 647 1267 inultum
665 1213 828 1270 curandum
848 1227 919 1280 esse,
975 1219 1121 1282 quatenus
1144 1223 1195 1280 pru
1218 1224 1263 1266 me
1278 1210 1336 1280 ipse
1362 1208 1548 1265 intercederet
1563 1208 1599 1264 ad
1621 1209 1753 1265 abbatem
1774 1222 1825 1264 no·

73 1306 174 1355 utrum
194 1298 253 1370 ipsc
267 1298 442 1371 Areopagita
457 1313 493 1354 an
509 1298 627 1357 aliunde
653 1299 750 1367 luerit,
766 1301 921 1358 dummodo
975 1313 1079 1367 sirum,
1101 1307 1132 1355 ut
1147 1313 1192 1356 me
1220 1297 1377 1355 absolveret
1396 1306 1423 1352 et
1440 1296 1583 1353 licentiam
1606 1296 1688 1354 daret
1708 1296 1824 1353 vivendi

73 1391 184 1442 tantam
211 1385 289 1455 apud
317 1386 407 1442 llcniu
432 1384 554 1456 adeptus
572 1387 767 1444 sitcnronam.
785 1388 828 1444 iili
853 1403 921 1445 vero
976 1387 1132 1446 monastice
1152 1387 1320 1458 ubicunqne
1343 1386 1413 1442 mibi
1438 1395 1601 1456 competens
1625 1385 1704 1441 iocus
1726 1398 1826 1442 occur·

73 1471 109 1527 ad
124 1472 256 1527 abbatem
272 1472 368 1528 statim
384 1482 597 1542 concurrentes,
615 1474 693 1544 quod
710 1474 780 1532 mibi
796 1476 1065 1574 impensu-Brerct.
1097 1476 1322 1545 ipseauteni‚et
1352 1475 1403 1546 qni
1424 1473 1688 1542 cumcocrant,in
1706 1473 1825 1530 cuiisilin

73 1566 155 1615 erent
168 1557 217 1629 [ni.
235 1560 398 1629 imposituri
408 1560 502 1632 erarii]
517 1562 736 1620 nuntiaverunt.
763 1563 815 1630 Qui
831 1565 920 1621 iiben-

73 1653 117 1702 ter
133 1646 185 1703 iioc
200 1647 320 1714 audivit,
333 1648 502 1719 gaudensse
517 1650 695 1708 occasionem
710 1652 840 1724 aliquam
859 1652 920 1708 adi·

72 1734 142 1804 pisei
158 1749 217 1806 qua
234 1750 279 1791 me
288 1735 471 1807 opprimeret,
493 1747 590 1808 utpote
612 1738 662 1810 qui
677 1744 787 1811 quanto
810 1740 921 1796 ceteris

72 1822 187 1893 turpius
210 1824 336 1893 vivebat,
360 1826 453 1897 magis
476 1841 520 1883 nie
536 1827 700 1884 verebatur.
725 1828 807 1884 Tunc
825 1829 920 1885 conci·

72 1908 175 1967 iiosuu
189 1922 374 1983 congregato,
398 1922 425 1969 et
447 1914 586 1970 iratribus
608 1916 799 1986 congregatis,
825 1917 920 1987 grati·

72 2007 116 2055 ter
130 1999 198 2055 inibi
215 2001 468 2068 cominiiiatusest,
484 2011 512 2058 et
525 2016 555 2058 se
569 2001 607 2057 ed
623 2017 718 2074 regem
728 2019 793 2060 cuni
804 2004 919 2061 lestine-

71 2085 148 2144 tione
164 2087 319 2146 missurum
344 2089 428 2157 dixit,
445 2098 478 2146 ut
492 2091 526 2148 de
546 2105 590 2148 me
606 2092 763 2149 vindictam
781 2103 917 2163 sumeret,

70 2183 210 2248 tanquam
225 2178 305 2249 regni
320 2179 365 2234 sui
381 2178 501 2250 gloriam
516 2189 544 2236 et
558 2195 694 2238 eoronam
716 2182 743 2238 ei
760 2183 917 2240 auferente.

71 2263 107 2320 itt
116 2278 161 2320 me
172 2264 286 2322 interim
298 2267 371 2323 bene
380 2267 534 2324 observare
542 2271 684 2340 praecepit,
699 2270 790 2328 donec
802 2287 847 2328 me
857 2273 917 2345 regi

71 2352 206 2409 traderet.
233 2354 405 2425 Egoautem
434 2356 470 2411 ad
491 2358 652 2428 regularem
679 2358 869 2429 disciplinam,
895 2361 918 2417 si

70 2440 141 2512 qnid
152 2440 347 2512 deliquissem,
364 2442 471 2500 irustra
485 2444 701 2503 meoiierebam.
717 2448 859 2520 inncegu
872 2463 919 2506 ne

69 2528 192 2600 quitiam
206 2544 306 2587 eoruin
321 2532 490 2598 exburrcns,
508 2541 608 2604 utpute
619 2535 668 2606 qui
682 2536 782 2592 tandin
798 2545 855 2593 tam
870 2537 918 2593 ad·

69 2630 184 2675 versam
195 2618 356 2677 habuissem
369 2620 526 2690 lortnnam,
538 2623 825 2695 penitusdespcralus
833 2626 918 2697 qnasi

70 2706 225 2764 adversum
241 2722 285 2764 me
311 2710 466 2766 universus
479 2711 658 2780 conjurasset
680 2714 820 2780 mundus,
845 2729 917 2785 quo·

975 1580 1035 1623 reni
1053 1573 1221 1635 posuerunt,
1241 1563 1408 1633 responsuri
1427 1562 1522 1619 comiti
1538 1576 1625 1633 super
1641 1562 1693 1619 licii
1708 1563 1737 1617 in
1762 1563 1825 1631 ipsa

974 1656 1020 1711 die
1035 1663 1190 1725 antequam
1215 1652 1388 1709 recederent.
1413 1650 1484 1708 iiiito
1510 1659 1606 1708 autent
1625 1650 1756 1716 consilio,
1779 1648 1825 1703 vi·

973 1759 1039 1801 suin
1054 1751 1097 1800 est
1122 1743 1163 1799 eis
1184 1756 1229 1798 ute
1247 1741 1283 1796 ad
1304 1741 1391 1796 aliam
1420 1739 1564 1795 abbatiam
1588 1738 1659 1794 velle
1690 1737 1823 1803 transire,

973 1842 1001 1890 et
1031 1832 1085 1889 linc
1119 1846 1179 1887 siiae
1213 1829 1335 1887 dedecus
1373 1829 1545 1885 immensum
1581 1827 1651 1884 lore.
1691 1825 1824 1884 lintiuite

974 1935 1104 1992 namque
1117 1919 1216 1993 glorie
1231 1918 1284 1975 sibi
1301 1918 1492 1989 imputabant,
1506 1918 1584 1986 quud
1600 1918 1694 1972 adens
1706 1916 1735 1970 in
1751 1929 1822 1970 con·

973 2011 1104 2066 versione
1132 2022 1198 2064 mea
1219 2007 1409 2073 divertissem,
1439 2006 1524 2076 quasi
1553 2004 1664 2060 caeteris
1686 2002 1833 2058 omnibns·

973 2099 1098 2156 abbatiis
1119 2095 1307 2167 contemptis;
1320 2104 1349 2152 ct
1377 2109 1456 2152 nunc
1482 2094 1643 2150 maximnm
1659 2092 1713 2148 sibi
1729 2091 1822 2147 imini-

973 2203 1042 2245 nere
1073 2185 1206 2245 dicebant
1230 2184 1428 2256 opprobrium,
1455 2183 1537 2240 sicis
1556 2180 1676 2254 abjectis
1698 2180 1733 2236 ad
1752 2180 1824 2236 alios

973 2295 1191 2345 transmearem.
1221 2283 1302 2341 Unde
1320 2282 1451 2339 nullatus
1472 2281 1515 2338 rel
1548 2295 1594 2337 me
1619 2279 1664 2336 rei
1688 2279 1822 2334 comitem

971 2382 1294 2455 superuncaudiernnt.
1313 2381 1373 2437 initi
1383 2378 1453 2436 niihi
1464 2378 1560 2435 statim
1568 2376 1821 2442 commiuatisunt,

972 2481 1126 2554 quodnisi
1148 2480 1269 2537 lestinus
1294 2478 1428 2544 redirem,
1457 2491 1502 2534 me
1525 2478 1820 2533 excommunicarent.

971 2579 1007 2635 Et
1037 2577 1125 2649 priori
1154 2577 1205 2645 illi,
1231 2576 1268 2634 ad
1296 2590 1384 2648 quent
1420 2574 1594 2647 reingeram,
1639 2572 1731 2628 medis
1756 2584 1822 2627 oin·

971 2677 1059 2734 nibus
1096 2677 1319 2743 interdixerunt,
1351 2688 1387 2730 ne
1424 2686 1470 2729 me
1501 2672 1635 2739 deinceps
1675 2668 1820 2733 retineret,

70 2795 205 2852 rumdam
223 2811 365 2854 consensu
394 2798 517 2854 teatrum
541 2799 595 2855 met
613 2799 823 2868 memmium,
846 2816 919 2873 quo.
936 2753 958 2811 ⁰
975 2776 1030 2832 nisi
1069 2772 1375 2833 excommunicationis
1404 2769 1546 2841 particeps
1563 2781 1624 2824 esse
1656 2766 1820 2822 sustineret.

70 2883 195 2941 culinam
211 2883 421 2956 discipulerum
437 2887 762 2959 nostrorumsunrago,
780 2898 862 2946 nocie
877 2891 917 2947 ia·
973 2873 1035 2941 Quo
1062 2874 1171 2939 audito.
1199 2880 1258 2930 tam
1280 2871 1359 2941 trior
1384 2870 1444 2938 ipse
1465 2880 1555 2938 quam
1579 2878 1634 2936 eso
1659 2862 1746 2920 varie
1768 2876 1821 2918 an-

69 2974 283 3045 tenleraulugi,
295 2983 383 3045 atque
396 2974 455 3044 (48)
469 2975 506 3030 ad
523 2983 627 3031 terram
638 2977 750 3032 cernitis
764 2977 919 3036 Titeubaldi
973 2971 1046 3028 Ιίὃῑί
1064 2973 1182 3028 fuimus·
1203 2969 1259 3040 (5⁰)
1279 2967 1377 3023 libbas
1392 2971 1489 3022 ³⁰¹⁰OE
1516 2964 1545 3020 ³¹¹
1561 2962 1616 3019 ¹¹²⁰
1631 2959 1823 3018 ⁰b⁵²i¹¹²¹i⁰¹¹⁹

69 3061 242 3128 proximam,
265 3063 314 3119 tibi
331 3062 538 3119 anteaineella
553 3072 682 3121 moratus
704 3064 827 3131 ineram.
846 3068 914 3125 abs·
969 3070 1114 3132 recedens,
1137 3074 1201 3139 post
1216 3078 1324 3136 pancos
1338 3063 1399 3120 dies
1424 3062 1579 3119 deltinctus
1600 3067 1653 3116 est.
1683 3058 1740 3129 (il)
1764 3055 1820 3113 Cui

695 3227 855 3286 innuen
877 3223 1101 3298 quaererent
1118 3221 1232 3281 norm.

69 3344 229 3424 presbiteri¹
249 3359 373 3418 arguere
399 3347 581 3405 conabantur
601 3349 767 3420 Dionysium
792 3353 917 3423 Areopa·
970 3360 1036 3409 strie
1051 3347 1212 3406 serenitatis
1232 3345 1304 3402 adiit
1330 3344 1526 3418 presentiam.
1553 3354 1660 3412 rogans
1674 3350 1701 3397 ct
1715 3341 1822 3422 obnixe

69 3413 158 3486 gitam
190 3415 277 3472 luisse
305 3418 471 3489 Dionysium
499 3419 715 3478 Curintbinruni
740 3423 915 3494 episcopum,
972 3421 1129 3494 postulatis,
1147 3426 1179 3475 tit
1202 3417 1257 3474 sibi
1281 3417 1310 3471 iii
1335 3415 1460 3485 quadani
1483 3413 1613 3493 ecclesia,
1627 3416 1723 3467 sancti
1740 3413 1820 3468 vtile-

69 3494 98 3541 et
128 3500 184 3543 nun
218 3489 309 3558 niagis
340 3489 427 3545 inisse
462 3490 679 3547 Atheniensium
708 3495 913 3564 episiniputn‚·
970 3488 1259 3562 ticetitigntpliisub
1279 3485 1451 3542 Provinciisi
1473 3484 1657 3554 oppidnstta,
1679 3484 1821 3552 quamde

69 3568 160 3626 quani
177 3565 272 3613 tamen
287 3566 315 3614 et
334 3573 386 3630 per
399 3559 607 3618 dubitationem
627 3562 768 3619 conclusit
783 3564 827 3620 iiis
853 3579 916 3622 ver·
969 3565 1054 3622 nobis
1068 3562 1236 3619 beneticiese
1259 3556 1382 3622 tenebat,
1400 3558 1497 3611 liceret
1525 3555 1678 3610 inonacltus
1706 3553 1741 3607 de
1763 3568 1821 3608 ino-

69 3625 157 3683 bis:t
190 3628 327 3699 benique,
355 3631 480 3686 cilliane
501 3631 918 3692 iiteinvariaruuisententia-
971 3636 1096 3692 nasterin
1124 3629 1233 3687 demini
1259 3627 1335 3684 Petri
1365 3626 1523 3682 'trecassini
1553 3624 1688 3705 cellensis
1717 3638 1821 3695 cogno·

69 3711 135 3779 rum
161 3699 341 3768 pacatissimo
358 3699 414 3756 line
435 3702 528 3772 sepire
553 3705 666 3772 penitus
692 3707 849 3772 valeamus,
875 3707 918 3763 la·
971 3705 1072 3762 minati
1090 3702 1234 3773 primitive
1249 3712 1364 3770 petiere,
1379 3705 1408 3754 et
1427 3697 1461 3753 ed
1478 3696 1527 3753 Ilei
1544 3698 1693 3752 servitium
1710 3710 1820 3777 'perpe-

70 3767 125 3824 erle
139 3768 276 3836 lurtassis,
291 3771 313 3826 si
330 3771 403 3828 dues
420 3770 569 3843 iticnysiiis
584 3774 797 3831 corinthiorum
813 3777 919 3847 episce
971 3777 1098 3839 tualiter,
1117 3781 1145 3830 et
1168 3773 1314 3836 continue,
1339 3769 1418 3840 quod
1442 3769 1512 3824 inibi
1536 3773 1617 3837 prius
1641 3767 1821 3836 negligenter

70 3853 122 3910 pus
147 3839 288 3897 exstitisse
304 3856 454 3911 ponamus,
483 3853 511 3900 ct
532 3843 636 3900 iisdem
662 3860 791 3903 veracem
813 3850 916 3917 poteri·
971 3849 1123 3918 agebatur,
1139 3841 1409 3899 administrandum
1423 3840 1577 3901 destinare,
1606 3845 1660 3892 etc.
1685 3857 1700 3887 ι
1734 3836 1821 3892 Porro

71 3924 137 3967 mne
160 3919 267 3980 tenere,
286 3921 316 3968 et
339 3914 411 3969 nibil
439 3928 490 3983 per
511 3916 677 3984 opinionem
700 3917 853 3987 accipere;
878 3920 918 3975 ita
973 3917 1078 3975 tabulae
1110 3917 1222 3970 sanctia
1256 3912 1407 3968 Genovelm
1444 3908 1611 3965 Parisietisis
1645 3907 1819 3964 mentionem

70 3981 188 4052 quidem
204 3991 237 4040 nt
261 3997 338 4039 unns
352 3998 388 4040 ex
404 3984 546 4055 dionysiis
567 3986 780 4045 Corinthiorum
804 3989 917 4059 episcn·
970 3990 1059 4044 etiem
1072 3984 1185 4040 iaciunt
1198 3983 1397 4039 nundinarum
1413 3979 1509 4036 Saitcti
1529 3979 1636 4051 Aigulii
1652 3979 1729 4048 apud
1746 3980 1820 4035 i‘rn-

70 4051 125 4135 pis,
140 4061 168 4134 et
187 4054 340 4124 dionysius
355 4057 525 4126 Areiipaqita
547 4055 619 4112 idem
637 4067 673 4113 sit
695 4060 731 4115 de
759 4073 818 4129 qun
841 4061 917 4117 Beda

69 4123 181 4189 scribit,
214 4133 241 4180 et
271 4125 392 4181 diversis
419 4127 596 4196 temporibus
632 4127 706 4184 idetn
740 4131 858 4186 etbeuis
891 4138 918 4187 et

70 4191 208 4250 Corintbo
223 4203 356 4264 preesse
382 4198 540 4267 episcopus,
565 4206 594 4253 et
609 4201 822 4266 pesinioduma
847 4214 915 4257 san-

69 4272 115 4320 ctu
145 4262 289 4321 Clemente
317 4266 474 4323 Galliarum
500 4273 536 4324 sit
567 4269 718 4325 ordinatus
747 4274 915 4342 apostolus3

70 4332 146 4418 alins
172 4348 239 4390 vern
253 4349 289 4392 ex
305 4337 446 4408 dionysiis
466 4338 680 4396 Corinthiorum
700 4341 850 4411 episcopis,
869 4343 915 4398 ille

69 4403 157 4462 luerit
186 4405 347 4477 bonysius,
368 4410 403 4464 de
431 4423 490 4465 nuo
515 4409 706 4466 ecclesiastice
733 4412 857 4468 Historia
887 4420 916 4469 et

69 4475 263 4547 Hieronymus
305 4487 509 4536 meminerunt.
541 4501 552 4528 »
593 4478 739 4552 Quidquid
773 4483 820 4549 sit,
858 4497 915 4540 non

69 4547 194 4604 multum
209 4550 372 4605 curandum
400 4557 452 4617 est,
475 4559 506 4606 ut
521 4550 616 4619 inquit
633 4550 707 4608 idem
736 4554 914 4619 ebelredus,

69 4624 169 4698 utrum
189 4619 250 4689 ipsa
276 4619 430 4690 Dionysius
443 4621 594 4689 episcopus
609 4620 777 4679 Parisiensis
794 4628 917 4695 Ariopa-

69 4695 139 4757 gita,
154 4704 192 4745 ari
212 4691 329 4748 aliunde
342 4690 440 4759 luerit,
453 4689 727 4750 dnmmndntantain
737 4697 815 4766 apud
827 4697 916 4754 beitin

69 4759 191 4827 adeptus
205 4762 241 4817 sit
255 4776 401 4818 ctirunain.

105 4830 160 4899 (48)
185 4831 233 4886 Ad
259 4837 362 4888 terrum
376 4835 481 4888 comitis
505 4833 661 4891 Theobuldt'.
674 4862 711 4878 -
737 4835 917 4893 Tbeobaidns

69 4897 127 4979 iiie,
149 4901 210 4955 site
224 4902 426 4971 theobaudus,
451 4905 474 4959 li
499 4903 553 4961 litii
573 4908 637 4974 ejus
660 4906 795 4972 nominis,
822 4920 917 4964 ermes

69 4968 238 5095 'ingentium
262 4973 385 5031 civitatis
411 4983 440 5032 et
463 4975 603 5046 Privigni,
626 4978 679 5047 qui
702 4977 822 5033 decessit
840 4989 917 5034 annu

106 5111 163 5184 (49)
175 5113 208 5166 itt
227 5118 318 5168 entire
343 5117 469 5183 Priuipiti
483 5120 586 5173 merari
610 5119 688 5188 cupi,
703 5120 734 5173 itt
757 5119 825 5174 cella
843 5119 917 5173 iiidc-

69 5183 131 5238 lieet
165 5182 287 5249 qitudiim
316 5186 485 5241 Trecensiiim
519 5189 721 5244 meiincborttttt.
749 5216 785 5232 -
810 5190 916 5246 celiam

69 5252 166 5333 Sancti
187 5253 296 5324 Aiguld
324 5255 467 5327 intelligit,
493 5274 583 5329 quant
601 5259 807 5317 Tbeebaldusi
833 5259 917 5316 insti-

70 5326 217 5451 ¹titiit'rart‘tud
245 5324 425 5452 i’riviqnutin,
440 5337 468 5381 et
483 5328 740 5456 invenationem-‚ties
761 5330 855 5388 Sancti
871 5330 918 5386 Ρο-

70 5463 124 5523 ..i
149 5409 404 5551 ..ninius
423 5409 508 5538 ,tiit
526 5402 772 5529 uestitu
792 5401 918 5541 nin

76 5548 200 5593 summm
226 5536 385 5597 nobilitatis
400 5552 496 5596 comcs
520 5540 701 5600 Tbenbaidns
726 5546 844 5600 nemine
868 5556 918 5600 nn·

971 4063 1086 4122 vinum,
1102 4074 1116 4105 s
1132 4068 1210 4110 anno
1241 4055 1318 4107 itio.
1336 4052 1392 4109 Nec
1410 4064 1447 4106 ex
1461 4064 1494 4106 ra
1507 4064 1566 4105 rein
1590 4059 1657 4105 sitiit
1671 4052 1733 4105 aliie
1749 4065 1818 4120 qun·

972 4124 1262 4255 llilllll‘il
1283 4119 1741 4249 sterilensis-,illei
1761 4122 1818 4245 tq·

972 4207 1472 4328 ilgerii:'irecenglt'sjsei'liiiaizltlalilrdus
1491 4276 1569 4333 priiir
1589 4211 1690 4317 ¹Sebncti
1714 4206 1819 4333 {Gula

972 4341 1021 4411 plii
1048 4339 1083 4397 de
1108 4337 1246 4397 l'ruvino
1276 4342 1473 4393 memorantur
1502 4333 1557 4389 sub
1580 4348 1690 4389 aunum
1713 4331 1819 4389 curisti

974 4413 1061 4551 12(410)
1095 4479 1188 4537 Attae
1219 4481 1319 4544 etitem,
1348 4484 1401 4531 etc.
1424 4503 1460 4518 -
1482 4475 1574 4531 Adam
1608 4474 1723 4543 scilicet,
1758 4475 1818 4530 sire

972 4554 1100 4611 edamus
1112 4548 1209 4606 saneti
1229 4546 1356 4618 Dionysii
1367 4545 1467 4611 abbas,
1478 4548 1513 4603 de
1526 4560 1585 4617 quo
1596 4545 1656 4616 jam
1672 4547 1815 4616 superins.

971 4623 1096 4680 Decessit
1119 4627 1215 4677 autern
1229 4633 1305 4675 anne
1332 4619 1408 4685 4443,
1432 4626 1517 4674 nteit
1544 4618 1679 4673 electione
1707 4630 1819 4673 succes·

971 4693 1116 4764 scrisejns
1131 4703 1196 4747 mex
1212 4690 1373 4760 apparebit.

1007 4763 1063 4835 (54)
1091 4763 1142 4819 cei
1168 4777 1229 4817 cnm
1256 4761 1328 4816 nlius
1352 4759 1573 4816 emersisset...
1605 4788 1639 4798 -
1666 4757 1818 4815 Successor

971 4835 1019 4892 liic
1030 4837 1097 4891 titre
1111 4831 1167 4889 init
1180 4832 1329 4902 Superius,
1343 4838 1415 4889 tunc
1428 4830 1540 4888 absens
1565 4829 1715 4885 llesidebot
1738 4829 1817 4886 enim

970 4907 1047 4975 apud
1067 4905 1223 4962 callixtum
1243 4901 1266 4959 ΙΙ
1283 4915 1397 4975 papam,
1417 4902 1554 4959 missitsa
1575 4914 1643 4970 repe
1672 4898 1818 4959 tudnvico

970 4977 1074 5035 Grnsso
1090 4974 1330 5046 proquibusdam
1347 4974 1427 5042 requi
1445 4971 1573 5053 Francia
1585 4971 1715 5053 nepotiis.
1735 4972 1817 5035 Quod

971 5050 1032 5120 ipse
1046 5048 1127 5104 dccet
1142 5047 1171 5103 itt
1203 5048 1264 5101 vita
1284 5043 1423 5102 Liidoiiici
1449 5055 1535 5113 regis,
1565 5041 1635 5097 dum
1662 5051 1717 5097 ait:
1735 5064 1746 5091 «
1764 5042 1816 5099 Oe·

971 5117 1063 5175 cnrrit
1082 5117 1178 5175 subito
1205 5130 1277 5185 puer
1296 5115 1456 5180 leioiliatis,
1481 5126 1632 5193 quomens
1650 5126 1754 5194 ineque
1775 5127 1818 5168 rs-

971 5203 1141 5270 ornnes.
1164 5187 1257 5315 itis
1283 5183 1580 5313 lil‘⁵{.¹t...‘¹.ttlt¹
1597 5183 1819 5311 altrudis

972 5273 1117 5398 3¹53?ssae
1126 5273 1368 5398 ccatmiuunciiique
1395 5326 1431 5382 de
1457 5295 1577 5394 persona
1608 5334 1706 5380 nestra
1736 5326 1818 5395 pleno

972 5410 1118 5459 conventu
1145 5398 1250 5484 iactam
1275 5399 1480 5455 electionem«
1509 5395 1697 5467 Electumque
1718 5397 1818 5452 eiidem

973 5466 1819 5614 tlel‘tittii,lliiltllllriliinstiterit
