3736 5962
61 167 130 222 lasa
622 157 822 215 ttlsohoola
840 153 1061 213 cusrsrttrta.
1078 183 1112 193 -
1124 151 1190 209 titt.
1210 150 1258 207 lit.
1742 153 1811 211 1954

10 310 13 347 ι
55 293 144 360 (ιιιιι,
159 306 227 348 cnm
243 290 411 361 trequenter
423 300 460 344 ιι
476 283 623 357 adjunctis
635 284 745 343 etalias
757 289 907 342 assumant
921 282 946 338 a
960 288 1002 340 est
1013 281 1062 339 liei
1078 279 1182 350 Patris,
1198 278 1228 335 in
1243 293 1276 335 eo
1291 277 1398 336 scilicet
1419 277 1498 349 qnod
1513 278 1704 345 Patefactus
1727 277 1811 337 aliud

55 380 297 454 significationes,
315 377 363 435 vel
379 377 447 433 istas
468 375 623 446 deponant.
639 374 713 432 cum
734 374 813 431 euim
834 372 907 430 dici·
963 371 1027 430 Filii
1041 375 1070 429 et
1097 369 1177 427 aliud
1202 367 1327 440 Spiritus
1351 367 1454 423 sancti.
1472 365 1565 424 Patris
1592 365 1712 438 puidam
1738 380 1810 439 pro-

56 484 126 528 mus
148 468 211 526 loco
229 467 354 533 diversa,
377 464 491 522 diversa
515 464 640 521 dicimus
663 463 825 521 meandum
839 475 907 518 cou-
963 462 1060 533 prium
1082 468 1134 528 est,
1159 465 1192 527 nt
1215 470 1306 529 supra
1329 470 1447 527 quoque
1471 454 1656 513 meminimus
1676 468 1695 513 a
1715 455 1811 529 seipso

57 559 223 626 tinentlam,
239 570 299 613 non
313 555 475 611 secuudum
498 566 664 621 numerum,
679 553 725 610 ιιι
745 551 907 609 secundum
962 564 1033 618 esse,
1051 563 1109 606 non
1132 548 1168 604 ab
1197 547 1263 615 alio,
1283 554 1312 603 et
1335 554 1508 619 coaeternum
1532 545 1587 601 sihi
1602 544 1708 603 Filium
1729 551 1815 603 reter-

58 649 226 705 essentiam.
251 643 388 715 Alioquin
402 642 504 699 vioum
528 641 607 713 quod
627 647 670 698 est
685 640 716 697 iu
739 638 814 696 dolio
828 644 856 694 et
878 637 907 694 in
962 639 1066 695 naliter
1081 637 1210 709 gignere.
1237 634 1301 691 Filii
1321 648 1389 691 vero
1408 632 1488 705 gigni
1503 646 1520 689 a
1533 633 1593 689 solo
1611 633 1705 701 Patre,
1719 630 1810 706 Spiri-

45 736 146 793 'domo
162 735 193 791 in
208 732 331 791 dirersis
358 737 431 788 esset
445 729 526 793 locis,
543 743 611 787 cum
630 727 747 787 nullum
761 739 866 798 corpus
879 725 909 781 in
963 735 1010 785 tus
1024 726 1117 784 sancti
1132 724 1284 796 procedere
1302 723 1339 780 ab
1363 732 1498 793 utroque.
1524 721 1605 779 Unde
1620 722 1695 779 hene
1715 722 1810 781 macti

58 821 184 880 diversis
208 833 270 877 esse
295 818 364 876 locis
388 817 573 874 concedatur.
602 816 676 874 Cum
704 815 804 887 itaque
830 815 910 871 locus
963 818 1062 872 Patres
1087 815 1140 871 has
1162 827 1298 885 personas
1316 812 1353 869 ah
1376 811 1500 868 invicem
1523 810 1699 882 quibusdam
1725 810 1809 883 quael

56 911 116 969 hoc
131 923 236 967 nomen
249 921 287 965 ex
311 906 490 964 continentia
504 904 550 963 ιιι
571 904 729 976 capacitate
746 903 909 965 conveniat,
965 902 1188 976 proprietatibus
1199 901 1315 960 dilierre
1333 900 1483 966 dixerunt,
1504 897 1590 968 juxta
1610 897 1683 956 illud
1704 896 1811 971 Grego-

59 1014 131 1058 cum
147 999 263 1055 additur
278 997 305 1054 ei
319 996 479 1063 diversum,
495 993 647 1051 diversitas
663 991 846 1050 continentia
858 992 910 1050 de·
964 995 1021 1051 rii:
1037 1011 1052 1046 ι
1068 994 1103 1050 Et
1125 993 1155 1049 in
1171 992 1299 1063 personis
1323 991 1491 1061 proprietas,
1511 997 1540 1046 et
1554 989 1584 1045 in
1602 989 1726 1047 essentie
1746 988 1812 1047 aui·

59 1092 217 1162 signatur:
248 1099 281 1142 ac
308 1085 333 1142 si
347 1084 492 1141 diceretur
518 1082 581 1139 loca
600 1082 714 1139 diversa
742 1096 808 1153 quaa
836 1081 911 1138 idem
964 1090 1009 1140 tas
1024 1098 1032 1138 a
1050 1102 1065 1133 a
1088 1088 1121 1163 et
1139 1081 1212 1138 illud
1236 1080 1403 1151 Hieronymi
1431 1079 1461 1135 in
1477 1077 1595 1148 epistola
1616 1078 1652 1135 de
1668 1076 1811 1150 explana·

60 1179 211 1236 continere
225 1189 260 1230 ac
274 1173 444 1230 concludere
466 1186 525 1228 non
551 1171 668 1228 hahent.
683 1169 729 1227 Sic
742 1177 771 1227 et
786 1184 853 1226 cum
867 1169 910 1226 di·
966 1171 1043 1230 tione
1058 1170 1124 1228 ildei
1138 1171 1174 1227 ad
1189 1172 1345 1227 Damasum
1360 1182 1467 1241 papam
1486 1168 1604 1236 directa,
1620 1167 1670 1225 ubi
1685 1167 1809 1227 dicitur:

61 1269 159 1325 cimus
188 1263 328 1335 Spiritum
356 1270 490 1318 sanctum
514 1259 714 1330 multiplicem,
738 1258 785 1316 sel
804 1264 911 1329 septem
967 1281 982 1312 ιι
1011 1258 1224 1318 &mundantes
1264 1258 1373 1326 Arium,
1409 1270 1500 1313 unam
1528 1257 1659 1315 eamdem
1687 1254 1811 1335 didatus

61 1355 198 1427 Spiritus,
217 1352 288 1423 quia
302 1351 428 1420 Spiritus
442 1363 479 1406 ιι
505 1348 671 1419 operatione
695 1361 757 1405 sua
773 1346 912 1404 bonitatis
965 1348 1114 1405 Trinitatis
1146 1347 1348 1404 substantiam.
1379 1345 1459 1414 ltem,
1489 1345 1666 1416 impietatem
1693 1343 1811 1403 Sabellli

56 1450 91 1500 et
110 1441 312 1499 distributione
325 1453 386 1495 suaa
408 1437 507 1509 gratias
522 1437 579 1494 dici
601 1435 683 1504 solet,
706 1436 783 1492 hanc
807 1435 909 1493 multi·
966 1437 1154 1505 declinantes,
1178 1443 1237 1493 tres
1267 1446 1404 1506 personas
1430 1446 1579 1504 expressas
1602 1431 1657 1491 sub
1682 1432 1810 1504 proprie·

60 1530 220 1603 plicitatem
246 1542 280 1584 ac
308 1527 504 1583 diversitatem
531 1524 656 1595 Spiritus
670 1523 706 1580 ad
721 1523 821 1580 allecta
848 1523 912 1593 ejus
966 1532 1024 1582 tate
1056 1523 1276 1596 distinguimus.
1298 1542 1313 1572 a
1336 1523 1370 1578 itt
1397 1529 1459 1592 post
1493 1520 1645 1592 aliquas·
1672 1520 1813 1579 Personas

64 1627 157 1678 totam
185 1616 372 1674 reducimus:
404 1615 488 1687 iuxta
515 1613 593 1685 quod
622 1621 650 1670 et
674 1611 746 1669 illud
771 1611 912 1682 accipitur
927 1619 949 1675 Β
966 1615 1053 1672 etiarn
1085 1614 1162 1684 ipsas
1195 1612 1380 1684 proprietates
1419 1609 1553 1682 appellat,
1595 1610 1710 1669 dimus:
1747 1609 1812 1669 Non

64 1708 146 1781 quod
173 1705 285 1764 Veritas
318 1705 374 1761 ait:
405 1703 501 1759 Atium
534 1702 705 1758 Paracletum
732 1700 803 1756 dubo
836 1699 912 1755 uobis
968 1703 1046 1761 enirn
1079 1701 1196 1760 nomina
1229 1700 1438 1769 tantummodo,
1471 1699 1629 1756 sedetiam
1659 1698 1812 1757 nominum

65 1797 156 1868 (ioca.
173 1808 234 1862 ιιι,
251 1793 305 1864 tc),
326 1792 380 1848 hoc
398 1798 441 1848 est
464 1790 500 1847 ad
522 1789 602 1847 aliud
616 1789 799 1846 alliciendum
818 1788 848 1846 iu
863 1803 912 1845 vo·
968 1791 1166 1865 proprietates,
1192 1789 1221 1846 id
1243 1797 1287 1847 est
1308 1802 1454 1860 personas,
1470 1787 1516 1845 ιιι
1543 1795 1575 1845 ιιι
1597 1787 1689 1845 Greci
1711 1787 1812 1861 expri-

69 1886 122 1943 bis.
137 1883 231 1940 Sedet
249 1896 317 1940 cunt
339 1880 463 1937 dicimus
485 1878 582 1950 opilex
601 1879 687 1946 alius,
713 1878 806 1949 pictor
826 1876 913 1944 alius,
968 1887 1054 1937 munt
1068 1881 1245 1951 hypostases,
1259 1878 1314 1935 hoc
1328 1885 1370 1936 est
1387 1876 1585 1935 subsistentias
1599 1876 1811 1935 condantur.»

68 1974 150 2031 laber
164 1973 250 2038 alins,
264 1977 330 2038 etc,
347 1969 419 2040 quia
433 1967 606 2024 hocnomen
628 1966 725 2038 opilex
751 1979 788 2023 ιι
813 1979 912 2036 opera·
970 1969 1024 2028 Ubi
1038 1977 1067 2027 et
1095 1981 1199 2028 rursus
1222 1967 1346 2038 adjecit:
1375 1967 1507 2037 «ltaque
1531 1965 1695 2027 substantia
1719 1980 1814 2025 uuum

67 2062 145 2121 tione
173 2059 319 2126 convenit,
344 2057 405 2113 sive
432 2070 470 2114 ex
487 2056 593 2125 olllcio,
620 2055 745 2112 dicimus
771 2054 862 2113 alium
886 2061 916 2111 et
966 2061 1047 2126 suut,
1068 2057 1199 2135 personis
1221 2069 1256 2112 aa
1280 2054 1448 2111 nominibus
1468 2054 1702 2127 distinguuntur.
1719 2074 1735 2107 a
1749 2054 1814 2114 Non

67 2151 160 2207 alium
181 2147 342 2204 secundum
365 2144 466 2203 edecta
485 2145 531 2203 vel
546 2143 651 2213 oldaia,
671 2157 729 2200 nou
753 2142 915 2200 monadum
969 2154 1066 2204 tamen
1080 2160 1147 2202 cum
1163 2145 1350 2216 proprietates
1364 2143 1422 2200 dici
1441 2143 1578 2202 audimus
1596 2143 1637 2201 ita
1651 2143 1813 2219 intelligen-

68 2251 216 2312 personas,
232 2249 300 2292 cum
314 2235 433 2292 tortasse
452 2246 665 2304 nonuunquam
679 2231 781 2288 eadem
793 2245 914 2302 persona
969 2235 1108 2304 domest,
1123 2242 1156 2290 ut
1180 2233 1288 2290 lormas
1302 2232 1418 2303 aliquas
1441 2232 1471 2289 in
1493 2233 1553 2291 Deo
1576 2234 1742 2306 opinentur,
1764 2232 1814 2293 sed

69 2327 225 2396 utriusque
247 2321 334 2379 etheit
349 2323 396 2378 sit.
419 2321 554 2378 Setiam
574 2317 740 2378 aristoteles
760 2326 854 2376 vestet
874 2319 913 2376 di·
970 2326 1158 2397 proprietates
1171 2323 1257 2394 quasi
1277 2322 1392 2393 propria
1406 2322 1539 2389 dicimus,
1554 2336 1588 2379 eo
1607 2321 1716 2382 scillcet
1730 2322 1815 2382 mado

66 2415 105 2470 cit
128 2414 157 2469 in
171 2413 265 2483 primo
281 2410 509 2467 perihermenias
522 2421 668 2466 sermones
690 2408 767 2464 sicut
790 2414 818 2464 ιι
837 2407 912 2464 ιιιιι·
969 2429 1028 2488 quo
1056 2412 1125 2470 dicit
1152 2412 1320 2469 Aristoteles
1351 2410 1431 2468 omni
1464 2411 1633 2469 substantia
1660 2425 1815 2471 commune

67 2516 117 2559 ras
129 2517 186 2558 uon
206 2500 319 2557 eosdem
340 2498 477 2555 omnihus
490 2511 571 2564 esse3
591 2496 640 2553 sed
665 2496 793 2553 diversos
818 2496 912 2554 diocr-
968 2517 1030 2560 essa
1043 2515 1103 2559 non
1115 2515 1177 2559 esse
1192 2501 1222 2556 in
1241 2499 1381 2571 subiecto,
1405 2498 1452 2556 ιιι
1471 2514 1529 2557 non
1552 2500 1698 2573 suscipere
1720 2500 1816 2574 magis

66 2591 109 2648 sis
128 2589 288 2647 secundum
306 2587 436 2645 cilicium
462 2584 648 2658 significandi
670 2584 701 2641 ld
727 2584 811 2652 dixit,
835 2586 913 2656 quod
968 2600 996 2648 ιι
1015 2590 1124 2654 minus,
1148 2590 1210 2646 sive
1228 2589 1303 2646 nihil
1321 2588 1424 2645 essaei
1447 2590 1637 2659 contrarium,
1653 2604 1708 2648 uec
1725 2589 1756 2647 in
1769 2589 1815 2648 bia

65 2686 110 2737 est
123 2692 289 2734 sermonum
308 2685 335 2733 et
350 2675 523 2743 litterarum,
553 2688 611 2731 non
633 2673 794 2732 secundum
821 2672 913 2745 ipsam
969 2687 1065 2737 tamen
1088 2677 1348 2735 communitatibus
1361 2691 1436 2748 quas
1457 2676 1587 2749 assignat
1612 2678 1689 2736 ullas
1708 2677 1815 2736 intelll-

65 2781 171 2824 vocum
188 2765 397 2836 prolationem:
415 2765 498 2835 qnia,
524 2777 592 2819 cum
614 2763 652 2820 sit
671 2761 793 2834 prolatio
808 2777 913 2821 vocum
969 2767 1011 2840 git
1032 2768 1160 2824 formas:
1186 2780 1260 2837 quas
1282 2765 1390 2823 scilicet
1411 2765 1632 2822 communitates
1655 2764 1752 2837 potius
1768 2779 1814 2824 re·

67 2856 210 2914 naturalis
236 2854 382 2921 omnibus,
399 2852 582 2925 significandi
606 2851 735 2908 cilicium
757 2851 837 2925 apud
851 2866 913 2908 om·
969 2855 1110 2914 movendo
1121 2854 1243 2926 aliquid,
1257 2868 1347 2926 quam
1362 2853 1492 2925 ponendo
1507 2854 1645 2925 assignat.
1660 2854 1697 2912 ιιι
1710 2868 1815 2927 quent·

69 2959 121 3002 nes
134 2959 193 3000 uon
216 2951 341 3012 tenetur,
357 2941 406 2998 sed
428 2941 507 3013 apud
531 2955 579 2996 eos
597 2938 778 2997 solummodo
798 2941 850 3011 qui
863 2954 915 2997 ea·
931 2949 953 3007 c
970 2944 1126 3002 admodum
1147 2943 1272 3000 dicimus
1295 2941 1466 2999 substantia
1480 2941 1631 3013 proprium
1652 2956 1714 3001 esse
1736 2942 1815 3016 quod

66 3048 134 3091 rum
159 3030 370 3103 impositionem
393 3043 451 3086 non
474 3030 619 3100 ignorant.
645 3027 699 3095 Qui
723 3028 811 3086 etlam
832 3035 913 3099 post-
971 3048 1022 3104 par
1036 3033 1230 3101 sasnhsis1h3
1248 3031 1515 3104 qniavidelicetex
1528 3046 1562 3089 eo
1585 3032 1664 3105 quod
1678 3031 1814 3090 suhsmn.

66 3121 186 3180 modum
204 3121 236 3177 in
261 3119 388 3176 secundo
413 3116 643 3175 Peribermenias
666 3115 716 3184 ait,
738 3130 837 3174 vocem
853 3131 913 3174 csse
968 3120 1008 3179 tia
1026 3127 1064 3178 et.
1097 3121 1152 3179 hoc
1175 3119 1356 3176 solummodo
1384 3118 1495 3191 exigit;
1512 3127 1540 3176 ιι
1559 3108 1750 3179 reiinlortnis
1771 3120 1815 3179 dl·

10 3210 12 3215 '
66 3224 157 3270 uuam
183 3215 212 3266 ιι
238 3207 402 3265 affectiones
434 3207 552 3265 multas.
580 3207 639 3262 hut
653 3219 721 3263 cum
746 3204 913 3262 Priscianus
967 3208 1061 3266 cimus
1075 3209 1225 3280 proprium
1252 3208 1404 3280 ιιιιιιιιοι
1431 3221 1489 3265 non
1522 3208 1609 3266 babet
1638 3209 1753 3279 lormas,
1767 3216 1815 3267 ut·

65 3298 141 3358 dixit
156 3298 247 3355 multa
263 3297 381 3353 nomino
396 3294 522 3353 incidere
536 3295 567 3352 in
586 3308 676 3351 unam
694 3306 805 3363 vocem,
822 3293 914 3350 multa
968 3304 1032 3369 pote
1048 3298 1140 3368 ipsius
1153 3297 1214 3366 liei,
1237 3297 1283 3354 ιιι
1311 3296 1352 3354 ιιι
1374 3296 1512 3368 simplicis
1532 3312 1600 3369 que
1622 3297 1757 3370 partibus
1768 3312 1815 3357 aa·

63 3400 119 3444 seu
148 3384 262 3440 diversa
283 3384 472 3455 accipiuntur
493 3382 655 3439 secundum
683 3380 779 3451 ipsum
806 3380 914 3453 signill-
968 3393 1022 3454 ret,
1036 3386 1191 3458 nullasque
1207 3400 1257 3458 per
1272 3386 1325 3443 hoc
1347 3385 1453 3443 iormas
1468 3400 1574 3456 ponere
1595 3387 1749 3457 sideman
1766 3387 1814 3447 sod

63 3472 152 3530 caudi
166 3472 295 3529 cilicium
309 3471 345 3527 ad
371 3471 500 3528 diversos
516 3469 677 3527 intellectus
698 3469 914 3528 constituendos
969 3489 1089 3547 prorsus
1107 3476 1237 3533 omniurn
1257 3483 1317 3531 tam
1335 3472 1498 3532 formarum
1517 3488 1608 3546 quam
1628 3476 1758 3549 partium
1771 3491 1814 3535 re-

64 3562 145 3619 unde
177 3561 384 3619 alllrmationcs
414 3559 460 3617 sel
487 3559 607 3616 uomina
632 3558 780 3615 dicuutur.
811 3559 913 3615 Vocem
969 3563 1125 3621 motionem
1152 3564 1264 3620 iacere:
1281 3570 1332 3622 aut
1352 3563 1377 3620 si
1397 3564 1464 3634 quis
1486 3565 1601 3635 aliquas
1614 3565 1644 3622 in
1664 3565 1719 3623 hoc
1738 3579 1816 3637 ιιι·

63 3664 136 3707 ιιιο
152 3664 242 3707 unam
263 3650 331 3706 dicit
345 3662 382 3705 ιι
395 3648 457 3720 ipsa
478 3646 645 3719 prolationis
667 3655 695 3704 et
721 3645 786 3705 soni
809 3646 920 3716 torma,
968 3665 1026 3723 que
1040 3652 1147 3708 iormas
1162 3650 1315 3722 intelligat,
1332 3659 1443 3708 certum
1466 3659 1508 3708 est
1524 3651 1601 3723 ipsas
1621 3653 1741 3711 omuino
1756 3668 1816 3712 noa

63 3753 125 3795 non
152 3751 189 3795 ιι
211 3737 315 3808 allicio,
343 3751 411 3793 cum
437 3736 568 3794 videlicet
592 3750 651 3793 ιιι
672 3736 730 3813 hoo
757 3749 862 3792 nomeu
875 3748 912 3791 ιι
967 3753 1028 3796 esse
1041 3739 1172 3796 divorsas
1190 3753 1236 3796 res
1256 3740 1293 3796 ab
1312 3740 1381 3809 ipsis
1394 3739 1565 3797 substantiis
1579 3741 1689 3812 quibua
1704 3742 1814 3799 insunt.

64 3827 207 3899 qualitate
229 3827 302 3896 soni,
330 3840 388 3883 non
413 3839 449 3882 ιι
479 3824 572 3882 allicio
599 3823 783 3896 significandi
811 3822 912 3880 datum
969 3829 1012 3885 lta
1027 3835 1055 3886 et
1074 3828 1167 3884 Patris
1179 3826 1257 3884 istud
1279 3841 1340 3884 esse
1354 3828 1505 3899 proprium
1520 3829 1655 3898 dicimus,
1678 3828 1751 3889 illud
1767 3829 1816 3887 si-

62 3913 113 3970 sit.
130 3914 176 3970 Sic
194 3915 295 3985 itaque
318 3929 355 3971 ιι
378 3913 565 3985 adjunctione
584 3914 781 3985 subjectorum
800 3913 872 3969 idem
885 3918 914 3969 et
968 3916 1011 3986 lii,
1027 3925 1116 3988 atque
1135 3916 1207 3974 illud
1223 3916 1348 3987 Spiritus
1361 3916 1463 3973 sancti.

62 4002 205 4059 dicacem
234 4003 399 4074 trequenter
422 4016 490 4060 suas
521 4002 746 4074 significationes
780 4015 913 4059 commu·
1003 4006 1076 4065 Nolo
1089 4013 1186 4063 autem
1199 4005 1255 4062 sub
1275 4003 1391 4061 silentio
1416 4006 1574 4077 preterire,
1599 4018 1692 4077 quare
1707 4003 1814 4064 rideli-

62 4098 139 4155 tant,
164 4091 238 4148 siout
261 4099 289 4148 et
309 4098 418 4148 catera
443 4104 518 4160 saepe
541 4090 691 4159 dictiones,
716 4098 750 4148 ut
768 4091 793 4147 si
819 4090 912 4148 dicam
968 4103 1011 4154 cet
1027 4095 1057 4152 iu
1070 4094 1254 4166 assignandis
1270 4094 1493 4165 proprietatibus
1517 4094 1687 4152 divinarum
1714 4107 1816 4167 perso·

62 4178 242 4237 citharedus
253 4181 345 4237 honus
355 4187 383 4237 et
399 4179 603 4249 homobonus,
619 4179 666 4238 ιιι
681 4194 738 4237 ιιι
752 4180 875 4250 simplex
884 4184 913 4236 et
968 4199 1074 4243 narum
1089 4184 1192 4241 tandiu
1208 4183 1391 4254 perstiterim,
1408 4189 1441 4240 ut
1459 4198 1508 4241 eas
1525 4184 1643 4255 quidem
1658 4184 1816 4256 proprieta-

64 4269 222 4339 propositio
236 4268 370 4340 simplex,
387 4267 432 4326 ιιι
447 4282 516 4326 vera
539 4268 672 4325 dildnitio
684 4276 713 4326 et
724 4283 794 4327 vera
809 4269 911 4327 oratio.
929 4299 952 4355 D
969 4281 1010 4332 tes
1022 4286 1150 4331 nonesse
1170 4272 1250 4328 aliud
1266 4272 1302 4328 ab
1327 4272 1387 4343 ipso
1403 4273 1460 4330 ileo
1483 4272 1528 4331 ιιι
1542 4272 1579 4329 ab
1595 4273 1665 4345 ipsis
1684 4272 1816 4345 personia

100 4357 176 4414 Puto
191 4372 236 4414 me
259 4358 412 4428 diligenter
434 4357 610 4427 distinxisse,
626 4365 771 4428 quantum
786 4358 822 4417 ad
838 4373 914 4429 pra*-
969 4371 1140 4420 astruerem.
1157 4361 1216 4418 lloc
1231 4361 1293 4418 ideo
1316 4362 1477 4431 plurimum
1501 4361 1666 4419 laciendum
1680 4375 1743 4420 esse
1765 4360 1815 4419 de·

63 4460 134 4503 sens
151 4445 301 4518 negotium
316 4448 428 4511 attinet,
444 4454 518 4519 quot
532 4447 626 4504 modis
651 4447 725 4503 taem
741 4447 803 4505 sive
818 4448 913 4504 diocr-
967 4451 1055 4521 crevi,
1072 4450 1151 4522 quod
1176 4450 1355 4522 temporibus
1381 4452 1488 4509 uostris
1502 4450 1636 4511 nonnulli
1650 4451 1726 4509 inter
1746 4463 1815 4509 rere

63 4550 129 4592 sum
149 4535 316 4606 accipiatur,
340 4543 373 4592 ut
395 4534 477 4593 iacile
498 4535 681 4607 postmodum
693 4536 866 4595 discutiatur
880 4536 913 4595 in
966 4540 1121 4599 catholicos
1135 4539 1305 4611 computati,
1325 4546 1412 4610 atque
1425 4540 1513 4597 etiarn
1540 4554 1591 4612 per
1613 4539 1814 4598 assiduitatem

63 4638 127 4697 quo
155 4625 291 4681 consistat
318 4624 472 4681 diversitas
495 4637 685 4695 personarum
711 4639 777 4697 quaa
799 4627 830 4683 ln
855 4628 912 4684 lieo
965 4629 1057 4688 studii
1087 4628 1256 4688 divinorum
1297 4629 1439 4688 librorum
1478 4630 1646 4697 cathedram
1678 4627 1812 4702 ιιιιιιιιι

63 4718 286 4784 santonorum
300 4714 399 4770 eadem
415 4713 529 4784 penitus
549 4712 711 4771 substantia
726 4720 778 4771 est.
791 4714 910 4784 Eadem,
966 4718 1073 4790 adepti,
1092 4717 1122 4774 in
1138 4726 1249 4775 tantam
1271 4732 1459 4789 prorumpere
1480 4718 1545 4776 ansi
1568 4726 1637 4776 suut
1655 4716 1810 4785 insaniam,

64 4803 200 4873 inquam,
224 4802 413 4859 essentialiter
434 4816 622 4871 annumero,
648 4804 723 4860 sicut
746 4803 845 4860 eadem
869 4811 912 4862 est
965 4815 998 4866 ut
1012 4807 1202 4879 proprietates
1226 4806 1303 4878 ipsas
1323 4820 1512 4878 personarum
1535 4807 1607 4864 alias
1627 4821 1673 4864 res
1697 4805 1812 4865 esseab

63 4889 229 4947 substantia
242 4891 320 4948 ensis
339 4899 367 4948 ιι
382 4891 480 4963 gladii,
496 4891 542 4949 ιιι
555 4891 644 4963 hujus
665 4891 791 4949 hominis
814 4898 842 4949 ct
855 4892 911 4950 bu·
967 4895 1028 4967 ipso
1044 4898 1101 4953 lieo
1122 4896 1167 4953 vel
1182 4896 1219 4952 ab
1236 4895 1305 4967 ipsis
1324 4895 1454 4967 personis
1478 4896 1686 4968 profiteantur:
1703 4896 1758 4955 hoc
1769 4900 1813 4953 est

60 4979 113 5051 jus
124 4979 267 5036 animalis.
285 4980 357 5038 Sunt
378 4991 475 5037 antem
489 4982 526 5037 ab
547 4981 670 5038 invicem
697 4981 820 5038 diversae
843 4994 912 5051 per-
965 4985 1167 5056 paternitatem
1197 4984 1300 5055 ipsam,
1327 4992 1356 5042 et
1381 4984 1559 5053 dilationem,
1591 4992 1620 5042 ιι
1650 4984 1815 5056 processio·-

63 5081 153 5135 sonae,
169 5068 253 5125 idest
277 5069 370 5137 Pater,
383 5077 411 5126 et
434 5069 535 5136 Filius,
554 5077 582 5126 et
598 5069 721 5140 Spiritus
735 5076 856 5128 sanctus
875 5070 912 5127 ad
965 5088 1033 5131 nem
1055 5073 1190 5144 Spiritus,
1213 5087 1288 5144 quas
1310 5072 1429 5144 quidem
1453 5073 1516 5145 ipsa
1535 5073 1622 5131 etiam
1643 5080 1812 5131 sanctorum

63 5154 284 5214 similitudinem
310 5171 410 5215 eorum
426 5171 493 5228 quae
511 5156 820 5221 dilduitioue,diversa
842 5166 913 5216 snut
965 5163 1085 5218 Patruus
1110 5161 1268 5217 auctoritas
1289 5161 1443 5218 relationes
1466 5160 1598 5233 appellat.
1626 5162 1659 5219 ln
1672 5162 1815 5221 hauctu-

62 5257 116 5303 seu
141 5247 322 5317 proprietate,
349 5261 382 5304 eo
403 5247 538 5304 videlicet
551 5246 631 5319 quod
653 5248 789 5319 quamtis
810 5248 912 5306 eadent
966 5258 1023 5308 mm
1037 5248 1173 5307 heresim
1183 5262 1220 5306 ex
1234 5250 1288 5307 boc
1302 5250 1430 5307 maxime
1444 5258 1513 5308 suot
1523 5250 1646 5320 inducti,
1661 5250 1741 5323 quod
1755 5250 1813 5310 ulai

62 5333 178 5406 penitus
191 5335 318 5393 essentia
338 5336 375 5393 sit
393 5336 470 5394 heus
481 5338 566 5394 Pater
583 5350 649 5409 qna
670 5344 714 5395 est
727 5336 805 5397 bens
819 5337 910 5407 Flius,
965 5340 1154 5414 proprietates
1180 5339 1260 5410 istas,
1285 5353 1337 5413 per
1358 5354 1433 5413 quas
1455 5339 1562 5399 scilicet
1586 5355 1716 5413 persona
1732 5339 1811 5400 dilie-

59 5436 115 5486 seu
141 5424 219 5484 licus
246 5424 372 5498 Spiritus
388 5432 518 5498 sancus,
538 5424 620 5488 aliud
637 5433 735 5488 tamon
757 5428 912 5502 propriant
963 5434 1046 5501 runt,
1061 5427 1190 5490 ιιιιιιιι
1202 5442 1251 5491 ιιι
1264 5428 1381 5503 abipsa
1404 5429 1570 5493 masania
1581 5429 1682 5493 ιιιιιιι
1691 5436 1812 5505 ιιιιιιι,
