3804 5962
744 187 859 247 subito
879 188 943 249 ΧΙΙ.

81 304 226 374 nsutdcit,
244 304 293 363 cul
311 305 411 365 dirim
427 306 537 381 iudicio
557 309 687 382 deputati
702 324 813 382 sumus,
830 311 969 384 adutus,
984 321 1012 373 et
1023 315 1065 374 sic
1087 316 1126 374 ad
1151 315 1276 377 Pilatum
1303 318 1443 380 mmissus
1457 320 1552 396 (loca.
1567 337 1651 396 ιιι,
1664 329 1723 402 25).

81 409 144 454 oca
164 397 222 453 ileo
237 394 365 468 quadam
379 396 578 456 maledictione
593 400 729 470 percussi.
746 402 816 467 Qus
903 400 929 459 Α
943 403 1124 477 principibus
1142 406 1241 480 itaque
1262 408 1466 484 interrogatus,
1483 413 1536 485 qui
1555 415 1593 473 ad
1606 430 1675 476 eum
1687 418 1724 476 li·

106 484 281 552 maledictio,
294 491 322 543 et
336 485 367 543 iu
391 486 538 545 Christum
562 497 746 561 retorquetur
764 504 816 562 per
868 491 1030 551 berandnm
1053 495 1213 566 plurimum
1239 505 1380 568 poterant,
1404 503 1588 573 responsione
1608 520 1664 564 sua
1677 507 1722 565 di-

81 589 191 647 ,ιιοιι
208 588 408 646 percussnma
430 577 488 634 Deo
509 585 538 634 et
555 579 684 636 attritum
700 587 815 651 propter
869 595 1003 652 gnoseos
1025 596 1084 641 non
1097 584 1230 656 censuit;
1255 587 1307 658 qui
1331 595 1437 656 umen,
1460 598 1493 649 ut
1515 606 1605 665 supra
1619 598 1721 656 memi-

92 675 192 723 uostra
215 664 357 735 Propheta
380 665 466 738 longe
490 674 556 725 ante
574 667 756 738 predixerat.
778 670 815 727 lit
868 670 976 739 nimus,
998 685 1015 729 a
1034 672 1164 730 ministro
1189 675 1331 745 pontilicis
1352 691 1517 749 percussus,
1540 681 1678 743 blandam
1693 687 1721 745 ei

80 755 147 811 steri
162 752 191 810 in
210 753 301 825 ligno,
316 761 349 811 ut
370 754 554 822 dictumest,
570 764 691 814 mortem
709 756 814 815 anime
867 760 1082 831 responsionem
1108 776 1167 821 non
1190 765 1317 836 negavit,
1344 766 1441 824 diceus
1465 784 1472 825 :
1497 770 1529 827 Si
1549 773 1621 828 mola
1640 774 1719 832 locu-

80 848 160 911 runt,
174 841 217 899 sio
240 842 294 899 iste
314 846 436 901 mortem
454 845 591 916 corporis,
613 853 646 903 ut
669 859 720 917 per
739 846 815 903 bauc
868 852 913 904 tus
936 865 1019 919 sam„
1031 851 1144 921 perhibe
1172 855 1356 911 testimoium
1383 872 1390 912 ι
1414 859 1441 913 si
1461 862 1554 915 cutem
1575 861 1649 927 bene,
1675 880 1725 921 cur

80 944 131 988 uos
153 930 290 997 liberans,
306 930 532 990 maledictionem
553 943 681 992 nostram
710 935 739 992 in
763 935 812 993 bc·
867 952 910 993 me
930 938 1036 996 cade?
1060 940 1150 1011 (icoc.
1174 956 1253 1013 ιιιιι,
1276 943 1335 1016 25.)
1358 944 1473 1013 Quanta
1493 947 1620 1022 denique
1642 955 1724 1026 apud

84 1033 152 1077 nem
187 1026 375 1079 converteret.
401 1020 482 1079 Unde
504 1029 532 1081 et
565 1023 719 1093 Apostolus
746 1038 812 1082 cum
867 1026 995 1085 Pilatum
1016 1030 1197 1101 sustinuerit,
1223 1046 1281 1090 non
1300 1033 1481 1106 ignoremus.
1505 1036 1559 1105 Qui
1580 1053 1648 1098 cum
1664 1050 1725 1102 ter·

80 1109 146 1167 isset
174 1125 182 1165 r
212 1110 313 1164 Pactus
337 1124 390 1179 pro
423 1110 500 1167 nobe
528 1112 714 1180 meledictum,
742 1117 814 1169 sicut
867 1116 917 1179 tio,
934 1123 966 1173 ιι
991 1117 1086 1175 Lucas
1107 1118 1251 1186 meminit,
1270 1134 1338 1178 eum
1366 1121 1547 1182 inponentem
1571 1140 1633 1185 esse
1655 1144 1723 1190 con.

80 1197 251 1269 restittat.
286 1211 327 1268 ιιι,
364 1198 419 1270 li.)
451 1199 546 1256 statim
579 1200 693 1272 adjecit,
723 1205 755 1256 ιιι
783 1205 813 1257 ia
867 1203 960 1263 tessus
973 1214 1046 1262 esset
1071 1205 1147 1278 (buc.
1164 1221 1247 1276 xxiii,
1275 1208 1328 1278 tt),
1350 1208 1439 1283 idque
1460 1210 1556 1284 ipsum
1574 1229 1612 1273 ex
1634 1217 1724 1277 abiu-

80 1286 252 1342 rbenedtctio
264 1290 350 1357 deret.
371 1285 451 1346 Sicut
463 1301 532 1360 ergo
555 1289 584 1344 in
606 1288 695 1360 liguo,
720 1289 748 1347 id
770 1298 813 1347 est
868 1293 944 1352 tione
959 1307 1103 1355 manuum
1125 1296 1344 1366 demonstraret,
1363 1297 1459 1369 ipsum
1479 1303 1594 1361 undem
1618 1304 1723 1380 ilagel-

80 1374 255 1447 mgressioue
274 1374 345 1447 ligni
366 1375 458 1443 vetiti,
474 1375 606 1435 cbristus
627 1378 813 1449 corporaliter
866 1383 948 1452 lavit,
964 1383 1048 1455 quasi
1063 1382 1135 1442 illud
1149 1384 1273 1456 implens
1287 1387 1364 1458 quod
1391 1396 1477 1447 anua
1496 1389 1612 1450 dixerat
1631 1409 1638 1449 :
1655 1396 1722 1454 dor·

80 1471 162 1533 tuus,
176 1464 218 1521 ita
242 1471 271 1522 et
295 1464 482 1537 corporaliter
505 1478 556 1536 per
574 1480 688 1538 posnam
712 1480 730 1524 ι
755 1467 812 1525 beo
864 1474 969 1544 ripicm
982 1488 1044 1528 eum
1065 1478 1092 1529 et
1112 1474 1440 1547 circummanentes,
1461 1477 1517 1549 22),
1542 1488 1575 1538 ιι
1597 1481 1639 1540 sic
1661 1484 1723 1543 sal·

80 1560 139 1622 tus,
153 1552 209 1611 boc
223 1561 266 1610 est
285 1567 321 1610 ex
335 1553 478 1612 sententia
491 1554 542 1612 liei
562 1570 653 1627 poenae
667 1556 737 1615 huic
762 1556 811 1615 de·
867 1570 923 1620 tom
943 1561 979 1619 ad
992 1561 1219 1621 misericordiam
1237 1564 1405 1623 iudeorum
1425 1566 1552 1627 flecteret
1566 1571 1721 1630 sevitiam.

80 1641 180 1701 ,llinc
202 1642 281 1699 euim
295 1649 323 1699 et
337 1649 454 1713 peccata
468 1651 567 1701 nostra
587 1645 747 1716 suscepisse
760 1659 811 1704 seu
827 1668 849 1722 g
867 1649 947 1718 Quod
959 1665 1026 1709 cum
1040 1650 1153 1709 allicere
1172 1666 1231 1711 non
1256 1661 1360 1725 posset,
1385 1669 1493 1714 ιιιιιιιι
1515 1672 1584 1716 enm
1607 1659 1721 1733 tlagelis

80 1731 216 1797 edicitur,
234 1731 287 1788 boc
301 1737 344 1788 est
360 1739 542 1802 peccatorum
564 1742 729 1791 nostrorum
752 1750 812 1807 poe·
866 1740 984 1799 tradidit
995 1755 1097 1799 eorum
1118 1741 1273 1800 voluntati.
1293 1744 1369 1801 Pone
1389 1746 1500 1815 milites,
1516 1755 1549 1804 ut
1567 1748 1722 1809 ltattbmus

80 1819 198 1889 lerasse,
228 1828 256 1877 et
289 1820 329 1878 sic
350 1821 563 1892 quodammodo
593 1831 698 1881 nostrae
722 1824 811 1881 male·
865 1828 962 1896 relert,
987 1832 1165 1900 mcetpientcs
1189 1846 1261 1902 eum,
1280 1839 1513 1904 concrepaverunt
1526 1837 1564 1892 cd
1584 1853 1644 1895 eaor
1657 1842 1721 1896 coi·

100 1911 339 1967 communicasse.
366 1909 457 1980 Cuius
481 1911 599 1983 quidem
626 1927 740 1984 poenam
765 1913 811 1971 vei
865 1932 972 1973 cosam
992 1918 1128 1975 coltoeum
1149 1921 1261 1983 (Metti.
1285 1924 1720 2000 usv11,27).0uibusquidem

80 2011 130 2065 tm,
159 2012 219 2070 qua
244 1998 401 2069 perductus
426 2006 468 2056 est
494 1999 532 2056 ud
554 2008 685 2071 mortem,
709 2000 734 2059 si
760 2013 811 2072 per
864 2005 1057 2079 congregatis,
1073 2014 1102 2065 et
1116 2007 1170 2065 boc
1196 2009 1223 2067 ci
1249 2010 1453 2083 objicientibus
1472 2021 1501 2072 et
1521 2015 1721 2089 improperan-

104 2086 300 2154 rerolvamus,
324 2086 499 2158 reperiemus
528 2102 564 2146 ea
592 2104 659 2161 que
688 2096 810 2148 mortem
864 2094 943 2154 tibus
957 2095 1037 2168 quod
1059 2110 1090 2155 se
1104 2110 1201 2169 regem
1222 2099 1338 2166 iaceret,
1354 2102 1439 2172 quasi
1459 2101 1489 2159 in
1509 2104 1627 2163 modum
1642 2107 1722 2179 regis

79 2183 186 2239 erunt,
223 2175 309 2248 longe
349 2177 485 2249 graviora
523 2184 551 2234 et
588 2177 812 2237 intolerabiliora
863 2183 1066 2254 illudentesei,
1089 2194 1214 2245 exutum
1236 2189 1414 2247 vestimentis
1438 2191 1499 2249 suis
1521 2192 1572 2250 vili
1587 2208 1721 2268 purpura

80 2279 134 2337 psa
154 2265 252 2323 tuisse.
275 2266 447 2323 lmminente
471 2266 580 2338 quippe
600 2268 741 2339 passionis
762 2282 810 2325 ar·
863 2274 1034 2343 induerunt,
1059 2283 1086 2333 et
1112 2289 1165 2347 pro
1190 2276 1351 2336 diademate
1377 2279 1469 2350 spinis
1493 2292 1719 2354 coronaverunt,

79 2352 110 2411 iu
134 2360 250 2412 tautum
273 2354 401 2411 animam
423 2355 488 2428 eius
511 2355 660 2414 anxiatam
686 2357 811 2430 legimus
863 2370 892 2421 et
923 2377 976 2435 pro
1006 2371 1119 2435 sceptro
1151 2365 1297 2424 arundine
1325 2367 1422 2440 ipsum
1457 2368 1663 2443 insignierunt,
1692 2381 1721 2432 et

79 2443 171 2515 reios
186 2443 266 2502 fleret
280 2451 421 2516 tanquam
436 2452 525 2516 guttae
539 2446 692 2518 sanguinis
706 2447 809 2504 decor·
864 2467 944 2525 genu
969 2452 1056 2521 dexo,
1079 2453 1175 2525 ipsum
1199 2456 1284 2527 quasi
1307 2470 1404 2529 regem
1425 2457 1593 2531 salutantes,
1617 2475 1653 2519 ac
1673 2462 1719 2521 di·

79 2540 223 2591 uternam.
240 2533 384 2599 ouienim
405 2541 525 2592 noverat
549 2542 678 2607 quantus
701 2537 808 2607 passio·
863 2546 960 2596 centes
988 2552 996 2593 :
1024 2538 1094 2606 Ace,
1121 2555 1172 2595 rec
1205 2540 1362 2597 iudeorum
1390 2541 1502 2614 (ltotib.
1534 2559 1566 2614 ιι,
1591 2545 1648 2617 29),
1676 2547 1719 2604 si-

79 2622 149 2679 rin
168 2623 218 2679 illa
242 2622 427 2680 dissolutione
450 2625 579 2696 corporis
592 2631 620 2682 et
640 2624 745 2682 animm
760 2626 809 2683 tu·
863 2625 925 2684 mul
945 2632 974 2683 et
993 2626 1023 2683 iu
1042 2625 1144 2684 taciem
1167 2627 1231 2698 ejus
1260 2626 1365 2688 iterum
1397 2630 1552 2702 spuebant,
1576 2641 1603 2691 et
1629 2643 1719 2706 capnt

79 2718 137 2782 set,
155 2711 288 2769 mirabile
308 2726 366 2769 non
390 2721 432 2769 est
454 2713 489 2783 si,
503 2714 590 2785 juxta
611 2714 808 2773 infirmitatem
861 2715 926 2786 ejus
946 2714 1091 2773 mundine
1105 2715 1316 2785 percutiebant.
1338 2717 1409 2775 ltem
1432 2717 1552 2789 Pilatus,
1573 2728 1606 2779 ut
1630 2723 1717 2781 toan·

79 2815 109 2859 aa
133 2800 336 2870 humanitatis,
360 2800 437 2858 banc
458 2816 624 2874 supremam
645 2804 807 2876 passionem
862 2818 912 2861 nes
927 2802 1025 2873 retent,
1040 2803 1143 2861 exiens
1162 2803 1199 2861 ad
1213 2817 1273 2875 eos,
1294 2804 1389 2877 ipsum
1415 2819 1513 2864 mcum
1532 2815 1591 2866 tam
1611 2810 1717 2868 crude·

92 2890 233 2949 horreret.
257 2891 364 2962 captus
387 2899 484 2948 autem
502 2893 684 2964 postmodum
698 2900 726 2950 et
741 2901 807 2951 tcu-
861 2891 928 2951 liter
955 2900 1109 2951 tractatum
1134 2891 1267 2962 adduxit,
1293 2900 1406 2951 tentans
1429 2902 1529 2954 utrum
1552 2910 1589 2954 ex
1614 2897 1670 2956 hoc
1692 2900 1718 2958 si

79 2994 199 3052 nsuper,
213 2982 322 3038 ioanne
344 2981 494 3048 referente,
518 2982 642 3051 vinctus,
658 2982 695 3040 ad
714 2996 807 3041 sacer·
863 2980 1006 3052 quomodo
1029 2994 1132 3038 eorum
1152 2980 1291 3039 duritiam
1315 2981 1478 3040 mollescere
1501 2992 1606 3056 posset,
1623 2994 1651 3044 et
1676 2988 1716 3046 sd

79 3068 173 3127 imum
190 3069 333 3127 adductus
351 3077 406 3139 est,
429 3070 491 3139 ubi,
515 3071 590 3128 sicut
615 3071 730 3130 Marcus
743 3086 806 3128 me·
862 3071 996 3141 pietatem
1023 3069 1173 3127 inclinare.
1202 3069 1248 3128 Ad
1284 3085 1358 3142 quos
1394 3071 1511 3143 quidem
1542 3087 1676 3146 egressus
1705 3092 1713 3132 ι

79 3165 214 3230 mperunt
237 3158 357 3230 quidam
384 3173 544 3231 conspuere
566 3174 643 3227 eum,
659 3168 687 3219 et
710 3161 807 3219 velare
859 3159 1190 3232 &reincipiendum
1210 3175 1272 3216 eum
1289 3159 1365 3216 cobis
1387 3162 1477 3229 force,
1496 3167 1528 3218 ct
1546 3166 1714 3233 copamcotie

79 3248 145 3321 ejus
166 3249 261 3319 (More.
290 3262 351 3316 xiv,
383 3249 441 3319 53),
473 3257 511 3318 et,
542 3256 574 3306 ut
609 3250 709 3308 scribit
734 3250 806 3309 idat·
860 3251 1147 3320 quisineoccusom
1170 3263 1227 3305 aon
1247 3252 1354 3305 inmoto
1380 3249 1472 3319 (locu.
1494 3264 1556 3320 uix,
1577 3251 1618 3325 l).
1633 3253 1716 3313 Exiit

79 3336 110 3394 iu
131 3351 195 3395 ιιιι
226 3351 395 3408 conspuere,
419 3346 529 3395 ettam
554 3338 683 3410 colapbis
715 3354 805 3412 quam
859 3351 928 3408 ergo
941 3339 1024 3396 lesus
1042 3344 1159 3409 portans
1177 3337 1307 3408 spineam
1325 3352 1473 3408 coronam,
1488 3346 1517 3398 et
1531 3354 1715 3412 purpureum

79 3440 155 3485 esum
169 3427 289 3494 caedere,
305 3436 394 3499 atque
417 3427 538 3485 illudere
563 3428 688 3487 diceutes
708 3444 715 3486 :
735 3432 806 3487 Pro·
859 3426 1075 3494 vestimentum,
1090 3435 1118 3485 et
1133 3426 1202 3484 dicit
1216 3427 1257 3485 eis
1272 3443 1279 3482 :
1299 3429 1363 3484 lices
1377 3428 1455 3485 tomo
1467 3429 1564 3502 (ibid,
1579 3431 1618 3502 5).
1632 3431 1675 3490 Ac
1687 3431 1713 3490 si

89 3517 180 3585 nobis,
210 3518 326 3586 σιήιιε,
352 3519 415 3588 puis
447 3521 504 3573 est·
520 3519 569 3587 qui
593 3523 620 3574 te
644 3518 805 3589 percussit?
860 3514 968 3573 diceret
983 3531 991 3571 ι
1007 3516 1171 3588 Ecccouod
1193 3514 1330 3574 humanm
1351 3516 1531 3577 infirmitatis
1549 3527 1603 3588 est,
1618 3519 1650 3577 in
1667 3534 1715 3579 me

78 3618 160 3673 axvi,
186 3606 246 3676 67.)
272 3605 325 3663 Ubi
346 3605 421 3662 inter
448 3613 562 3673 caetera,
584 3621 652 3663 cum
670 3620 688 3664 ι
708 3607 806 3679 ponti·
860 3603 944 3662 robis
959 3612 1090 3675 apparet,
1105 3618 1165 3662 uon
1189 3604 1268 3676 quod
1294 3603 1401 3663 divinae
1428 3606 1617 3666 tortitudinis.
1633 3608 1713 3668 Post-

78 3701 260 3765 rrrogaretur
289 3694 324 3751 do
354 3694 503 3764 discipulis
530 3695 592 3752 suis
615 3703 644 3753 et
675 3696 806 3754 doctriua
861 3706 951 3764 quam
966 3699 1075 3762 ιιιιιι,
1090 3700 1124 3750 ut
1139 3692 1310 3763 praedictum
1325 3700 1379 3762 est,
1395 3693 1551 3754 illuserunt
1564 3697 1602 3765 ei,
1617 3711 1712 3757 exue·

91 3782 153 3854 ipse
166 3784 382 3854 respondisset:
405 3786 578 3855 scopatam
602 3785 708 3842 locutas
732 3801 804 3856 rum,
860 3789 931 3840 runt
952 3794 1020 3838 eum
1044 3794 1185 3852 purpura,
1210 3787 1238 3840 ct
1262 3781 1423 3842 induerunt
1449 3784 1626 3842 vestimentis
1650 3787 1713 3846 suis

78 3886 101 3929 ts
114 3875 246 3928 ιιιιιιιιιι
265 3876 455 3929 ιιιιιιιινονιιηι
479 3873 555 3930 dedit
580 3875 691 3944 elopem
704 3879 740 3946 ei,
760 3875 804 3930 di-
860 3870 970 3943 quibus
984 3871 1090 3928 iterum
1110 3870 1298 3928 nudaverunt
1310 3884 1389 3940 eum,
1406 3886 1474 3929 cum
1497 3873 1713 3946 crucifigendus

78 3964 102 4017 lc
121 3961 271 4033 respondes
286 3962 435 4033 pontifici?
457 3961 550 4033 (loco.
574 3978 653 4031 xviri,
677 3965 722 4033 til,
747 3963 803 4036 32).
860 3967 935 4019 esset
950 3975 957 4015 :
974 3974 1041 4032 qne
1055 3959 1291 4031 posteainvicem
1314 3959 1413 4032 partiti
1435 3968 1515 4026 sunt,
1529 3963 1605 4021 sicut
1622 3963 1710 4022 loan-

78 4058 137 4109 tem
161 4051 192 4107 in
213 4057 296 4108 nocte
310 4050 452 4121 captionis
475 4065 536 4108 sne
562 4058 673 4109 constat
692 4052 723 4109 in
736 4067 805 4111 eum
859 4064 911 4109 nes
929 4056 1144 4107 commemorat.
1161 4047 1316 4121 Susceptus
1338 4049 1455 4108 tandem
1476 4057 1511 4109 ut
1532 4050 1569 4108 ad
1592 4052 1712 4109 crucili-

78 4152 115 4198 ιι
132 4139 217 4197 Mane
239 4147 336 4197 autem
361 4141 447 4208 tacto,
471 4140 506 4198 de
529 4141 653 4199 concilio
672 4142 803 4200 sacerdo
860 4138 988 4211 gendum
1008 4139 1174 4208 duceretur,
1189 4138 1286 4210 ipsum
1301 4153 1419 4211 quoque
1437 4139 1532 4198 crucis
1544 4139 1709 4212 patibulum

79 4227 206 4287 Pilatum
232 4228 384 4300 presidem
412 4229 508 4301 ipsum
528 4231 624 4289 adbuc
638 4231 684 4288 vel
701 4231 845 4299 iterumn
862 4237 974 4302 gestare
987 4227 1155 4300 compulsus
1166 4233 1220 4297 est,
1235 4235 1268 4287 ut
1288 4241 1342 4286 nec
1355 4228 1470 4287 interim
1488 4229 1516 4288 ei
1530 4238 1709 4301 parceretur,

78 4334 83 4375 ι
111 4316 321 4389 perduxerunt.
347 4318 409 4387 Quo
433 4319 567 4389 adducto,
590 4325 624 4378 ut
652 4320 806 4379 llattbreus
859 4319 922 4391 ipso
936 4318 1033 4378 crucis
1057 4318 1179 4389 pondere
1201 4318 1283 4390 prius
1303 4317 1428 4378 sillictus
1442 4313 1532 4393 quarn
1547 4320 1577 4378 iu
1590 4333 1625 4379 ea
1638 4336 1711 4381 crn-

78 4406 116 4465 tlt.
140 4421 234 4476 xxvu,
260 4407 317 4481 ll),
340 4410 417 4466 stetit
439 4415 507 4466 ante
528 4410 689 4481 praesidem.
712 4409 804 4478 Stetit,
859 4408 974 4466 oitlxus.
997 4406 1062 4476 Qui,
1087 4421 1155 4466 cum
1178 4420 1231 4479 pro
1254 4407 1380 4465 vinculis
1402 4401 1533 4468 suis'vcl
1557 4425 1609 4482 pro
1633 4425 1707 4483 pru-

78 4504 133 4565 ,ut
155 4497 264 4556 dictum
290 4505 342 4567 est,
369 4498 485 4571 ligatus,
501 4500 596 4571 potius
616 4515 707 4572 quam
721 4499 805 4581 sedit,
860 4497 943 4555 dietis
964 4495 1079 4556 afflictis
1101 4495 1234 4568 expedite
1256 4497 1303 4555 rel
1327 4496 1455 4555 celeriter
1489 4512 1547 4556 nou
1571 4506 1712 4571 gestaret,

78 4587 143 4646 licet
157 4587 187 4644 in
208 4596 343 4660 cunque,
361 4595 421 4646 tam
439 4590 561 4646 statione
586 4589 693 4648 scilicet
715 4603 806 4661 quam
860 4601 958 4646 moras
980 4586 1081 4645 mortis
1116 4586 1181 4658 ejus
1202 4585 1284 4658 impii
1308 4600 1366 4644 uon
1401 4587 1534 4656 terentes,
1553 4587 1709 4658 quemdam

78 4691 86 4733 ι
106 4690 175 4735 eum
197 4676 369 4749 affligerent.
394 4680 508 4744 Quanta
523 4685 620 4737 autem
643 4679 806 4737 constantia
860 4677 951 4734 alium
970 4675 1115 4734 Simonem
1134 4676 1251 4734 nomine
1267 4690 1384 4734 crucem
1406 4683 1562 4747 coegerunt
1584 4681 1710 4746 portare.

78 4764 204 4835 ιίιιιιιι,
219 4774 350 4839 patenter
369 4767 541 4838 ostenditur,
567 4768 620 4826 ubi
644 4768 805 4842 interroga·
860 4765 1026 4824 crucifixus
1048 4765 1174 4836 denique
1196 4765 1234 4821 ad
1262 4779 1408 4823 summam
1433 4763 1498 4835 ejus
1519 4762 1711 4835 ignominiam

78 4855 156 4926 ilato,
183 4871 356 4928 responsum
378 4857 405 4914 ei
428 4872 487 4915 nou
512 4857 659 4916 reddebat.
682 4859 723 4915 Ile
745 4873 806 4931 qua
859 4857 935 4914 inter
946 4854 1072 4912 latrones
1085 4852 1281 4922 constituitur,
1297 4861 1330 4912 ut
1344 4867 1380 4911 ex
1405 4851 1594 4910 similitudine
1615 4866 1708 4923 poenae

79 4946 210 5015 tidentia,
225 4955 254 5004 et
275 4947 359 5018 quasi
384 4947 420 5004 de
432 4961 485 5004 sno
506 4954 673 5018 contemptu
697 4947 807 5005 Pilatus
860 4944 948 5002 simul
972 4958 1039 5002 reus
1064 4942 1230 5000 crederetur
1252 4941 1356 5012 culpe.
1382 4940 1474 4999 Poena
1501 4943 1598 4998 autem
1619 4939 1710 5012 buius

78 5050 98 5093 s
124 5051 132 5091 :
160 5037 265 5103 Neres,
291 5036 398 5107 inquit,
425 5041 493 5107 quio
530 5040 691 5107 potestatem
721 5036 805 5092 babeo
859 5033 982 5107 patibuli
995 5039 1107 5104 quanta
1126 5031 1172 5100 sit,
1201 5044 1285 5089 nemo
1306 5037 1349 5087 est
1370 5030 1421 5101 qui
1450 5029 1538 5101 possit
1562 5029 1708 5101 ignorare.

77 5140 107 5181 ra
125 5131 162 5193 te,
178 5131 204 5182 et
219 5130 381 5196 potestatem
395 5126 479 5182 babeo
498 5126 634 5183 dimittere
649 5124 700 5183 tei
717 5128 803 5197 ticon·
859 5123 928 5192 Quae
943 5128 1022 5180 tanto
1037 5118 1177 5191 proiixior
1198 5126 1251 5188 est,
1274 5133 1328 5176 uec
1349 5118 1447 5176 statim
1468 5133 1643 5190 suspensum
1661 5120 1707 5176 in-

78 5212 167 5287 )Qui
192 5215 279 5273 etiam
304 5229 322 5273 ι
347 5216 437 5273 Pilato
461 5216 498 5273 ad
520 5216 661 5273 Herodem
687 5217 804 5287 missus,
860 5211 966 5272 terimit
981 5224 989 5265 :
1007 5216 1116 5280 quanto
1136 5207 1201 5279 ejus
1223 5205 1317 5278 passio
1339 5206 1456 5280 gravior
1469 5208 1580 5267 diutius
1593 5207 1709 5281 attigit.

77 5304 134 5363 iltis
160 5305 197 5362 ab
220 5304 281 5376 ipso
303 5320 423 5379 quoque
446 5306 676 5378 interrogaretur
697 5320 807 5364 sermo·
859 5299 933 5369 Quid
947 5297 1033 5357 etiam
1056 5296 1111 5354 boc
1127 5295 1256 5368 patibulo
1270 5296 1401 5369 gravius,
1420 5296 1473 5355 ubi
1487 5304 1580 5357 totum
1600 5312 1708 5371 corpus

77 5390 139 5450 nibil
161 5390 188 5448 ei
199 5391 401 5464 respondebat.
417 5392 497 5450 Unde
511 5399 571 5449 ιιι]
589 5391 626 5449 ab
642 5391 702 5463 ipsc
716 5404 806 5463 quam
860 5391 900 5448 ita
923 5388 1014 5447 claris
1036 5388 1185 5447 confixum
1206 5386 1383 5458 excuditur,
1411 5394 1445 5447 ut
1472 5403 1531 5447 nou
1551 5389 1651 5449 miuus
1668 5404 1707 5449 ex

77 5479 379 5555 atueinssprstuset
399 5481 663 5552 illuscescente
676 5480 743 5541 alba
756 5481 806 5543 in·
859 5479 1172 5555 pontentiacum
1192 5491 1232 5540 ex
1251 5476 1317 5552 ipsa
1343 5476 1442 5541 daura
1468 5477 1619 5541 demum
1642 5493 1711 5545 stat·
