3804 5962
46 227 99 285 ιιι
820 219 932 283 srrsr.
952 223 1012 283 ur.
1743 234 1796 292 ιο

43 350 166 409 nasticia
184 347 366 408 recludentes
400 353 481 406 tanto
520 346 657 406 subtilius
685 355 773 420 atque
801 346 894 418 perle-
908 348 933 402 A
948 349 1102 422 qllantium
1115 350 1258 424 solitarie,
1278 353 1333 412 boc
1346 360 1388 413 est
1401 356 1575 427 monastice,
1586 356 1655 416 rite
1684 361 1793 420 securi·

42 440 120 498 etius
144 440 254 497 summi
283 437 403 495 luminis
436 435 618 508 splendorem
655 435 897 508 contemplantur,
953 447 1040 497 tatem
1077 442 1290 513 commendans,
1327 445 1389 501 ait:
1420 466 1435 495 «
1461 445 1529 515 cur,
1569 447 1693 520 inquies,
1729 464 1794 522 per·

43 537 157 600 quanto
172 528 209 583 ab
236 526 430 583 exterioribus
456 525 650 582 seculicuris
683 525 810 596 amplius
831 531 899 582 sunt
954 530 1046 599 gisad
1066 532 1223 589 eremum?
1255 532 1389 590 Videlicet
1404 540 1437 590 ιι
1452 541 1478 591 te
1496 549 1555 591 ιιι
1583 536 1711 608 audiam,
1736 553 1795 598 nou

43 617 159 674 remoti.
204 617 282 672 Hanc
321 616 444 685 prolecto
485 628 625 671 curarum
669 614 897 686 occupationem,
954 618 1078 690 videam,
1098 628 1130 678 ut
1152 628 1201 678 tuo
1218 621 1314 679 lurore
1337 637 1395 679 non
1419 637 1546 691 movear,
1577 632 1609 681 ut
1641 632 1692 684 ιιι
1722 626 1798 687 belia

44 720 137 778 quam
157 704 272 763 blartba
291 704 416 774 proximi
430 703 694 761 necessitudinibus
712 703 860 775 impendit,
872 711 900 760 et
955 709 1109 779 patianus
1133 724 1177 765 me
1204 710 1299 780 capiat
1321 712 1423 768 oculus
1449 713 1616 784 meretricis,
1645 729 1681 772 ne
1703 714 1799 775 torma

44 795 94 866 qui
112 794 222 866 populo
238 800 367 863 presunt
381 799 525 858 exercent,
550 793 636 864 quasi
664 793 793 849 tunicam
821 806 900 849 resu·
954 790 1148 860 pulcherrima
1173 792 1210 848 ad
1233 792 1344 849 illicitos
1372 792 1458 849 ducat
1483 794 1645 866 amplexus.
1676 797 1801 868 Respon-

45 897 124 941 mere
153 896 262 953 sponsa
299 881 416 953 relugit,
445 894 512 938 cum
540 895 557 938 a
595 879 835 952 contemplatione
860 881 896 937 ad
954 879 1056 936 debis:
1085 880 1144 937 lloc
1164 895 1222 937 non
1253 889 1295 938 est
1319 895 1459 953 pugnare,
1485 883 1533 940 sed
1562 884 1670 956 lugere.
1697 883 1746 944 Sta
1769 886 1800 945 in

46 973 192 1029 actionem
227 970 321 1027 redire
359 970 525 1027 nullatenus
556 970 723 1042 acquiescit.
763 968 845 1027 Unde
873 976 900 1026 et
955 968 1025 1036 acie,
1056 969 1229 1027 adversariis
1243 979 1374 1027 armatus
1400 970 1514 1039 obsiste,
1536 980 1567 1029 ut
1582 980 1735 1045 postquam
1758 973 1801 1032 ri·

47 1074 171 1118 cansam
214 1066 370 1115 annectens
398 1059 452 1116 ait:
475 1077 490 1108 κ
510 1057 580 1115 Lavi
608 1059 694 1128 pedes
721 1071 808 1126 meos,
832 1072 902 1129 quo
956 1056 1028 1114 ceris
1042 1060 1196 1115 coroneris.
1221 1058 1322 1115 Fateor
1338 1058 1560 1116 imbecillitatem
1590 1073 1707 1119 meam:
1733 1060 1799 1121 nolo

47 1150 132 1207 modo
162 1147 325 1219 inquinabo
351 1147 439 1204 illos?
465 1169 476 1198 a
506 1146 635 1204 Allectus
662 1147 768 1218 quippe
793 1146 894 1213 nostri,
956 1160 1005 1217 spe
1024 1159 1155 1217 pugnare
1175 1146 1312 1213 victorie,
1327 1161 1364 1203 ιι
1388 1147 1505 1218 perdam
1534 1147 1800 1220 aliquandoricto-

48 1239 159 1311 quibus
185 1238 222 1293 ad
238 1236 379 1308 quidlibet
395 1236 541 1308 agendum
557 1236 711 1304 trahimur,
731 1236 816 1308 quasi
832 1235 902 1306 qui·
955 1234 1039 1292 riam.
1066 1232 1093 1289 Si
1122 1232 1231 1305 iugero,
1250 1234 1380 1307 gladium
1401 1235 1543 1304 devitavi3
1559 1236 1583 1293 si
1611 1241 1725 1306 stetero,
1749 1244 1801 1296 aut

49 1329 113 1385 dam
131 1327 221 1397 pedes
232 1331 310 1391 sunt,
328 1325 437 1395 quibus
462 1324 608 1381 ducimur.
626 1325 695 1381 lstos
711 1323 796 1395 pedes
810 1323 902 1381 abluit
957 1322 1132 1380 vincendum
1159 1322 1229 1379 mibi
1250 1330 1292 1380 est
1322 1331 1372 1382 aut
1398 1325 1569 1382 cadendum.
1596 1325 1672 1391 Quid
1700 1334 1800 1386 autem

50 1417 130 1488 quia
154 1416 234 1472 curis
257 1413 355 1471 saeculi
384 1421 508 1470 mentem
539 1414 670 1480 retrahit,
701 1413 810 1484 quibus
836 1411 902 1468 ani·
957 1424 1069 1468 necesse
1096 1418 1174 1468 certa
1203 1411 1355 1479 dimittere,
1382 1419 1410 1470 et
1444 1414 1553 1470 incerta
1586 1414 1721 1472 sectarii
1743 1417 1803 1474 ιιι

51 1519 114 1560 ιιι
145 1516 199 1574 per
224 1503 338 1559 diversa
364 1500 499 1568 dillusus,
523 1501 639 1557 dillicile
665 1509 708 1558 est
738 1514 775 1557 ne
800 1499 902 1556 saltem
956 1507 1047 1567 scuto,
1062 1508 1113 1556 ιιι
1127 1499 1247 1570 pedibus
1272 1515 1348 1558 mors
1367 1502 1486 1559 vitanda
1507 1510 1558 1559 est.
1583 1503 1637 1573 Tu,
1662 1503 1713 1575 qui
1742 1518 1801 1575 pu·

52 1594 263 1665 cogitationum
290 1591 411 1647 maculis
444 1589 594 1661 aliquibus
634 1597 828 1661 respergatur,
856 1587 901 1645 vel
957 1603 1042 1661 guas,
1055 1598 1083 1645 ιι
1097 1589 1229 1660 superari
1244 1598 1329 1660 potes.
1351 1597 1378 1647 ιι
1393 1590 1528 1648 vincere:
1557 1604 1691 1663 egocum
1716 1587 1800 1663 iuge·

53 1682 232 1752 quaudoque
253 1680 334 1736 cedat
349 1679 567 1736 tentationibus.
596 1677 677 1744 Quod
703 1690 807 1748 sponsa
835 1690 902 1734 cou·
958 1693 999 1743 ro,
1016 1692 1074 1734 non
1089 1678 1172 1734 vinco
1189 1678 1218 1734 in
1244 1692 1276 1735 ιο
1297 1680 1374 1749 quod
1392 1680 1481 1752 logio,
1505 1680 1553 1736 sed
1569 1680 1630 1737 ideo
1659 1677 1749 1751 logio,
1764 1690 1802 1734 ns

54 1772 184 1826 siderans
207 1768 242 1824 de
269 1768 372 1824 lectulo
388 1767 471 1838 pedes
486 1768 522 1823 ad
539 1776 645 1823 terram
673 1768 814 1837 deponere
842 1773 903 1822 tre-
957 1767 1066 1822 vincar.
1082 1766 1168 1823 Nulla
1182 1766 1319 1823 securitas
1330 1776 1379 1833 ιιι,
1395 1768 1490 1825 vicino
1512 1776 1643 1839 serpente
1665 1766 1800 1824 dormire.

55 1860 142 1930 pidet,
161 1857 218 1914 hoc
240 1860 282 1914 ιιι
297 1872 327 1913 se
342 1857 447 1913 iterum
467 1856 613 1926 implicare
627 1855 714 1923 curis,
744 1854 815 1912 dum
840 1853 904 1911 nul·
958 1856 1049 1912 Potest
1064 1856 1134 1924 deri,
1149 1863 1181 1913 ιι
1208 1870 1253 1912 me
1267 1870 1324 1912 non
1352 1858 1504 1914 mordeat:
1526 1868 1621 1914 tamen
1637 1863 1726 1928 potest
1752 1854 1801 1914 lie-

56 1946 418 2004 lumasordibusracare
441 1945 633 2002 locumextra
651 1943 791 2001 lectulum
816 1956 903 1999 suum
957 1943 993 2011 ri,
1010 1943 1213 2014 utaliquando
1227 1957 1272 2000 me
1288 1945 1425 2002 mordeat.
1443 1967 1457 1995 a
1492 1946 1569 2003 ldem
1588 1946 1625 2002 ad
1654 1946 1802 2003 Oceanum
1890 1957 1897 1965 ·

56 2038 152 2092 credit.
171 2034 243 2100 Qua
267 2034 382 2090 tandem
395 2048 498 2106 sponso
511 2033 636 2089 instante
652 2032 687 2088 de
713 2031 815 2088 lectulo
841 2045 904 2087 sur·
958 2031 993 2088 de
1022 2040 1111 2088 morte
1123 2030 1278 2088 Fabiola:
1296 2053 1310 2083 ι
1324 2036 1430 2092 caveat
1446 2035 1598 2106 religiosus
1625 2033 1662 2091 ibi
1692 2034 1800 2101 vivere,

57 2139 119 2196 gere
148 2122 344 2193 compellitur,
374 2122 449 2189 etei,
477 2121 552 2179 sicut
579 2120 744 2191 postulavit,
773 2119 903 2190 aperire;
959 2120 1009 2179 ubi
1030 2135 1143 2178 necesse
1169 2121 1274 2178 habeat
1301 2122 1428 2194 quotidie
1451 2129 1502 2180 aut
1524 2122 1627 2193 perire,
1657 2129 1708 2179 aut
1733 2121 1803 2179 ιιι·

58 2214 89 2270 ιι
117 2228 181 2284 quo
208 2226 275 2269 cum
304 2225 372 2268 eum
401 2214 497 2266 tenere
525 2209 620 2276 vellet,
648 2217 744 2279 atque,
775 2217 807 2265 ιι
822 2208 905 2264 solita
959 2225 1031 2267 cere.
1061 2210 1196 2268 Securius
1222 2213 1298 2268 enim
1325 2219 1366 2268 est
1393 2213 1485 2283 perire
1504 2226 1563 2269 non
1591 2225 1683 2282 posse,
1711 2223 1803 2282 quam

58 2302 160 2367 iuerat,
189 2297 442 2370 comprehendere,
459 2298 647 2365 subjunctum
676 2305 739 2354 est:
772 2299 834 2353 «At
857 2295 905 2352 ille
957 2301 1041 2372 Juxta
1064 2299 1224 2370 periculum
1238 2316 1295 2357 uon
1319 2303 1447 2371 perire.»
1471 2302 1551 2357 Hane
1580 2308 1608 2358 ee
1622 2300 1728 2358 Seneca
1741 2313 1804 2357 ma-

59 2391 251 2447 declinaverat
279 2397 368 2460 atque
403 2388 558 2444 transierat
590 2386 680 2459 (Cant.
697 2402 723 2456 v,
741 2386 816 2458 6).»
842 2386 905 2442 Non
959 2390 1058 2446 ximus
1084 2389 1130 2446 ille
1156 2404 1270 2448 morum
1294 2390 1482 2463 philosophus
1502 2390 1671 2448 sententiam
1694 2396 1805 2461 ιιιιιι,

59 2482 131 2536 enim
146 2479 188 2535 ita
203 2479 233 2534 in
248 2476 454 2548 publicosicut
478 2476 508 2532 in
537 2475 649 2532 occulto
677 2477 754 2531 Deus
779 2474 907 2531 inveniri
960 2485 987 2534 et
1001 2478 1042 2534 sic
1073 2478 1266 2549 pbilosopbari
1294 2479 1402 2552 Lucilio
1416 2493 1468 2537 suo
1486 2478 1651 2548 consulens,
1680 2478 1720 2534 ait
1747 2478 1806 2548 epi·

63 2576 170 2639 potest3
197 2581 251 2623 nec
269 2565 432 2623 sollicitudo
457 2565 573 2622 llartbae
597 2564 674 2620 circa
703 2564 829 2634 plurima
845 2572 906 2620 tur·
960 2565 1109 2633 stolarum,
1135 2580 1209 2636 quas
1222 2567 1257 2623 ad
1273 2580 1339 2623 eum
1355 2568 1464 2635 scribit,
1493 2566 1737 2639 quinquagesima
1749 2570 1806 2622 ter·

63 2657 132 2713 bate
153 2656 267 2713 cbristo
286 2655 418 2711 assistere
430 2653 506 2710 valet
527 2652 651 2719 assidue,
680 2652 825 2708 neccuris
854 2666 906 2708 ιιι·
962 2654 1259 2711 ιιιῑιΝιιιιιιιιι
1275 2656 1397 2726 corpori,
1418 2657 1466 2713 sed
1493 2657 1580 2713 etiam
1609 2654 1737 2711 moribus
1762 2667 1807 2710 sa·

64 2743 117 2802 culi
138 2758 223 2800 meus
251 2745 360 2799 intenta
382 2743 412 2799 in
440 2743 495 2798 lieo
523 2741 625 2812 poterit
648 2741 770 2813 vigilare
796 2741 906 2811 quieta.
962 2743 1074 2800 lubrem
1098 2744 1193 2800 locum
1209 2744 1313 2814 eligere
1334 2743 1480 2800 debemus.
1502 2745 1533 2800 ld
1550 2757 1635 2815 agere
1659 2742 1806 2809 debemus,

65 2834 140 2890 Unde
152 2842 182 2890 et
197 2832 257 2902 ipso
270 2844 394 2901 sponsus
411 2846 469 2902 quo
498 2830 630 2887 devotius
644 2844 770 2891 oremus,
800 2830 905 2887 ostium
961 2833 1188 2890 ut'irritamenta
1202 2831 1340 2888 vitiorum
1356 2846 1446 2903 quam
1471 2828 1808 2905 longisssimeprolugia-

66 2920 188 2978 cubiculi
199 2921 337 2976 admonet
351 2920 447 2976 claudi
462 2935 471 2991 3
498 2919 629 2990 alioquin
642 2919 802 2976 declinatet
817 2926 909 2975 trans
963 2937 1037 2978 mus.
1057 2920 1244 2978 Indurandus
1257 2920 1295 2976 esi
1315 2921 1441 2988 animus,
1456 2929 1484 2977 et
1513 2934 1530 2976 a
1544 2918 1808 2976 blandimentisve

67 3010 112 3066 ita
140 3009 235 3077 nobis,
258 3008 329 3080 quia
351 3022 410 3079 quo
426 3009 523 3064 minus
543 3007 569 3063 ei
585 3020 733 3075 vacamus,
756 3021 789 3063 eo
816 3008 909 3079 magis
963 3010 1107 3081 inpiatum
1128 3009 1228 3080 procul
1254 3009 1474 3066 abstrahendus.
1490 3008 1553 3066 Una
1578 3006 1751 3065 Annibalem
1766 3005 1808 3063 bi·

67 3100 173 3169 abipso
193 3097 364 3164 deserimur,
376 3103 404 3153 ιι
418 3096 455 3153 ab
469 3097 533 3168 ejus
560 3095 661 3169 gratiae
686 3095 769 3152 donis
783 3095 908 3166 amplius
963 3099 1053 3156 berna
1072 3099 1230 3166 solverunt,
1243 3107 1271 3155 et
1285 3097 1457 3155 indomitum
1486 3098 1568 3155 illum
1589 3096 1706 3154 nivibus
1720 3101 1809 3168 atque

67 3187 258 3244 destituimur.
284 3186 377 3243 Etiam
401 3199 506 3256 sponsa
532 3186 596 3256 ejus
631 3184 668 3241 ad
699 3185 846 3255 publicum
875 3184 910 3241 de
963 3189 1086 3259 Alpibus
1112 3188 1211 3245 virum
1243 3196 1458 3245 enervaverunt
1484 3188 1609 3243 lomenia
1633 3183 1806 3256 campanie.

68 3282 168 3332 secreto
186 3273 306 3330 tbalami
327 3281 515 3344 transgressa,
531 3281 677 3344 quantum
689 3274 723 3329 de
738 3272 910 3344 perfectione
965 3280 1060 3335 Armis
1073 3277 1152 3347 vicit,
1167 3277 1245 3332 vitiis
1257 3275 1350 3332 victus
1362 3283 1414 3332 est.
1426 3275 1512 3332 Nobis
1536 3287 1654 3346 quoque
1683 3270 1808 3329 militau-

68 3377 117 3420 sua
139 3377 191 3434 lim
216 3362 306 3418 limfis
332 3362 456 3418 ²¹i⁰f¹1¹11
480 3362 596 3430 minuti,
621 3363 749 3433 Γθιιθΐιῑὲ
775 3369 803 3417 θῑ
832 3368 911 3417 tanto
965 3368 1034 3424 dum
1050 3374 1100 3434 est,
1126 3372 1154 3422 et
1172 3365 1298 3436 quodam
1314 3379 1418 3437 genere
1433 3364 1550 3432 militie,
1579 3377 1636 3434 qno
1655 3372 1810 3431 nunquam

69 3453 157 3524 meeis
181 3450 292 3508 assedit
325 3450 497 3521 periculum,
533 3457 643 3520 quanio
681 3450 716 3506 ds
751 3449 911 3506 commissis
965 3457 1055 3513 otium
1071 3455 1166 3511 datur.
1187 3453 1368 3510 Debellandae
1383 3451 1604 3522 suntimprimis
1626 3449 1805 3521 voluptates:

69 3542 212 3598 animatus
226 3540 320 3610 major
347 3539 389 3595 illi
415 3546 546 3609 superest
572 3539 716 3597 reddenda
744 3539 828 3595 ratio.
858 3539 912 3595 tu-
966 3559 1042 3618 quae‚
1059 3544 1194 3611 uivides,
1221 3557 1297 3599 saeva
1322 3557 1440 3613 quoqne
1455 3542 1491 3598 ad
1519 3556 1549 3598 se
1573 3539 1810 3613 ingeniarapue·

70 3631 157 3697 tende,
173 3630 292 3686 obsecro
318 3628 416 3691 irater,
432 3628 475 3684 tui
504 3627 613 3684 ordinis
627 3628 797 3700 dignitatem
812 3634 840 3683 et
866 3625 912 3682 cl·
967 3640 1044 3690 runt.
1070 3631 1097 3686 Si
1112 3631 1180 3702 quie.
1193 3629 1245 3687 sibi
1269 3631 1447 3700 proposuerit
1473 3637 1616 3700 quantum
1639 3627 1733 3699 operis
1761 3639 1812 3698 ag·

70 3719 121 3775 dcii
154 3717 359 3785 wndliissseffl·
384 3717 414 3773 in
429 3731 488 3788 (1¹10
510 3723 538 3772 θῑ
562 3717 705 3773 minuitur
734 3717 913 3773 msiiiumsi
967 3735 1083 3792 gressus
1098 3721 1143 3789 sit,
1160 3719 1228 3775 sciet
1246 3719 1318 3775 nibil
1347 3717 1476 3783 delicate,
1502 3717 1573 3774 nibil
1603 3717 1726 3774 molliter
1750 3728 1811 3772 esse

70 3806 195 3863 imminet
215 3804 386 3877 periculum.
411 3805 483 3863 Vide
498 3805 568 3876 quid
584 3805 620 3861 sit
650 3802 796 3876 profectus
818 3802 913 3875 digni·
968 3810 1139 3866 laciendum.
1161 3827 1175 3860 ι
1196 3808 1249 3864 Sed
1264 3807 1299 3863 ad
1333 3807 1394 3862 baec
1410 3806 1536 3862 loriassis
1559 3813 1618 3861 tam
1645 3810 1812 3861 sanctorum

71 3897 140 3964 tatis,
170 3895 221 3954 ubi
253 3894 388 3965 perfectio
411 3894 522 3951 tollitur
547 3894 704 3966 religionis,
742 3894 792 3950 ubi
821 3894 914 3963 maior
968 3900 1085 3956 Petrum
1101 3911 1189 3968 quam
1205 3895 1441 3967 philosophorum
1469 3893 1588 3950 consilia
1614 3890 1811 3962 respondebis,

69 3985 139 4054 itud
152 3983 304 4048 saesuiilffl,
325 3983 419 4039 missi
435 3983 468 4039 fii
490 3981 569 4053 aliud
596 3984 697 4049 Deum,
714 3990 741 4038 et
765 3994 853 4054 grave
868 3977 912 4036 stii
968 4000 1068 4044 revera
1092 3986 1281 4056 periculosum
1300 3999 1361 4040 esse
1382 3981 1658 4039 administrationem
1681 3978 1812 4036 ecclesia·

69 4084 186 4138 sustinet
206 4079 400 4150 dispendium.
424 4079 515 4148 biam,
539 4093 628 4151 qoam
657 4077 776 4147 duxisti,
805 4079 915 4150 gaudes
969 4079 1066 4134 sticam
1082 4075 1282 4145 suscipereac
1312 4071 1513 4129 difficillimum
1538 4071 1567 4126 in
1597 4083 1642 4136 ea,
1666 4073 1811 4140 quantum

70 4184 125 4227 esse
147 4168 300 4226 lecuudam
317 4182 326 4237 ;
346 4167 395 4222 sed
410 4167 488 4224 doles
513 4181 582 4224 cum
597 4167 758 4236 respexeris
773 4180 837 4223 eam
863 4167 914 4236 lip-
929 4168 953 4224 li
968 4173 1086 4237 oportet,
1103 4165 1263 4221 desudare:
1294 4161 1343 4218 sed
1364 4160 1488 4232 prolecto
1508 4168 1586 4215 tanto
1614 4159 1724 4231 majora
1749 4168 1815 4212 eon·

71 4273 141 4328 pam.
159 4258 342 4314 Nocturnum
365 4255 593 4328 biaconjugium
611 4254 724 4322 babuit,
740 4255 825 4327 qnasi
851 4255 915 4311 talis

70 4348 171 4419 capula
195 4347 260 4402 luce
274 4346 362 4417 digna
379 4357 436 4400 nou
469 4345 565 4402 luerit.
587 4344 722 4413 Quandiu
737 4343 841 4401 sterilis
856 4345 915 4401 lla-

70 4437 127 4492 cbel
150 4433 320 4506 permansit,
349 4433 501 4490 incolumis
513 4433 613 4490 vixit:
642 4433 765 4490 iocunda
792 4441 915 4503 postme

71 4525 133 4581 dum
149 4525 240 4588 lacta,
272 4522 387 4593 proprio
405 4529 489 4592 partu
504 4529 546 4578 est
564 4522 706 4578 exstincta
733 4523 776 4576 lis
794 4536 852 4591 quo
869 4534 917 4591 pa·

70 4623 157 4671 tenter
169 4612 318 4679 innuitur,
330 4624 418 4682 quam
433 4610 589 4681 periculose
603 4611 640 4679 id,
654 4611 730 4667 unde
743 4609 916 4682 gloriamini,

69 4705 245 4774 suscipiatur
258 4717 265 4757 :
278 4709 307 4756 ιι
335 4699 412 4770 quod
428 4700 490 4756 bec
508 4700 608 4771 gloria,
622 4701 709 4757 ruina
736 4700 830 4770 potius
857 4699 917 4755 sive

70 4792 184 4864 dejectio
210 4803 301 4862 quam
318 4788 453 4845 exaltatio
482 4790 518 4845 sit
543 4789 675 4845 dicenda.
700 4789 832 4855 Quorum
847 4787 917 4859 qui-

70 4882 124 4939 dem
139 4881 259 4939 lacilem
271 4892 383 4946 casum,
399 4886 426 4934 et
447 4877 640 4948 periculosum
657 4891 820 4946 ascensum,
831 4878 918 4948 jnnta

71 4969 134 5028 illud
149 4968 335 5028 Psalmistae:
365 4987 380 5016 α
404 4967 534 5037 dejecisti
559 4981 606 5023 eos
622 4968 691 5024 dum
721 4966 918 5024 allevarentur

72 5062 146 5127 limi.
174 5073 268 5124 uxxrr,
297 5056 350 5127 lsi,
381 5056 512 5112 »beatus
537 5056 727 5127 Hieronymus
755 5053 915 5124 attendens,

73 5151 194 5220 quodam
210 5149 273 5205 loco
297 5144 332 5201 ad
348 5145 533 5202 Heliodorum
558 5146 734 5202 monacbum
748 5144 794 5203 bis
819 5143 918 5201 scribit

73 5239 156 5297 serbis
178 5254 188 5294 z
219 5233 371 5301 «Quodsi
388 5241 414 5291 te
428 5247 546 5306 quoque
568 5235 605 5292 ad
618 5235 753 5293 eumdem
784 5233 918 5293 ordinem

78 5329 111 5395 tit
132 5328 267 5387 mirum
293 5320 493 5381 blandimenta
521 5323 686 5393 sollicitant,
721 5323 853 5394 gaudebo
882 5322 918 5379 de

80 5426 201 5486 mutu,
215 5413 269 5472 sed
280 5411 388 5472 timebo
402 5412 438 5469 de
451 5411 545 5486 lapsu.
565 5432 575 5463 ι
592 5412 671 5472 ldcm
700 5412 840 5471 aduersus
866 5409 915 5471 lli·

970 4263 1026 4310 stat
1038 4267 1098 4310 esse
1123 4251 1249 4323 premia,
1272 4257 1382 4321 quanto
1396 4248 1464 4305 buic
1477 4248 1568 4305 labori
1591 4247 1683 4317 major
1698 4244 1812 4302 incum-

970 4344 1011 4399 bit
1023 4341 1185 4398 dililcultas.
1202 4339 1255 4395 Cui
1278 4339 1404 4409 primum
1418 4337 1490 4395 illud
1520 4337 1678 4409 respondeo
1705 4332 1813 4391 'lullia-

970 4443 1068 4487 num:
1097 4428 1205 4496 «Quod
1231 4429 1254 4484 si
1285 4428 1469 4494 laboriosum,
1495 4442 1552 4484 nou
1579 4427 1675 4483 statim
1700 4420 1816 4495 praecla·

971 4533 1073 4577 rum.»
1104 4517 1241 4589 Alioquin
1265 4518 1294 4574 in
1320 4517 1446 4574 Ecclesia
1475 4516 1535 4581 lici,
1560 4517 1611 4586 qni
1639 4508 1816 4585 quotidianis

971 4610 1137 4680 nuptiarum
1159 4607 1294 4663 molestiis
1307 4614 1335 4663 et
1364 4604 1606 4662 sollicitudinibus
1630 4601 1816 4672 implicantur

971 4697 1103 4763 assiduis,
1120 4698 1164 4753 bis
1185 4695 1354 4767 praelereudi
1369 4704 1471 4760 essent,
1497 4693 1549 4763 qui
1575 4690 1702 4747 caelibem
1724 4689 1814 4747 vitam

972 4788 1118 4853 ducentes,
1153 4785 1250 4841 minus
1274 4797 1360 4840 onere
1385 4781 1483 4839 saculi
1515 4785 1699 4850 premuntur,
1722 4782 1750 4832 et
1778 4773 1816 4832 ob

972 4877 1026 4932 hoc
1057 4875 1177 4933 liberius
1204 4881 1291 4944 atque
1317 4871 1420 4942 purius
1451 4870 1508 4925 lieo
1534 4875 1649 4928 vacant,
1674 4872 1816 4935 tanquam

973 4965 1068 5024 lectuli
1093 4965 1222 5035 quietem
1246 4962 1350 5030 adepti.
1376 4958 1506 5027 Denique
1533 4955 1558 5012 ιι
1584 4968 1635 5025 ιιι
1659 4959 1816 5025 augmento

973 5055 1140 5111 meritorum
1161 5067 1208 5109 eos
1230 5049 1353 5116 extollis,
1381 5047 1432 5118 qui
1448 5047 1482 5102 de
1497 5044 1654 5101 virtutibus
1674 5042 1736 5100 suis
1750 5056 1817 5100 con·

972 5144 1101 5205 fidentes,
1131 5153 1243 5211 pugnas
1271 5136 1461 5194 tentationum
1486 5141 1513 5190 ct
1542 5132 1688 5190 illecebras
1713 5129 1817 5189 muudi

972 5233 1064 5305 magis
1085 5229 1226 5286 sustinere
1265 5239 1354 5296 quam
1388 5223 1490 5295 lugere
1516 5223 1717 5288 decreverunt,
1752 5219 1818 5279 vide

973 5329 1072 5379 utrum
1099 5317 1153 5385 bis,
1185 5315 1236 5387 qui
1257 5313 1463 5371 continentiam
1492 5318 1646 5372 rorarunt,
1666 5309 1819 5368 consulen-

976 5410 1046 5467 dum
1057 5406 1103 5476 sit,
1120 5405 1197 5463 utin
1214 5402 1408 5475 lupanaribus
1424 5401 1470 5460 rei
1484 5399 1534 5460 nbi
1562 5400 1680 5460 crebras
1692 5398 1818 5460 torniu-
