3804 5962
113 189 165 244 859
380 188 480 245 PETRI
499 186 685 244 ABAELARDI
704 185 780 242 OPP.
801 184 891 242 ruiis
910 185 960 239 lli.
979 214 1014 226 -
1025 183 1245 241 THEOLOGICA
1264 183 1307 239 ET
1326 181 1589 240 philosophica.
1803 186 1857 241 aab

105 313 153 370 rit.
182 313 207 368 Α
235 315 360 381 mortuis,
379 312 407 368 id
434 319 477 368 est
506 311 540 367 de
570 312 643 367 iuter
666 318 795 367 mortuos
826 323 954 380 corpore,
970 309 1160 380 Aexhibuit;
1186 311 1310 379 probatio
1325 325 1389 365 aero
1407 323 1492 379 spem,
1518 314 1550 364 ut
1574 307 1634 379 jam
1651 306 1784 365 videlieet
1801 316 1858 366 tam

105 416 232 475 qurirum
257 403 315 472 ipse
348 416 426 458 unus
454 408 524 456 erat.
559 399 611 465 Qui
633 405 756 454 raet-taus
786 404 832 454 est.
862 398 956 455 Causa
1010 412 1062 454 nas
1079 398 1133 469 ipsi
1148 413 1238 469 oriam
1254 398 1301 454 alii
1318 398 1353 453 de
1369 396 1473 474 nostris
1487 410 1537 467 per
1552 395 1674 468 gratiam
1700 398 1747 453 [lei
1772 399 1857 454 meri-

107 491 206 547 mortis
222 491 338 556 Christi,
365 503 455 559 quam
474 489 693 545 resurrectionis
712 501 830 545 causam
845 488 880 544 ad
904 503 956 545 nos
1011 486 1046 542 tis
1062 486 1249 541 confidamus.
1267 488 1302 542 Ει
1319 500 1354 540 ne
1380 499 1445 554 spes
1462 485 1514 540 ista
1529 484 1611 541 irrita
1626 485 1856 543 videretursieut

107 581 228 638 reducit.
251 580 367 636 Duobus
380 579 471 635 modis
500 585 616 648 propter
630 578 733 634 delicta
757 586 855 635 nostra
882 594 956 636 mor·
1010 574 1045 630 de
1058 574 1151 644 impiis
1161 573 1281 630 dieitur:
1303 576 1368 644 Spes
1384 577 1631 643 autemimpiorum
1648 574 1751 643 peribit
1770 575 1854 644 (Ρνοι,

105 677 177 726 tuus
207 669 333 738 dicitur;
358 669 428 739 quia
455 682 507 723 nos
530 665 705 737 deliquimus
735 677 849 739 propter
878 670 955 739 quod
1009 679 1036 731 x,
1051 662 1108 734 ιθ),
1134 664 1222 730 addit,
1244 668 1425 732 spissantem,
1447 662 1639 730 seilicethaec,
1663 679 1717 717 aaa
1741 667 1854 730 confata-

108 758 342 824 illemoreretur,
362 765 389 814 et
420 765 567 828 peecatum
584 758 779 814 commisimus
803 758 887 828 ouius
908 757 955 814 ille
1009 751 1062 817 dit,
1079 752 1106 807 td
1121 762 1163 806 est
1177 752 1404 807 erubescentiam
1429 751 1511 807 110th
1540 766 1598 806 tion
1614 750 1738 823 aequitii
1756 752 1785 808 ln
1812 751 1854 808 fu·

105 862 221 920 poenam
237 846 386 914 sustinuit,
400 853 461 902 tum
483 846 570 902 etiam
586 854 618 902 ιιι
634 855 749 916 peecata
773 855 869 903 nostra
894 862 954 904 mo·
1009 847 1084 907 turo,
1103 841 1173 910 auia
1188 848 1335 911 speratum
1359 840 1562 906 obtinebimus
1578 848 1606 895 et
1633 840 1715 910 ipuasi
1740 840 1792 912 qui
1811 855 1853 896 ro·

106 939 206 995 riendo
234 937 354 1002 tolleret,
375 936 403 992 id
424 943 466 992 est
481 949 594 1005 poeuam
618 945 799 1004 peccatorum
820 936 954 992 introdu·
1010 931 1106 999 quiret
1138 929 1215 985 unde
1243 929 1296 985 hoc
1327 929 1400 985 scire
1432 943 1594 999 possumus,
1619 929 1767 1000 adiungit:
1788 929 1855 994 (iiiia

105 1043 175 1084 cens
192 1041 246 1083 nos
270 1026 299 1082 in
314 1024 481 1095 paradisum
499 1025 588 1094 pretio
610 1039 670 1080 suae
694 1024 793 1081 mortis
817 1024 953 1092 auferret,
1009 1019 1169 1072 abiaiitatem
1191 1018 1318 1071 trahemus
1346 1033 1397 1086 per
1423 1032 1506 1086 qaam
1531 1031 1683 1086 spaamus,
1711 1031 1851 1087 promere·

105 1123 134 1172 et
174 1130 225 1185 per
258 1114 465 1170 exhibitionem
496 1121 590 1182 tantae,
634 1114 713 1184 quia,
746 1121 778 1170 nt
810 1114 870 1184 ipse
903 1115 953 1178 ait,
1011 1122 1085 1163 mur.
1113 1111 1148 1164 tlt
1178 1108 1231 1163 hoe
1245 1114 1297 1171 est,
1314 1111 1380 1175 quia
1402 1107 1523 1159 ebaritas
1546 1108 1605 1171 liei,
1630 1114 1683 1162 etc.
1711 1106 1760 1162 liei
1786 1106 1854 1161 diei·

1894 40 1898 87 l

105 1206 235 1275 majorem
251 1205 419 1258 dilectionem
434 1219 510 1257 nemo
528 1203 606 1258 habet
622 1204 708 1273 (ioan.
733 1218 797 1269 xru,
823 1204 872 1274 i'll,
893 1206 955 1260 ani·
1010 1203 1068 1260 tur,
1085 1195 1113 1250 id
1127 1203 1169 1251 θὸῑ
1184 1209 1256 1266 pure
1277 1205 1396 1267 ΡΓΟΡῑθΓ
1412 1195 1567 1250 ”Ominum
1584 1194 1693 1263 nihilis
1720 1194 1756 1249 ad
1777 1193 1858 1250 diste·
1896 1214 1898 1295 Ι

105 1308 169 1351 mos
188 1302 299 1349 nostros
318 1307 335 1347 a
357 1292 508 1348 voluntate
532 1292 666 1362 peccandi
689 1292 857 1360 retraheret,
873 1300 901 1348 et
924 1294 954 1349 in
1010 1285 1135 1340 rentiam
1150 1285 1275 1341 carnalis
1303 1283 1473 1341 dilectionis.
1501 1284 1684 1352 charitatem,
1706 1283 1791 1371 idest
1816 1284 1856 1339 di·

105 1396 352 1440 summamsuam
376 1381 555 1437 dilectionem
579 1382 749 1437 intenderet.
773 1385 808 1437 Et
830 1398 954 1437 sesama·
1010 1373 1159 1431 lectionem
1184 1373 1320 1429 diilusam
1349 1374 1428 1441 niort,
1452 1387 1518 1445 quae
1552 1373 1701 1429 inimicum
1737 1389 1855 1444 quoque

105 1475 277 1542 aitpraptai·
309 1471 533 1540 justificationem
554 1475 686 1524 nastrum.
717 1471 952 1528 testificationem
1009 1461 1277 1532 complecionem
1303 1463 1590 1532 rpnaseriptumesa:
1614 1463 1706 1518 Omitis
1735 1478 1854 1518 coruum·

105 1538 173 1618 dreit
190 1559 431 1630 perseverantiam
446 1558 565 1630 justitiae
580 1574 646 1628 qum
664 1562 777 1629 justum
794 1560 871 1616 iacit.
892 1563 951 1617 Non
968 1591 990 1646 Β
1008 1554 1138 1608 matianis
1166 1552 1224 1605 aiiii
1245 1554 1339 1619 ſsiteta,
1372 1553 1459 1606 latum
1489 1550 1652 1606 mitridatem
1672 1557 1751 1606 tuum
1775 1554 1856 1605 nimis

100 1650 184 1707 enim
198 1649 295 1720 justus
311 1649 416 1705 dicitur
428 1648 479 1719 qui
495 1648 653 1719 aliquando
667 1648 743 1720 juste
754 1649 823 1719 agit,
836 1650 883 1705 sed
901 1651 952 1720 qui
1008 1643 1093 1711 (Psat.
1119 1655 1216 1708 ιιιιιι,
1233 1642 1291 1709 ab),
1309 1641 1335 1695 id
1351 1648 1391 1696 est
1406 1640 1540 1710 perpendi
1564 1649 1652 1711 atque
1669 1640 1798 1696 intellexi
1817 1640 1853 1695 la-

107 1726 462 1794 hocinoonsuetudiuem
495 1736 591 1792 habet.
608 1736 688 1803 Quod
707 1737 805 1806 itaque
829 1737 950 1794 dicitur:
1007 1737 1069 1786 turn
1100 1737 1183 1784 tuum
1212 1728 1247 1783 de
1272 1728 1411 1784 charitate
1440 1730 1852 1787 uiaudatumbuemesseom·

103 1829 261 1883 Resurreait
284 1832 396 1896 propter
413 1827 638 1894 justificationem
666 1831 800 1893 nostram,
820 1826 876 1881 tale
899 1835 951 1894 est,
1007 1819 1052 1875 nis
1078 1816 1345 1884 consummationis,
1363 1818 1390 1872 id
1405 1826 1446 1872 est
1468 1818 1539 1874 illud
1562 1832 1623 1875 csse
1643 1819 1678 1873 ad
1693 1818 1772 1888 quod
1792 1816 1854 1872 uni-

107 1919 140 1968 ut
155 1926 205 1982 spe
229 1911 328 1982 gloriae
344 1910 573 1975 resurrectionis,
602 1923 689 1979 quam
707 1910 736 1966 in
760 1911 853 1980 seipso
872 1911 954 1969 nobis
1007 1920 1155 1963 versorum
1185 1912 1303 1962 tuorum
1327 1907 1531 1963 mandatorum
1561 1908 1681 1963 intentio
1703 1905 1846 1977 dirigitur.

104 2001 250 2067 exhibuit,
277 2014 328 2055 uos
355 1999 383 2055 iu
405 1999 543 2071 operibus
564 1998 652 2070 iustis
674 2008 888 2070 perseverantes
912 2001 950 2056 la·
1006 1999 1120 2064 Propter
1146 1995 1284 2064 Spiritum
1309 2000 1432 2050 sanctam
1447 1999 1497 2065 qai
1512 1997 1591 2051 datas
1609 1999 1649 2051 est
1664 1996 1753 2064 nabis,
1770 1994 1797 2049 id
1812 2000 1851 2049 est

104 2089 173 2145 ciat.
1007 2096 1058 2153 per
1073 2084 1267 2152 operationem
1297 2086 1396 2154 gratiae
1422 2085 1527 2141 divinae
1543 2085 1625 2141 nobis
1648 2083 1769 2141 collatae.
1794 2086 1849 2139 Au·

1007 2172 1142 2243 gostinus
1156 2174 1194 2228 [te
1210 2172 1342 2229 doctrina
1355 2173 1520 2230 Christiana
1534 2175 1608 2230 libro
1629 2188 1668 2240 ιι,
1685 2172 1759 2244 (ubiz
1773 2190 1788 2220 «ι
1805 2175 1852 2227 Pa·

446 2177 562 2234 CAPUT
580 2176 615 2234 V.

140 2264 286 2337 iustificati
318 2282 380 2333 arpa
411 2266 507 2335 apae.
532 2265 771 2337 Quandoquidem
787 2274 814 2323 et
838 2278 954 2338 propter
1008 2262 1131 2316 ticatiam
1147 2267 1276 2330 operatur
1296 2263 1447 2328 tribulatio,
1472 2270 1538 2330 eto,
1568 2263 1736 2332 agnoscitur
1759 2261 1851 2333 ligura

105 2367 157 2409 nos
177 2354 373 2421 scriptumest
390 2352 952 2425 deiustidcationedbrahaeperiidem,
1008 2365 1074 2420 (111ae
1102 2350 1242 2406 balinea
1283 2351 1460 2420 quibusdam
1495 2350 1848 2422 estappeltatagrauarb,

105 2445 138 2494 ut
164 2437 296 2493 videlicet
335 2439 466 2503 exemplo
497 2440 560 2509 ejns
592 2440 724 2497 similiter
748 2441 951 2513 justificemur.
1007 2439 1356 2496 cumverbavelseusus
1383 2448 1598 2496 connectuntur
1624 2439 1849 2497 alterumexal-

106 2528 183 2596 Ergo
204 2540 240 2580 ex
264 2525 318 2582 ude
345 2527 551 2598 potiusquam
578 2543 615 2584 ex
644 2530 779 2599 operibus
802 2532 873 2604 legis
900 2551 952 2592 nos
1011 2536 1079 2594 tero,
1107 2527 1182 2584 sicut
1198 2527 1244 2584 hie
1272 2542 1308 2584 ex
1339 2528 1524 2585 tribulatione
1553 2529 1732 2598 patientiam,
1748 2542 1785 2584 ex
1805 2542 1849 2598 pa·

102 2614 262 2686 justinian,
288 2618 384 2670 Pacem
405 2617 551 2671 natatorius
581 2619 657 2688 apua
679 2623 775 2689 naam,
800 2623 829 2678 ro
854 2633 897 2679 ost
913 2627 954 2681 sto
1008 2617 1106 2673 aientia
1122 2616 1328 2687 probationem,
1353 2631 1390 2672 ex
1414 2617 1581 2699 probatione
1596 2632 1673 2688 spem
1692 2630 1850 2673 monetam

105 2704 323 2760 reconciliemur
337 2705 373 2771 ei,
389 2713 415 2762 et
430 2715 693 2779 quantumcunque
708 2709 780 2780 justi
801 2712 951 2781 fuerimus,
1007 2706 1149 2762 Videmus·
1170 2726 1180 2754 t

104 2790 259 2847 mediatore
272 2792 384 2848 Christo
406 2794 488 2850 nobis
512 2809 584 2864 opus
597 2803 650 2853 est.
675 2797 773 2852 Addit:
789 2801 839 2853 Per
861 2803 952 2855 Dami—
1045 2797 1079 2850 Ut
1095 2795 1255 2860 quidecim.
1271 2795 1370 2852 Merito
1394 2795 1454 2850 dixi
1470 2795 1639 2852 charitatem
1668 2792 1805 2850 diffusam
1823 2793 1850 2848 in

103 2895 177 2934 mam
200 2885 322 2936 nostram
349 2885 439 2937 tesam
463 2883 609 2950 Christum,
636 2898 730 2954 aquo
757 2885 794 2940 ad
809 2898 861 2939 nos
884 2887 952 2939 tan·
1007 2883 1143 2940 cordibus
1158 2884 1273 2939 nostris.
1296 2884 1369 2939 Nam
1393 2893 1509 2955 propter
1530 2885 1601 2955 quid
1625 2883 1714 2949 aliud,
1738 2883 1795 2938 nisi
1810 2883 1849 2938 vi·

105 2982 194 3038 quam
211 2984 228 3024 a
261 2971 353 3040 eapite
378 2985 411 3026 ae
435 2972 564 3026 membra
595 2986 679 3028 amne
703 2972 812 3028 bonum
835 2974 952 3027 emanat
968 2939 990 2994 G
1007 2972 1107 3028 delicet
1120 2978 1151 3027 ut
1168 2964 1204 3026 ιιιΙ
1217 2973 1300 3028 nobis
1315 2973 1485 3030 dilataretur
1505 2973 1630 3029 charitas
1645 2973 1715 3028 liei?
1730 2971 1850 3026 (thasias

104 3063 167 3113 tum
191 3059 323 3128 exemplo
343 3059 409 3114 vitae
438 3067 500 3114 tum
525 3060 725 3128 predicatione
747 3060 893 3117 doctrinae.
918 3061 951 3115 Ει
1005 3064 1127 3114 mortuas
1147 3061 1347 3115 estseeuudam
1363 3066 1477 3130 teinpus,
1496 3061 1579 3116 idest
1594 3060 1679 3130 quasi
1699 3060 1735 3115 ad
1753 3060 1851 3116 horam

103 3144 157 3201 hoc
180 3153 231 3212 est,
270 3162 318 3214 per
348 3163 426 3212 quem
457 3147 584 3202 habemas
620 3164 755 3203 accessam
780 3152 952 3218 topiariam
1006 3148 1078 3203 etin
1107 3149 1233 3205 transitu
1253 3151 1353 3205 mortis
1371 3150 1513 3216 detentus,
1532 3150 1583 3219 qui
1611 3150 1665 3204 eiro
1680 3150 1848 3205 resurrexit.

21 3270 39 3282 .
103 3235 133 3287 in
149 3250 204 3303 aaa
227 3239 342 3303 stamus,
355 3243 458 3305 etquae
473 3236 507 3291 sit
524 3236 563 3292 illi
585 3236 678 3307 gloria
692 3239 828 3307 supponit
843 3239 950 3303 diceus,
1005 3242 1058 3293 Pro
1084 3240 1180 3309 impiis
1206 3247 1330 3294 mortuas
1363 3247 1413 3304 est,
1444 3240 1851 3296 uteosvidelicetadamna·

103 3325 133 3375 ia
157 3338 204 3390 spe
230 3324 324 3389 alariae
338 3324 460 3390 fitiorum
475 3324 533 3391 liei,
551 3324 579 3380 id
594 3333 635 3381 est
650 3340 686 3380 ex
708 3340 758 3395 spe
786 3326 835 3381 illa
862 3341 951 3397 quam
1005 3329 1081 3384 tione
1104 3328 1246 3384 liberarat.
1274 3329 1339 3384 Gom
1363 3329 1568 3399 adhttaiafiemi
1595 3345 1722 3384 essemus.
1748 3331 1852 3385 Notan-

103 3409 245 3466 habemus
260 3411 435 3480 adipiscendi
451 3413 529 3468 illam
541 3428 663 3470 summae
675 3414 870 3482 beatitudinis,
886 3430 951 3485 quae
1006 3416 1074 3472 dum
1104 3430 1172 3472 vero
1205 3424 1246 3473 est
1262 3418 1430 3488 apostolum
1459 3418 1587 3474 hocloco
1608 3419 1723 3473 modum
1749 3422 1854 3474 nostrae

103 3497 170 3553 liliis
193 3499 357 3554 uonservis
377 3508 419 3555 cst
444 3501 549 3557 debita.
582 3503 616 3556 Et
648 3502 700 3556 hoc
725 3510 766 3558 est
789 3517 840 3572 per
865 3503 948 3558 sidem
1006 3505 1209 3575 redemptionis
1235 3520 1285 3576 per
1323 3515 1443 3563 martem
1468 3507 1572 3563 Christi
1595 3515 1725 3577 patenter
1753 3507 1850 3576 expri-

104 3589 353 3656 praenotemus
377 3588 431 3644 tide
445 3589 522 3645 enim
538 3604 601 3660 spes
615 3591 755 3659 nascitur,
785 3591 951 3648 cumelecti
1006 3609 1092 3663 mere,
1113 3610 1180 3651 cum
1203 3595 1334 3651 videlicet
1358 3611 1425 3652 eum
1447 3612 1498 3667 pro
1520 3596 1601 3653 uobis
1624 3610 1682 3652 non
1712 3596 1748 3651 ob
1773 3595 1852 3652 aliud

102 3686 139 3730 ex
156 3674 210 3731 tide
231 3690 319 3746 quam
342 3677 447 3734 babent
468 3679 503 3733 ad
529 3693 608 3748 spem
630 3680 826 3751 supradictam
851 3695 950 3736 assur-
1005 3689 1152 3738 mortuum
1182 3683 1261 3749 dicit,
1277 3684 1333 3740 nisi
1359 3698 1408 3755 per
1422 3699 1520 3741 veram
1545 3685 1625 3742 illam
1649 3683 1800 3741 charitatis
1822 3684 1852 3739 li.-

103 3771 188 3834 gunt,
217 3779 250 3821 ac
271 3780 354 3821 nemo
369 3781 484 3837 sperare
498 3767 609 3837 aliquid
632 3776 721 3838 potest
734 3769 787 3825 nisi
804 3770 882 3840 quod
897 3770 952 3839 pri·
1000 3770 1144 3849 'bertatem
1171 3771 1199 3828 in
1225 3773 1308 3829 nabis
1335 3775 1551 3844 propagandam
1568 3787 1618 3844 per
1633 3774 1708 3828 hanc
1722 3772 1854 3830 videlicet

103 3852 191 3910 mitus
217 3855 317 3911 credit.
349 3855 475 3912 Gratiam
503 3857 571 3912 dicit
591 3857 681 3927 gratis
705 3857 802 3914 datam
827 3874 885 3914 non
901 3873 950 3930 pro
1007 3873 1066 3930 qua
1079 3859 1164 3915 nobis
1191 3860 1325 3917 exhibuit
1339 3876 1482 3918 summam
1498 3862 1689 3930 dilectionem,
1706 3861 1782 3919 sieut
1798 3864 1856 3932 ipse

105 3942 215 3999 meritis
237 3943 343 4001 scilicet
375 3945 518 4010 collatam,
548 3946 616 4016 quia
643 3962 696 4001 nou
719 3952 783 4002 suat
809 3948 951 4016 candiana
1005 3948 1656 4018 ait:Majorembacditactiaaemnemobabet,
1677 3958 1730 4006 etc.
1757 3950 1852 4021 (Jaaa.

98 4033 241 4100 passiones
257 4033 340 4104 bajas
361 4038 488 4103 temporis
516 4034 554 4088 ad
575 4035 701 4102 staturam
722 4036 839 4103 plemam
863 4036 948 4105 (Ram.
1005 4050 1068 4102 xiii,
1086 4035 1140 4106 l3.)
1161 4038 1198 4092 lie
1214 4053 1273 4108 quo
1293 4037 1410 4108 quidem
1430 4039 1634 4108 redemptionis
1652 4039 1736 4094 modo
1762 4053 1853 4110 supra

101 4132 162 4186 vor,
196 4119 249 4190 tu).
279 4123 337 4178 Noa
362 4123 448 4179 sotum
479 4123 701 4188 autem,seilioet
733 4124 895 4194 gloriamur
920 4126 950 4179 in
1005 4124 1277 4181 nossatisarbitror
1306 4126 1482 4182 disseruisse.
1504 4129 1558 4182 Via
1585 4129 1665 4181 enim.
1690 4127 1854 4184 liixiChri·

103 4221 151 4275 spo
167 4200 265 4277 gloriae
290 4208 415 4264 liliorum
445 4209 503 4278 Dei,
527 4211 574 4264 sed
597 4217 623 4265 et
637 4213 753 4279 pierium
774 4214 804 4266 ia
830 4212 948 4267 imbuta·
966 4211 989 4268 b
1005 4219 1081 4268 stum
1101 4227 1152 4282 pro
1179 4213 1273 4283 impiis
1288 4221 1436 4269 mortuum
1452 4229 1522 4280 csse,
1543 4224 1576 4271 ut
1590 4216 1717 4272 ebaritas
1739 4215 1769 4272 in
1793 4230 1854 4272 aar·

106 4296 236 4361 uestibus,
262 4297 353 4353 idest
383 4311 488 4368 inagna
518 4300 599 4356 nobis
640 4301 950 4371 honoriimputamus

104 4383 194 4455 ailligi
211 4398 263 4455 pro
278 4385 343 4453 lieo,
364 4388 524 4444 secundum
543 4389 620 4458 quod
636 4390 665 4444 iu
681 4389 800 4445 Actibus
815 4391 952 4460 apostolo-

104 4486 171 4529 rum
186 4474 324 4543 scriptum
345 4483 404 4531 est:
426 4476 505 4531 lbaat
531 4478 716 4544 pandentesa
737 4484 879 4547 conspectu
894 4496 952 4534 eoa-

102 4562 169 4627 aitii,
196 4570 249 4618 ete.
276 4562 349 4633 (dat.
376 4577 405 4630 v,
426 4564 484 4636 tl.)
509 4567 632 4622 seientes
653 4568 744 4632 etiam,
761 4565 816 4621 hoc
841 4574 883 4623 est
905 4574 950 4622 at-

102 4650 252 4706 tendentes
282 4652 442 4708 maximum
465 4653 602 4720 tractum,
619 4655 648 4709 iu
673 4654 718 4709 his
746 4657 862 4710 tantum
887 4655 951 4725 glo-

84 4740 216 4796 xriantur
241 4739 318 4809 quod
344 4741 476 4797 videlicet
493 4742 649 4804 tribulatio,
679 4745 842 4811 patientiam
855 4759 949 4814 opara-

104 4835 161 4896 tar,
173 4827 201 4884 id
218 4836 260 4884 est
275 4828 400 4898 inopere
415 4830 557 4887 virtutum
570 4831 687 4888 exhibet
702 4832 845 4902 patientie
864 4843 951 4905 atque

104 4916 199 4986 ipsum
230 4917 426 4974 tribulationis
451 4919 622 4975 exercitium
645 4920 773 4976 tortiores
787 4922 824 4977 ad
845 4936 894 4977 eas
910 4930 950 4980 to-

102 5004 236 5061 lerandas
261 5019 313 5061 nos
346 5007 449 5064 reddit.
476 5010 617 5063 Patientia
656 5013 756 5077 autem,
791 5011 951 5068 seeundum

102 5094 180 5164 quod
196 5094 336 5164 scripturn
352 5104 410 5152 est:
431 5099 572 5167 Tanquam
587 5113 685 5153 aarum
706 5101 735 5152 ia
757 5100 868 5166 fornace
886 5115 949 5169 pra·

103 5182 178 5237 baoit
203 5184 297 5238 eleetos
322 5187 451 5242 Dominus
475 5187 553 5257 (Sap.
577 5203 618 5254 ιιι,
645 5188 683 5258 a),
709 5186 736 5244 id
756 5195 798 5244 est
822 5203 879 5245 tam
900 5188 951 5245 tibi

106 5284 196 5341 quam
220 5273 284 5329 aliis
308 5286 409 5331 eorum
434 5277 637 5345 constantiam,
665 5276 691 5333 id
713 5284 755 5334 cst
777 5279 950 5349 probitatem

140 5444 197 5517 (ui)
212 5444 317 5505 Patrai.
332 5456 399 5505 tom.
417 5448 555 5522 XXXIV,
570 5452 624 5510 eol.
644 5453 686 5519 93,
709 5452 754 5508 nt.

1005 4301 1091 4357 dibus
1118 4303 1221 4358 nostris
1250 4301 1470 4371 diiinndoretur,
1512 4305 1596 4374 quasi
1632 4305 1684 4361 hoo
1713 4319 1855 4377 magnum

1004 4398 1078 4446 esset
1093 4391 1169 4460 quod
1188 4391 1293 4447 iecerit.
1315 4393 1351 4447 Et
1379 4406 1446 4448 vere
1462 4407 1603 4465 magnum
1622 4394 1676 4449 hoc
1697 4402 1725 4450 et
1746 4395 1854 4450 saluta-

1005 4479 1082 4534 rium
1103 4478 1166 4540 luit,
1187 4480 1277 4534 Deum
1298 4480 1410 4536 scileeet
1431 4496 1482 4550 pro
1499 4483 1593 4552 impiis
1607 4482 1691 4549 mori,
1707 4482 1778 4553 quia
1803 4482 1856 4538 vix

1005 4581 1057 4637 pro
1079 4567 1193 4623 homine
1209 4568 1260 4623 iste
1281 4568 1366 4625 homo
1394 4569 1466 4625 mori
1496 4570 1855 4638 sustinet.1tixi,vix,ex

1003 4662 1061 4712 toto
1078 4657 1191 4726 negari,
1209 4657 1278 4726 quia
1296 4658 1427 4727 tortasse,
1442 4659 1494 4714 etsi
1511 4660 1668 4725 rarissime,
1694 4668 1786 4730 potest
1811 4674 1853 4716 re·

1006 4743 1104 4813 periri,
1121 4745 1172 4815 qui
1188 4760 1351 4815 praemere
1367 4747 1587 4816 bonihominis,
1609 4750 1636 4804 id
1650 4748 1782 4820 estjusti,
1796 4764 1853 4805 mo-

1005 4833 1131 4889 riuntur.
1148 4835 1181 4890 Et
1196 4835 1250 4890 hoc
1262 4844 1312 4903 est,
1341 4838 1411 4892 Nam
1424 4853 1475 4907 pro
1502 4838 1577 4907 bana,
1596 4839 1702 4895 seilicet
1725 4839 1854 4907 hilarine,

1004 4922 1126 4988 forsitan
1150 4925 1211 4992 prais
1237 4924 1264 4978 id
1287 4933 1329 4981 est
1344 4925 1461 4996 aliquis,
1491 4927 1591 4982 audeat
1608 4930 1686 4995 moti,
1716 4928 1857 4986 sciensse

1006 5022 1023 5064 a
1050 5010 1170 5067 Domino
1200 5015 1456 5071 remunerandum.
1491 5015 1563 5071 Cum
1601 5017 1671 5073 dicit
1693 5018 1857 5084 forsitaaet

1006 5099 1113 5165 audeat,
1127 5100 1326 5158 ditnouttatem
1351 5103 1489 5160 insinuat.
1520 5104 1651 5161 Christus
1673 5116 1772 5164 autem
1796 5122 1856 5164 uon

1006 5185 1098 5243 solum
1127 5203 1217 5247 ausus
1241 5191 1323 5257 mori,
1352 5192 1400 5249 sed
1427 5201 1454 5248 et
1481 5201 1614 5250 mortuus
1628 5201 1669 5251 est
1691 5209 1743 5265 pro
1755 5211 1855 5267 pecea-

1006 5276 1125 5346 toribus,
1145 5286 1173 5336 οι
1198 5293 1249 5350 per
1271 5280 1468 5338 exhibitioueu
1492 5290 1579 5340 tantae
1594 5283 1702 5356 gloriae,
1717 5285 1856 5342 commea-
