3804 5962
415 228 596 289 uxrosrlio
616 230 650 287 ΙΝ
670 229 975 290 balsamitae
995 230 1077 289 hott.
1094 260 1131 274 -
1144 231 1209 290 mit.
1229 233 1274 289 tv.
1669 238 1721 293 tal

81 351 166 420 endo,
185 351 294 409 scilicet
309 352 451 411 adversus
467 368 525 422 eos,
548 355 597 411 sed
616 356 693 425 time,
708 355 818 412 scilicet
833 358 858 412 Α
872 355 957 426 pauci
972 356 1099 414 credent.
1118 377 1132 408 ι
1147 357 1188 414 lic
1210 357 1266 416 iiue
1290 363 1387 415 autem
1408 357 1506 415 saeculi
1530 357 1571 416 ita
1593 359 1722 417 Isidorus

79 451 142 500 tere
155 441 212 499 tale
228 441 301 512 quid
324 442 402 499 unde
426 450 454 499 et
480 450 511 499 ιιι
536 443 690 515 frangaris.
712 445 748 500 Et
769 459 815 501 re·
874 444 1004 517 loquitor
1021 446 1070 502 lib.
1087 462 1117 515 11,
1145 454 1246 503 contra
1269 446 1391 513 Judaeos,
1407 461 1469 517 cap.
1486 449 1512 502 6.
1530 469 1545 497 «
1568 447 1723 505 ilalachias

79 538 158 589 vortet
177 539 203 588 ιε
218 531 327 586 timere.
351 531 428 595 Quid
448 539 544 589 autem
568 533 667 589 timeat
690 534 818 604 sublun-
873 549 990 606 quoque
1005 543 1072 592 ante
1090 536 1176 592 linem
1192 535 1295 591 mundi
1315 532 1408 592 Eliam
1425 535 1465 592 sic
1485 550 1547 594 esse
1568 537 1638 593 dicit
1660 537 1724 595 mit·

89 625 160 677 caim
179 637 234 676 noa
252 622 408 691 pepercita
430 621 578 685 fractione,
601 623 709 679 scilicet
728 623 818 680 ramis
872 624 990 682 tendum
1018 624 1055 680 ad
1096 625 1314 682 conversionem
1351 625 1543 682 Judaeorum:
1570 626 1644 682 Ecce
1674 641 1721 696 epo

79 711 173 777 tlibus,
195 711 236 766 ilii
254 710 386 766 videlicet
402 724 461 766 suae
480 711 629 778 radici,ex
645 726 706 785 qua
723 720 817 780 crant,
870 715 980 768 mittam
1005 714 1081 770 cobis
1117 716 1207 770 Elium
1241 714 1417 784 prophetam,
1449 719 1597 786 antequam
1630 717 1722 770 υειιιαι

81 800 192 858 ubaudi
221 814 256 856 ne
281 798 364 866 loric,
387 807 440 857 etc.
456 801 490 857 Et
508 808 541 858 ut
565 802 619 859 hoc
633 803 733 859 timeas
757 802 818 858 sive
872 801 929 857 dics
945 804 1057 858 Domini
1080 818 1198 872 mugnus
1217 808 1242 857 et
1269 803 1411 873 terribilis,
1434 808 1460 858 et
1478 805 1614 859 concertet
1637 803 1722 859 cordo

79 905 100 947 o
126 890 252 946 aliorum
278 896 438 959 correptus,
468 891 531 947 sive
549 899 688 961 suscepta
717 891 819 964 gratiae
870 895 983 962 potrum
1015 893 1053 948 od
1074 895 1156 964 ttttos,
1182 897 1209 947 et
1235 908 1281 948 cor
1308 894 1430 964 fitiorum
1455 893 1492 948 od
1509 898 1603 963 potres
1632 908 1724 948 eorum

79 993 244 1046 succensus,
260 977 375 1034 attende
390 979 557 1036 memoriter
582 980 738 1037 bonitatem
751 994 816 1053 gra·
872 980 1002 1052 (Motoctc
1019 997 1058 1051 vv,
1076 982 1113 1054 5).
1138 1003 1152 1033 ι
1174 983 1299 1039 ltem:‹
1329 980 1382 1038 llic
1408 989 1449 1039 est
1472 981 1600 1054 populus
1627 982 1657 1039 in
1674 996 1724 1039 no·

79 1069 260 1126 severitatem
278 1067 398 1139 justitia
426 1068 449 1124 si
474 1069 666 1139 permanseris
693 1070 723 1126 in
756 1071 818 1140 ipsa
872 1070 1236 1139 vissimisconvertendus,
1261 1085 1347 1143 quem
1372 1071 1459 1128 Jacob
1482 1071 1647 1143 patriarcha
1668 1070 1723 1128 sub

79 1173 96 1215 e
125 1163 266 1228 suscepta,
290 1157 383 1213 idest
412 1158 435 1214 si
463 1158 549 1232 culpa
578 1167 629 1216 tua
656 1165 816 1231 susceptam
872 1159 968 1232 figura
982 1160 1133 1231 Beniamin
1161 1159 1264 1232 lupum
1290 1174 1375 1217 manc
1403 1160 1597 1218 comedentem
1622 1168 1651 1218 ct
1673 1174 1722 1217 ve-

79 1259 92 1301 n
125 1245 265 1302 amiseris.
293 1245 442 1316 Alioquin,
472 1246 499 1302 id
526 1254 569 1303 est
595 1247 679 1304 aliter
708 1247 732 1304 si
765 1247 819 1304 erit
873 1263 955 1320 spere
970 1248 1061 1320 spolia
1074 1249 1250 1306 dividentem
1266 1250 1426 1321 prophetat,
1448 1249 1518 1320 quia
1534 1249 1617 1307 initio
1631 1249 1722 1321 legem

80 1350 196 1403 moneo,
223 1337 306 1389 etium
321 1340 351 1390 tu
366 1336 501 1391 ceciderat
523 1337 652 1394 aradice
676 1343 775 1392 sancta
789 1337 819 1391 in
873 1339 992 1408 accepit,
1010 1339 1040 1394 in
1054 1352 1174 1409 vespera
1193 1346 1290 1395 autem
1305 1338 1408 1394 mundi
1426 1337 1589 1395 crediturus
1613 1337 1721 1396 dividet

79 1440 94 1482 r
112 1424 244 1481 accidens
257 1439 288 1481 es
303 1425 439 1494 insertus,
455 1440 513 1482 non
536 1439 575 1482 ex
594 1440 628 1482 ea
650 1433 745 1482 natus.
766 1426 820 1482 Sed
874 1427 949 1483 inter
967 1426 1080 1483 Novum
1095 1428 1311 1484 Testamentum
1321 1435 1348 1483 et
1360 1427 1458 1485 Vetus.
1471 1446 1486 1481 ιι
1501 1427 1591 1495 idem,
1603 1441 1665 1497 cap.
1677 1429 1720 1496 ιι,

79 1512 158 1570 etiam
175 1520 237 1583 post
252 1513 420 1571 tractionem
452 1529 536 1571 suam
563 1515 728 1573 inserentur
759 1514 820 1572 loco
866 1517 962 1583 ,Amos
985 1517 1153 1587 propheta:
1176 1519 1276 1572 bomar
1299 1516 1385 1572 lsroet
1407 1516 1514 1586 cecidit,
1536 1532 1590 1572 oca
1609 1517 1724 1586 adjiciet

79 1603 136 1672 cisi,
157 1602 231 1658 sicut
256 1610 312 1660 tec
334 1618 473 1660 converso
502 1604 584 1675 prius
608 1604 669 1661 loco
703 1604 817 1661 illorum
836 1637 858 1692 B
875 1611 906 1660 ιιι
916 1610 1044 1674 resurgat
1073 1604 1168 1677 (Amos
1193 1620 1221 1674 v,
1251 1607 1285 1675 t).
1308 1607 1386 1677 Ergo
1414 1605 1503 1663 israel
1531 1605 1658 1677 proiecta
1682 1611 1725 1661 est

79 1704 137 1746 um.
167 1692 200 1746 Et
224 1692 309 1762 quasi
338 1701 516 1763 quereretur
545 1693 618 1765 quid
649 1695 703 1751 hoc
733 1694 819 1767 possit
875 1694 905 1749 in
926 1701 1032 1751 terram
1052 1707 1145 1762 suam,
1172 1702 1292 1751 nonest
1314 1695 1367 1765 qui
1386 1694 1506 1751 suscitet
1527 1707 1600 1750 eam.
1626 1690 1725 1762 Sequi·

92 1793 159 1836 cum
180 1781 256 1837 Deus
275 1795 327 1851 pro
355 1781 442 1853 culpa
463 1796 580 1840 suaeos
604 1781 734 1856 fregerit,
750 1782 820 1839 dicit
875 1789 923 1839 tur
945 1781 1087 1840 ineodem
1119 1783 1367 1855 prophetaverit
1393 1784 1456 1855 fiais
1483 1798 1566 1855 super
1587 1781 1723 1853 poputum

79 1877 174 1926 semet
198 1885 250 1941 per
262 1870 494 1928 misericordiam
514 1887 598 1929 suam
614 1873 643 1928 id
661 1873 755 1930 iacere
770 1886 817 1943 pc·
872 1870 1243 1944 meumisroet(dmcsv1n,
1260 1873 1298 1942 i).

79 1958 106 2014 ui
129 1973 177 2015 eos
196 1960 281 2032 iregit
297 1968 414 2031 propter
432 1962 561 2031 ipsorum
575 1961 700 2034 culpam.
713 1961 750 2017 Et
766 1962 821 2019 hoc
910 1960 981 2025 Quae
997 1961 1095 2018 omnia
1121 1961 1265 2032 pertinent
1285 1961 1322 2018 ad
1343 1961 1461 2018 carnale
1484 1961 1577 2033 ipsius
1599 1973 1724 2031 regnum

79 2047 103 2103 td
127 2048 215 2104 dicit:
232 2051 331 2104 Potens
350 2056 389 2105 cst
414 2052 485 2105 enim
506 2053 576 2105 beas
595 2052 704 2118 iterum,
729 2049 820 2107 idest
874 2048 920 2107 vel
935 2049 1149 2107 observantiam
1174 2051 1227 2121 qui
1251 2049 1328 2107 ultra
1348 2051 1378 2107 in
1403 2050 1599 2122 reprobabilia
1629 2056 1725 2107 erunt.

79 2149 132 2193 tam
156 2138 351 2206 insertionem,
378 2146 405 2195 ει
433 2153 518 2196 suam
547 2140 728 2197 tractionem.
751 2139 820 2196 liixi
872 2137 947 2194 Nam
963 2137 1020 2195 illae
1043 2138 1280 2209 repromissiones
1304 2141 1504 2210 reparationis,
1529 2153 1604 2211 quas
1622 2151 1725 2196 earum

79 2233 166 2282 utens
184 2233 227 2283 est
242 2227 360 2283 houset
384 2227 447 2284 illos
463 2229 600 2295 inserere,
622 2242 674 2284 nec
699 2227 818 2294 mirum,
874 2241 968 2283 sermo
983 2228 1186 2298 complectitur
1204 2227 1245 2284 illi
1262 2229 1338 2299 parti
1362 2229 1583 2300 promittuntur,
1605 2242 1671 2300 qum
1686 2240 1724 2284 ex

79 2315 147 2372 vulto
163 2315 189 2370 id
206 2315 321 2372 facilins
334 2324 362 2372 ει
377 2317 592 2374 conducibilius
607 2325 720 2374 naturae
739 2317 819 2375 vide·
875 2315 1140 2374 ludoeiscreditura
1167 2325 1220 2374 est.
1241 2319 1312 2373 Nam
1328 2332 1381 2374 nec
1404 2332 1504 2375 omncs
1530 2317 1622 2375 tudaei
1648 2316 1722 2374 redi·

79 2404 190 2460 undum
205 2404 417 2474 suprapositam
433 2405 467 2461 de
487 2404 565 2461 oliva
584 2404 818 2472 similitudinem,
874 2405 971 2461 mendi
990 2413 1069 2475 sunt,
1101 2420 1155 2463 nec
1179 2421 1278 2463 omnes
1300 2407 1374 2463 salvi
1389 2414 1489 2474 erunt,
1518 2406 1567 2463 scd
1591 2405 1645 2478 qui
1668 2405 1725 2463 lide

79 2492 129 2562 prii
149 2493 223 2549 rami
245 2493 334 2550 inseri
353 2493 471 2564 possint,
490 2508 580 2566 quam
604 2494 701 2551 alieni.
719 2496 754 2552 Et
767 2494 822 2550 hoc
874 2493 955 2550 electi
983 2493 1091 2551 luerint
1117 2494 1323 2551 salvabuntur.
1349 2494 1431 2561 Quod
1458 2502 1556 2552 autem
1588 2493 1724 2551 nonnulii

79 2580 256 2638 ›daminori
277 2583 411 2650 ostendit,
427 2584 525 2640 dicens
546 2586 640 2641 :llum
659 2587 684 2639 sa·
710 2588 739 2638 tu
760 2599 822 2651 pea-
875 2590 1041 2641 sanctorum
1064 2570 1165 2640 dicunt
1187 2583 1216 2639 in
1240 2583 1297 2640 line
1322 2598 1374 2655 per
1397 2584 1632 2654 predicationem
1653 2583 1724 2640 Elias

79 2671 150 2726 risus
165 2686 192 2725 es
209 2686 242 2725 ec
257 2671 373 2726 oleastro
390 2670 442 2728 tihi
462 2672 600 2740 naturali,
617 2671 643 2727 id
664 2678 705 2728 est
721 2686 758 2728 cx
775 2685 822 2727 ar·
875 2679 902 2728 et
916 2672 1014 2729 Enoch
1037 2673 1244 2730 convertendos
1258 2686 1330 2743 esse,
1352 2672 1459 2744 quibus
1480 2681 1508 2729 et
1533 2672 1593 2743 ipse
1607 2672 1725 2743 Aposto-

81 2759 227 2816 niecunda
258 2761 374 2832 gentilis
401 2760 501 2830 populi
524 2769 700 2834 assumptus,
727 2765 823 2816 contro
876 2761 921 2817 lus
936 2762 1110 2819 concordare
1134 2762 1260 2828 videtur,
1276 2760 1396 2818 diceus:
1420 2764 1456 2817 Et
1471 2762 1510 2816 sic
1527 2763 1614 2816 omnis
1638 2760 1725 2815 lsroel

79 2864 112 2912 ιι,
127 2848 823 2922 idestconsuctudineminserendi.Nequeenim
876 2850 968 2905 suiuus
987 2853 1044 2921 rtet,
1069 2857 1120 2906 aut
1145 2849 1306 2906 secundum
1331 2849 1551 2907 universitatem
1580 2850 1723 2919 tribuum,

81 2951 159 2994 uosae
186 2937 304 2995 arbores
337 2937 426 2994 inseri
458 2937 548 2994 solent
571 2938 737 3006 montuosis,
770 2952 823 2995 nec
878 2953 936 2995 non
955 2932 1155 3009 personarum,
1175 2946 1217 2995 est
1241 2939 1442 3010 accipiendum
1458 2946 1491 2995 ut
1512 2938 1652 3008 diximus,
1673 2945 1725 2994 aut

79 3039 116 3084 'cs
130 3026 304 3094 domesticis,
320 3041 372 3083 nec
396 3028 533 3084 surculus
562 3026 691 3084 fructum
715 3027 823 3084 radicis
839 2989 860 3047 ο
877 3028 996 3085 tortasse
1018 3028 1049 3085 hi
1069 3027 1120 3100 qui
1147 3028 1283 3101 primitus
1309 3029 1522 3085 antichristum
1546 3027 1726 3099 susceperint

79 3115 139 3172 alet.
167 3115 220 3172 Sed
246 3116 371 3187 propriae
394 3123 506 3173 naturae
529 3124 639 3187 quanto
665 3116 770 3189 magis,
793 3116 823 3173 id
876 3117 952 3174 ritus
974 3117 1108 3174 iudaicus
1132 3118 1326 3186 reducentem,
1349 3124 1447 3189 postea
1471 3131 1522 3189 ρει
1542 3117 1723 3192 predicatio·

79 3219 118 3261 ιιιι
134 3204 249 3262 iacilius
270 3205 432 3263 secundum
456 3214 596 3263 naturam
617 3220 677 3262 suae
699 3206 823 3279 originis
877 3220 943 3262 nem
957 3206 1028 3263 Elim
1047 3214 1075 3263 ct
1088 3207 1188 3264 Enoch
1215 3207 1344 3276 correcti,
1368 3207 1415 3264 vel
1438 3208 1500 3264 viso
1524 3206 1643 3263 interitu
1661 3207 1726 3280 ejus

80 3297 126 3348 tur
139 3310 194 3350 suae
206 3297 319 3364 origini,
335 3310 371 3352 ex
397 3309 456 3367 qua
471 3295 601 3353 videlicet
616 3295 677 3352 nati
692 3295 820 3352 luerunt.
876 3293 911 3352 de
923 3310 983 3366 quo
1003 3294 1114 3352 Veritas
1131 3295 1201 3352 dicit
1222 3312 1229 3350 :
1251 3299 1287 3352 Et
1309 3298 1365 3351 aivi
1385 3296 1502 3351 meolati
1523 3297 1644 3363 tuisacat
1667 3295 1724 3352 dies

79 3385 141 3451 uim,
157 3397 191 3440 ac
216 3385 240 3441 si
255 3384 391 3441 diceret:
423 3386 487 3442 ideo
516 3394 708 3442 commemoro
731 3385 821 3447 toties,
876 3383 1095 3456 attenuaret
1120 3387 1198 3441 soluo
1217 3387 1304 3440 ornatis
1330 3400 1393 3442 coro
1417 3385 1527 3457 (llottlt.
1555 3398 1639 3453 xxiv,
1667 3383 1724 3457 ιι),

79 3471 131 3537 ιεε,
157 3481 259 3530 vestrae
284 3474 432 3531 electionis
453 3474 578 3546 gratiam
601 3483 629 3532 ει
645 3474 820 3544 reprobatio·
877 3473 1009 3530 conversi
1027 3474 1063 3529 ad
1079 3474 1227 3531 Christum
1248 3474 1452 3532 salvabuntur.
1475 3474 1560 3546 Greg.
1582 3473 1612 3530 iu
1625 3472 1724 3531 lloral.

79 3575 156 3618 trum
173 3562 330 3634 justitiam,
352 3572 379 3620 et
402 3564 585 3637 postmodum
605 3562 822 3619 conversionem
876 3560 917 3616 lib
920 3600 974 3616 .....
989 3582 1005 3613 «
1025 3561 1130 3619 sedin
1154 3572 1281 3620 extremo
1304 3563 1615 3621 israelitaeomnesad
1640 3564 1726 3621 iidem

79 3663 105 3706 m
119 3650 259 3708 loturam.
876 3650 992 3718 cognita
1005 3651 1077 3707 Eliae
1097 3651 1300 3722 predicatione
1324 3660 1486 3720 occurrent,
1511 3648 1539 3710 et
1562 3661 1633 3710 tunc
1652 3653 1725 3710 iliud

79 3741 161 3795 ¹acio
187 3756 234 3795 cos
256 3743 385 3810 ignorare
407 3743 455 3797 troc
474 3744 646 3811 mysterium,
671 3740 757 3798 idest
779 3741 823 3798 di·
875 3739 1015 3796 eximium
1032 3740 1184 3812 multiplici
1199 3741 1406 3813 aggregatione
1429 3741 1603 3812 populorum
1627 3742 1723 3800 convi-

82 3827 287 3900 ispensationis
309 3832 454 3888 occultum
476 3830 634 3903 judicium,
651 3830 722 3902 quia
743 3830 822 3887 vide·
876 3826 959 3883 vium
974 3827 1162 3884 celebratum.
1178 3847 1193 3878 »
1209 3828 1724 3900 Remigiusinpsal.111:Gumoocr-
1785 3899 1790 3916 ¹

79 3922 162 3974 tritos
179 3922 313 3989 contingit
329 3923 360 3974 ia
377 3919 512 3976 lsraelem
525 3925 615 3991 porte,
643 3920 671 3976 id
691 3927 734 3977 est
754 3919 822 3992 qui·
877 3920 942 3972 terit
966 3918 1096 3973 Dominus
1116 3919 1315 3988 captiuitatem,
1339 3924 1390 3974 etc.
1421 3932 1428 3972 :
1460 3939 1472 3968 ‹
1501 3919 1575 3973 lium
1603 3917 1726 3974 Iudaica

81 4007 232 4066 uteorum
262 4010 398 4066 excaecati
436 4009 594 4066 adventum
625 4008 742 4077 christi,
772 4022 823 4081 per
877 4005 999 4077 pertidia
1014 4006 1044 4062 in
1066 4020 1120 4063 sua
1143 4006 1312 4063 crudelitate
1328 4007 1509 4077 impoenitens
1524 4005 1643 4075 exstitit,
1670 4006 1725 4063 du·

79 4095 112 4154 dc
126 4096 183 4154 lide
198 4097 435 4156 illuminarentur
451 4113 508 4156 non
524 4104 761 4170 recognoverant,
774 4098 822 4154 do·
876 4095 946 4151 riori
972 4109 1002 4153 se
1033 4095 1209 4167 captivitatis
1240 4095 1343 4167 laqueo
1372 4095 1504 4153 irretivit.
1534 4095 1603 4163 Quae
1628 4101 1725 4152 tamen

79 4185 186 4243 enitudo
207 4189 307 4259 gratiae
331 4188 461 4257 intravit,
478 4187 563 4245 idest
582 4189 617 4245 de
634 4188 823 4245 universitate
876 4184 1030 4255 captivitas
1044 4185 1172 4243 solvetur
1187 4185 1223 4242 ad
1238 4185 1473 4256 pradicationem
1487 4184 1558 4241 Eliae
1572 4191 1599 4241 et
1614 4184 1724 4252 Enoch,

79 4288 101 4332 n
117 4275 249 4347 gentium
262 4277 345 4333 multi
363 4285 577 4341 convertentur,
595 4285 623 4334 ει
638 4277 822 4349 spiritualem
837 4290 860 4348 ρ
877 4287 943 4330 cum
959 4274 995 4330 ad
1023 4288 1123 4331 comam
1148 4274 1381 4345 praedicationem
1401 4288 1501 4331 omnes
1525 4274 1556 4331 in
1577 4273 1725 4333 Christum

79 4364 204 4434 vitatem,
234 4367 261 4422 id
286 4370 329 4423 est
358 4366 515 4423 Ecclesiam
542 4366 703 4437 intrabunt,
729 4374 756 4424 et
783 4369 824 4422 sic
876 4363 970 4420 ludaei
992 4363 1174 4421 crediderint.
1199 4385 1214 4416 »
1241 4363 1362 4423 Eaimo:
1386 4365 1581 4436 «impietates
1600 4378 1618 4420 a
1639 4362 1726 4420 Jacob

79 4463 172 4526 apost
194 4469 294 4512 eorum
325 4456 475 4514 introitum
499 4459 587 4512 omnis
607 4458 703 4525 lsrael,
720 4470 822 4514 secun·
877 4459 987 4510 avertet
1017 4452 1149 4525 pleniter,
1172 4453 1248 4511 sicut
1272 4455 1413 4526 scriptum
1436 4461 1499 4511 est:
1523 4455 1558 4511 Et
1580 4456 1640 4524 ipsc
1653 4452 1727 4508 redi

79 4544 193 4614 iugulas
215 4545 348 4602 videlicet
368 4547 470 4616 tribus,
496 4547 574 4604 unde
595 4545 680 4604 multi
704 4560 824 4603 conver·
877 4547 932 4598 met
957 4543 1043 4599 lsrael
1057 4559 1091 4599 ec
1116 4543 1241 4599 omnibus
1262 4544 1458 4616 iniquitatibus
1487 4544 1546 4615 ejus
1566 4543 1650 4616 (Psoi.
1670 4555 1725 4611 ru,

95 4633 126 4690 in
156 4633 213 4690 flue
238 4649 289 4705 per
315 4636 545 4707 pradicationem
569 4636 667 4692 Enoch
691 4642 718 4692 ει
742 4635 822 4705 Eiiae,
878 4632 915 4704 8).
932 4651 947 4686 ιι
967 4633 1003 4690 Et
1021 4647 1088 4690 cum
1105 4633 1256 4705 plenitudo
1270 4634 1405 4706 gentium
1423 4635 1570 4690 intraverit
1584 4637 1647 4690 tuac
1670 4647 1724 4688 om-

79 4734 147 4778 mcn
171 4736 280 4792 omnes,
307 4739 374 4780 curn
396 4724 431 4782 de
451 4725 630 4782 Antichristo
650 4724 760 4781 Veritas
784 4727 824 4782 eis
877 4723 920 4778 aia
935 4723 1023 4779 lsrael
1036 4724 1129 4779 sulcus
1143 4727 1199 4795 pet.

83 4813 167 4869 Alius
187 4815 217 4867 ia
235 4816 344 4870 ιιοιιιιιιε
369 4818 535 4884 succendet,
559 4816 639 4872 illum
664 4814 824 4886 suscipietis
917 4814 1019 4869 utnon
1033 4816 1095 4869 citis
1119 4813 1281 4885 vobisipsis
1305 4804 1452 4884 sopientes,
1472 4813 1500 4870 id
1522 4823 1565 4871 est
1581 4812 1644 4870 ideo
1660 4809 1727 4868 noio

79 4915 107 4971 v,
128 4903 184 4973 43),
202 4906 235 4959 ιιι
257 4919 310 4960 nec
330 4903 360 4960 in
390 4904 447 4962 dne
475 4905 588 4972 mundi,
612 4903 689 4961 sicut
712 4918 765 4961 nec
794 4905 823 4961 in
877 4915 929 4959 ros
950 4903 1027 4962 istud
1055 4902 1203 4960 occultum
1227 4904 1372 4976 ignorare,
1394 4918 1430 4961 nc
1450 4903 1513 4960 visa
1537 4902 1656 4960 illorum
1676 4913 1724 4959 ex-

79 4991 219 5050 quristi
231 5007 330 5050 omnes
343 4995 436 5050 ludaei
455 5003 669 5066 convertentur,
691 4996 741 5053 scd
758 4995 825 5052 solae
877 4993 1031 5051 cecatione
1052 4993 1087 5049 de
1112 4992 1322 5051 illuminatione
1339 4994 1485 5065 sapientie
1505 5006 1596 5065 quam
1614 4991 1727 5049 habetis

79 5079 87 5137 i
119 5082 257 5153 reliquia.
287 5084 369 5141 Unde
395 5085 588 5157 Hieronymus
610 5086 648 5142 ad
672 5086 824 5143 iledibiam
877 5082 1002 5153 superbe
1016 5081 1072 5139 illis
1090 5081 1273 5156 insultantes,
1294 5082 1329 5141 dc
1349 5084 1425 5141 dono
1444 5083 1497 5141 Dei
1517 5083 1603 5156 quasi
1624 5082 1659 5139 de
1675 5095 1726 5138 vc·

79 5172 186 5229 estione
211 5187 289 5231 nona
310 5174 439 5231 scribens
464 5175 521 5246 (86)
538 5190 544 5230 :
564 5196 575 5225 ‹
598 5174 708 5233 Clamat
735 5174 824 5233 isaias
877 5179 936 5228 stro
959 5171 1073 5243 proprio
1097 5170 1270 5243 gloriemini,
1292 5173 1371 5244 quod
1392 5180 1465 5230 essct
1489 5171 1647 5243 sapientem
1665 5183 1727 5227 esse

79 5260 152 5319 ael:
178 5261 209 5319 St'
228 5265 316 5331 ιιιειιι
335 5281 465 5320 nameus
487 5267 606 5336 fitiorum
630 5266 726 5336 lsroet,
751 5273 823 5336 etc.,
878 5261 930 5320 sibi
946 5263 1042 5333 potius
1064 5274 1155 5333 quam
1182 5261 1251 5331 Deo,
1282 5261 1310 5318 id
1334 5269 1376 5318 est
1395 5262 1432 5319 ad
1448 5262 1569 5335 gloriam
1598 5260 1644 5318 sui
1665 5272 1727 5318 non

91 5350 209 5410 etiarnsi
245 5354 402 5413 multitudo
441 5370 500 5413 non
532 5354 694 5426 crediderit,
725 5362 823 5415 ιειιιειι
877 5349 973 5408 dantis
998 5349 1168 5422 sapientiam
1202 5364 1285 5409 suam
1320 5353 1547 5412 accommodare.
1582 5350 1685 5410 licimo
1718 5362 1726 5406 :

79 5529 185 5592 Pauci.
200 5539 270 5594 tom
286 5532 380 5606 xliiii,
395 5535 450 5595 col.
469 5535 547 5594 1000.
619 5507 625 5513 ’
