3804 5962
111 107 162 167 {39
564 101 669 162 estut
687 105 881 162 sbAEbalttit
900 106 976 161 OPP.
999 106 1088 163 PARS
1107 106 1128 159 l.
1150 132 1184 144 ν
1202 104 1392 163 ΕΡΙὸῙῸΙιιΕ.
1809 111 1860 169 ιιι)

109 237 193 307 quasi
218 237 336 292 baritum
359 235 516 304 quemdam
536 232 686 301 fabricavi,
704 248 763 303 quo
778 231 841 289 illos
861 232 954 303 phile·
970 239 993 292 Α
1009 232 1182 303 objiciebant
1198 249 1204 289 :
1221 233 1299 304 quod
1323 232 1430 290 scilicet
1442 233 1594 303 'proposito
1616 235 1750 291 monachi
1773 237 1860 297 valde

108 325 225 395 sophico
240 338 341 394 sapore
362 323 503 381 inescatos
528 323 563 378 ad
586 336 661 378 verae
687 322 873 392 philosophiae
898 322 952 378 lec·
1006 322 1042 377 sit
1057 321 1235 378 centrarium
1252 322 1436 377 saecularium
1454 321 1593 378 librorum
1610 323 1707 394 stuilio
1723 324 1857 389 detineri,

108 413 214 469 tionem
236 410 420 475 attraherem,
446 410 522 465 sicut
547 417 575 464 ct
604 423 751 464 summum
780 408 955 466 cursitans·
1006 417 1034 465 et
1049 411 1126 480 qued
1140 411 1200 467 sine
1216 409 1402 480 magistroad
1424 409 1621 481 magisterium
1638 411 1745 469 divinae
1760 413 1857 471 lectio·

108 515 174 558 rum
200 498 435 570 pbilosophorum
454 497 605 568 Origenem
629 498 814 554 consuevisse
829 498 954 554 Historia

107 588 238 647 meminit
259 587 449 645 ecclesiastica
478 585 541 656 (3ι).
568 584 639 642 curn
667 596 763 643 autem
797 589 825 642 in
855 587 953 644 divina

108 677 257 748 Scriptura
271 690 328 731 non
345 674 484 731 minorem
501 673 572 730 mibi
592 674 725 743 gratiam,
744 689 833 744 quam
854 676 882 731 in
897 690 954 730 sae-

108 765 201 823 culari
225 764 365 821 Dominus
383 762 538 819 contulisse
558 762 714 829 videretur,
738 771 887 834 caeperunt
906 764 955 819 ad·

108 854 227 911 modum
246 868 281 910 ex
298 861 422 923 utraque
448 851 566 908 lectione
586 851 689 908 ecbola
720 861 824 908 uestra
851 852 954 908 multi-

108 943 220 1014 plicari,
235 951 262 999 ct
277 951 386 998 caeterae
400 954 499 997 omnes
508 941 692 996 vehementer
700 940 856 996 attenuari.
872 940 954 997 Unde

108 1032 235 1088 maxime
250 1031 453 1101 magistrorum
475 1027 614 1083 invidiam
632 1035 720 1098 atque
741 1028 838 1084 odium
854 1029 955 1085 adver·

108 1136 173 1177 sum
193 1134 237 1176 me
255 1118 407 1175 concitavi.
432 1116 486 1184 Qui
513 1117 543 1172 in
571 1116 797 1188 omnibusque
823 1124 954 1187 poterant

107 1209 180 1266 mihi
195 1208 378 1280 derogantes,
392 1206 449 1262 duo
465 1205 608 1277 praecipue
627 1205 738 1263 absenti
756 1204 827 1262 milri
842 1219 954 1277 semper

1008 499 1053 554 nis
1074 499 1208 556 accedere
1230 498 1488 568 praesumpsissem,
1505 506 1537 554 ut
1560 499 1602 555 sic
1621 499 1753 557 videlieet
1772 516 1857 560 omne

1007 587 1079 643 mibi
1100 588 1237 645 doctrine
1261 586 1400 643 scholaris
1426 587 1597 644 exercitium
1624 587 1855 658 interdiceretur,

1007 676 1044 731 ad
1059 677 1138 747 quod
1163 676 1338 733 incessanter
1363 675 1519 745 episcopos,
1543 676 1784 747 archiepiscopos,
1799 680 1855 736 ab·

1007 765 1089 821 batcs
1111 773 1139 821 et
1153 778 1345 836 quascunque
1362 771 1493 835 poterant
1507 762 1632 836 religiosi
1653 766 1779 823 nominis
1793 782 1855 838 per·

1007 867 1094 911 sonas
1109 853 1282 909 incitabant.
1305 867 1307 871 ’

1044 941 1109 998 Cae.
1138 941 1187 998 tx.
1212 945 1249 997 lte
1272 943 1340 997 libro
1365 942 1515 1010 Theolegiae
1537 956 1602 1007 suae,
1627 948 1653 997 el
1671 947 1856 1013 persecutione

1008 1046 1090 1100 quum
1129 1034 1260 1085 sustinuit
1289 1047 1306 1084 u
1335 1030 1540 1100 coridiscipulis.
1571 1033 1722 1088 Concilium
1761 1040 1857 1088 contro

1007 1135 1077 1174 eum.
1096 1149 1131 1158 —
1146 1120 1203 1190 (35)
1225 1119 1334 1175 Αιιιιιιι
1355 1127 1451 1175 autern
1470 1119 1538 1175 mibi
1562 1127 1595 1176 ut
1617 1120 1654 1176 ad
1680 1121 1773 1192 ipsum
1791 1123 1854 1179 lidei

1009 1215 1113 1265 nostrae
1128 1207 1351 1266 laudamentum
1369 1208 1504 1266 bumanae
1520 1207 1641 1266 rationis
1658 1208 1856 1267 similitudini·

700 1363 861 1421 ANDREAE
879 1363 1106 1432 Qussucbttttt
1127 1366 1243 1424 NOTAE.

108 1509 226 1568 quoque
245 1492 405 1548 auditorem
420 1489 507 1547 luisse
520 1488 685 1546 subindicat
696 1489 790 1560 [epist.
807 1491 851 1555 ιι,
875 1492 950 1547 Ραιν.
969 1491 990 1545 Β
1008 1490 1073 1547 bilis
1089 1498 1146 1547 tres
1169 1490 1236 1547 deos
1260 1490 1400 1554 confiteri,
1425 1491 1482 1547 imo
1504 1498 1532 1546 et
1553 1490 1710 1561 predicare
1731 1493 1857 1550 Suessio-

1009 1562 1091 1618 ncnsi
1108 1561 1228 1618 concilio
1252 1576 1270 1617 a
1290 1562 1422 1618 Patribus
1439 1563 1571 1618 convicta
1590 1571 1644 1630 est,
1667 1572 1756 1633 atque
1778 1565 1856 1620 insn-

1008 1647 1059 1703 per
1077 1633 1178 1688 exsilio
1196 1635 1307 1702 punita.
1323 1634 1432 1689 miiltas
1446 1632 1476 1687 in
1492 1647 1537 1689 mc
1552 1634 1739 1690 contumelias
1757 1643 1785 1690 ct
1806 1636 1856 1690 mi-

1008 1718 1061 1759 nas
1081 1703 1250 1770 euomuerit,
1276 1704 1336 1759 vise
1368 1703 1513 1774 opust-uto
1539 1705 1665 1774 quodam
1695 1713 1792 1761 nostro
1819 1707 1855 1762 de

1008 1775 1063 1829 dile
1083 1782 1190 1830 sanctie
1214 1773 1372 1842 Trinitatis,
1406 1775 1533 1831 maxime
1557 1776 1696 1832 adversus
1720 1774 1854 1833 haeresim

1007 1844 1168 1970 prefatam,
1190 1859 1250 1915 qua
1270 1847 1329 1915 ipse
1356 1845 1470 1901 inlamis
1496 1854 1549 1911 est,
1574 1847 1743 1917 conscripto.
1773 1866 1787 1896 a
1818 1847 1855 1903 Et

1020 1933 1025 1970 l

107 1575 129 1624 t.
145 1562 326 1636 Cbxxlllll.
346 1563 448 1618 verum
462 1568 495 1616 ιιι
510 1561 693 1630 pontilicibus
709 1561 844 1618 inaximis
857 1570 884 1618 et
895 1575 955 1619 car·

107 1636 253 1693 dinalibus
267 1637 411 1704 episcopos
425 1635 511 1688 etiam
527 1630 565 1687 ιιι
591 1645 641 1686 vtes
655 1631 825 1689 eruditiores
839 1632 876 1687 ad
895 1646 954 1688 ma·

104 1708 177 1780 ioris
189 1705 313 1763 nominis
336 1703 558 1774 conjungamus,
598 1710 677 1759 etrus
694 1700 741 1757 illc
757 1701 951 1769 Novariensis,

106 1793 157 1836 seu
178 1776 368 1841 lombardus,
390 1788 407 1829 a
424 1773 595 1829 lombardia
608 1773 702 1843 patria
720 1774 950 1845 cognominatus,

106 1850 242 1918 idemque
268 1855 366 1917 postea
391 1843 559 1901 parisiensis
585 1842 747 1912 episcopus,
766 1853 794 1899 et
817 1843 953 1916 magister

106 1920 325 1984 sententiarum,
341 1916 474 1971 lectiones
487 1918 550 1984 ejus
569 1927 626 1983 pree.
647 1917 757 1970 cotecis
772 1915 954 1985 amplexatus

105 1999 156 2048 est.
182 1989 312 2058 lienique
337 1985 508 2044 Gauiridum
536 1984 821 2054 antissiodorensem,
850 1993 878 2042 et
905 1987 954 2042 Be-

105 2061 274 2131 rengarium
311 2057 527 2120 Pistoriensem,
557 2056 592 2110 de
620 2069 747 2126 quorum
781 2055 892 2127 seriptis
920 2071 954 2113 ac

105 2133 236 2188 doctrina
270 2129 381 2185 dicetur
407 2126 486 2194 alibi,
516 2125 671 2194 discipulos
699 2126 776 2183 iilius
812 2128 953 2185 exstitisse

106 2199 287 2258 manileetius
301 2209 341 2255 est
358 2211 445 2267 unam
465 2205 495 2253 ut
535 2196 879 2269 robationibusindigeat.

154 2272 197 2341 ιι)
219 2270 320 2326 Euseb.
340 2272 411 2325 llisr.
425 2268 499 2348 eoi,
514 2210 565 2322 fib.
581 2281 620 2332 vt,
637 2281 700 2348 cap.
720 2269 777 2348 13,Ι
905 2338 910 2349 Ι

153 2345 198 2414 35)
219 2341 337 2406 Accidit,
363 2352 416 2395 etc.
442 2338 515 2394 llutc
550 2340 685 2393 tractatui
716 2351 798 2394 varta
834 2353 952 2395 nomina

105 2413 211 2485 passim
234 2411 403 2468 abelardus
428 2408 488 2478 ipse
503 2408 613 2463 tribuit.
630 2410 664 2463 ln
683 2408 803 2478 epistola
824 2410 899 2464 enim
915 2411 951 2466 ad

105 2482 276 2542 Gaulridum
302 2481 491 2538 Parisiensem
512 2479 686 2547 edissenum,
713 2479 892 2548 Opusculnm
917 2482 952 2538 dc

106 2556 161 2612 lide
194 2562 301 2611 sanctae
328 2551 477 2608 Trinitatis
511 2548 651 2619 appellata
680 2551 708 2605 in
741 2551 951 2609 llomritentario

106 2639 193 2697 super
217 2623 372 2693 Epistulam
399 2622 434 2675 ad
467 2621 618 2686 lloiitanos,
643 2622 808 2691 frequenter
828 2621 952 2679 Theolo-

106 2696 181 2770 giam
196 2709 291 2762 suant,
310 2703 337 2749 et
352 2694 381 2750 in
399 2691 565 2761 pretatione
581 2690 686 2758 operis,
705 2705 792 2748 sacru
812 2694 951 2749 cruditio-

105 2766 151 2824 nis
174 2766 333 2832 Summam,
360 2766 419 2820 sive
446 2761 552 2817 divinoe
583 2761 738 2832 scriptura
763 2763 952 2819 introductio-

1030 1916 1057 1971 b.
1088 1931 1109 1971 ιι
1132 1915 1221 1986 ipsius
1248 1916 1396 1986 opusculi,
1429 1918 1521 1972 arti
1550 1938 1561 1966 ‹
1592 1918 1672 1973 Alter
1695 1930 1854 1988 quoquae

1007 1984 1142 2057 inquit,‹
1165 1986 1280 2042 totidem
1305 1987 1454 2044 erroribus
1476 1985 1636 2054 involutus,
1661 1995 1719 2043 tres
1743 1988 1770 2044 in
1797 1989 1853 2044 lieo

1006 2060 1203 2127 proprietates,
1222 2058 1381 2113 secundum
1397 2070 1471 2127 quas
1486 2064 1543 2112 tres
1556 2057 1778 2128 distinguuntur
1793 2072 1854 2128 pet·-

1006 2141 1094 2191 sonae,
1113 2137 1171 2184 tres
1191 2127 1328 2184 essentias
1341 2129 1470 2184 diversas
1484 2127 1520 2183 ab
1543 2128 1610 2198 ipsis
1625 2128 1753 2197 peremis
1772 2137 1800 2185 et
1815 2128 1852 2187 ab

1006 2198 1068 2268 ipsa
1089 2198 1249 2253 divinitatis
1270 2207 1376 2254 natura
1402 2197 1560 2261 constituit,
1577 2205 1609 2254 ut
1631 2198 1738 2255 scilicet
1758 2209 1852 2268 pater-

1006 2269 1082 2325 nitas
1100 2269 1148 2326 Dei
1166 2269 1209 2324 vei
1226 2267 1324 2325 liliatio
1343 2269 1402 2326 sive
1428 2269 1622 2338 processiones
1641 2268 1774 2339 quedam
1794 2269 1854 2326 sint

1006 2347 1063 2394 tarn
1086 2340 1123 2396 ab
1137 2340 1207 2408 ipsis
1221 2339 1349 2409 personis
1363 2353 1452 2409 quarn
1475 2338 1512 2395 ab
1531 2340 1591 2408 ipso
1609 2340 1666 2395 lieo
1686 2340 1818 2397 diversae.
1836 2361 1852 2390 a

1006 2410 1077 2474 Quis
1096 2418 1191 2468 autem
1216 2409 1303 2466 luerit
1327 2410 1479 2467 haereticus
1498 2408 1551 2466 iste
1574 2424 1632 2466 non
1647 2409 1698 2466 diu
1713 2424 1853 2481 quaeren-

1005 2482 1086 2549 dum,
1121 2481 1145 2538 ai
1177 2481 1254 2553 quod
1287 2481 1441 2538 anselmus
1468 2481 1684 2538 cantuariensis
1711 2481 1852 2551 archiepi-

1005 2566 1109 2623 scopus
1140 2552 1176 2608 ad
1206 2551 1359 2609 Falconem
1393 2552 1592 2609 Betvammem
1626 2552 1789 2621 episcopum
1817 2552 1853 2607 dc

1006 2623 1155 2679 liescclino
1182 2622 1324 2679 Abaelardi
1344 2623 1435 2679 nostri
1463 2621 1556 2692 primo
1581 2630 1754 2692 praeceptore
1781 2621 1851 2678 scri·

1007 2693 1062 2763 psit
1089 2693 1264 2749 attendatur.
1290 2692 1336 2748 Sic
1357 2692 1432 2748 enirn
1459 2692 1533 2748 inter
1556 2701 1659 2748 caetera
1683 2693 1717 2748 de
1739 2705 1853 2762 perver-

1007 2764 1047 2819 sis
1067 2763 1129 2833 cjus
1153 2764 1230 2820 circa
1250 2763 1417 2820 Trinitatem
1439 2762 1587 2818 erroribus
1608 2776 1625 2818 a
1646 2763 1785 2819 lisinaldo
1801 2763 1852 2819 lle

105 2852 183 2894 nem.
198 2836 279 2904 Quod
298 2843 393 2892 autem
416 2847 490 2902 optas
515 2831 583 2887 illud
608 2846 638 2888 se
657 2835 850 2902 composuisse
871 2833 949 2901 dicit,
969 2826 990 2881 C
1007 2837 1096 2891 mensi
1117 2833 1331 2905 archiepiscopo
1345 2833 1519 2890 damnandis
1535 2833 1663 2904 loquitur
1683 2849 1690 2889 :
1707 2854 1722 2884 «
1742 2834 1850 2901 Audio,

105 2917 138 2965 ut
152 2907 326 2965 scholarium
350 2903 476 2975 petitioni
501 2901 687 2968 satisfaceret,
708 2905 759 2973 qui
782 2904 950 2962 Trinitatem

105 2979 173 3036 lldci
186 2977 356 3035 Christianae
380 2975 613 3033 tundamentum.
636 2973 772 3030 burnonis
786 2983 814 3031 et
829 2974 952 3045 pbiloso-

104 3050 196 3120 pbicls
209 3050 262 3105 rati
274 3048 371 3103 iuibus
384 3059 416 3101 ac
435 3043 674 3101 similitudinibus
688 3045 805 3101 edisseri
818 3046 951 3116 require·

104 3121 187 3184 bant,
201 3125 229 3176 et
246 3117 310 3186 plus
332 3131 398 3184 utrae
422 3114 543 3184 intelligi
563 3129 651 3185 quam
678 3130 744 3186 qnae
760 3117 815 3172 diei
836 3125 951 3185 possent

105 3189 321 3260 etdagttsbam:
340 3188 400 3243 baec
427 3195 520 3243 tamen
545 3187 605 3242 sola
630 3200 687 3241 utin
706 3187 793 3243 luisse
807 3187 951 3243 scribendi

105 3274 194 3318 causa
208 3263 252 3316 vet
268 3259 334 3315 inde
345 3257 440 3327 colligi
457 3264 555 3325 potest.
566 3257 642 3327 quod
658 3257 731 3313 libro
743 3269 760 3312 ιι
776 3258 865 3327 ipsius
880 3271 951 3339 ope-

105 3333 155 3398 ris,
169 3330 281 3388 aniel
303 3330 394 3393 decet,
411 3330 530 3383 hereses
543 3341 601 3383 non
618 3327 687 3385 adeo
707 3341 849 3398 represas
864 3328 951 3384 luisse

106 3403 167 3460 suia
181 3401 369 3471 temporibus,
386 3407 418 3454 ιιι
428 3399 487 3470 jain
504 3397 584 3453 nulle
601 3398 664 3454 lldei
676 3398 864 3455 laudamento
878 3405 951 3455 esset

107 3487 181 3544 opus
192 3488 199 3529 τ
211 3473 267 3528 into
279 3469 373 3526 nulltis
385 3470 415 3525 iu
430 3479 537 3525 tantam
551 3468 618 3524 olim
631 3468 773 3524 insaniam
786 3470 951 3539 prorupisse

107 3545 264 3603 haereticos.
286 3551 396 3612 quanta
413 3540 544 3596 nonnulli
559 3547 863 3609 contemporaneorum
882 3554 951 3596 suo·

106 3630 173 3672 rum
188 3613 354 3671 debacchati
370 3620 473 3669 essent.
499 3612 533 3666 tit
557 3611 685 3678 apertius
704 3610 825 3666 articulo
848 3624 951 3679 praece·

106 3685 184 3743 denti
201 3683 423 3754 :austronotius
438 3683 563 3751 ioquin«
582 3681 685 3736 horum
701 3680 836 3750 quislibet
844 3683 950 3737 consti·

107 3764 179 3823 tuat,
197 3757 285 3812 miror
298 3768 358 3826 qua
379 3767 422 3809 me
439 3754 530 3808 lrontc
545 3750 652 3818 aliqitis
666 3759 782 3817 arguat,
797 3754 819 3808 si
836 3761 950 3808 caetero·

106 3840 172 3884 rum
194 3826 229 3882 de
252 3826 296 3882 itis
318 3822 504 3882 scribentium
529 3821 738 3890 providentiam
761 3821 866 3878 landet.
890 3822 948 3878 Nisi

105 3897 178 3955 lorte
195 3898 222 3953 in
236 3898 288 3953 boc
309 3906 437 3952 nostrum
451 3895 510 3965 jam
528 3893 642 3962 penitus
656 3893 832 3962 sepertinere
848 3904 950 3950 tracta-

105 3979 167 4026 ιιιιιι
183 3969 270 4032 dicat,
286 3967 363 4039 quod
381 3974 409 4020 et
428 3966 543 4020 illorum
561 3964 732 4020 documenta
752 3964 949 4030 sordidandos

105 4040 194 4097 nullae
206 4040 266 4110 jam
283 4038 404 4095 ulterius
418 4035 526 4106 quibus
546 4034 735 4091 resistendum
750 4039 786 4092 sit
807 4035 949 4103 pullulent

43 4165 47 4170 .
105 4111 238 4173 haereses,
263 4109 306 4162 vel
330 4107 418 4162 nullae
437 4106 472 4160 de
496 4114 593 4160 nostra
617 4105 672 4160 lldc
694 4105 839 4174 supersint
862 4106 948 4162 dnbi-

1006 2906 1084 2976 quod
1107 2908 1205 2960 ιιιιιιιι
1229 2904 1339 2973 absque
1362 2904 1508 2960 dubietate
1524 2904 1638 2961 credere
1653 2919 1711 2961 non
1725 2918 1851 2974 possum,

1006 2977 1077 3045 quia
1091 2973 1259 3032 litiscelinus
1277 2974 1400 3031 clericus
1423 2974 1491 3030 dicit
1515 2974 1545 3030 in
1561 2975 1617 3031 lieo
1637 2983 1694 3031 tres
1717 2989 1852 3044 personas

1005 3060 1066 3101 esse
1082 3053 1139 3102 tres
1162 3059 1208 3102 res
1227 3046 1263 3102 ab
1282 3045 1403 3101 invicem
1427 3048 1583 3116 separatas,
1606 3046 1680 3102 sicut
1703 3052 1771 3102 sunt
1795 3053 1853 3103 tres

1004 3116 1111 3187 angeli,
1138 3116 1178 3172 ita
1203 3125 1298 3173 tamen
1324 3122 1356 3171 nt
1381 3130 1441 3172 uua
1464 3117 1500 3173 sit
1516 3116 1649 3173 voluntas
1667 3123 1695 3172 ιι
1715 3123 1851 3186 potestas,

1005 3196 1056 3244 aut
1079 3187 1192 3243 Patrem
1212 3195 1239 3243 et
1264 3185 1403 3256 Spiritum
1424 3195 1556 3244 sanctum
1570 3201 1633 3243 esse
1653 3187 1850 3253 incarnatum,

1005 3266 1032 3314 et
1065 3266 1123 3314 tres
1146 3257 1213 3315 deos
1236 3270 1303 3313 vere
1331 3270 1413 3327 posse
1437 3259 1492 3314 dici
1526 3260 1547 3314 si
1575 3271 1647 3314 usus
1670 3257 1850 3324 admitterem

1005 3328 1034 3384 in
1057 3341 1116 3399 qua
1143 3329 1281 3384 ιιιιιιιιιι
1312 3329 1415 3384 asserit
1437 3327 1611 3385 venerabilis
1632 3329 1777 3384 memoriae
1802 3341 1851 3384 ar·

1005 3400 1217 3525 cbiepiszum
1243 3398 1435 3455 Lauicancum
1459 3399 1555 3465 luisse,
1581 3408 1609 3454 et
1623 3412 1668 3454 mc
1682 3413 1752 3454 esse.
1765 3398 1851 3466 ffQua-

1004 3479 1121 3539 propter
1162 3471 1247 3526 ictum
1267 3476 1320 3533 est,
1336 3468 1492 3526 concilium
1508 3484 1526 3525 ι
1545 3468 1703 3526 venerabili
1717 3468 1850 3526 Rentcnsi

1005 3540 1219 3610 archiepiscopo
1251 3540 1392 3596 Rainaldo
1415 3539 1607 3611 colligendum
1635 3552 1695 3594 esse
1724 3539 1752 3594 in
1783 3553 1850 3607 pro·

1006 3613 1093 3668 xiino.
1125 3611 1266 3678 Quoniam
1293 3625 1361 3680 ergo
1398 3619 1468 3681 puto
1500 3611 1689 3667 reverentiam
1723 3619 1849 3667 vestram

1005 3682 1043 3737 ibi
1069 3692 1236 3753 praesentem
1260 3682 1400 3748 laturam,
1415 3682 1481 3738 velo
1504 3688 1536 3738 ut
1560 3682 1701 3736 instructa
1721 3681 1758 3736 sit
1778 3680 1849 3751 quid

1005 3767 1057 3823 pro
1082 3767 1126 3809 nte
1150 3753 1321 3823 respondere
1344 3753 1456 3820 debeat,
1477 3752 1502 3808 si
1524 3752 1596 3808 ratio
1620 3752 1758 3823 exegerit.
1777 3772 1787 3799 ι
1815 3752 1849 3809 Et

1004 3825 1091 3894 paulo
1106 3831 1188 3892 post:
1212 3845 1226 3873 κ
1251 3823 1423 3894 Quicunque
1463 3821 1669 3891 blasphemiam
1692 3836 1779 3890 qnam
1800 3836 1849 3878 stt·

1004 3897 1158 3965 preposui
1183 3909 1227 3950 me
1241 3894 1355 3950 audisse
1378 3908 1396 3949 a
1419 3895 1566 3950 lioscelino
1590 3893 1646 3949 dici
1659 3906 1709 3961 pro
1729 3891 1849 3949 veritate

1004 3966 1171 4032 asseruerit,
1196 3966 1256 4021 sive
1278 3966 1374 4031 borno,
1399 3964 1460 4021 sive
1475 3965 1605 4033 angelus,
1623 3964 1776 4019 anathema
1793 3971 1847 4024 est.

1002 4045 1030 4092 et
1049 4036 1245 4092 etntirmando
1266 4036 1371 4102 dicam,
1396 4034 1528 4105 quandiu
1555 4035 1584 4091 in
1610 4036 1663 4091 liae
1692 4034 1848 4103 persisterit

1005 4106 1172 4177 pertinacia,
1193 4107 1347 4162 anathema
1366 4107 1412 4169 sit,
1437 4105 1555 4162 omnino
1569 4109 1644 4161 enim
1666 4104 1848 4161 Christianus

104 4182 237 4242 tationes,
253 4192 319 4249 quae
339 4175 488 4247 aliquibus
503 4175 664 4230 rationibus
679 4175 722 4231 rel
738 4177 773 4232 ad
795 4176 950 4232 docutiicn·
1004 4192 1062 4232 non
1076 4186 1128 4234 est.
1147 4197 1161 4225 ι»
1184 4176 1258 4244 Quid
1283 4176 1423 4233 abaelardi
1442 4177 1525 4232 dictis
1544 4176 1772 4241 convenientius,
1796 4183 1849 4232 aut

105 4261 179 4315 tum,
207 4248 250 4304 vel
289 4248 324 4303 ad
356 4246 548 4301 ‹leiensionem
580 4245 645 4314 ejtts
672 4259 756 4313 egere
783 4240 1122 4304 viileanttir.ssaltinius
1136 4248 1190 4303 dici
1214 4247 1479 4317 pousttnttamen
1500 4247 1578 4317 quod
1601 4246 1755 4304 sputatus
1769 4246 1848 4302 addit

105 4323 201 4391 Atque
216 4317 327 4374 utinam
344 4317 382 4372 ita
394 4316 446 4372 siti
467 4319 501 4373 At
518 4329 585 4371 vero
599 4326 630 4372 ut
654 4316 834 4373 innumeram
855 4317 950 4374 inulti·

106 4389 235 4448 tudinem
260 4386 431 4450 infidelium,
458 4401 524 4457 quae
538 4396 620 4442 extra
642 4386 795 4444 Ecclesiam
813 4396 864 4455 est,
890 4397 948 4445 tatn

103 4462 268 4520 iudeorum
302 4458 408 4516 scilieet
439 4472 527 4528 quam
557 4457 738 4513 ethnicorum
769 4465 947 4528 preteream,

104 4534 171 4604 quis
184 4533 223 4587 ita
236 4544 335 4587 omnes
350 4529 472 4586 heresis
486 4542 629 4605 repressas
645 4529 771 4596 proliteri
786 4532 900 4595 eniteat,
917 4538 948 4587 ut

100 4603 161 4675 jam
176 4602 258 4660 nulla
278 4599 353 4670 apud
375 4614 426 4657 nos
447 4599 510 4655 tidei
533 4599 591 4655 sint
614 4599 778 4667 schismata,
797 4601 884 4656 nullce
903 4601 947 4656 ul·

103 4676 193 4732 terius
214 4675 320 4730 intorte
338 4671 396 4727 sint
409 4669 621 4725 dissensiones?
643 4690 657 4721 u
678 4671 844 4740 Composuit
860 4670 947 4741 igitur

102 4746 209 4804 librum
235 4744 315 4801 illurn
343 4757 409 4798 cum
433 4740 624 4806 scholaribus,
653 4748 714 4797 tum
735 4742 769 4795 ad
786 4740 945 4810 repriuien·

101 4816 152 4872 dos
182 4816 346 4871 divitiorum
367 4813 506 4869 librorum
538 4812 689 4882 magistros
710 4811 868 4875 hereticos,
893 4813 946 4938 egui

99 4901 154 4943 suo
182 4894 306 4955 tempere
326 4885 418 4941 multa
441 4882 588 4940 catholicae.
608 4881 671 4936 lidei
696 4882 741 4938 vel
765 4883 872 4938 sanetis
917 4898 947 4936 o·

98 4955 201 5013 ctriuis
228 4957 349 5011 adversa
371 4968 429 5011 non
455 4953 547 5011 solum
575 4952 720 5019 tenebant,
737 4966 836 5010 rerum
858 4953 944 5010 etiarn

99 5026 249 5092 docebant,
277 5046 291 5075 o
317 5039 503 5096 quorumque
524 5037 612 5087 unua,
642 5043 656 5072 a
684 5023 780 5092 inquit
806 5026 887 5080 artic.
916 5027 942 5092 5,

46 5151 50 5157 .
99 5117 114 5146 «
129 5097 159 5155 in
184 5095 316 5162 Francia,
341 5094 412 5151 alter
435 5097 463 5151 in
486 5094 666 5166 Burgttndia,
692 5093 794 5150 tertius
820 5093 848 5149 in
870 5108 944 5176 pago

97 5168 180 5224 Ande
202 5165 311 5226 arensi,
349 5175 473 5235 quartus
496 5167 524 5221 in
559 5164 740 5230 bituricensi,
776 5165 942 5235 pestilentia

96 5183 249 5295 cathedras
284 5235 429 5292 tenebant.
455 5255 468 5284 a
496 5236 557 5291 lmo
586 5237 765 5305 potissimum
802 5237 943 5293 adversus

1005 4319 1083 4374 ltttnc
1102 4318 1282 4377 Riisulinum
1305 4318 1460 4374 asseruisse
1484 4317 1690 4378 hanlrancum,
1707 4323 1735 4372 et
1754 4329 1794 4380 se,
1816 4315 1846 4372 in

1002 4391 1101 4445 eadem
1124 4403 1190 4446 cum
1215 4404 1248 4446 eo
1266 4388 1355 4445 luisse
1373 4388 1523 4453 sententia,
1549 4387 1729 4444 ntaniiestius
1751 4387 1848 4443 adbuc

1002 4460 1147 4516 convincit
1176 4459 1258 4515 illum
1284 4460 1377 4528 ipsunt
1415 4473 1476 4515 esse
1503 4466 1603 4515 contra
1635 4472 1723 4530 quem
1746 4458 1848 4513 Petrus

1002 4539 1100 4586 niister
1123 4532 1243 4600 scripsit.
1273 4532 1321 4586 tlit
1343 4529 1420 4585 enirn
1446 4529 1519 4584 idern
1541 4530 1569 4584 in
1592 4529 1709 4600 praelata
1729 4528 1847 4597 epistola

1001 4603 1036 4656 ad
1052 4601 1222 4659 Gaulridmn
1241 4616 1247 4656 :
1268 4618 1283 4652 i
1307 4601 1357 4656 llic
1377 4608 1478 4657 contra
1502 4605 1651 4671 egregium
1675 4599 1757 4655 illum
1776 4613 1848 4669 prae

1001 4686 1102 4728 cenem
1124 4671 1228 4728 Christi
1260 4671 1416 4728 hubertum
1446 4670 1609 4728 nrbrtisetto
1647 4678 1846 4726 contumacem

1000 4756 1092 4798 aitsus
1105 4750 1148 4799 est
1170 4741 1319 4812 epistotam
1340 4742 1515 4811 contingere,
1526 4749 1553 4798 et
1568 4747 1670 4799 contra
1685 4739 1767 4796 illum
1787 4753 1847 4795 ma-

1001 4813 1138 4882 guitlcum
1159 4812 1292 4869 Ecclesiae
1314 4813 1459 4870 doctorem
1477 4812 1643 4869 Anselmnm
1659 4810 1847 4868 cantuarien·

1000 4897 1058 4939 sem
1082 4884 1328 4954 archiepiscopum
1352 4885 1422 4940 adeo
1450 4898 1500 4953 per
1522 4883 1711 4940 otnttimelias
1725 4881 1844 4945 exarsit,

1000 4960 1032 5009 ut
1055 4955 1090 5010 ad
1112 4955 1187 5024 regis
1212 4954 1322 5025 anglici
1355 4954 1507 5025 imperium
1533 4954 1569 5010 ab
1590 4953 1694 5025 anglia
1721 4954 1847 5022 turpiter

999 5023 1153 5094 impudens
1170 5025 1235 5097 ejus
1264 5025 1447 5082 contumacia
1464 5025 1500 5082 sit
1523 5024 1623 5092 ejecta,
1650 5032 1677 5080 et
1705 5023 1754 5080 vix
1782 5031 1845 5079 tum

999 5109 1064 5151 cum
1086 5095 1148 5152 vita
1167 5097 1300 5153 evaserit.
1321 5095 1390 5153 Vult
1411 5109 1478 5153 cum
1503 5095 1630 5152 inlamire
1654 5095 1760 5151 babere
1781 5107 1846 5163 par·

999 5164 1123 5235 ticipem,
1144 5175 1175 5224 ut
1204 5181 1256 5237 per
1280 5166 1428 5223 infantiam
1452 5167 1592 5222 bonorum
1608 5179 1690 5222 suain
1712 5164 1846 5221 conmis-

998 5243 1046 5292 tur
1062 5236 1221 5306 infamiam,
1242 5252 1295 5294 nec
1316 5236 1370 5294 nisi
1386 5237 1495 5294 bonum
1514 5237 1585 5300 odit,
1601 5237 1652 5306 qui
1669 5235 1762 5292 bainus
1784 5248 1846 5291 esse

96 5309 227 5367 ιιιιιιιιιιι
250 5307 339 5364 unius
359 5319 395 5361 ex
420 5305 476 5361 illia
499 5307 621 5377 scripsit.
652 5315 684 5363 ut
707 5307 823 5377 ipsemet
846 5307 941 5363 decla·
997 5321 1054 5362 uon
1082 5309 1214 5365 sustinet.
1245 5308 1299 5374 Qui
1326 5309 1363 5363 ob
1389 5307 1639 5378 intemperantiam
1669 5305 1845 5377 arrogantiae

94 5389 141 5436 rat
164 5379 194 5436 in
211 5377 331 5447 epistola
352 5378 412 5446 jain
437 5376 524 5431 citata
548 5377 584 5432 ad
608 5376 780 5435 Garriridum
802 5377 942 5434 Parisien-
997 5392 1058 5434 suae
1073 5379 1110 5435 ab
1133 5387 1257 5449 utroque
1271 5392 1360 5451 reguo
1378 5377 1407 5434 in
1426 5392 1485 5448 que
1505 5385 1695 5434 conversatus
1715 5383 1768 5438 est.
1784 5383 1845 5432 tant

94 5463 154 5507 sem
179 5449 357 5528 episcopum,
378 5446 429 5529 ⁸bis
454 5447 574 5503 verbis:
599 5468 610 5496 ‹
638 5449 770 5506 liciatum
792 5456 834 5505 est
856 5449 941 5531 nobis
996 5448 1157 5520 anglorum
1183 5449 1292 5507 scillcet
1315 5462 1405 5521 quant
1428 5448 1617 5531 Francorum,
1637 5462 1704 5531 cnm
1729 5460 1845 5504 summo

91 5515 940 5662 titillantltttttllttitldltt„attitulat
994 5519 1294 5650 dissutilis?
1315 5517 1846 5661 uttrlsuldadldutlltt

90 5658 155 5719 lisa
175 5660 242 5721 bdel
260 5660 353 5719 bosus
379 5657 530 5732 antiquus.
558 5659 645 5730 cujus
677 5658 795 5717 ιιιιιοιιι
818 5660 940 5720 dsimu-
991 5662 1057 5734 [teg.
1081 5631 1317 5736 nonnunquam,
1341 5668 1376 5722 ut
1396 5660 1501 5733 ιιιιιι,
1528 5671 1546 5718 a
1573 5629 1721 5718 ιιιοιιιιιι
1741 5658 1845 5719 verbe·
