3804 5962
1889 36 1894 117 l

109 218 163 276 703
420 212 524 271 aulul
543 213 731 272 muttum
750 214 825 274 ort.
843 215 935 275 PARS
952 216 990 275 ll.
1010 216 1195 279 smouds
1214 221 1258 279 BT
1276 221 1396 281 otusc.
1415 224 1532 284 ASOET.
1806 234 1861 292 tet

108 352 177 397 cnm
191 337 316 394 loannes
330 333 407 401 dicet
424 363 432 401 ι
449 344 597 409 Propterea
609 358 672 414 ergo
685 351 776 418 mppr,
799 340 958 410 querebant
971 343 997 399 A
1011 344 1061 404 illa
1092 347 1178 406 etiam
1197 348 1256 408 dno
1285 358 1428 424 praecepta
1451 353 1612 414 dilectionis
1625 357 1676 415 Ilei
1690 365 1718 415 et
1732 361 1858 432 proximi

8 464 14 473 -
108 447 169 488 eum
198 438 289 494 iudai
310 443 469 513 interficere,
493 446 559 510 quio
574 459 628 500 ror
646 443 734 499 cotnra
747 442 867 498 soteebct
885 441 953 497 scd·
1009 435 1271 497 suidcereomnino
1291 440 1456 510 videantur,
1477 457 1529 500 neo
1544 445 1655 517 aliquid
1679 450 1860 518 perfectionis

109 521 213 591 batum,
230 528 372 587 sedetiam
388 536 498 590 Putrem
513 552 595 593 suom
615 537 723 593 dicebat
745 539 842 602 Deum,
857 544 954 598 aqua-
1010 523 1131 582 deesse?

109 610 161 668 lim
179 619 327 684 refaciens
347 626 546 697 decursor,
575 631 632 696 le).
1294 633 1406 682 susurro
1419 636 1569 678 neumam.

393 727 508 772 somno
532 731 687 775 mmm,
1046 700 1118 760 Cum
1134 704 1173 762 ait
1188 705 1328 765 Dominus
1344 725 1351 763 ε
1367 711 1427 766 Nisi
1445 711 1625 767 ubundaverit
1638 715 1754 782 iustitio
1764 722 1857 772 uestro

146 792 219 852 Cum
245 797 343 857 dixin
358 802 416 859 Non
441 808 628 876 „enisam
644 817 672 864 03
696 793 879 878 postmoppjm
901 799 955 856 ad.
1006 790 1072 860 pius
1105 809 1187 863 quem
1219 795 1375 854 Scribarum
1399 805 1424 855 et
1469 801 1679 865 Pterisaeorerm
1716 806 1859 864 subaudis

109 880 194 949 nteit,
218 887 266 941 see
290 889 494 962 caemeterio
510 895 792 953 moratinnssouuet
807 889 955 964 praepos
1007 880 1132 952 iustitia,
1152 897 1210 939 noo
1238 885 1655 960 att‚1·usmutepis.uneeet
1682 893 1711 948 tn
1732 908 1861 963 mouen-

109 973 207 1043 potius
236 990 325 1047 quam
341 980 516 1054 figurativis,
532 986 608 1042 sicut
630 985 783 1057 sequentia
806 980 956 1050 continent
1011 970 1089 1025 tibus
1104 970 1163 1026 ait:
1179 973 1308 1030 Audistis
1323 980 1390 1047 quia
1405 978 1508 1033 dictum
1530 990 1569 1035 est
1583 984 1705 1051 arationis
1722 999 1728 1037 :
1754 983 1859 1051 Diliges

110 1074 147 1118 ΒΧ
161 1063 364 1136 adimpletione
380 1085 470 1142 quam
484 1076 648 1145 supposuit,
664 1074 763 1131 innuit
790 1084 880 1144 quam
909 1083 954 1125 so·
1010 1063 1127 1116 amicum
1142 1069 1227 1132 tuum,
1244 1066 1468 1124 etodiobebedis
1488 1072 1628 1126 inimicum
1644 1078 1720 1128 tuum
1747 1073 1857 1146 (motti.
1901 1141 1902 1147 ἵ

109 1149 251 1210 lotionem
282 1150 486 1218 mandatorum
516 1163 588 1236 legis
616 1165 697 1235 ptius
713 1159 899 1229 intellexerit,
924 1159 955 1215 in
1011 1161 1040 1215 Vi
1064 1150 1122 1221 la),
1140 1165 1328 1223 nequaquam
1344 1155 1397 1211 ¹¹⁰⁰
1416 1156 1446 1213 in
1462 1156 1658 1230 legereperiri
1674 1169 1775 1232 Ρθῑθὸῑ,
1807 1163 1858 1220 sed
1901 1149 1902 1190 3

110 1241 271 1301 mOralibus
294 1239 403 1306 s'cilicei
420 1252 581 1322 praeceptis.
598 1251 719 1309 lloralia
745 1252 864 1322 quidem
878 1261 954 1319 prae-
1010 1238 1103 1311 magis
1127 1240 1157 1296 in
1186 1241 1390 1301 traditionibus
1406 1245 1571 1303 Scribarum
1588 1255 1616 1304 et
1643 1251 1858 1309 Pharisaeorum

47 1386 50 1391 .
110 1339 276 1401 multisunt
294 1340 593 1410 agendaeritae,eicut
616 1341 752 1412 figuralia
782 1337 953 1413 figuranda.
1011 1327 1066 1399 legi
1081 1329 1283 1399 superadditis,
1303 1333 1338 1389 de
1358 1334 1467 1405 quibus
1481 1337 1621 1393 Dominus
1646 1340 1694 1403 ait,
1707 1345 1731 1394 et
1747 1342 1859 1396 irritum

109 1418 146 1475 Et
182 1425 304 1482 moralia
326 1429 443 1499 quidem
465 1445 531 1502 quae
561 1431 736 1488 naturaliter
755 1430 791 1486 ab
814 1427 955 1486 omnibus
1009 1418 1115 1485 seueris
1141 1421 1302 1476 mttdssiltm
1326 1425 1378 1478 bei
1403 1429 1518 1494 Pt⁰l²i⁶i
1557 1426 1720 1483 tradition&
1752 1435 1858 1485 vetitas

109 1517 221 1577 semper
240 1513 409 1584 complenda
419 1516 547 1585 luerunt,
564 1526 591 1573 ct
610 1516 826 1588 antequamlex
846 1514 955 1583 scripta
1011 1505 1121 1575 (diutile.
1147 1521 1198 1574 xv,
1214 1509 1253 1581 6).
1268 1511 1428 1568 Praesertim
1444 1527 1510 1569 cum
1538 1514 1572 1570 de
1587 1515 1737 1594 dilectione
1761 1517 1858 1572 iuimi-

110 1592 237 1666 daretur,
254 1615 348 1660 mures
362 1605 513 1662 hominum
531 1606 571 1661 ita
590 1605 751 1662 necessario
766 1607 953 1674 componunt,
1010 1594 1047 1660 ci,
1064 1593 1108 1650 vel
1123 1595 1211 1651 etiam
1231 1596 1265 1653 de
1289 1597 1434 1656 beneficiis
1448 1601 1472 1656 ei
1490 1600 1699 1671 impendendis,
1728 1601 1775 1659 tex
1796 1604 1859 1674 ipsa

110 1685 214 1741 utnisi
238 1688 392 1760 impleatur
417 1694 496 1764 quod
534 1693 564 1750 in
590 1695 632 1750 eis
666 1694 847 1767 praecipitur,
871 1704 954 1747 nemo
972 1695 992 1750 Β
1010 1683 1158 1753 praecipiat
1184 1684 1299 1741 dicens:
1316 1687 1347 1742 Si
1361 1694 1510 1744 occurreris
1526 1689 1587 1743 bovi
1608 1692 1714 1746 inimici
1745 1696 1787 1746 tati
1810 1700 1859 1747 cut

109 1785 243 1844 unquam
270 1781 378 1837 salvari
410 1783 560 1839 meruerit.
588 1782 692 1850 Qualia
730 1791 809 1850 sunt,
834 1780 956 1852 diligere
1010 1773 1557 1839 esinoementi,rrduoeum.sioideris
1581 1778 1860 1833 asioumodieutiste

109 1861 202 1919 Deum
217 1873 246 1922 οι
273 1871 449 1940 proximum,
475 1886 532 1928 nou
544 1872 685 1941 occidere,
712 1887 769 1928 „011
806 1863 955 1937 moeph'api,
1005 1858 1100 1927 jacere
1117 1860 1167 1915 sub
1179 1876 1267 1929 onere,
1284 1879 1338 1917 nort
1347 1865 1544 1932 pertransitis,
1560 1864 1608 1920 sed
1628 1854 1807 1921 levabis'ettm
1828 1882 1857 1922 ec

109 1965 168 2008 non
196 1957 324 2024 mentiri,
352 1965 379 2015 01
404 1960 523 2028 simnia,
550 1961 613 2017 sine
637 1961 804 2031 jmppppjone
829 1970 956 2030 quorum
1011 1946 1110 2019 (daed.
1120 1963 1202 2017 xxtu,
1218 1950 1257 2022 l).
1275 1953 1306 2008 lit
1318 1952 1347 2008 in
1359 1953 1530 2010 Psalmista:
1549 1955 1580 2010 st
1592 1955 1703 2009 reddidi
1712 1955 1859 2011 retribuere·

108 2047 618 2120 nemouoquamjustiuearipotest.
637 2050 788 2121 Figuralia
804 2062 872 2105 vero
888 2053 957 2102 sunt
1011 2037 1083 2091 tides
1098 2039 1166 2093 milei
1192 2043 1274 2108 malt,
1314 2043 1439 2099 decidam
1461 2048 1559 2100 memte
1584 2046 1618 2100 ab
1646 2045 1766 2101 inimicit
1792 2048 1858 2100 meis

109 2127 182 2201 legis
200 2144 352 2206 precepta,
377 2153 442 2210 quoe
464 2139 552 2211 juxta
573 2140 700 2197 litteram
724 2145 851 2209 accepta,
882 2133 957 2193 nihil
1010 2124 1379 2197 increpatoribus
1405 2131 1539 2189 Salomon
1554 2133 1585 2189 in
1611 2134 1795 2190 Proverbiis:
1819 2134 1859 2191 Ne

93 2216 228 2289 ¹justitiae
248 2223 452 2282 couleruotex
470 2227 637 2297 operatione
663 2241 735 2283 sua:
760 2226 808 2282 sed
824 2224 861 2281 ad
881 2231 956 2280 tem·
1011 2210 1086 2267 dicos
1110 2215 1256 2271 ²R⁶M⁰m
1271 2220 1438 2290 ”³⁰1⁸th
1466 2223 1560 2277 m⁰l⁰³
1597 2227 1724 2292 exspecto
1768 2225 1859 2278 ΗΘΜ·

109 2320 165 2377 pus
179 2308 311 2366 instituta
325 2312 454 2381 luerunt,
465 2315 500 2370 ad
523 2314 637 2385 aliquid
657 2314 846 2386 figurandum
869 2313 955 2384 justi·
1010 2315 1085 2368 dum.
1114 2309 1140 2357 ti
1167 2305 1291 2360 liberabit
1307 2314 1332 2362 it
1360 2310 1451 2376 (ΡΜ
1482 2325 1531 2377 ¹¹,
1554 2312 1611 2379 22)-
1636 2310 1700 2367 Cum
1732 2311 1859 2366 ⁶⁶⁶5&ss

109 2395 166 2460 tiae,
184 2403 215 2451 ut
229 2397 393 2456 observatio
410 2401 742 2473 Sabbati,circumcisio,
759 2401 957 2474 quorumdam
1010 2393 1137 2447 inimicus
1160 2398 1232 2460 tuus,
1249 2397 1424 2474 respondeas,
1440 2402 1466 2453 et
1479 2401 1509 2452 io
1520 2402 1604 2453 ruina
1619 2400 1678 2468 ejus
1705 2414 1738 2453 oe
1765 2399 1859 2454 ensal·

108 2482 242 2540 ciborum
279 2487 515 2558 abstinentiam
542 2492 587 2547 bis
615 2491 732 2548 similia.
762 2490 807 2546 Ad
833 2489 956 2545 moralia
1011 2485 1110 2536 tricor
1138 2487 1223 2550 tuum,
1246 2487 1469 2553 nesorteoideot
1496 2489 1637 2553 Dominus,
1662 2494 1687 2542 et
1715 2488 1859 2556 displiceat

110 2571 208 2642 itaque
223 2581 337 2631 tantum
361 2575 434 2650 legis
449 2588 590 2650 praecepta
621 2579 805 2637 relerendum
821 2577 956 2649 estquod
1010 2571 1044 2637 ei,
1062 2575 1213 2638 titularet
1232 2574 1310 2629 abeo
1336 2575 1595 2645 iromsuomtrroo
1624 2591 1706 2642 xxiv,
1741 2576 1790 2643 ti).
1823 2577 1860 2630 Ne

109 2661 251 2719 Dominus
265 2664 305 2720 alt
331 2681 360 2722 se
374 2681 431 2723 non
450 2669 563 2725 venisse
578 2669 688 2726 solvere
703 2668 806 2740 legem,
830 2667 878 2723 sed
905 2665 955 2722 ad·
1012 2659 1117 2726 dioos;
1144 2660 1281 2726 Quomodo
1307 2663 1374 2727 tetii
1401 2664 1480 2729 milei,
1507 2666 1661 2730 sicittiam
1681 2667 1717 2729 ti,
1745 2664 1860 2719 reddam

110 2750 238 2822 implere,
262 2753 315 2810 boc
326 2763 368 2810 est
390 2769 576 2827 nequaquam
588 2771 699 2814 cessare
721 2757 814 2814 lacere
833 2755 911 2827 quod
927 2755 957 2811 in
1010 2751 1158 2819 vilicusque
1175 2750 1324 2806 secundum
1341 2767 1409 2821 opus
1425 2753 1611 2818 eormttbtd„
1633 2754 1685 2821 ¹⁸i·
1703 2753 1799 2808 item:
1831 2753 1861 2809 δί

95 2839 270 2897 ,moralibus
299 2843 448 2913 praeceptis
481 2843 528 2899 lex
556 2845 694 2914 continet,
722 2844 770 2900 sed
789 2844 818 2900 iu
837 2843 879 2899 eis
906 2854 957 2912 per
1011 2840 1138 2892 esurierit
1153 2841 1280 2894 iuimicus
1296 2844 1369 2908 tuus,
1385 2842 1446 2894 ciba
1470 2842 1611 2895 illumasi
1636 2842 1747 2906 sitierit,
1764 2842 1801 2896 dc
1823 2844 1861 2896 et‘·

109 2926 302 3000 Evangelium
318 2918 452 3001 supplere
479 2933 556 3004 quod
580 2933 636 3005 legi
655 2933 741 2989 deest.
763 2933 821 2988 Lex
849 2930 957 3002 qnippe
973 2961 995 3018 G
1013 2941 1114 2994 auvam
1128 2926 1227 2982 didere.
1251 2928 1358 2982 mnas
1368 2929 1440 2983 enim
1468 2929 1643 2997 congregabis
1670 2944 1753 2999 tulit?
1779 2935 1861 3000 ⁶th

109 3015 200 3086 Moysi
235 3031 423 3090 nequaquam
450 3018 604 3076 inimicum
631 3021 715 3092 diligi
751 3018 954 3091 prorupisset
1010 3013 1081 3081 θέω,
1107 3018 1132 3067 tt
1165 3015 1295 3069 minimus
1324 3015 1419 3071 reddet
1443 3016 1496 3071 tibi
1522 3017 1611 3087 (Prcc.
1644 3032 1714 3082 xxv,
1740 3017 1786 3087 t‘t)
1822 3019 1857 3076 Et

110 3105 248 3171 amicum,
267 3120 319 3162 nee
332 3115 481 3176 peccatum
492 3107 521 3163 in
538 3114 633 3163 mente
647 3108 845 3165 consummari
865 3107 955 3173 docet,
1013 3103 1115 3158 Beatus
1128 3100 1180 3158 Job
1197 3117 1204 3157 :
1221 3104 1252 3159 si
1265 3108 1376 3172 parisus
1391 3121 1461 3172 sum,
1479 3105 1585 3177 inquit,
1600 3107 1760 3162 adruinum
1788 3108 1857 3177 ejus,

107 3192 159 3249 sed
175 3208 262 3264 opera
278 3195 372 3266 magis
390 3209 479 3266 quam
500 3196 688 3253 intentionem
715 3197 870 3254 interdicit.
896 3193 957 3252 Etsi
1012 3195 1228 3266 quimrodcrot,
1243 3197 1429 3267 etecsattart,
1460 3199 1696 3268 quodinoenisset
1712 3215 1773 3253 eum
1802 3215 1858 3253 mc·

110 3282 189 3338 enirn
213 3284 478 3353 concupiscentiam
493 3299 610 3356 qnoque
638 3286 685 3342 lex
717 3287 876 3357 prehibeat,
898 3300 957 3342 non
1013 3284 1092 3340 tom:
1116 3283 1175 3340 Neo
1198 3288 1269 3340 erim
1287 3285 1325 3340 ad
1346 3287 1512 3357 peccandum
1527 3294 1624 3357 poitur
1652 3293 1790 3354 meamet
1809 3303 1858 3343 ec-

110 3378 206 3427 tamen
230 3385 266 3427 cn
281 3385 315 3427 ea
330 3387 412 3429 reum
427 3373 528 3431 statuit
549 3389 609 3431 csse
631 3376 805 3446 putandum,
822 3390 875 3433 nec
888 3390 955 3432 con·
1008 3377 1129 3443 petertm
1143 3373 1304 3430 maledicens
1321 3377 1443 3431 animum
1462 3377 1521 3445 ejtts
1545 3378 1616 3448 titb-
1637 3392 1721 3443 xxxi,
1741 3378 1785 3444 29,
1802 3374 1857 3447 ³⁰)-

110 3461 314 3530 concupiscere
340 3462 480 3532 probibet.
510 3464 568 3520 nisi
591 3478 636 3520 res
665 3465 738 3536 eius,
763 3478 851 3535 quem
871 3463 957 3535 iuxta
1011 3460 1073 3517 uon
1089 3476 1158 3534 ergo
1184 3463 1314 3535 antiquis
1334 3464 1390 3520 hoc
1403 3465 1517 3537 jussum
1544 3466 1588 3522 vel
1618 3479 1785 3522 concessum
1806 3464 1884 3521 luit·

109 3547 246 3616 litteram,
285 3551 449 3622 proximum
485 3551 594 3620 definit,
635 3553 688 3611 boc
713 3554 787 3624 eins,
833 3553 885 3624 qni
923 3553 958 3609 de
1012 3550 1043 3607 in
1069 3550 1192 3624 legent
1210 3552 1430 3610 odiebaberent
1452 3553 1614 3624 inimicum,
1644 3555 1692 3611 sed
1708 3555 1811 3626 magis,
1827 3559 1859 3609 ut

36 3640 48 3651 ⁶
110 3637 219 3710 populo
239 3653 292 3695 suo
305 3653 460 3711 nunquam
476 3648 518 3698 est
542 3642 718 3715 alienigena.
729 3642 793 3698 Non
808 3641 886 3699 enirn
897 3656 956 3699 cm·
1013 3638 1121 3697 dietum
1134 3647 1187 3709 est,
1202 3641 1231 3697 in
1243 3642 1449 3700 traditionibus
1463 3643 1613 3701 bominum
1627 3658 1716 3715 quam
1732 3645 1762 3701 ln
1785 3657 1860 3715 ptae·

109 3739 177 3783 nem
197 3726 353 3794 bominem,
371 3728 458 3800 juxta
472 3729 610 3799 litteram,
627 3731 672 3788 lex
695 3731 862 3802 proximum
877 3730 958 3799 dicit,
1013 3729 1103 3800 ceptis
1117 3730 1166 3785 liei
1179 3730 1351 3788 habebatur.

110 3814 159 3872 sed
174 3824 304 3886 patenter
317 3817 513 3891 alienigenam
527 3834 545 3876 a
560 3819 694 3891 proximo
710 3819 875 3891 distinguit.
890 3833 958 3876 cum
1060 3817 1133 3875 Cum
1155 3831 1226 3891 ergo
1255 3820 1324 3876 dicit
1338 3821 1489 3887 Dominus,
1502 3821 1566 3892 plus
1589 3837 1672 3892 prom
1700 3820 1860 3893 Scribarum

109 3902 181 3961 dicit
196 3905 328 3962 tndaum
352 3920 542 3979 nequaquam
567 3908 702 3965 loenerari
732 3907 877 3979 proximo,
909 3908 959 3965 sed
1014 3910 1040 3963 et
1054 3907 1253 3964 Pharisaeorum
1268 3908 1380 3977 (Mettis.
1397 3924 1426 3978 v,
1440 3912 1498 3977 td),
1514 3924 1572 3966 uon
1586 3910 1652 3980 plus
1666 3923 1755 3980 uuam
1775 3909 1858 3982 legis,

108 3992 213 4051 alieno.
1014 4010 1201 4070 nequaquam
1230 3997 1298 4053 binc
1331 3998 1465 4077 cogimur
1490 3997 1573 4054 lateri
1601 3998 1753 4054 bominum
1786 3999 1862 4056 banc

340 4098 492 4143 recensum
523 4101 660 4143 unnorssa
685 4100 746 4142 xvt.
770 4115 773 4119 .
1015 4087 1225 4144 abundantiam
1245 4087 1395 4160 Evangelii
1408 4088 1543 4158 praeterre
1559 4087 1765 4158 imperlecttoni
1779 4088 1858 4159 legis.

154 4170 301 4239 Quomodo
325 4174 412 4230 etiam
438 4173 591 4246 Evangelii
616 4174 827 4231 abundantiam
844 4175 960 4248 praefert
1015 4176 1078 4233 Non
1103 4184 1198 4233 tamm
1213 4176 1277 4233 ideo
1304 4176 1605 4248 minuslconcedimus
1621 4177 1712 4249 legem
1729 4177 1759 4233 in
1788 4191 1859 4248 prm·

111 4258 319 4329 imperiectioni
346 4260 428 4332 legis,
462 4262 574 4319 diceus:
591 4263 652 4318 Nisi
669 4263 851 4319 abundaverit
879 4265 958 4328 iusti-
974 4241 998 4300 Β
1014 4266 1105 4336 ceptis
1127 4266 1188 4322 suis
1216 4265 1258 4322 ita
1282 4266 1479 4336 imperfectam
1504 4266 1602 4333 luisse,
1619 4275 1651 4324 ut
1679 4267 1704 4322 ei
1734 4279 1861 4323 necessa·

110 4350 152 4404 tic
176 4352 267 4403 vestro
302 4350 452 4421 plagatam
482 4351 641 4407 Sciborm
673 4356 723 4406 cot
747 4352 957 4418 Pharisaeorum,
1013 4354 1090 4410 rium
1117 4354 1397 4427 essetErangelium
1425 4355 1588 4422 succedere,
1606 4355 1721 4411 sicutet
1745 4357 1861 4426 aposto

109 4453 164 4494 oon
186 4438 328 4516 intrabitis
352 4442 382 4493 io
406 4455 523 4509 regnum
546 4439 699 4495 cetorum?
720 4440 830 4510 (diutile.
848 4455 877 4508 v,
898 4443 957 4510 td.)
1012 4443 1069 4511 lus,
1090 4450 1123 4499 ut
1141 4457 1231 4514 supra
1247 4443 1444 4510 meminimus,
1461 4451 1592 4515 patenter
1608 4443 1770 4514 prometur.
1805 4443 1858 4501 Sed

109 4529 166 4584 dut
195 4527 349 4599 quomodo,
374 4536 412 4586 ut
425 4527 579 4597 Apostolus
607 4530 656 4597 ait,
671 4531 873 4610 reprobationi
889 4546 960 4600 pra·
1013 4544 1067 4586 nec
1083 4537 1258 4602 praeceptum
1275 4530 1309 4587 de
1339 4528 1489 4588 dilectione
1517 4531 1652 4603 proximi,
1673 4538 1740 4587 aute
1752 4532 1858 4589 adven·

110 4615 231 4673 cedentis
246 4616 372 4671 mandati
386 4624 499 4687 propter
521 4619 711 4687 infirmitatem
726 4620 786 4690 Qus
800 4624 826 4675 ct
853 4621 957 4675 inutili·
1014 4625 1074 4674 tum
1102 4616 1208 4674 Christi
1229 4617 1387 4688 perlectum
1420 4632 1482 4675 esse
1509 4620 1612 4690 potuit,
1629 4618 1706 4688 quod
1728 4619 1788 4690 ipse
1816 4633 1862 4676 vc

111 4709 193 4761 tctem
209 4703 224 4760 t
241 4705 318 4762 Nitrit
337 4706 460 4761 erimod
480 4709 766 4778 perrectumcddocit
790 4709 834 4766 tce
865 4710 958 4781 (liebr.
1013 4707 1097 4763 niens
1118 4713 1147 4762 et
1173 4709 1325 4778 proximus
1352 4714 1448 4764 noster
1479 4707 1581 4776 lactus,
1598 4715 1657 4764 tam
1676 4709 1858 4779 susceptione

111 4808 162 4863 vu,
181 4796 225 4865 le,
256 4795 398 4864 tticum
423 4810 502 4852 emm
517 4798 657 4855 Dominus
685 4798 768 4854 diviti
805 4799 959 4870 quarenti,
1012 4795 1117 4862 carnis,
1148 4809 1237 4866 quam
1261 4795 1620 4866 exhibitionedilcctioois,
1639 4797 1798 4868 perlectum
1818 4797 1860 4854 le·

110 4884 362 4956 quomodovitam
387 4894 523 4943 aeternam
551 4887 717 4958 possideret,
738 4889 886 4958 respoudit
923 4890 960 4947 dc
1014 4884 1062 4953 cit,
1079 4891 1111 4940 ut
1120 4884 1183 4956 iam
1200 4884 1321 4957 quilibet
1334 4899 1400 4942 eum
1430 4893 1569 4956 tanquam
1598 4886 1765 4957 proximum
1794 4887 1861 4943 dili-

109 4971 225 5031 daobus
255 4975 400 5031 mandatis
431 4975 601 5043 dilectionis,
627 4991 693 5048 quae
726 4977 755 5032 in
780 4976 841 5049 lege
869 4985 956 5034 suut:
1014 4988 1095 5045 gens,
1110 4987 1147 5030 ex
1162 4973 1218 5030 hac
1230 4975 1371 5045 perlectus
1384 4973 1535 5031 dilectione
1549 4975 1616 5032 liat.
1634 4975 1713 5033 Unde
1727 4982 1755 5032 et
1769 4976 1862 5033 eidem

110 5063 166 5119 Hoc
178 5064 234 5128 sac,
254 5067 284 5118 et
298 5067 370 5120 rives
383 5064 460 5137 (luc.
481 5079 508 5132 s,
535 5066 592 5134 28),
615 5072 643 5122 et
666 5065 818 5135 apostolus
857 5065 932 5123 dicat
950 5082 957 5121 :
1013 5062 1094 5120 diviti
1110 5063 1341 5134 requirentiuuis
1355 5071 1428 5120 esset
1443 5063 1679 5135 proximnscjus,
1696 5064 1862 5135 parabolice

111 5150 163 5218 Qui
175 5150 268 5218 diligit
289 5156 459 5224 proximum.
479 5155 564 5223 brem
591 5155 725 5226 impiere.
761 5155 831 5211 Nam
858 5172 867 5209 ε
896 5157 957 5212 lion
1014 5151 1191 5220 respondens
1218 5166 1248 5208 se
1282 5151 1364 5209 illum
1394 5152 1560 5224 proximum
1584 5167 1646 5209 esse
1673 5153 1860 5227 significarit,

110 5237 294 5305 odotterocu,
318 5257 373 5297 oon
392 5242 497 5316 occides
516 5242 603 5315 idom.
620 5257 681 5309 mu,
707 5242 744 5314 e),
764 5251 819 5298 etc.
843 5242 879 5299 lit
905 5242 960 5301 ito·
1014 5253 1100 5311 quem
1115 5238 1162 5297 ille
1175 5242 1374 5299 Samaritanus
1397 5241 1546 5312 expressit,
1580 5242 1632 5313 qui
1648 5241 1793 5300 vulnerati
1811 5244 1863 5300 mi·

110 5338 178 5384 rum
192 5341 203 5378 .·
232 5327 347 5383 Dilectio
371 5333 493 5399 proniori
513 5333 615 5387 matrem
637 5336 845 5402 coaeparatur.
872 5332 961 5388 Pierii·
1014 5335 1109 5386 sertas
1126 5337 1169 5387 est
1183 5347 1191 5399 ;
1207 5337 1236 5387 et
1262 5344 1350 5402 quem
1373 5344 1410 5387 ex
1437 5330 1540 5388 affectu
1570 5332 1777 5402 compassionis
1803 5333 1863 5405 ipse

111 5413 178 5472 tudo
187 5430 251 5486 ergo
278 5416 355 5486 tegit,
378 5423 418 5475 ert
431 5419 540 5478 ditectio
563 5419 656 5494 (ibid,
675 5420 729 5492 te).
743 5420 890 5490 Quomodo
924 5421 961 5481 ad
1014 5432 1133 5491 qnoque
1155 5419 1236 5477 dives
1255 5432 1323 5478 rere
1346 5421 1512 5493 proximum
1532 5419 1621 5478 inisse
1638 5421 1785 5493 protessus
1807 5429 1863 5496 est,

112 5504 317 5574 coemtionem
342 5507 546 5566 mandatorum
573 5509 652 5566 deest
671 5509 784 5582 aliquid
805 5509 873 5583 legi,
893 5524 959 5569 cum
1014 5508 1079 5567 Sive
1092 5524 1160 5583 crgo
1179 5509 1209 5568 in
1238 5509 1299 5584 lege
1314 5511 1479 5572 habeatur:
1501 5513 1604 5581 bittres
1628 5514 1746 5570 ameum
1772 5518 1859 5576 utum,
