3736 5962
111 208 171 271 bob
411 208 513 265 PETRI
532 205 716 264 lnmtlttut
735 205 812 262 OPP.
832 203 922 261 PARS
943 204 976 262 ll.
993 235 1029 249 -
1042 203 1222 263 SERMONES
1241 205 1284 261 ET
1303 202 1425 260 OPUSC.
1445 202 1570 262 esunt.
1817 207 1834 258 ii
1859 215 1868 248 ι

110 338 229 398 afficere
263 335 399 408 dignetur
433 348 565 392 summus
593 332 722 404 pontifex
746 339 774 389 et
808 345 857 388 rex
880 333 968 388 lesus
983 333 1007 389 Α
1021 345 1152 404 corpore,
1180 332 1229 388 sed
1262 331 1410 403 pulchrior
1447 338 1551 402 mente,
1580 339 1661 390 tanto
1690 330 1868 390 laudabili

118 428 258 492 Christus,
296 425 382 496 cujus
412 431 469 480 tam
505 422 696 479 sacerdotium
722 435 810 493 qnam
844 435 968 493 regnum
1023 422 1084 479 haec
1107 421 1164 478 duo
1185 421 1283 490 simul,
1313 428 1423 492 quanto
1453 420 1600 478 difficilius
1620 421 1809 479 custodiebat.
1836 423 1861 475 l·

1022 511 1111 568 altero
1134 510 1258 566 habebat
1284 510 1433 581 pugnandi
1449 510 1609 578 materiam,
1630 523 1666 566 ex
1689 510 1780 567 alteru
1795 511 1857 582 cepi

427 599 547 659 sattim
560 599 667 656 xxix.
1021 599 1148 658 victoriae
1163 613 1309 655 coronam.
1324 600 1365 655 Ex
1392 599 1441 655 illo
1465 599 1495 656 in
1517 598 1780 671 concupiscentiam
1804 601 1867 673 ejus

84 698 88 703 “
161 710 197 751 nn
222 707 326 751 seuera
343 705 476 758 sustuna,
503 703 541 746 an
559 703 756 746 concurrerunt
774 702 928 745 vrnemuu.
1020 696 1193 746 exarserunt
1206 688 1374 756 sacerdotes,
1392 696 1424 745 ut
1450 688 1503 744 boe
1517 702 1568 758 per
1590 688 1783 745 constantiam
1808 690 1866 746 rir-

151 783 290 850 Audistis,
314 780 501 845 eharissimae,
525 785 614 848 atque
642 777 753 834 utinam
776 775 966 833 exaudissetis
1019 779 1089 837 tutis
1105 778 1285 848 prebaretur,
1301 791 1367 834 cum
1383 778 1465 833 morti
1481 776 1597 834 addicta
1616 777 1683 834 rita
1707 777 1865 847 periculum

116 875 228 932 beatam
247 871 327 928 illam
347 883 457 940 sponsae
482 867 706 925 sollicitudiuem
723 866 964 923 indantieocan-
1019 866 1113 939 elegit,
1138 867 1181 938 lue
1207 866 1372 938 contagium
1407 869 1567 923 incurreret
1603 869 1740 936 corporis,
1779 876 1865 940 atque

114 965 247 1027 tieorum,
273 959 310 1017 ad
333 957 563 1015 exhortationem
584 964 710 1012 vestram
740 954 890 1026 diiigenter
914 954 963 1009 de·
1017 957 1112 1026 ipsum
1125 970 1231 1026 corpus
1250 956 1327 1027 quud
1343 956 1531 1026 appetebatur
1545 955 1581 1012 ad
1594 955 1720 1026 eulpam,
1743 955 1865 1013 hostiam

114 1049 426 1123 scriptamunaeeum
446 1046 496 1102 diu
525 1045 681 1116 qnaesitum
704 1044 734 1099 in
757 1042 862 1099 lectulo
889 1042 961 1098 dile·
1017 1045 1132 1106 offerret
1155 1045 1379 1103 immaculatam.
1418 1045 1493 1102 Proh
1525 1045 1622 1102 dolori
1649 1045 1722 1116 proh
1755 1045 1862 1116 pudori

113 1149 193 1199 etum
222 1138 352 1195 invenire
384 1150 445 1191 non
461 1143 569 1205 posset:
599 1133 851 1203 Surgaminquit,
881 1136 962 1189 etetr
1016 1134 1067 1190 Tot
1108 1134 1241 1190 ridemus
1265 1134 1295 1190 in
1318 1148 1399 1191 sacro
1425 1134 1568 1205 proposito
1593 1135 1765 1190 constitutas
1794 1135 1862 1190 adeo

114 1231 191 1286 cailo
218 1233 370 1284 civitatem:
397 1241 446 1295 per
472 1229 544 1279 vices
567 1229 593 1278 et
618 1224 858 1293 plateas‘guarcm
882 1238 961 1288 quem
1015 1222 1165 1292 deformes,
1191 1231 1232 1288 ut,
1258 1224 1334 1281 sieut
1359 1223 1566 1294 scriptumest,
1597 1223 1679 1279 larva
1710 1237 1769 1280 non
1788 1222 1861 1279 indi·

113 1319 208 1388 diligit
222 1320 317 1374 enimc
338 1311 616 1384 malenutrita).
647 1313 679 1367 ln
700 1310 804 1367 lectulo
817 1310 960 1366 'dilectum
1014 1320 1195 1383 geant,quas
1209 1312 1315 1368 divinae
1337 1312 1515 1380 reverentiae,
1542 1325 1576 1367 ae
1597 1311 1657 1368 voti
1682 1312 1728 1368 sui
1744 1325 1861 1382 prorsus

114 1408 228 1478 querit,
257 1414 285 1462 et
304 1418 361 1460 uon
377 1403 497 1468 invenit,
517 1415 585 1458 eum
612 1399 710 1455 anima
734 1399 857 1469 perlaeta
872 1398 960 1455 fatuis
1013 1400 1116 1457 oblitas
1127 1401 1166 1456 ιιι
1181 1400 1310 1456 libidinis
1327 1401 1407 1457 furor
1421 1403 1560 1473 exagitat,
1577 1408 1609 1459 ut
1623 1414 1690 1459 eum
1704 1401 1742 1458 ad
1771 1402 1861 1472 turpi·

112 1495 276 1567 virginibus
307 1492 445 1563 adjuncta
477 1502 564 1560 opera
597 1488 725 1557 ipsarum
759 1486 954 1555 considerans,
1014 1489 1142 1546 tudinem
1175 1490 1367 1561 peragendam
1398 1489 1487 1560 gratis
1513 1491 1627 1560 aliquos
1665 1489 1773 1547 babere
1809 1505 1857 1547 ne·

112 1580 250 1651 exemplis
270 1594 372 1638 earnm
395 1578 500 1635 instrui
524 1579 614 1648 eupit,
631 1590 705 1649 quas
720 1577 755 1632 de
781 1577 957 1633 continentia
1013 1586 1131 1648 queant,
1145 1592 1239 1634 emere
1253 1579 1429 1635 incestuosos
1443 1583 1594 1650 cogantur,
1610 1587 1638 1635 et
1653 1593 1719 1650 quae
1743 1579 1778 1636 de
1800 1577 1857 1655 for-

86 1655 88 1659 ’
113 1669 209 1726 carnis
229 1671 256 1725 in
273 1683 380 1740 magna
405 1667 548 1724 virtutum
572 1665 745 1738 perfectione
772 1679 832 1722 esse
855 1667 955 1723 credit.
1014 1680 1061 1722 ma
1078 1667 1237 1736 confidunt,
1263 1667 1378 1724 venales
1404 1682 1465 1724 sese
1493 1668 1688 1738 prostituunt,
1704 1676 1756 1725 aut
1779 1669 1803 1724 si
1828 1670 1859 1725 de

112 1757 185 1816 Cum
200 1758 277 1815 enim
295 1759 383 1814 etiam
399 1757 453 1813 ista
473 1755 569 1811 earnis
597 1754 784 1821 continentia,
811 1761 839 1810 ιι
866 1754 954 1825 hujus
1013 1757 1142 1812 mercede
1155 1755 1291 1813 diffidunt
1306 1757 1383 1827 ipsas
1411 1757 1537 1813 luxuriae
1560 1756 1658 1814 sordes
1689 1771 1764 1829 quas
1786 1758 1860 1814 exei-

112 1858 172 1907 tam
191 1850 275 1907 ardui
298 1848 434 1920 propositi
459 1846 643 1903 observantia
660 1858 819 1916 paucorum
843 1845 889 1909 sit,
917 1854 957 1902 ta·
1013 1843 1097 1914 piunt
1112 1857 1163 1915 pro
1179 1845 1308 1901 mercede
1321 1845 1376 1901 sibi
1402 1845 1592 1903 constituunt.
1618 1844 1774 1903 adulteras
1803 1855 1858 1902 tam

105 1937 184 1995 ‘lium
211 1937 271 1994 vita
298 1935 452 1993 atumultu
479 1934 577 1992 saeculi
604 1942 714 1990 remota
737 1932 841 1989 lectulo
863 1933 959 2003 potius
1012 1931 1089 2001 leges
1103 1931 1199 1988 saeculi
1216 1947 1306 2004 quam
1321 1933 1428 1988 divinae
1445 1941 1536 1989 morte
1552 1932 1714 2004 puniendas
1742 1947 1858 1990 censue·

99 2040 201 2097 -quam
223 2025 293 2082 lecto
319 2031 514 2095 comparatur,
549 2024 619 2095 quia
645 2036 750 2094 magna
775 2021 857 2092 quies
878 2032 958 2081 esta
1013 2029 1091 2077 runt.
1127 2020 1241 2088 Quanta
1268 2029 1368 2078 autem
1392 2020 1521 2078 vindicta
1554 2023 1583 2078 in
1610 2036 1731 2092 sponsas
1757 2021 1858 2080 Christi

111 2114 246 2172 molestiis
261 2114 429 2184 nuptiarum
452 2126 566 2180 vacare,
592 2120 620 2168 ct
641 2109 836 2181 voluptatibus
864 2112 959 2167 earnis
1013 2117 1162 2179 corruptas
1175 2111 1336 2166 exercenda
1350 2110 1396 2176 ιιι,
1414 2109 1501 2167 datur
1517 2109 1648 2181 intelligi,
1674 2111 1785 2181 quibus
1811 2113 1857 2168 vir

110 2216 226 2272 operam
240 2202 389 2259 nondare.
402 2202 455 2259 Sed
470 2202 609 2272 quianon
623 2213 763 2271 magnum
785 2200 856 2269 quid
884 2201 959 2256 hane
1011 2195 1107 2253 lecum
1123 2199 1209 2254 etlam
1222 2199 1393 2268 penitentiae
1421 2212 1545 2255 canones
1566 2198 1760 2269 reliquerunt.
1781 2199 1859 2271 lSunt

110 2290 405 2360 continentiamque
420 2295 644 2359 paucornmcst,
661 2288 783 2357 imperiti
803 2288 955 2356 aestimant,
1011 2293 1039 2342 ot
1053 2286 1201 2343 nonnullae
1220 2289 1354 2344 intereas
1384 2286 1487 2344 retulae
1516 2288 1690 2352 meretrices,
1706 2303 1773 2359 quae
1791 2303 1854 2346 cnm

110 2386 138 2435 ιι
152 2378 216 2434 ideo
229 2377 311 2434 facile
325 2392 361 2434 ex
383 2377 522 2433 charitate
536 2390 589 2432 sna
614 2377 643 2430 in
671 2376 822 2431 elationem
845 2376 956 2446 simpli·
1009 2375 1070 2446 jam
1092 2389 1121 2431 ιι
1135 2377 1252 2432 omnino
1279 2376 1424 2432 contemni
1446 2376 1647 2446 praesenserint
1665 2375 1771 2433 aliena
1800 2392 1858 2434 cor-

97 2467 269 2532 ‘eestrahit
291 2481 349 2522 non
374 2473 464 2536 potest
491 2466 521 2521 iu
549 2463 655 2521 talibus
679 2463 809 2520 Christus
827 2463 956 2534 reperiri,
1011 2477 1082 2533 pora
1108 2464 1268 2532 vendendo,
1295 2481 1362 2521 eum
1382 2464 1499 2535 propria
1525 2479 1583 2521 nou
1614 2472 1746 2535 possunt,
1784 2467 1856 2523 dete·

109 2553 161 2624 qni
172 2552 306 2623 superbis
325 2552 430 2608 resistit
451 2564 576 2622 semper,
592 2558 619 2606 et
635 2549 796 2606 humilibus
824 2549 873 2605 dat
890 2563 956 2619 gra·
1010 2552 1113 2608 standa
1127 2561 1261 2609 exercent
1274 2553 1423 2609 lenocinia.
1439 2554 1479 2607 [ιι
1498 2552 1635 2624 qualibus
1646 2554 1775 2624 quodam
1797 2554 1856 2612 loco

109 2640 178 2698 tiam
196 2641 218 2711 (l
235 2643 308 2697 Patr.
331 2655 360 2709 ι,
377 2642 413 2710 5).
440 2641 500 2696 lloe
525 2641 624 2710 itaque
648 2651 752 2708 sponsa
776 2637 956 2708 conspiciens
1010 2655 1056 2696 me
1075 2641 1221 2710 scripsisse
1244 2642 1353 2699 recole:
1382 2641 1472 2701 Vetus
1499 2643 1636 2699 meretrix
1667 2656 1699 2699 se
1718 2651 1857 2716 propagat

108 2729 193 2801 quasi
221 2729 255 2786 de
284 2729 386 2786 lectulo
402 2729 507 2799 surgit,
535 2736 563 2784 ιι
589 2741 704 2799 egressa
732 2727 865 2782 circuivit
887 2727 957 2783 citi·
1010 2729 1284 2786 inadoleseentulis.

107 2824 205 2886 tatem,
228 2831 363 2889 quaerens
387 2816 428 2872 ibi
449 2831 586 2887 sponsum
608 2830 658 2886 per
683 2816 761 2872 ricus
783 2824 811 2870 et
836 2814 954 2886 plateas,
1045 2816 1136 2884 Quam
1157 2832 1287 2875 severam
1307 2833 1424 2890 quoqne
1447 2819 1620 2876 sententiam
1634 2818 1668 2875 de
1693 2818 1777 2876 laenis
1796 2834 1859 2876 san·

107 2890 496 2978 queminleetutoieperire
513 2918 571 2959 non
591 2903 693 2975 potuit,
710 2903 778 2959 dum
803 2910 897 2959 mente
912 2904 956 2960 fo·
972 2908 995 2966 c
1011 2907 1048 2964 eti
1072 2906 1170 2963 Patres
1194 2908 1381 2978 instituerint,
1406 2923 1441 2964 ex
1473 2923 1575 2966 eorum
1601 2907 1788 2966 manifestum
1816 2919 1856 2967 est

107 3010 155 3054 ras
181 2995 281 3052 exiens
301 2994 407 3051 bonam
422 2993 511 3050 vitam
539 2989 667 3049 fidelium
692 2991 832 3060 intuetur,
853 2993 904 3063 qui
926 2993 954 3049 in
1008 2995 1129 3066 seriptis,
1144 3010 1219 3067 quas
1236 2996 1265 3051 in
1286 2996 1471 3069 fineqnoque
1495 3011 1513 3053 a
1540 2997 1745 3055 communione
1763 2999 1858 3069 priva-

117 522 280 589 perseverat
297 514 327 569 in
342 512 448 569 saecula
463 511 646 568 seculorum.
662 515 762 567 Anien.

108 3087 162 3144 hoe
175 3082 281 3141 seculo
304 3092 444 3154 tanquam
459 3083 489 3137 in
512 3081 637 3147 civitate,
665 3095 731 3150 eure
748 3079 852 3136 multos
868 3080 953 3150 capit,

108 3181 328 3240 conversantur,
354 3180 381 3227 ct
406 3184 481 3241 quas
509 3168 638 3225 imitetur
661 3167 794 3239 exempla
812 3169 954 3226 virtutum

109 3264 176 3321 inde
197 3261 328 3328 assumit,
337 3260 378 3330 [in
396 3260 504 3330 quibus
533 3258 725 3328 pergratiam
743 3257 856 3313 bomini
875 3257 956 3314 habi·

108 3358 171 3410 tare
194 3365 252 3408 non
272 3350 412 3420 desperat.
426 3349 462 3404 Et
476 3345 614 3418 quoniam
627 3347 657 3401 in
678 3346 755 3403 omni
770 3347 864 3417 gradu
890 3346 955 3401 sidc-

108 3441 183 3498 lium
214 3440 262 3497 alii
289 3438 473 3509 perfectiores
498 3443 566 3492 sunt
592 3434 665 3502 aliis,
691 3436 833 3506 quosdam
858 3435 897 3491 ibi
924 3436 954 3490 in

108 3531 220 3603 plateis,
234 3528 375 3600 quosdam
395 3527 424 3582 in
436 3525 508 3582 vicis
523 3525 637 3595 reperit,
664 3524 735 3595 quia
759 3525 954 3594 quorumdam

108 3619 169 3676 rita
179 3632 238 3689 uuo
250 3616 335 3673 altior
349 3623 391 3673 est
418 3616 448 3670 in
463 3613 573 3671 meritis
588 3613 618 3669 in
650 3613 836 3683 paucioribus
864 3615 954 3669 eonsi-

107 3707 165 3776 stit,
200 3705 251 3778 qui
277 3706 361 3777 quasi
386 3705 417 3760 in
441 3703 513 3761 vicis
537 3711 699 3771 morantur,
723 3703 774 3773 qui
799 3701 954 3758 strictiores

108 3798 177 3852 sunt
200 3808 290 3866 quam
318 3794 427 3864 plateae,
458 3791 559 3863 quales
581 3792 632 3848 tob
654 3799 682 3848 ιι
701 3789 864 3847 Susannam
887 3790 953 3862 legi-

108 3898 183 3952 mus,
206 3891 234 3940 et
261 3882 412 3953 plerosque
438 3881 520 3949 alios,
546 3881 597 3951 qut
620 3881 655 3936 de
677 3893 784 3950 magna
811 3879 954 3936 virtutum

106 3973 279 4044 perfectione
289 3979 347 4027 tam
362 3969 432 4027 viris
448 3984 537 4040 quam
549 3969 662 4025 leminis
676 3970 706 4024 in
730 3969 863 4039 exemplo
885 3974 954 4025 sunt

108 4061 201 4132 positi.
216 4061 344 4126 Quorum
360 4065 437 4115 tanto
452 4057 625 4114 laudabilior
637 4057 697 4113 vita
711 4057 829 4125 exstitit,
842 4064 953 4129 quanto

106 4149 139 4206 in
154 4148 286 4205 saeeulari
313 4147 527 4203 conversatione
557 4143 718 4216 religiosior
736 4145 800 4213 luit,
818 4153 846 4202 et
867 4144 952 4217 quasi

108 4238 297 4309 purissimum
313 4250 418 4292 aurum
431 4234 461 4290 in
472 4233 587 4289 fornace
602 4248 660 4289 non
674 4234 753 4290 arsit.

143 4328 180 4384 Et
199 4326 337 4398 quoniam
370 4326 404 4380 de
429 4322 587 4379 virtutibus
614 4323 676 4389 lob,
705 4337 779 4394 quas
801 4322 953 4394 diligenter

106 4422 312 4476 commemorat
326 4413 484 4482 Scriptura,
505 4425 721 4483 supervacuum
737 4427 782 4469 me
805 4427 884 4468 nune
898 4426 951 4468 vo·

106 4506 151 4564 bis
177 4504 300 4561 seribere
329 4502 465 4568 arbitror,
491 4501 527 4557 ad
554 4499 716 4557 Susannam
753 4501 949 4572 eonjngatam,

104 4608 171 4668 qnae
186 4592 274 4650 vestri
278 4632 332 4648 .....
354 4590 476 4649 minoris
503 4590 639 4661 propositi
652 4597 680 4646 et
694 4589 811 4660 majoris
834 4587 951 4646 virtutis

104 4685 169 4751 fuit,
195 4682 302 4753 stylum
317 4686 468 4750 cont·erto;
493 4688 525 4736 ut
545 4680 575 4735 in
603 4681 667 4750 ejus
688 4678 909 4749 comparatione,
925 4678 950 4736 ιι

103 4787 170 4845 quae
185 4771 258 4829 sacri
273 4770 408 4842 propositi
437 4768 549 4827 feminae
576 4767 674 4825 minus
699 4780 788 4837 quam
816 4768 950 4825 noverint

103 4850 239 4926 babeant,
265 4862 300 4918 de
323 4874 384 4917 suo,
404 4858 515 4915 defectu
542 4857 724 4914 erubescant.
762 4855 858 4912 Prima
880 4870 949 4913 vero

102 4950 168 5008 iaus
181 4951 245 5020 ejus
260 4949 443 5015 describitur,
457 4961 523 5004 eum
539 4960 602 5004 cam
626 4944 777 5016 pulchram
801 4945 898 5013 nimis,
921 4952 949 5002 ιι

104 5038 251 5096 timentem
280 5039 435 5094 Dominum
464 5035 614 5107 Scriptura
639 5043 843 5093 commemorat
864 5036 945 5107 (ban.

101 5140 162 5193 xtn,
177 5124 216 5197 ι).
232 5128 253 5181 h
267 5124 482 5196 pulchritudine
497 5124 625 5195 eorporis
652 5123 689 5179 ad
713 5124 843 5181 decorem
865 5137 948 5180 men-

101 5215 139 5274 tis
165 5214 303 5281 ascendit,
329 5217 416 5286 juxta
444 5214 516 5271 illud
545 5213 688 5284 Gregorii:
727 5236 742 5265 a
769 5217 794 5268 a
821 5212 948 5270 minimis

100 5305 228 5379 quisque
238 5303 364 5371 inchoat,
375 5310 408 5360 ut
421 5303 458 5360 ad
473 5302 584 5375 majora
603 5302 761 5374 perveniat.
779 5324 794 5355 ι
822 5301 947 5362 Pulchra

135 5476 662 5555 (mmmmmm

1008 3093 1088 3141 runt.
1106 3085 1186 3141 Unde
1201 3093 1228 3142 et
1240 3085 1311 3142 illud
1325 3094 1367 3143 est
1382 3086 1551 3143 Elibcritani
1570 3087 1693 3155 concilii,
1717 3100 1782 3157 cap.
1810 3091 1858 3142 ll:

1009 3172 1132 3229 allator
1146 3173 1190 3229 ιιι
1216 3173 1409 3243 perederet
1434 3174 1570 3247 quelibet
1584 3174 1675 3232 tidelis
1700 3174 1725 3230 si
1753 3173 1859 3230 lenoci-

1008 3261 1092 3318 nium
1104 3262 1275 3329 exereuerit,
1291 3276 1324 3319 co
1347 3263 1425 3334 quod
1439 3262 1566 3321 alienum
1591 3277 1698 3334 eorpus
1718 3261 1856 3327 vendide-

1008 3351 1045 3408 rit
1056 3349 1101 3406 ιιι
1117 3364 1215 3418 suum,
1236 3351 1343 3420 placuit
1359 3366 1411 3407 nee
1425 3352 1455 3408 in
1469 3351 1525 3409 fine
1538 3351 1820 3409 communicandam.
1837 3373 1851 3400 ι

1009 3438 1127 3506 Quodsi
1142 3439 1172 3495 in
1186 3439 1307 3508 lfeminis
1321 3440 1417 3496 saeculi
1432 3442 1502 3497 adeo
1527 3440 1702 3498 lenocinium
1723 3448 1792 3496 sunt
1806 3440 1857 3497 de-

1008 3518 1112 3593 testati‘,
1129 3536 1273 3598 qnantum
1295 3529 1324 3585 in
1339 3531 1451 3599 sponsis
1468 3530 1573 3587 Christi
1589 3529 1665 3586 istud
1685 3537 1728 3586 est
1751 3529 1856 3587 abhor-

1009 3616 1142 3686 rendum,
1169 3616 1218 3673 ubi
1237 3616 1384 3688 proprium
1413 3620 1462 3675 liei
1496 3619 1637 3689 templum
1664 3617 1801 3685 violatur,
1827 3625 1855 3674 et

1008 3705 1070 3762 haec
1092 3707 1118 3762 ei
1158 3705 1285 3763 vindicta
1312 3706 1473 3778 specialiter
1497 3706 1681 3764 reservaturi
1714 3706 1746 3762 Si
1781 3709 1856 3776 pais,

1008 3792 1105 3864 inquit
1124 3793 1287 3865 Apostolus,
1312 3796 1442 3865 tempium
1469 3797 1518 3851 liei
1541 3796 1694 3862 υιοιιιυιιιι,
1715 3795 1856 3864 disperdet

1007 3883 1086 3937 illum
1104 3887 1177 3961 Deus
1205 3883 1297 3955 (llice.
1324 3899 1363 3952 ιιι,
1398 3886 1452 3955 tt).
1483 3885 1568 3940 licata
1595 3883 1681 3951 laica,
1703 3890 1731 3940 ιι
1755 3882 1855 3940 saeculi

1008 3985 1066 4027 non
1080 3972 1209 4041 claustri,
1233 3972 1339 4029 femina
1353 3974 1499 4044 praedicta,
1520 3973 1645 4030 huminis
1668 3971 1766 4044 potius
1789 3986 1856 4028 eon·

1005 4059 1160 4132 inaquam
1175 4061 1279 4117 Christi
1295 4076 1400 4132 sponsa
1415 4061 1546 4129 dicenda,
1558 4069 1657 4134 surget
1676 4063 1707 4117 in
1732 4060 1853 4132 judieiol

1007 4154 1035 4203 ιι
1049 4147 1250 4205 condemnabit
1265 4150 1479 4221 generationem
1505 4151 1580 4207 bane
1597 4150 1772 4220 ,pessimam
1788 4164 1854 4221 quac

968 4243 1040 4312 put
1069 4236 1195 4293 hominis
1217 4245 1345 4296 servaret
1361 4238 1456 4309 tidetu,
1486 4238 1571 4311 elegit
1587 4239 1705 4295 interire
1732 4238 1851 4307 mundo,

1007 4338 1044 4381 ne
1060 4325 1168 4382 viveret
1183 4326 1343 4384 immunda.
1361 4327 1442 4385 Unde
1457 4337 1557 4385 autem
1578 4335 1659 4385 tanto
1678 4327 1853 4384 castimonia

1005 4409 1065 4467 zelo
1081 4426 1229 4481 succensa,
1253 4416 1509 4473 tantoeonstantiae
1525 4429 1609 4471 muro
1634 4423 1707 4471 esset
1727 4414 1850 4481 mnnita,

1005 4499 1184 4557 subinfertur
1208 4516 1275 4559 cum
1291 4502 1410 4560 dieitur:
1441 4507 1569 4560 Parentes
1597 4503 1763 4572 catemejrts
1793 4518 1851 4558 ιιιιι

1005 4595 1092 4645 essent
1101 4590 1356 4659 justi,erudieraat
1375 4594 1462 4663 filiam
1485 4609 1563 4649 suam
1591 4592 1741 4649 remaclum
1768 4593 1850 4662 legem

1004 4679 1093 4747 lfopsi
1118 4678 1200 4750 (Dan.
1226 4694 1288 4749 rur,
1327 4680 1366 4744 3).
1392 4683 1431 4739 lle
1456 4682 1543 4754 justis
1568 4681 1739 4753 parentibus
1755 4681 1850 4754 iustis·

1006 4765 1080 4822 sima
1095 4766 1154 4823 filia
1169 4775 1238 4824 nata
1252 4777 1440 4838 memoratur,
1462 4777 1489 4827 et
1513 4770 1543 4828 in
1571 4768 1719 4827 communi
1747 4783 1847 4828 eorum

1001 4853 1087 4913 laude
1101 4857 1282 4914 sanctissima
1291 4858 1387 4916 studia
1402 4860 1606 4931 predicantur.

1038 4945 1119 5014 Quod
1133 4954 1161 5003 et
1178 4945 1279 5004 beatus
1294 4948 1485 5019 llieronymus
1509 4948 1662 5022 diligenter
1685 4948 1846 5017 attendens,

1003 5049 1069 5092 eum
1084 5036 1114 5091 in
1140 5035 1345 5107 explanatione
1371 5038 1499 5095 Danielis
1517 5039 1554 5096 ad
1570 5039 1648 5096 hune
1663 5037 1760 5097 locum
1776 5038 1850 5096 veni·

1002 5132 1055 5190 ret,
1072 5125 1111 5180 ait
1125 5123 1200 5196 (4³)²
1217 5147 1231 5176 «
1246 5126 1306 5182 lloc
1321 5128 1460 5184 utendum
1481 5135 1522 5184 est
1548 5128 1710 5186 testimonio
1739 5127 1776 5184 ad
1802 5140 1849 5184 ex·

1001 5211 1191 5271 hortationem
1207 5219 1370 5286 parentum,
1390 5224 1423 5272 nt
1446 5215 1566 5274 doceant
1578 5217 1666 5289 juxta
1693 5215 1784 5288 legem
1800 5216 1851 5271 lle

1000 5300 1081 5370 mini,
1090 5316 1313 5377 sermonemque
1335 5304 1480 5373 divinum,
1500 5321 1559 5364 non
1586 5303 1681 5364 solum
1700 5304 1784 5376 lilios,
1799 5303 1847 5364 sed
