3804 5962
36 195 109 247 lits

606 192 806 250 tuuotouta
826 192 1041 249 cuutstmtm.
1058 224 1090 233 —
1106 192 1170 250 tte.
1190 194 1213 247 1.

1720 193 1789 250 titi

35 320 145 377 babeat
160 319 211 390 qui
232 331 364 374 summus
379 323 421 372 est
440 315 569 372 omnium
584 315 742 373 existentiae
763 324 884 373 natura·
901 318 924 370 A
940 331 1085 388 expressa.
1101 316 1173 373 Nam
1197 323 1226 373 et
1244 312 1378 372 columba
1399 313 1551 372 mitissima
1572 326 1634 373 esse
1657 315 1789 376 creditur

35 420 116 475 rum,
132 415 160 464 et
180 407 209 462 in
231 405 367 462 omnibus
382 404 446 459 aliis
470 412 610 475 tanquam
634 404 808 462 naturaliter
829 404 888 461 suis

31 498 102 567 iure
123 503 300 567 potestatem,
328 502 360 550 ut
384 495 492 549 dictum
516 500 568 558 est,
594 493 723 550 obtinere
743 492 886 560 rideatur,

35 593 180 655 tanquam
201 584 230 639 in
252 583 380 652 hisquae
400 581 512 651 abipso
531 594 591 637 esse
613 581 747 648 habeant,
773 594 838 652 quae
862 580 888 636 id

36 688 157 745 quoque
174 672 251 743 quod
276 678 395 741 possunt
419 670 536 739 abipso
558 684 594 725 ex
620 670 787 726 necessitato
810 669 883 725 acci-

37 761 136 832 piunt,
153 775 170 816 a
189 775 247 829 quo
270 766 297 815 et
310 773 371 814 esse
391 759 525 814 trabunt.
544 759 606 828 lpse
621 772 689 815 reto
713 757 791 815 solus
813 757 889 814 sicut

38 851 68 906 iu
84 850 238 906 existentia
253 861 386 904 summus
405 854 456 912 est,
481 847 534 902 boc
549 855 590 902 est
605 861 663 901 non
688 846 725 902 ab
749 846 824 917 alio;
850 847 889 902 ita

36 945 64 994 et
92 950 209 993 summa
233 936 263 990 iu
293 950 326 991 eo
349 935 464 991 dicatur
484 942 619 1004 potestus,
640 935 751 1005 quoda
775 948 804 990 se
828 934 888 1005 ipso

37 1040 97 1082 non
113 1025 150 1080 ab
170 1023 226 1080 alio
250 1037 330 1093 posse
352 1023 438 1078 babet
453 1023 528 1079 sieut
549 1030 577 1079 et
591 1037 660 1078 esse.
685 1023 800 1080 Ceterae
821 1037 888 1078 vero

38 1126 171 1187 persone
190 1113 263 1168 sicut
286 1112 322 1167 ab
347 1111 406 1180 ipso
427 1117 505 1175 sunt,
534 1110 573 1164 ita
595 1117 622 1165 et
640 1111 765 1179 abipso
782 1110 888 1167 babent

38 1203 118 1276 quod
149 1208 268 1273 possunt
291 1200 335 1256 rel
359 1199 576 1268 iaciunt;undo
596 1205 624 1255 et
645 1200 735 1255 Filius
750 1199 810 1269 ipsc
824 1213 887 1269 per-

38 1292 120 1348 bibet
135 1291 211 1361 quod
235 1289 309 1345 nibil
325 1302 342 1344 a
361 1289 454 1359 seipso
470 1287 566 1354 iaciat,
592 1288 668 1343 sieut
683 1302 736 1345 nce
760 1302 776 1343 a
797 1288 888 1357 seipso

37 1381 187 1451 loquatur.
210 1379 284 1434 Eum
301 1377 408 1448 quippe
431 1377 481 1446 qui
506 1376 552 1433 sui
570 1376 662 1446 ipsius
678 1390 735 1431 non
754 1383 796 1431 est
818 1375 885 1432 Ver·

38 1471 120 1533 bum,
136 1468 185 1525 sed
209 1467 311 1533 Patris,
329 1466 452 1537 prolecto
480 1480 594 1521 necesse
615 1472 698 1521 estet
723 1464 777 1521 bec
792 1463 888 1532 ipsum

38 1560 117 1630 quod
137 1557 203 1613 lacit
217 1556 323 1613 babere
347 1570 364 1610 a
387 1558 479 1622 Patro,
496 1554 548 1624 qui
564 1554 618 1611 hoc
638 1554 731 1625 ipsum
747 1553 825 1623 quod
847 1560 888 1608 est

943 413 969 462 et
991 405 1199 477 benignissima
1215 405 1345 461 omnium
1364 402 1473 469 avium,
1491 416 1557 475 qne
1570 411 1598 462 et
1612 403 1677 463 lelle
1690 418 1790 464 carere

943 494 1062 561 dicitur,
1077 503 1104 551 et
1128 496 1163 551 ab
1189 493 1347 551 iracundiae
1366 492 1493 550 stimulis
1520 492 1647 550 maxime
1669 507 1730 552 csse
1747 507 1791 553 te·

943 591 1031 653 uicta,
1053 591 1080 642 et
1103 580 1193 656 igneae
1218 582 1431 655 quodammodo
1459 588 1486 640 et
1515 581 1699 639 ualidissime
1728 596 1791 641 esse

943 681 1067 741 naturae,
1082 687 1149 729 cum
1165 672 1242 743 ignis
1267 672 1326 743 ipse
1341 685 1422 728 amor
1446 671 1571 739 dicatur,
1587 669 1623 728 de
1637 685 1698 744 quo
1713 671 1792 732 Veri-

943 768 1005 817 tas:
1032 763 1127 830 Ignem
1142 763 1213 828 ueni,
1230 760 1336 832 inquit,
1352 761 1461 815 mittere
1484 762 1514 815 t'rt
1528 763 1632 815 terram
1646 759 1723 830 (Luc.
1737 773 1791 832 ιιι,
1810 772 1814 779 ·

943 851 999 920 49),
1018 849 1044 906 id
1059 857 1101 907 est
1115 848 1285 906 charitatem
1303 848 1462 919 predicare
1482 856 1570 920 atque
1584 848 1724 919 plantare,
1740 863 1791 920 po·

943 940 1001 995 tius
1027 952 1116 1009 qnam
1143 938 1285 1006 timorem,
1308 937 1359 1007 qui
1379 937 1480 1009 lrigori
1504 943 1699 1009 comparatur,
1714 937 1793 995 unde

943 1034 971 1084 et
992 1026 1182 1097 frequentius,
1196 1039 1287 1096 quam
1310 1034 1420 1083 eaeterae
1439 1040 1506 1083 aves
1529 1039 1668 1098 generare
1683 1039 1718 1083 ae
1738 1039 1792 1098 pa·

944 1129 1006 1171 rere
1019 1114 1160 1171 columbae
1182 1114 1341 1183 sufiiciunt,
1357 1127 1424 1170 cum
1439 1113 1497 1171 sint
1521 1113 1654 1175 videlicet
1672 1112 1793 1173 calidio-

944 1203 983 1260 ris
1007 1210 1129 1259 naturae.
1143 1202 1201 1260 Nee
1223 1210 1309 1260 vacat
1336 1203 1422 1260 etiam
1452 1202 1530 1274 qued
1556 1202 1640 1260 binos
1663 1200 1793 1274 pariunt,

943 1292 1029 1348 etiam
1058 1291 1177 1348 sociales
1205 1299 1284 1358 suut,
1308 1299 1336 1348 et
1360 1291 1448 1348 simul
1476 1297 1698 1349 commorantes.
1731 1291 1793 1350 Duo

943 1381 1051 1451 quippe
1077 1387 1145 1436 sunt
1171 1379 1319 1436 charitatis
1343 1380 1427 1447 rami,
1444 1394 1523 1437 uuus
1550 1379 1581 1436 in
1605 1378 1794 1450 Deum,alius

944 1468 975 1524 in
1011 1467 1199 1538 proximum3
1224 1476 1252 1525 et
1290 1469 1461 1540 quicunque
1495 1468 1665 1527 charitatem
1706 1467 1793 1527 babet

943 1556 1085 1612 unitatem
1116 1554 1277 1613 concordiae
1293 1563 1397 1613 servat.
1424 1557 1460 1613 Ει
1479 1563 1522 1614 est
1546 1557 1600 1614 boc
1623 1556 1684 1615 loeo
1704 1555 1792 1629 Spiri-

38 1646 157 1717 abipso
186 1645 298 1700 babeat.
323 1643 459 1699 Suoimus
486 1643 585 1712 itaque
604 1640 817 1713 quodammodo
837 1655 889 1711 per
906 1658 925 1712 p
944 1651 992 1700 tus
1014 1651 1132 1701 sanetus
1153 1645 1305 1715 proprium
1330 1640 1436 1702 nomen
1459 1644 1547 1702 unius
1570 1658 1708 1716 personae,
1725 1658 1793 1703 cum

39 1735 198 1806 potentiam
221 1733 336 1788 videtur
364 1733 456 1793 Pater,
475 1731 524 1787 sed
549 1745 606 1786 non
633 1731 735 1802 majm,
751 1729 803 1800 qui
827 1743 890 1786 ase
945 1732 1045 1788 inalia
1062 1731 1274 1803 significatione
1298 1741 1448 1805 acceptum
1473 1734 1509 1791 sit
1526 1747 1680 1792 commune
1703 1731 1794 1792 trium

39 1825 157 1894 ipso‚ut
173 1822 282 1877 dictum
300 1827 350 1886 est,
369 1820 467 1875 omnia
489 1819 588 1890 possit,
607 1819 656 1890 qui
682 1833 699 1873 a
719 1817 811 1887 seipso
832 1832 890 1873 uon
945 1834 1143 1891 personarum,
1171 1822 1333 1879 seeundum
1361 1821 1416 1880 boe
1445 1822 1553 1880 seilicet
1580 1822 1661 1893 quod
1693 1820 1794 1880 divina

40 1913 77 1970 ab
92 1912 150 1968 alio
169 1910 308 1976 subsistit,
324 1909 400 1979 quod
416 1915 458 1963 est
478 1908 503 1964 ei
520 1909 604 1978 quasi
622 1907 737 1978 proprio
752 1908 891 1977 quodam·
945 1910 1106 1967 substantia
1127 1909 1286 1981 spiritualis
1300 1917 1343 1967 est
1369 1918 1397 1967 et
1415 1925 1475 1968 uon
1498 1924 1646 1982 corporea,
1658 1917 1687 1968 et
1705 1909 1794 1969 etiam

39 2002 125 2058 modo
149 1999 195 2057 rel
221 1998 383 2068 specialiter
411 1996 649 2067 omnipotentiam
678 2010 740 2052 esse
761 1994 888 2052 tribuen·
944 1999 1114 2055 saumana
1142 1998 1198 2055 boc
1226 1998 1313 2057 etiam
1335 2000 1518 2072 Augustinus
1546 1999 1622 2057 libro
1649 1997 1794 2072 vieille

40 2091 119 2159 dam,
135 2088 187 2160 qui
202 2089 244 2144 sic
264 2087 362 2143 omnia
378 2093 478 2156 potest,
494 2094 527 2142 ut
542 2087 595 2141 boe
611 2100 628 2141 a
647 2099 676 2142 se
698 2084 812 2150 lrabeat,
830 2099 889 2141 non
943 2086 1093 2154 Trinium,
1116 2087 1250 2144 meminit
1271 2088 1370 2145 diceus
1391 2103 1398 2144 :
1424 2110 1438 2139 «
1460 2086 1582 2159 Spiritus
1605 2094 1723 2146 sanctus
1751 2099 1793 2144 se·

40 2179 76 2236 ab
108 2178 164 2234 alio
193 2177 325 2246 accipiat.
346 2175 425 2242 Quod
454 2189 522 2230 vero
552 2175 592 2231 ait
620 2174 649 2229 in
677 2174 730 2229 buc
762 2172 888 2249 nemine,
944 2175 1073 2230 cundum
1105 2174 1134 2231 id
1167 2175 1245 2246 quod
1277 2175 1417 2246 seriptum
1453 2184 1508 2243 est,
1546 2176 1688 2248 quoniam
1719 2176 1796 2233 Ileus

41 2268 145 2333 lleum,
162 2264 272 2322 ostendi
297 2272 433 2319 naturam
457 2262 665 2329 innascibilem,
684 2260 739 2316 talo
761 2267 803 2317 est
818 2273 851 2315 ae
866 2259 890 2315 si
944 2262 1127 2332 spiritusest,
1142 2270 1232 2333 potest
1253 2263 1374 2335 quidem
1408 2265 1614 2322 universaliter
1639 2261 1705 2330 dici,
1720 2261 1794 2335 qula

40 2357 150 2412 diceret
176 2352 368 2410 substantiam
394 2364 452 2407 non
474 2351 579 2406 laetam
601 2357 653 2406 aut
679 2356 816 2420 creatam,
840 2348 890 2404 sed
944 2358 972 2408 et
986 2351 1069 2407 Pater
1084 2351 1212 2422 spiritus,
1229 2358 1257 2410 et
1272 2352 1361 2410 Filius
1375 2353 1505 2423 spiritus,
1521 2360 1550 2409 et
1564 2355 1649 2410 Pater
1663 2359 1794 2422 sanetus,

40 2452 189 2501 aeternam.
943 2447 972 2495 et
996 2439 1086 2496 Filius
1109 2448 1236 2497 sanctus.
1252 2461 1266 2491 »ι
1288 2442 1324 2498 Et
1345 2448 1536 2512 postpauca:
1555 2462 1569 2490 e
1584 2440 1710 2514 Spiritus
1728 2453 1793 2499 sau·

380 2510 497 2568 CAPUT
516 2510 551 2568 V·
944 2535 1008 2584 etus
1022 2528 1155 2600 quedam
1171 2530 1273 2586 *Patris
1295 2528 1420 2600 Filiique
1433 2530 1600 2588 communio
1616 2537 1668 2599 est,
1682 2537 1712 2589 ct
1733 2529 1796 2588 ideo

77 2620 199 2680 Nomine
218 2634 286 2676 reru
306 2619 432 2690 Spiritus
449 2618 539 2674 sancti
558 2616 677 2673 allectus
700 2615 889 2688 benignitatis
947 2617 1066 2673 lortassc
1097 2618 1138 2674 sic
1160 2618 1335 2688 appellatur,
1358 2619 1429 2690 quia
1453 2619 1533 2675 Patri
1556 2625 1584 2675 et
1607 2618 1678 2675 Filio
1704 2624 1796 2689 potest

41 2719 69 2769 et
91 2709 243 2766 charitatis
267 2708 452 2779 exprimitur,
476 2722 509 2762 eo
532 2706 662 2761 videlieet
684 2704 763 2776 quod
785 2704 890 2775 spiritu
944 2706 1043 2762 eadem
1071 2706 1224 2776 appellatio
1260 2707 1424 2763 convenire.
1449 2707 1484 2763 Ut
1513 2720 1582 2778 ergo
1619 2722 1654 2763 ex
1681 2704 1797 2763 nomine

41 2798 101 2857 uris
116 2798 207 2855 nostri
230 2805 258 2854 et
279 2797 410 2852 anbeiitu
433 2796 558 2851 maxime
573 2794 692 2851 allectus
707 2772 798 2849 animi
813 2799 890 2864 pale·
946 2795 1024 2866 quod
1040 2794 1170 2865 utrisque
1190 2795 1334 2864 convenit,
1349 2794 1504 2866 utriusque
1526 2793 1692 2852 communio
1707 2793 1796 2867 signi·

42 2887 124 2955 liant,
147 2900 213 2942 eum
244 2894 295 2942 aut
321 2880 382 2957 p'rae
410 2897 507 2940 amore
540 2883 733 2953 suspiramus,
757 2889 808 2938 aut
832 2893 890 2950 prae
946 2883 1059 2952 fleatur,
1074 2892 1196 2940 vocatur
1210 2883 1318 2940 donum
1334 2884 1486 2940 amborum
1505 2882 1630 2953 Spiritus
1643 2890 1794 2941 sanctus..

43 2975 152 3033 laboris
171 2974 217 3031 vel
232 2974 339 3030 doloris
364 2972 500 3042 augustia
524 2971 677 3042 gemimus.
694 2970 774 3028 Unde
799 2969 889 3040 Spiri·
906 2935 928 2992 C
947 2971 1025 3029 idem
1053 2972 1081 3027 in
1101 2986 1142 3028 xv
1162 2971 1239 3044 (tilla
1263 2993 1278 3022 ιι
1300 2972 1400 3030 liultis
1422 2969 1562 3042 exemplis
1588 2970 1685 3029 doceri
1704 2977 1797 3042 potest

43 3070 223 3121 tussanctus
238 3078 289 3133 pro
314 3061 420 3118 allecto
436 3061 511 3116 bono
529 3061 646 3130 ponitur
658 3059 747 3130 iuxta
763 3057 834 3115 illud
858 3059 889 3115 li·
946 3060 1106 3118 multarum
1130 3074 1228 3117 rerum
1259 3060 1400 3117 voeabula
1427 3067 1455 3116 et
1485 3059 1689 3117 universaliter
1717 3058 1796 3130 poni,

44 3153 92 3210 bri
121 3152 273 3222 Sapientiae
289 3169 296 3206 :
312 3153 451 3218 Bereiqnas
478 3154 518 3204 est
545 3150 661 3219 spiritus
686 3149 840 3218 snpientia,
864 3152 891 3203 et
946 3155 974 3204 et
988 3148 1101 3219 proprie
1116 3148 1294 3219 quibusdam
1309 3148 1397 3205 rebus
1408 3147 1549 3204 adhiberi.
1566 3147 1626 3204 Hoc
1641 3147 1704 3205 ideo
1720 3144 1796 3214 dixi,

14 3301 16 3304 ,
43 3258 100 3298 aon
125 3241 252 3297 liberabit
280 3241 456 3295 anctedtctum
482 3234 667 3309 lmatedieum]
695 3236 810 3292 plebiis
835 3237 892 3291 suis
947 3250 984 3293 ne
1009 3239 1166 3307 quisquam
1182 3243 1333 3307 propterea
1360 3250 1414 3293 nos
1438 3235 1679 3293 inconvenienter
1693 3233 1796 3292 existi-

41 3330 135 3397 (Sap.
160 3345 180 3396 ι,
196 3328 243 3398 6);
269 3334 357 3397 atque
384 3326 455 3381 illud
473 3324 632 3380 Psalmistae
646 3339 652 3377 :
665 3324 800 3393 Spiritus
830 3330 892 3378 taus
948 3333 1005 3381 met
1025 3325 1194 3381 charitatem
1213 3325 1358 3395 appellare
1389 3324 1531 3395 Spiritum
1559 3331 1703 3392 sanetum,
1727 3321 1799 3395 quia

43 3418 129 3472 bonas
145 3415 258 3470 deducet
277 3430 318 3469 me
331 3416 362 3468 ia
377 3419 478 3468 terram
493 3417 605 3475 rectum,
622 3420 675 3468 etc.
694 3411 778 3482 (Psal.
803 3426 891 3478 exeri,
947 3421 975 3470 et
1000 3415 1074 3470 Deus
1097 3414 1190 3480 Pater,
1206 3420 1234 3470 et
1253 3414 1330 3470 Deus
1352 3413 1442 3469 Filius
1463 3418 1554 3484 potest
1576 3411 1704 3472 ebaritas
1723 3424 1798 3470 nun·

44 3506 102 3577 ιθ.)
120 3507 159 3561 lte
173 3518 232 3575 quo
246 3510 274 3560 et
290 3510 409 3560 sanctus
434 3500 617 3573 Augustinus
641 3500 783 3570 inprime
807 3514 894 3570 super
948 3501 1061 3571 cupari.
1083 3501 1161 3558 Sicut
1184 3514 1253 3572 ergo
1281 3501 1403 3557 unicum
1426 3508 1490 3557 tum
1511 3501 1637 3559 Verbum
1661 3512 1800 3559 vocamus

43 3593 187 3659 Genesim,
203 3607 236 3650 eo
262 3592 322 3648 loco
345 3606 404 3662 quo
427 3591 570 3660 scriptum
600 3596 661 3646 est:
688 3589 811 3659 Spiritus
835 3591 892 3643 Do·
948 3591 1063 3662 proprie
1083 3589 1201 3646 nomine
1218 3588 1382 3659 sapientia,
1398 3602 1465 3645 eum
1480 3595 1508 3646 et
1531 3589 1656 3659 Spiritus
1679 3596 1798 3647 sanctus

43 3684 118 3739 miae·
140 3682 282 3749 serebatur
302 3696 385 3750 saper
415 3694 512 3746 aquas,
536 3679 597 3733 ait:
620 3698 634 3727 e
660 3678 778 3748 Egcnus
805 3685 893 3748 atque
949 3684 976 3733 et
991 3680 1075 3735 Pater
1097 3677 1158 3747 ipse
1181 3675 1347 3747 Sapientia:
1365 3676 1405 3731 ita
1433 3675 1559 3745 Spiritus
1587 3682 1706 3734 sauctus
1731 3690 1796 3750 pte·

44 3770 183 3842 indigens
197 3771 327 3826 emorita
348 3768 455 3840 diligit,
472 3775 503 3824 ut
523 3767 609 3823 rebus
624 3780 698 3837 quas
712 3765 806 3837 diligit
827 3766 893 3821 sub-
950 3764 1011 3836 prie
1039 3771 1229 3834 nuncupatur
1251 3761 1393 3819 vocabulo
1426 3763 1588 3833 eharitatis,
1611 3777 1679 3821 cum
1703 3765 1742 3822 sit
1772 3770 1801 3823 et

41 3859 413 3932 jiciatur3proptereacum
423 3861 699 3912 commemoraretur
710 3854 834 3924 Spiritus
845 3855 894 3910 Dei
951 3856 1035 3910 Fater
1049 3859 1076 3908 et
1089 3851 1181 3907 Filius
1191 3850 1326 3908 charitas.
1340 3870 1355 3900 »

47 3950 79 4006 iu
94 3962 155 4019 quo
169 3954 269 4004 sancta
286 3948 349 4018 ejus
373 3944 575 4001 benevolentia
596 3943 767 4013 dilectioque
792 3942 893 4000 intelli·
986 3943 1166 4013 Frequenter
1179 3940 1288 4012 quippe
1302 3938 1453 4012 contingit,
1470 3948 1504 3998 nt
1525 3954 1632 3998 nomen
1646 3952 1800 3998 commuue

46 4036 138 4109 gitur,
158 4035 314 4106 superierri
337 4033 430 4090 dietus
453 4040 504 4101 est,
531 4047 566 4089 ne
589 4032 720 4088 iacienda
735 4045 822 4102 opera
843 4045 897 4088 sua
951 4029 1111 4085 multarum
1126 4042 1224 4086 rerum
1241 4028 1277 4085 ad
1302 4043 1390 4086 unam
1415 4043 1517 4087 earum
1541 4029 1625 4103 quasi
1652 4028 1802 4101 proprium

46 4138 100 4197 per
115 4123 281 4195 indigentiae
296 4123 494 4180 necessitatem
508 4121 605 4193 potius
626 4134 716 4191 quam
732 4135 782 4190 per
803 4120 894 4176 abun·
952 4118 1163 4187 transieratur;
1189 4132 1257 4175 cum
1271 4125 1381 4175 oaeterat
1398 4133 1443 4176 res
1462 4119 1589 4176 habeant
1614 4119 1730 4191 propria
1750 4132 1801 4177 uo·

47 4214 179 4270 dentiam
215 4211 419 4269 beneficientiae
455 4212 530 4267 Deus
566 4224 664 4266 amare
697 4217 860 4279 putaretur.
883 4205 1043 4274 olimina,
1069 4221 1121 4278 per
1150 4221 1218 4277 quae
1245 4207 1352 4264 scilicet
1382 4208 1418 4264 ab
1447 4208 1571 4265 invicem
1600 4208 1715 4276 distent,
1743 4205 1805 4265 ltac

48 4302 165 4360 iiuicet
186 4299 259 4357 illud
278 4299 399 4371 apostoli
416 4300 501 4371 plane
517 4297 670 4369 congruit:
691 4301 762 4353 Deus
777 4298 899 4353 chordas
954 4309 1022 4353 nero
1046 4310 1104 4351 non
1128 4296 1214 4352 babet
1239 4311 1354 4363 nomen,
1377 4296 1548 4354 diliereutiae
1562 4296 1599 4354 sit
1624 4295 1716 4369 hujus
1738 4309 1804 4368 pru·

47 4390 107 4462 est(
120 4393 200 4446 loca.
217 4404 257 4458 ιι,
274 4390 330 4460 ld),
346 4389 417 4460 quia
432 4395 501 4444 teste
524 4386 672 4457 Gregorio,
689 4385 814 4456 Spiritus
838 4386 898 4457 ipse
955 4384 1051 4456 prium
1067 4384 1145 4455 quod
1170 4384 1252 4455 prius
1275 4400 1428 4442 commune
1449 4393 1512 4443 erat
1539 4385 1689 4443 omnium:
1714 4383 1805 4443 veluti

48 4492 132 4536 amor
154 4485 210 4535 est.
236 4478 317 4534 Unde
345 4485 372 4533 et
402 4475 556 4532 Paulusin
582 4474 808 4531 salutationibus
839 4474 900 4531 suis
954 4473 1409 4544 cumelericosfappeliamusad
1436 4472 1630 4531 dillerentiam
1652 4472 1806 4532 monacho·

49 4581 125 4639 quas
139 4566 276 4638 Epistolis
291 4565 478 4636 praescribere
502 4563 653 4620 consuevit
665 4564 782 4621 dicens:
799 4565 899 4618 Gratia

50 4656 125 4712 cubis
148 4671 167 4712 a
190 4658 247 4711 Deo
274 4658 356 4710 Patre
370 4659 397 4708 et
417 4656 531 4708 Domine
558 4653 623 4706 Jesu
642 4653 759 4718 Christo,
785 4653 902 4709 nomine

51 4745 155 4817 gratiae
177 4743 318 4814 Spiritum
342 4743 437 4814 ipsum
461 4755 589 4813 congrue
612 4740 786 4811 designarit,
815 4755 902 4811 quem

51 4833 139 4890 etiam
155 4831 265 4888 donum
289 4830 338 4888 Dei
353 4844 508 4896 vocamus;
531 4843 620 4900 quam
631 4828 750 4898 quidem
767 4828 903 4899 gratiam,

55 4920 85 4979 id
100 4927 143 4978 est
158 4935 245 4992 quem
261 4919 399 4990 Spiritum
415 4918 451 4974 ab
474 4918 579 4974 eisdem
592 4915 655 4972 dari
678 4914 784 4986 optime
803 4915 905 4985 praeui-

52 5008 131 5066 citur
144 5021 162 5065 a
177 5008 286 5081 quibus
298 5013 326 5062 et
349 5007 486 5076 precedit,
501 5006 611 5061 honest
633 5019 649 5059 a
664 5004 748 5060 Patre
771 5009 799 5059 et
822 5002 903 5058 Filio.

52 5098 128 5155 Bene
151 5097 251 5169 itaque
276 5095 400 5166 Spiritus
413 5099 530 5151 sauctus
544 5102 602 5150 tam
618 5093 647 5148 in
659 5091 792 5148 columba
816 5104 905 5162 quam

54 5185 168 5257 teigne
188 5183 313 5243 revelari
330 5183 458 5255 elegerit,
474 5196 541 5239 eum
561 5181 634 5252 ipsa,
659 5188 692 5236 ut
714 5178 826 5236 dictum
852 5186 904 5246 est,

53 5273 155 5334 diuina
177 5272 344 5345 benignitas
364 5285 416 5330 seu
440 5270 566 5327 ebaritas
585 5267 701 5326 nomine
725 5267 850 5340 Spiritus
870 5266 907 5325 sit

93 5452 132 5527 (e)
149 5450 359 5511 Similiababet
374 5447 555 5523 augustinus
569 5445 590 5503 ι.
606 5457 658 5516 ιι,
673 5458 699 5500 e.
716 5443 762 5502 te.

956 4574 1033 4626 rum,
1048 4576 1116 4617 cum
1131 4569 1227 4619 tamen
1240 4569 1267 4618 et
1285 4561 1420 4618 monachi
1444 4561 1544 4619 clerici
1558 4564 1627 4626 sint,
1644 4570 1672 4621 et
1698 4561 1806 4620 caules-

956 4663 1035 4706 sores
1049 4650 1173 4707 dicimus
1187 4650 1224 4707 ad
1244 4648 1434 4707 differentiam
1451 4658 1623 4722 martyrum,
1641 4665 1708 4708 eum
1734 4662 1807 4721 prut-

958 4738 1042 4808 cipue
1065 4747 1216 4809 martyres,
1237 4739 1266 4794 id
1291 4746 1333 4796 est
1355 4746 1448 4807 testes,
1472 4739 1587 4796 dicendi
1612 4738 1669 4796 siut
1696 4735 1807 4794 eunies·

958 4840 1044 4894 sores,
1067 4827 1117 4898 qui
1133 4842 1227 4899 usquo
1249 4827 1286 4884 ad
1311 4836 1431 4885 mortem
1460 4828 1547 4885 etiam
1570 4827 1601 4884 in
1627 4825 1808 4884 confessione

958 4914 1049 4973 divini
1065 4916 1192 4972 nominis
1208 4923 1402 4987 perseverant.
1421 4917 1512 4974 blulta
1530 4929 1649 4988 quoque
1669 4913 1809 4973 attacum

959 5002 1177 5073 prophetiarum
1200 5003 1272 5071 loca,
1286 5017 1322 5061 ex
1348 5004 1458 5076 quibus
1478 5011 1576 5075 aperte
1594 5003 1744 5061 Trinitatis
1762 5001 1806 5060 di·

960 5091 1063 5148 scretio
1079 5092 1213 5149 traditur.

996 5179 1216 5236 Generaticnem
1245 5179 1363 5250 quidem
1391 5179 1455 5237 Filii
1482 5186 1617 5237 aeternam
1653 5193 1691 5238 ex
1727 5175 1808 5239 estre

963 5266 1021 5338 ipse
1036 5267 1128 5325 David
1148 5267 1370 5340 aperteldocuit,
1385 5267 1437 5328 ubi
1458 5281 1611 5344 personam
1635 5268 1700 5328 Filii
1720 5268 1808 5330 intro·

998 5441 1052 5516 po)
1070 5441 1142 5516 cap.
1165 5441 1254 5511 trae.
