3804 5962
396 243 533 304 DIALOG.
553 242 662 303 thaan
680 243 897 314 PHILOSOPH„
916 242 1062 300 tundunt
1081 243 1124 299 tta
1143 241 1340 300 christina.
1676 244 1745 300 ibib

81 370 162 430 Unde
194 377 313 429 etcum
343 370 449 428 dicitur
482 370 560 427 Deus
581 369 741 437 Abraham,
766 370 881 427 DeusA
897 376 956 437 tur,
980 370 1098 427 insinua
1130 367 1172 443 [nl
1199 372 1220 436 t)
1246 365 1435 424 amortieino
1458 364 1643 432 comedendo,
1667 366 1742 424 sieut

89 462 151 518 sive
169 457 266 527 tainu,
293 475 349 516 non
381 461 542 530 incongrue
558 460 622 516 addi
639 459 708 516 solet
723 466 750 515 et
768 460 843 516 Deus
896 474 947 515 vos
970 458 1096 515 inhibuit
1120 459 1217 515 dicens
1241 474 1249 514 :
1278 459 1381 513 Animo
1403 473 1464 527 quae
1486 456 1631 511 comederit
1651 461 1743 511 rnorti·

84 566 111 607 m
140 559 315 607 nostrorum.
336 549 416 614 Quod
441 550 464 606 si
482 549 568 606 etiam
591 549 692 605 divina
707 548 843 606 beneficia
895 536 988 603 einum
1001 550 1043 602 oet
1066 553 1174 616 coptum
1188 563 1205 600 o
1221 548 1307 603 bestia
1328 551 1383 599 tum
1412 545 1445 599 de
1467 544 1603 612 indigenis
1620 559 1703 613 quum
1716 549 1741 597 et
1779 588 1784 607 ,

79 654 152 696 sex
179 639 288 710 quibus
302 653 353 696 vos
380 638 505 695 maxime
521 637 686 710 gloriamini
702 646 842 709 tanquam
897 636 930 691 de
949 636 1062 692 aduenis
1084 636 1188 690 irronbit
1206 638 1365 690 uestimento
1384 649 1435 687 sue
1457 639 1482 688 et
1506 646 1533 686 se
1555 635 1647 700 ipsum
1668 647 1742 697 oque

80 728 204 799 populus
228 728 391 799 peculiaris,
410 727 474 784 inde
496 727 566 798 quia
590 728 687 783 Enoch
705 728 732 783 iu
754 741 842 798 para·
896 728 922 780 et
935 741 978 780 oer
999 724 1066 797 [conl
1088 725 1238 779 taminatus
1262 726 1314 779 erit
1336 738 1422 791 usque
1436 722 1473 776 ud
1487 736 1639 790 uesperum,
1655 727 1679 774 et
1695 720 1742 775 boe

79 832 90 872 r
108 818 219 874 ielieius
233 817 393 873 translatus
417 825 470 882 est,
496 831 585 886 quam
611 830 663 872 ros
683 817 713 872 in
735 824 841 872 terram
895 815 992 870 ordine
1012 815 1200 884 mundustlet.
1233 813 1309 880 erod
1328 815 1352 867 si
1367 828 1420 866 raon
1436 813 1535 865 teuent
1561 809 1621 880 (iol.
1651 809 1742 881 tili.)

79 920 133 962 aaa
158 906 325 972 introducti,
349 914 376 962 et
404 906 458 962 hoc
480 905 526 961 itte
559 905 696 962 meruisse
719 905 843 962 retertur
894 907 1054 959 uestimento
1078 909 1178 958 suaet
1203 919 1300 974 corpus
1325 901 1448 973 portabit
1468 901 1645 965 iniquitatem
1664 912 1743 952 suom

95 995 228 1052 videlicet
256 994 364 1050 dicitur
387 995 630 1064 :ambulavitque
661 993 757 1050 lineola
782 1010 843 1049 ciem
896 994 995 1063 (broit.
1025 1007 1097 1061 xvn,
1128 996 1171 1060 ti,
1202 995 1254 1063 iti).
1284 990 1375 1058 Quem
1399 1004 1466 1045 vero
1485 1003 1543 1043 uno
1578 987 1639 1042 loeo
1666 1000 1743 1056 pere·
1819 1019 1822 1023 -

79 1090 102 1140 et
136 1100 190 1140 non
216 1086 358 1154 apparuit,
386 1086 452 1155 quie
477 1086 542 1139 tulit
575 1100 636 1140 eum
667 1089 737 1141 Deus
763 1086 841 1156 (Gen.
896 1083 1013 1154 grinum
1038 1091 1066 1138 et
1095 1082 1237 1137 advenam
1256 1081 1327 1137 dicit
1349 1080 1527 1150 quandoque
1558 1076 1627 1132 alibi
1655 1074 1743 1131 nomi·

79 1174 102 1244 t).
130 1173 189 1230 llos
222 1180 319 1229 antem
346 1171 418 1229 iilud
445 1172 605 1229 obtinuisse
635 1173 751 1238 meritis,
784 1187 844 1228 om·
896 1167 1644 1238 natalienum;veluticumdicitur:Nensoenerebis
1658 1167 1743 1234 fratri

86 1262 197 1333 iioyses
210 1261 343 1333 denegat,
359 1261 459 1318 dicens
475 1277 481 1317 :
498 1265 538 1318 ile
558 1264 634 1318 dicos
648 1265 678 1316 in
692 1263 772 1318 eorde
787 1268 841 1330 tuo,
896 1266 943 1316 tuo
958 1262 996 1317 ad
1018 1277 1132 1316 usuram
1153 1262 1307 1330 pecuniam,
1334 1274 1383 1313 nee
1410 1259 1507 1327 (cuper
1529 1272 1576 1311 nec
1595 1255 1743 1322 quamlibet

80 1352 210 1407 deleverit
232 1366 275 1406 eos
300 1354 431 1407 Dominus
447 1368 454 1406 :
470 1353 586 1422 Propter
594 1354 735 1423 justitium
756 1368 843 1407 meam
896 1353 980 1406 oliam
994 1367 1060 1417 rem,
1085 1350 1133 1407 aed
1148 1352 1236 1405 aluno
1250 1352 1340 1420 (Dent.
1356 1361 1441 1413 xxiii,
1467 1347 1518 1417 lii).
1537 1347 1574 1402 ile
1588 1346 1633 1402 his
1646 1337 1743 1400 autem

79 1440 152 1496 lucit
176 1455 218 1494 me
236 1444 267 1494 ut
290 1447 392 1495 terrem
414 1439 484 1495 bone
507 1441 682 1510 possiderem,
702 1456 763 1496 eum
781 1456 844 1511 pro-
896 1438 1026 1506 advenis,
1046 1439 1098 1511 qui
1118 1438 1341 1511 peregrinantur
1357 1437 1432 1493 inter
1456 1451 1508 1492 ros
1528 1450 1586 1492 non
1602 1449 1654 1491 ros
1670 1436 1743 1489 inter

82 1531 236 1599 impietates
267 1543 332 1583 suos
364 1531 425 1584 istae
452 1528 547 1584 deleta
569 1531 625 1584 sint
652 1532 786 1595 nationes,
812 1534 843 1583 ut
895 1543 954 1596 eos,
980 1529 1037 1585 alio
1072 1527 1133 1585 loco
1160 1528 1299 1598 seriptum
1328 1535 1369 1584 est
1402 1541 1468 1583 oum
1501 1524 1608 1581 dieitur
1629 1539 1636 1578 ε
1657 1525 1742 1578 Homo

79 1620 139 1674 leret
164 1617 275 1672 uerbum
298 1633 378 1672 suum
406 1618 480 1684 quod
497 1618 636 1686 pollicitus
659 1622 698 1672 est
716 1618 842 1688 putribus
897 1618 1010 1688 quilibet
1025 1617 1059 1672 de
1073 1619 1152 1672 domo
1166 1618 1258 1672 Israel
1282 1625 1307 1672 et
1327 1617 1360 1671 de
1374 1617 1487 1672 aduenis
1502 1617 1551 1682 qui
1568 1614 1743 1684 peregrinan-

94 1708 167 1764 Soito
196 1708 284 1772 igitur
306 1706 380 1774 qnod
405 1721 460 1760 non
492 1711 606 1776 propter
626 1706 754 1775 justitias
779 1711 840 1761 tuos
858 1728 878 1783 Β
897 1712 943 1762 tur
982 1709 1056 1762 inter
1083 1722 1141 1768 uos,
1171 1709 1197 1761 si
1231 1706 1376 1760 comederit
1407 1709 1567 1774 sanquinem
1597 1701 1742 1772 obfirmabo

88 1796 192 1850 dederit
216 1795 268 1850 tibi
283 1795 352 1848 bunc
381 1800 482 1849 terrum
496 1799 639 1865 optimum,
663 1812 723 1851 cum
746 1797 840 1853 duris·
894 1799 995 1862 sociem
1021 1811 1108 1850 meum
1138 1799 1234 1850 contro
1270 1797 1390 1850 unimam
1416 1795 1504 1857 illius,
1540 1799 1566 1847 et
1584 1793 1743 1860 dispergam

87 1886 196 1940 uminis
216 1886 255 1939 sis
283 1884 400 1952 populus
416 1885 505 1954 theut.
532 1899 574 1951 rx,
594 1888 621 1951 5,
645 1885 681 1955 b).
699 1887 754 1941 Noe
773 1899 842 1942 vero
895 1901 955 1940 eum
970 1885 1175 1954 depopulosuo
1192 1885 1289 1947 [tevit.
1307 1898 1374 1948 xvn,
1393 1884 1434 1947 ib,
1463 1882 1513 1952 lt).
1531 1881 1615 1937 Nullo
1634 1879 1744 1950 quippe

78 1986 109 2029 er
135 1972 278 2042 iustitiam
300 1986 382 2026 suam
414 1971 559 2028 universis
581 1972 747 2029 hominibus
773 1987 842 2044 pree·
896 1974 965 2044 legis
987 1980 1129 2044 praeeepto
1151 1973 1242 2029 aliurn
1263 1973 1404 2028 advenam
1421 1969 1671 2040 comprehenderis
1687 1968 1743 2024 nisi

80 2075 180 2118 omum
209 2074 292 2117 suam
319 2059 468 2117 subversis
499 2057 787 2131 universorumque
812 2063 841 2118 in
896 2065 945 2133 qui
976 2063 1052 2132 apud
1077 2077 1127 2118 vos
1151 2062 1270 2126 habitat,
1294 2076 1328 2117 ae
1352 2075 1401 2132 per
1424 2060 1477 2116 hoe
1498 2060 1628 2129 subjacet
1649 2064 1744 2115 vestro

98 2150 143 2207 rel
172 2150 202 2206 in
227 2149 302 2205 mari
327 2156 396 2205 sunt
424 2149 598 2206 constitutus
624 2158 666 2206 est
693 2151 840 2219 dominus,
895 2151 1023 2208 dominio
1045 2158 1073 2208 et
1096 2151 1264 2222 disciplinae.
1292 2151 1373 2208 Unde
1406 2150 1507 2206 divina
1540 2149 1623 2206 nobis
1648 2148 1742 2219 provi·

79 2238 186 2294 aulaei
216 2238 243 2293 in
258 2252 340 2294 esum
370 2245 473 2308 pretor
494 2238 671 2308 sanguinem
695 2253 840 2305 concessa,
895 2240 1171 2311 denregraiiaquae
1195 2239 1278 2296 vobis
1302 2240 1420 2295 omnino
1443 2253 1556 2294 omnem
1581 2245 1744 2307 terraepos-

79 2335 127 2384 xta
150 2327 201 2383 Dei
226 2325 364 2383 benetleia
396 2334 510 2382 terrena
532 2339 598 2398 quae
621 2342 672 2383 vos
699 2328 842 2384 desidera·
895 2327 1051 2385 sessionem
1084 2328 1212 2396 abstulit,
1249 2335 1282 2384 ut
1302 2328 1402 2384 nullus
1422 2327 1553 2383 videlieet
1574 2326 1649 2396 apud
1681 2339 1742 2392 vos,

86 2422 166 2473 tanto
199 2417 329 2486 priorum
362 2414 490 2471 fidelium
521 2417 581 2473 vita
609 2416 697 2474 luerit
722 2416 840 2480 lelicior,
895 2415 967 2488 ivos]
983 2416 1060 2486 apud
1086 2430 1186 2473 omnes
1216 2415 1449 2488 peregrinemini,
1472 2414 1562 2471 nullis
1587 2413 1744 2486 voslegiti-

79 2514 102 2562 to
138 2504 254 2561 liberior
276 2511 303 2560 et
337 2504 484 2561 universis
516 2513 636 2563 terrenae
658 2505 843 2563 habitationis
897 2506 952 2561 mis
976 2506 1078 2562 vestris
1106 2505 1203 2561 sciatis
1231 2505 1381 2562 obnoxios.
1401 2505 1481 2571 Quod
1507 2519 1576 2562 vero
1603 2511 1744 2574 precepto

79 2609 145 2650 nans
173 2593 322 2650 creaturis.
350 2594 464 2658 Quanto
490 2604 587 2651 autern
603 2595 661 2651 Noe
677 2603 705 2651 et
719 2609 841 2653 suorum
895 2595 1125 2651 circumcisionis
1146 2602 1174 2651 et
1197 2595 1328 2664 exempto
1353 2593 1542 2650 norahaenos
1565 2592 1600 2648 ad
1616 2593 1743 2649 circum·

78 2681 194 2739 liberior
220 2682 328 2738 exstitit
346 2695 435 2752 quam
459 2691 563 2750 vestra,
587 2684 717 2740 nondum
740 2682 840 2740 videli-
894 2683 1030 2740 cisionem
1054 2697 1159 2755 urgere
1187 2683 1295 2743 niteris.
1330 2690 1364 2737 ut
1393 2694 1440 2737 eos
1472 2681 1551 2754 [quo]
1582 2695 1639 2752 que
1672 2680 1743 2751 legis

79 2785 130 2843 rgo
147 2770 218 2843 legis
242 2778 345 2827 vestrae
368 2784 513 2841 oppressa,
543 2779 622 2844 tanto
638 2779 665 2828 et
689 2779 787 2829 nostra
810 2773 842 2830 li·
894 2780 1073 2829 sacramento
1098 2771 1230 2828 includas
1257 2770 1366 2841 quibus
1392 2777 1487 2826 lamen
1517 2769 1685 2825 nuliatenus
1706 2768 1743 2824 le-

79 2868 143 2917 rest
168 2859 216 2915 illa
245 2859 393 2929 antiquior
420 2860 481 2916 rita
496 2874 585 2930 quam
610 2860 700 2917 nullis
718 2862 840 2919 exterio·
896 2874 960 2931 gem
982 2875 1043 2917 esse
1069 2860 1167 2916 datam
1192 2859 1324 2915 concedis
1349 2865 1400 2915 aut
1423 2857 1510 2914 etiam
1525 2857 1742 2929 promissionem

100 2949 171 3004 dirae
187 2947 258 3019 legis
280 2947 417 3017 operibus
440 2949 598 3020 constringi
623 2949 667 3015 (tl
684 2949 717 3007 V.
736 2952 746 3019 l
762 2957 840 3020 pote·
857 2961 879 3019 ο
896 2959 979 3006 terrae
1006 2949 1067 3006 lieri
1090 2963 1156 3018 qnie-
1179 2948 1208 3003 in
1233 2955 1315 3018 pacto
1342 2946 1569 3003 circumcisionis
1593 2946 1741 3010 statuitur,

79 3049 248 3094 convineere.
264 3038 332 3101 Quae
354 3036 472 3106 quidem
494 3036 531 3093 ab
549 3037 609 3108 ipso
624 3036 682 3094 Noe
704 3037 840 3105 inchoan·
896 3038 962 3093 ride
982 3039 1124 3108 quamsit
1146 3038 1306 3094 invalidum
1334 3036 1411 3106 quod
1435 3035 1545 3106 objicis.
1568 3037 1640 3091 cum
1665 3035 1741 3091 enim

79 3125 117 3183 :ui
144 3126 179 3181 de
203 3124 378 3181 abstinentia
407 3124 559 3196 sanguinis
587 3127 666 3196 prior
693 3127 738 3182 lex
759 3127 840 3182 insti·
896 3124 1079 3195 praemisisset
1100 3125 1241 3181 Dominus
1265 3124 1503 3183 :circumcidetur
1517 3138 1551 3178 er
1568 3123 1642 3178 uobis
1666 3139 1743 3178 omne

78 3222 131 3282 est,
158 3213 310 3284 diligenter
336 3215 560 3270 consideremus.
587 3216 657 3270 Novi
685 3222 781 3272 tamen
803 3215 841 3271 ie·
895 3215 1076 3269 masculinum
1098 3216 1129 3268 in
1157 3213 1376 3283 generationibus
1398 3215 1509 3280 uestris,
1536 3217 1591 3267 tom
1613 3228 1743 3267 nemaeu-

79 3304 185 3361 aaedam
207 3306 351 3373 precepta
374 3316 467 3373 usque
490 3303 577 3359 etiam
605 3304 640 3359 ad
663 3304 840 3376 alienigenas
895 3303 938 3357 lus
955 3318 1037 3370 quem
1059 3305 1199 3372 emptitius
1214 3306 1240 3358 et
1259 3305 1416 3373 quicunque
1429 3318 1483 3356 non
1503 3303 1589 3369 merit
1606 3302 1639 3357 de
1656 3305 1743 3370 stirpe

79 3392 118 3459 di,
142 3391 251 3448 scilieet
275 3390 338 3446 illos
364 3397 491 3460 tanturn,
509 3406 583 3463 quos
605 3395 776 3449 vernaculos
796 3393 840 3449 vei
894 3397 985 3446 uestra
998 3391 1076 3461 (Gen.
1091 3406 1163 3456 xvn,
1184 3391 1229 3462 οῖ)
1246 3408 1253 3447 :
1271 3392 1395 3461 proiecto
1418 3392 1479 3464 [per
1502 3392 1556 3447 hoe
1572 3390 1649 3461 (55)]
1665 3389 1744 3461 quod

79 3495 91 3538 s
120 3479 265 3537 haberetis
283 3479 328 3536 rei
358 3480 408 3551 qni
440 3481 517 3537 intra
547 3489 642 3551 portas
666 3492 776 3538 vestras
796 3480 840 3537 vel
895 3480 935 3535 ait
953 3481 1086 3537 exvobis
1109 3495 1167 3535 non
1198 3487 1310 3536 tantum
1327 3480 1472 3536 abraham
1487 3489 1515 3537 et
1529 3488 1656 3550 posteros
1679 3479 1744 3550 ejus

79 3583 122 3627 rra
141 3576 236 3625 vestra
256 3567 406 3625 vobiscum
429 3567 602 3625 habitarent.
628 3568 704 3637 Quos
724 3570 841 3640 quidem
895 3569 1125 3638 comprehendit,
1141 3569 1189 3624 sed
1216 3569 1336 3638 insuper
1360 3584 1419 3639 eos,
1440 3571 1610 3640 quicunque
1637 3569 1673 3624 ad
1702 3567 1743 3624 ia·

79 3655 180 3712 nribus
205 3655 274 3713 loeis
294 3655 444 3727 Scriptura
476 3657 631 3729 diligenter
656 3658 839 3726 determinat,
896 3657 1006 3713 millam
1025 3665 1053 3713 et
1078 3657 1284 3727 possessionem
1298 3671 1397 3714 eorum
1427 3657 1569 3738 pertinent
1590 3664 1621 3713 ut
1644 3657 1686 3713 eis
1701 3658 1743 3712 vi-

79 3758 107 3801 os
125 3754 157 3801 tu
173 3745 233 3816 ipse
248 3746 385 3815 superius
397 3759 435 3800 ex
449 3746 509 3816 ipso
522 3746 592 3818 legis
612 3755 762 3816 praecepto,
780 3754 841 3803 tan·
895 3745 997 3803 delicet
1018 3747 1159 3815 imperare
1180 3755 1294 3815 possent
1323 3754 1352 3802 et
1370 3747 1404 3800 ad
1426 3745 1674 3802 circumcisionem
1697 3760 1741 3802 eo·

79 3832 256 3905 rindigenas
280 3834 503 3890 misericorditer
527 3836 691 3891 tractandos
712 3848 774 3891 esse
794 3850 839 3891 os·
896 3851 974 3911 gere.
1012 3836 1093 3893 Unde
1119 3836 1205 3890 etiam
1242 3841 1393 3904 postquam
1431 3834 1516 3901 dixit,
1546 3841 1571 3888 et
1600 3835 1686 3898 uobis,
1716 3842 1743 3890 et

79 3921 116 3978 ili.
134 3919 211 3984 Quos
236 3928 263 3978 et
277 3921 360 3977 robis
381 3921 411 3976 in
440 3921 573 3991 pluribus
588 3923 778 3979 observantiis
794 3923 841 3980 lex
896 3935 994 3998 postea
1022 3923 1161 3991 subdidit,
1187 3926 1218 3979 in
1245 3924 1465 3992 generationibus
1488 3926 1588 3979 uestris
1608 3928 1664 3977 tum
1685 3938 1744 3978 uer-

79 4019 133 4082 rgat
160 4018 189 4066 et
223 4022 240 4065 a
267 4010 378 4066 caeteris
406 4011 566 4082 peregrinis
599 4012 717 4068 advenis
744 4021 841 4081 aperte
895 4016 1009 4070 naeuius
1031 4029 1114 4083 quam
1129 4014 1278 4082 emptitius,
1295 4020 1323 4068 et
1339 4012 1440 4067 deiude
1459 4011 1572 4084 adjecit,
1587 4016 1612 4065 et
1630 4016 1743 4082 quicun-

81 4099 153 4170 guit.
187 4099 268 4156 Unde
298 4114 365 4155 eum
389 4100 430 4156 ait
452 4100 579 4170 quodam
599 4099 659 4156 loeo
683 4117 690 4155 ε
716 4101 840 4171 Septimo
896 4119 1011 4173 quenon
1034 4103 1120 4171 nteit
1134 4102 1168 4156 dr
1183 4103 1273 4171 stirpe
1295 4106 1396 4167 oestro,
1414 4100 1476 4173 [per
1492 4101 1544 4157 hoo
1555 4102 1640 4172 qnod
1656 4102 1741 4168 dixit,

86 4187 171 4255 fumes
188 4189 383 4256 remissionem,
405 4203 464 4258 qua
488 4188 536 4243 boo
558 4188 653 4243 ordine
678 4189 838 4257 celebretur,
895 4196 924 4248 in
947 4190 1167 4263 generationibus
1197 4195 1294 4245 uestris
1324 4196 1349 4245 et
1377 4194 1531 4261 quicunque
1556 4207 1611 4246 non
1639 4196 1691 4246 erit
1710 4191 1743 4246 de

79 4276 177 4330 lebetur
194 4277 303 4345 aliquid
326 4277 361 4331 ob
380 4281 467 4332 amieo
492 4278 536 4332 vel
556 4280 683 4347 proximo
698 4293 730 4333 ae
751 4280 840 4346 srutre
857 4302 880 4360 fl
895 4285 982 4352 stirpe
1006 4287 1107 4345 uestro,
1139 4279 1195 4351 (56)
1224 4294 1231 4336 :
1254 4279 1408 4351 Diligenter
1426 4281 1567 4349 expressit
1586 4280 1664 4351 quod
1692 4294 1741 4337 su·

79 4370 179 4434 epetere
204 4380 258 4418 non
276 4366 386 4433 poterit,
416 4369 482 4435 quin
500 4381 589 4421 annus
612 4367 779 4421 remissionis
800 4372 841 4423 est
897 4370 996 4441 perius
1020 4367 1280 4438 oemprehenderet,
1310 4382 1376 4424 eum
1406 4369 1492 4434 dixit,
1513 4385 1547 4424 en
1569 4370 1655 4436 uobis,
1684 4384 1742 4426 non

79 4454 146 4521 n’;o
170 4455 315 4524 pereurino
329 4459 355 4508 et
375 4454 483 4509 aduena
499 4457 591 4523 ecipes
610 4454 699 4526 (Dent.
716 4468 766 4522 xv,
783 4455 840 4527 iil:
894 4460 989 4517 solum
1031 4458 1166 4514 videlieet
1202 4470 1320 4513 suorum
1362 4459 1563 4528 generationes
1605 4458 1743 4529 posterio-

79 4540 193 4598 edooet
224 4541 607 4613 peregrinumetedvenam
632 4552 764 4601 nontam
789 4544 842 4599 mi·
895 4562 974 4610 rum,
1003 4547 1051 4604 sed
1080 4547 1165 4604 etiam
1197 4545 1335 4602 lamiiiam
1362 4549 1408 4616 (15
1431 4546 1580 4618 liquam
1598 4547 1742 4617 possident

79 4629 174 4686 ›rditer
201 4630 383 4686 tractandum
402 4644 472 4697 esse,
489 4630 563 4687 sieut
578 4631 752 4702 indigenam.
770 4634 842 4689 ilino
895 4636 1136 4709 alienigenarum.
1152 4635 1207 4700 Oui
1221 4635 1309 4690 etiam
1325 4637 1495 4692 sententiam
1510 4636 1629 4693 dicendo
1645 4652 1652 4691 ε
1669 4639 1743 4692 tiril-

79 4731 109 4774 ιο
137 4719 322 4790 peregrinum
346 4719 636 4788 superintellexerat,
677 4720 728 4776 uhi
764 4720 804 4777 ait
831 4737 838 4777 :
895 4741 948 4796 que
974 4731 1085 4796 paetum
1107 4741 1196 4779 meum
1222 4725 1252 4778 in
1280 4740 1360 4779 earne
1379 4730 1479 4793 uestro,
1509 4726 1549 4781 sic
1570 4724 1645 4781 dixit
1660 4739 1743 4795 gene·

99 4805 171 4873 quod
199 4806 330 4862 mundum
351 4810 391 4861 est
410 4807 560 4874 eomedite;
590 4807 726 4874 quidquid
751 4813 841 4865 morti-
895 4815 1003 4880 naliter,
1018 4817 1049 4869 in
1070 4829 1152 4869 corne
1165 4817 1267 4881 uestro,
1292 4814 1368 4870 siout
1391 4821 1459 4869 ante
1472 4814 1584 4870 dixerat
1610 4817 1640 4868 in
1653 4813 1739 4868 uobis.

79 4915 82 4948 ι
113 4900 153 4950 est
178 4910 256 4950 nemo
273 4900 400 4951 vescetur
414 4911 449 4951 ese
468 4910 507 4951 eo.
530 4898 675 4964 Peregrina
697 4898 745 4967 qui
765 4900 841 4954 intro
894 4902 1032 4974 Alioquin
1048 4901 1174 4958 multum
1194 4900 1354 4972 incongrue
1368 4909 1441 4957 esset
1457 4902 1640 4971 promissum,
1657 4902 1742 4973 qussi

79 4989 166 5041 etuas
189 4990 229 5041 est
254 4986 292 5040 do
315 4992 346 5041 ut
368 4986 501 5052 comedet,
520 4992 569 5041 eut
578 4987 665 5042 sende
677 4989 712 5054 ei,
729 4992 793 5059 quio
810 4994 840 5044 tu
894 5005 953 5047 uon
968 4999 1085 5060 paetum
1106 4989 1156 5046 uei
1172 4989 1202 5045 in
1226 5003 1313 5045 earne
1342 4989 1469 5059 ipsorum
1486 5004 1623 5060 apparere
1638 4989 1694 5047 nisi
1714 4998 1742 5047 et

79 5089 110 5128 us
139 5078 254 5130 sonetur
279 5075 389 5130 Domini
409 5076 451 5129 tui
477 5078 564 5131 brier
580 5077 670 5144 theut.
706 5090 767 5145 arv,
790 5080 840 5134 20·
894 5078 988 5137 semri
1015 5077 1304 5134 circumciderentur.
1331 5077 1412 5133 Unde
1426 5086 1453 5133 et
1468 5093 1518 5148 per
1532 5078 1586 5134 hoe
1605 5079 1682 5149 quod
1701 5078 1743 5135 di·

79 5162 167 5235 bonge
195 5176 322 5235 namque
336 5170 421 5219 antea
445 5163 475 5219 in
498 5163 555 5220 alio
583 5164 657 5221 libro
673 5181 680 5220 :
696 5166 840 5223 Aduenom
894 5169 981 5235 citur,
1005 5170 1036 5221 in
1055 5182 1137 5222 eorm
1152 5171 1253 5232 uestra,
1283 5166 1357 5235 ipsos
1385 5180 1503 5238 quoque
1519 5167 1647 5225 advenas
1666 5182 1742 5225 eom-

95 5253 144 5322 qui
166 5253 242 5307 intro
261 5266 307 5307 eos
332 5251 489 5308 habitando
512 5267 571 5308 non
593 5255 769 5311 transeundo
793 5270 839 5327 pe·
893 5255 1032 5330 prehendi
1067 5261 1186 5312 constat.
1227 5255 1302 5311 iilud
1335 5269 1452 5326 quoque
1479 5256 1559 5327 qnod
1586 5257 1741 5315 novissime

78 5341 324 5415 raturlsieutea,
349 5341 476 5413 quesibi
505 5342 639 5413 proxima
659 5345 836 5414 praeminun-
892 5344 1020 5402 additam
1062 5342 1233 5400 sententiam
1269 5354 1422 5402 consumat
1452 5358 1460 5399 ε
1487 5347 1625 5403 limenius
1662 5348 1740 5418 eujus

79 5526 83 5583 l
98 5518 186 5578 lineis
198 5519 312 5579 inclusa
327 5519 468 5594 leguntur
481 5521 511 5579 in
525 5534 619 5594 marg.
927 5520 984 5592 (tt)
1001 5519 1044 5578 td.
