3804 5962
764 184 878 242 subdo
898 183 1016 242 xlllltll.
1653 250 1655 255 ,
1708 192 1760 247 580

79 319 112 365 m.
140 305 216 364 cives
271 305 444 377 appellandi.
487 307 616 375 Quorum
654 307 861 379 impudentiam
877 314 901 363 Α
916 323 1025 380 gerere,
1052 309 1129 382 quod
1158 317 1364 382 proposuerant
1405 310 1515 385 lugere.
1554 315 1627 370 Sunt
1654 322 1682 371 et
1713 317 1765 387 qui

79 391 159 451 imus
181 394 228 453 ille
242 394 451 452 monachorum
472 403 499 452 et
523 395 781 454 ecclesiasticorum
800 398 866 454 doc-
921 396 1005 470 longa
1031 399 1119 455 eremi
1150 399 1366 456 conversatione
1389 407 1417 457 et
1446 400 1621 458 abstinentia
1650 406 1765 459 tantum

79 496 108 539 m
131 483 324 554 Hieronymus
342 497 479 556 arguens,
494 493 523 541 et
542 493 671 543 nostram
692 499 727 542 ac
742 485 862 543 clerico·
919 485 1066 558 religionis
1081 500 1186 544 nomen
1208 487 1302 557 adepti
1329 493 1408 555 snnt,
1424 495 1458 545 ut
1483 503 1501 545 a
1527 488 1693 561 potentibus
1716 504 1779 548 sm,

107 571 200 629 vitam
226 572 378 645 diligenter
407 572 600 645 distinguens,
631 574 671 632 ait
699 575 774 648 (belz
805 597 820 626 «ι
835 576 865 632 Si
919 574 977 631 culi
1003 575 1048 632 vel
1061 575 1251 633 saecularibus
1267 575 1336 633 siris
1358 576 1414 633 sub
1436 571 1536 649 aliqua
1551 578 1664 650 pietatis
1679 592 1765 636 coca·

79 667 196 731 topatus
232 668 258 717 te
283 660 329 718 vel
356 675 430 731 opus
457 661 500 718 rel
536 676 611 719 onus
635 663 707 720 lorte
731 664 862 734 delectat,
918 662 997 719 sione
1011 666 1117 735 saepius
1131 663 1300 731 invitentur,
1313 671 1341 720 et
1354 663 1396 720 sie
1418 664 1557 722 diabolico
1576 666 1673 724 cribro
1687 680 1766 723 more

92 748 123 804 in
145 747 269 804 urbibus
287 756 314 804 et
330 748 463 815 castellis,
476 755 513 820 ,et
527 750 650 807 aliorum
666 752 798 822 salutem,
819 752 865 809 lac
918 748 1007 818 paleae
1027 748 1179 817 ,ventilati
1204 750 1240 806 de
1269 763 1365 806 eremo
1388 758 1566 808 renoventur
1585 751 1616 808 in
1647 751 1764 808 saecnlo.

79 850 128 894 nm
153 836 337 894 animaetuae.
352 835 380 893 si
405 836 486 907 cupis
505 851 568 895 essa
593 838 788 911 quoddiceris
803 857 862 898 mo·
917 836 972 904 Qui
995 837 1095 895 multis
1127 838 1328 896 adulationum
1356 838 1505 896 lareribus
1537 839 1614 896 dona
1640 838 1765 897 divitum

79 941 132 997 lus,
147 926 177 984 id
201 934 244 984 est
267 926 357 992 solus,
376 926 447 996 qnid
476 926 546 983 lacis
572 927 602 983 in
631 928 766 998 urbibus,
794 945 860 1001 quae
916 935 1064 997 venantes,
1085 934 1145 985 tam
1171 940 1255 984 snam
1285 940 1375 998 quam
1408 926 1673 999 illorumJugnlant
1702 928 1765 985 ani-

79 1029 115 1074 na
143 1030 201 1072 non
232 1022 302 1073 sunt
324 1014 452 1071 solorum
480 1015 657 1083 habitacula,
686 1017 736 1074 sed
759 1020 863 1077 multo·
917 1029 987 1079 mas,
1022 1010 1096 1072 sicul
1123 1016 1264 1086 scriplum
1296 1023 1353 1073 0³1:
1381 1018 1428 1073 Vae
1454 1017 1530 1072 vebis
1559 1020 1608 1086 otti
1633 1018 1764 1072 emollit

87 1103 132 1182 i.»
159 1103 237 1160 ldem
252 1102 340 1159 alibi:
357 1123 371 1151 «
396 1104 590 1176 interpretare
612 1105 788 1164 vocabulum
803 1121 863 1165 mo
914 1103 1044 1173 pulvillos
1067 1104 1215 1160 sabamae·
1239 1105 1334 1161 cubita
1361 1120 1470 1173 monus,
1492 1108 1519 1160 ct
1545 1106 1691 1161 cervicalia
1712 1105 1763 1161 sul>

79 1192 111 1264 ti,
126 1193 180 1250 hoc
207 1200 249 1249 ost
264 1206 369 1249 nomen
392 1200 488 1249 tuum.
518 1193 681 1261 ind‘lacis
705 1196 734 1252 in
762 1195 883 1267 turba,¹
915 1195 1005 1262 capite
1025 1198 1159 1250 scisma
1181 1196 1273 1249 ciclis
1301 1193 1495 1263 adcapa'enrlus
1515 1195 1624 1250 enimes
1652 1194 1760 1266 (nacco.

82 1278 255 1338 solusesii
280 1280 371 1337 'lanto
386 1288 483 1338 antem
510 1282 699 1353 periculosius
721 1283 861 1344 insoecn-
914 1295 976 1350 xm,
1001 1284 1055 1352 le).
1085 1282 1119 1338 Et
1148 1295 1270 1338 rusum:
1286 1283 1388 1353 Populo
1414 1297 1498 1344 meos,
1526 1281 1577 1352 qai
1604 1287 1629 1338 te
1659 1282 1764 1353 decrip-

79 1381 125 1426 tus
153 1368 254 1432 turbis,
287 1365 549 1439 etqinfrequemtia
572 1370 723 1427 bominum
745 1372 860 1430 habita·
913 1377 986 1437 caat,
1001 1372 1058 1441 ipsi
1087 1375 1111 1426 te
1125 1370 1275 1441 decipiunt,
1293 1375 1319 1426 et
1339 1373 1400 1427 oica
1415 1388 1557 1441 muscam
1584 1377 1692 1428 tuorum
1707 1369 1763 1426 dia·

79 1463 220 1528 ,quanto
244 1464 454 1513 eorumnostro
479 1458 572 1529 major
594 1466 636 1515 est
656 1474 807 1530 numeros,
832 1470 861 1519 et
913 1463 1007 1530 sipont
1024 1461 1089 1531 lise.
1115 1475 1155 1522 ru,
1183 1460 1235 1531 le).
1262 1459 1336 1529 Quid
1362 1467 1523 1518 astantem
1555 1458 1690 1531 pulvillos
1715 1472 1764 1515 cu·

79 1545 270 1603 esoernirnus
296 1546 449 1603 seculares
480 1561 569 1618 qnam
598 1547 746 1619 religiosos
769 1549 859 1608 borni·
874 1595 896 1651 Β
914 1548 989 1613 bitis,
1015 1549 1061 1604 vel
1090 1549 1243 1606 cervicalia
1263 1549 1406 1620 capitibus
1432 1562 1604 1620 supponere,
1632 1548 1688 1604 nisi
1709 1560 1762 1604 see·

90 1634 173 1700 ouod
201 1635 318 1706 quidem
338 1634 500 1705 perieulum
520 1643 590 1692 tuno
610 1638 734 1694 maxime
763 1639 858 1698 incur·
913 1637 1058 1696 cularinm
1081 1636 1231 1695 bominum
1260 1638 1351 1695 vitam
1378 1638 1492 1697 blandis
1506 1637 1688 1695 sermonibus
1708 1636 1762 1693 de-

79 1738 115 1795 ts,
139 1738 206 1780 cnm
234 1723 305 1788 bini,
333 1724 379 1780 vel
406 1724 491 1791 terni,
507 1732 534 1782 et
559 1740 774 1798 nonnunquam
798 1729 857 1785 sin·
912 1727 1051 1793 mulcere,
1067 1740 1156 1798 quam
1186 1741 1239 1783 nos
1260 1727 1354 1798 magis
1383 1726 1492 1797 asperis
1517 1724 1763 1796 increpationibus

84 1814 159 1871 inter
174 1814 227 1870 bos
250 1827 464 1870 conversamur.
482 1813 577 1871 Etiam
592 1815 654 1871 baec
669 1815 729 1872 loea
748 1826 856 1888 nostra,

91 1900 225 1959 abbatias
244 1901 337 1958 dicere
362 1916 421 1958 non
438 1916 601 1973 possumus,
627 1904 856 1964 obedientiarum
911 1914 939 1962 et
963 1906 1046 1976 panis
1073 1903 1212 1976 gebennas
1240 1905 1276 1961 ad
1301 1904 1497 1975 paenitentiam
1523 1899 1658 1960 trabere?
1686 1900 1762 1968 Quo·

79 1989 127 2046 ine
153 1990 408 2047 commendamus:
436 1997 515 2047 tanto
548 1992 578 2046 in
610 1991 664 2048 boe
687 1994 857 2053 mentientes
912 2007 978 2050 rum
1004 1993 1080 2049 dena
1098 2006 1165 2049 cum
1181 1992 1396 2059 sustulerimus,
1421 2006 1469 2049 eos
1484 1992 1585 2064 ntique
1606 1990 1640 2046 de
1654 1987 1760 2049 sulira·

80 2076 147 2147 tius,
167 2087 280 2150 quanto
298 2080 334 2136 ab
349 2079 511 2143 obedientia
525 2080 642 2151 regulae,
659 2089 686 2137 ct
700 2081 737 2137 ab
755 2083 857 2141 ordine
911 2081 958 2152 gio
991 2087 1156 2136 nostrarum
1183 2073 1346 2137 c'rationum
1372 2079 1557 2148 confidentes,
1574 2079 1603 2134 in
1628 2077 1689 2134 suis
1708 2076 1762 2133 ini·

79 2167 189 2226 essionis
203 2176 308 2225 nostrae
330 2168 456 2238 amplius
483 2181 675 2226 removemur.
703 2169 756 2226 Ubi
779 2171 856 2229 enim
911 2167 1072 2240 quitatibus
1099 2166 1292 2238 relinquimus
1321 2167 1490 2225 securiores.
1516 2166 1570 2234 Qui
1596 2178 1762 2224 neocaes

79 2254 317 2313 tinstitutionem
344 2255 452 2327 regulus
470 2254 540 2310 ordo
564 2268 622 2312 non
647 2254 772 2322 tenetur,
790 2259 857 2329 quis
910 2255 985 2313 male
1015 2255 1173 2328 acquisisse
1198 2256 1243 2313 vel
1273 2255 1417 2327 possidere
1444 2256 1576 2323 creduut,
1599 2253 1762 2311 undereli-

79 2343 203 2401 dinatam
231 2342 349 2401 domum
369 2343 463 2400 dicere
477 2344 630 2401 vereatur?
650 2345 781 2418 Denique
799 2347 856 2406 duo
911 2343 1005 2416 giosos
1026 2344 1104 2400 viros
1131 2342 1343 2413 eleemosynam
1373 2349 1470 2414 petere
1499 2348 1633 2399 cernunt.
1666 2340 1759 2408 Quam

78 2445 122 2488 rm
158 2444 266 2503 genera
297 2431 504 2487 monachorum
520 2433 701 2488 commendat
729 2434 853 2511 auctori
911 2446 978 2489 oum
998 2432 1181 2502 suscipimus,
1208 2445 1381 2488 mammonae
1402 2430 1565 2503 iniqnitatis
1592 2429 1760 2500 frequenter

99 2519 308 2576 eaenobitarnm
342 2517 448 2574 scilieet
483 2525 571 2589 atque
600 2518 852 2578 anachoretarum.
910 2521 1168 2578 communicamus.
1193 2521 1306 2591 Deque
1326 2520 1444 2591 quidem
1459 2531 1627 2576 mammona
1651 2517 1757 2589 iniqni-

92 2614 189 2663 antem
217 2607 247 2663 in
274 2606 378 2664 saecrrlo
404 2605 467 2661 bini
494 2605 539 2662 vel
556 2606 630 2662 terni
664 2615 715 2663 aut
742 2608 853 2679 singuli
910 2609 976 2665 tatis
999 2608 1151 2665 aDomino
1175 2615 1289 2676 vocata,
1312 2608 1414 2664 beatus
1437 2607 1630 2676 llieronymns
1643 2605 1679 2661 ad
1690 2605 1758 2661 lidi·

79 2700 229 2762 ersantur,
252 2707 305 2751 nec
330 2701 443 2751 tantum
473 2692 597 2750 lratrum
616 2707 771 2751 numerum
803 2697 854 2753 ba·
912 2695 988 2751 biam
1017 2695 1051 2751 de
1078 2695 1200 2751 dirersis
1228 2695 1357 2751 scribens
1372 2693 1600 2765 questionibus:
1624 2693 1678 2746 Fae
1707 2691 1759 2746 tibi

79 2779 149 2854 ,ut
173 2781 385 2839 observantiam
408 2781 517 2854 regulae
550 2782 698 2853 impleant,
728 2783 855 2853 prolecto
912 2785 1013 2839 amicos
1040 2783 1074 2839 de
1093 2799 1249 2839 mammeae
1272 2783 1431 2853 iniquitatis
1458 2782 1532 2853 (luc.
1558 2795 1619 2848 xm,
1639 2781 1665 2850 9)
1689 2779 1759 2852 (57),

79 2870 247 2931 ‚caenobitae
279 2878 357 2940 sunt,
395 2885 449 2927 noc
477 2871 675 2929 anachoretae:
706 2874 853 2934 cenobitae
870 2901 892 2960 G
910 2871 1029 2943 pulchre
1050 2873 1125 2929 dixit
1147 2873 1182 2928 de
1214 2872 1325 2944 iniquo.
1356 2870 1461 2929 Omnes
1485 2869 1562 2927 enim
1585 2868 1695 2924 divitiae
1724 2868 1759 2926 de

79 2976 126 3020 em
159 2976 226 3020 cnm
252 2960 307 3018 snb
338 2960 441 3031 regula
475 2975 534 3018 non
565 2960 682 3033 degant,
716 2963 764 3020 sed
801 2980 854 3024 nec
909 2960 1063 3032 iniquitate
1077 2959 1274 3026 descendumt,
1290 2967 1318 3016 et
1332 2957 1388 3015 nisi
1407 2956 1480 3014 alter
1501 2953 1664 3027 perdiderit,
1687 2953 1760 3011 alter

79 3050 189 3109 ‚boretae
207 3063 273 3107 cum
284 3048 315 3105 in
332 3047 486 3106 solitudine
496 3063 553 3107 non
564 3051 673 3108 vivant.
908 3064 966 3107 non
994 3057 1086 3122 potest
1114 3049 1255 3106 invenire.
1286 3048 1367 3105 llnde
1400 3045 1452 3103 illa
1476 3044 1596 3117 vulgata
1615 3041 1758 3100 sententia

79 3138 124 3196 lod
138 3137 163 3195 si
187 3151 241 3194 neo
258 3137 378 3204 monita,
396 3150 449 3192 neo
474 3138 606 3209 exempla
625 3148 790 3199 sanctorum
806 3142 854 3200 Pa·
909 3139 979 3197 mibi
1007 3138 1207 3196 videturesse
1238 3136 1403 3194 verissima:
1431 3155 1446 3184 α
1461 3134 1545 3189 bivos
1568 3139 1666 3188 autem
1699 3130 1759 3187 ini-

79 3244 87 3286 ι
111 3239 197 3285 nosa
218 3227 323 3283 seculo
346 3224 551 3283 tentationibus
576 3227 661 3298 pleno
677 3239 853 3290 revocantet
908 3240 995 3298 quus,
1028 3230 1080 3283 aut
1106 3223 1199 3296 iniqui
1224 3224 1325 3281 haeres.
1352 3244 1367 3274 »
1389 3222 1495 3279 Seneca
1523 3219 1554 3276 in
1578 3217 1757 3275 Proverbiis:

95 3313 180 3374 lucra
207 3314 368 3386 corporalia
400 3313 535 3385 cupimus
573 3330 663 3386 qnam
688 3318 852 3377 animarum
911 3314 1067 3372 «Lucrum
1092 3313 1155 3371 sine
1177 3312 1287 3370 damno
1313 3311 1433 3368 alterins
1458 3309 1520 3367 lieri
1542 3322 1602 3365 uon
1621 3313 1755 3379 potest·

79 3416 114 3464 na
154 3405 305 3461 timemus:
336 3402 399 3474 ipsa
425 3403 525 3461 saltem
554 3420 652 3464 rerum
688 3415 853 3465 nostrarum
907 3401 1145 3474 llempraediotus
1163 3400 1262 3458 doctor
1278 3400 1307 3456 iu
1331 3397 1406 3455 isaia
1432 3398 1509 3470 (58):
1539 3397 1683 3465 Principes
1714 3396 1758 3450 tui

79 3493 199 3561 nmoda,
218 3507 284 3563 quae
306 3491 341 3549 de
356 3493 503 3550 communi
527 3494 677 3553 bominum
704 3510 854 3553 conversa.
908 3491 1084 3557 sortiturum
1105 3488 1170 3560 (lac.
1199 3503 1218 3557 r,
1247 3486 1304 3558 23).
1326 3486 1472 3557 Principes
1492 3482 1608 3541 Scribas
1627 3489 1711 3541 vocal
1731 3490 1759 3540 et

79 3608 81 3633 ι
103 3581 271 3654 frequenlel·
293 3582 480 3650 sustinemus,
506 3597 559 3639 nos
581 3584 618 3640 ab
634 3585 689 3640 hac
713 3598 854 3656 ppaesum.
908 3573 1077 3643 Phelisaeos‚
1102 3576 1185 3646 quie
1210 3576 1330 3632 nomino
1348 3573 1521 3639 recedentes,
1543 3569 1613 3627 socii
1639 3569 1759 3626 luerunt

79 3685 103 3729 re
124 3676 315 3741 compescant.
345 3673 469 3727 lncnrsn
499 3671 607 3743 qnippe
637 3673 764 3730 hostium
787 3673 854 3730 qvi.
909 3663 1061 3732 proditoris
1083 3662 1215 3734 lorisque
1234 3663 1326 3720 indae.
1342 3661 1423 3728 Quod
1452 3659 1570 3731 quidem
1591 3667 1619 3716 et
1634 3673 1687 3716 nos
1712 3670 1759 3716 ca·

120 3761 198 3832 ipsas
234 3759 278 3816 vel
307 3773 373 3831 qnae
406 3759 514 3816 civium
544 3768 614 3818 sunt
652 3761 851 3833 depopulante,
907 3765 976 3808 vere
1004 3750 1152 3820 debemus,
1183 3766 1219 3809 ne
1254 3750 1423 3822 accipientes
1453 3749 1489 3806 ab
1516 3748 1681 3806 bominibus
1697 3761 1760 3805 mu·

93 3856 201 3907 nostrie
235 3848 343 3919 pariter
378 3861 444 3905 cum
482 3848 571 3905 rebus
599 3862 700 3906 eorum
732 3850 852 3922 junctae,
908 3853 988 3908 nera,
1027 3840 1078 3911 qui
1118 3853 1169 3911 per
1205 3841 1324 3911 rapinas
1359 3839 1591 3908 miserorumque
1615 3838 1760 3906 lacrymas

79 3937 206 3997 immuni
242 3936 323 3993 clade
366 3951 424 3993 non
465 3946 585 4008 possunt
610 3952 670 3994 esse
702 3938 853 4010 disjunctae
908 3929 1024 3987 divitias
1042 3931 1229 4000 congregant,
1256 3927 1325 3985 socii
1350 3926 1450 3984 lurum
1474 3924 1664 3997 appellemur,
1679 3923 1757 3980 diea-

79 4026 191 4085 tntibus
212 4040 330 4098 quoqne
367 4026 508 4096 hostibus,
538 4027 705 4099 trequenter
732 4029 763 4085 in
789 4029 854 4085 civi·
907 4026 1016 4089 turque
1052 4016 1148 4074 1¹⁰bi⁸²
1192 4017 1309 4074 Vidibssi
1343 4018 1445 4085 retem,
1481 4019 1507 4070 ⁶2
1540 4013 1668 4069 0888θῦ88
1697 4026 1758 4066 ium

79 4130 115 4175 ns
157 4115 329 4188 contingunt
366 4115 523 4186 improvisa
567 4116 718 4174 domorum
757 4117 853 4175 incon.
907 4121 936 4162 eo
969 4105 1054 4178 (Paul.
1095 4119 1176 4174 xcix,
1217 4105 1275 4176 le.)
1316 4105 1421 4162 Omnes
1457 4103 1583 4176 diligunt
1623 4113 1757 4159 muneras

79 4209 134 4269 per
167 4209 233 4268 qne
265 4204 323 4252 tam
351 4194 487 4263 oratoria,
523 4208 613 4267 qnam
645 4195 767 4253 cilicinae
795 4195 969 4253 moliNon
988 4194 1062 4252 dixit
1076 4194 1129 4266 qni
1145 4194 1302 4265 accipiunt,
1331 4191 1565 4262 hocenimsrepe
1588 4188 1758 4247 necesitate

79 4295 170 4340 ‚orum
201 4280 313 4351 penitus
345 4287 568 4337 consumuntur.
596 4281 661 4352 lpsa
680 4281 782 4338 saltem
803 4282 853 4339 da·
909 4283 951 4350 lit,
976 4282 1025 4340 sed
1052 4290 1121 4340 sunt
1136 4281 1187 4354 qui
1211 4294 1269 4339 non
1290 4287 1395 4352 putant
1408 4279 1525 4347 amicos,
1549 4277 1759 4349 nisiaquibus

79 4416 83 4438 ‚
125 4385 194 4443 qne
235 4369 374 4442 lngiendo
420 4370 608 4439 incurrimus,
645 4370 779 4443 relegere
817 4371 854 4428 ad
909 4369 985 4426 dona
1012 4371 1204 4442 perceperint:
1234 4385 1288 4428 nec
1321 4383 1353 4427 os
1376 4368 1559 4426 considerant
1585 4368 1756 4433 amicornm,

79 4458 194 4518 udinem
239 4459 360 4517 doceant
411 4466 444 4516 ut
474 4459 558 4531 qnasi
590 4458 736 4516 mercibus
750 4459 855 4517 nostris
909 4459 958 4516 sed
973 4474 1093 4531 manus3
1123 4466 1151 4518 et
1173 4474 1221 4517 ecs
1243 4466 1357 4519 sanctos
1384 4459 1527 4530 judicant,
1559 4471 1685 4529 qnorum
1708 4469 1759 4512 ex·

79 4557 176 4608 estate
198 4548 321 4617 amissis,
355 4548 391 4604 de
426 4547 558 4619 procellis
582 4548 681 4605 saeculi
704 4547 749 4606 vel
782 4549 855 4607 nudi
909 4547 1052 4605 hauriunt
1088 4546 1279 4618 marsupium.
1308 4548 1348 4603 lie
1376 4545 1485 4619 quibus
1516 4553 1544 4602 et
1571 4543 1758 4602 ecclesiastes

79 4652 194 4697 aremus
212 4638 248 4695 ad
275 4637 381 4709 quietis
409 4645 437 4694 et
453 4637 616 4695 solitudinis
640 4645 767 4710 portum,
782 4637 856 4697 Sunt
909 4633 1052 4705 loquitur:
1087 4636 1142 4703 Qui
1164 4636 1285 4702 loquitar
1321 4637 1480 4705 pecaniam,
1513 4647 1568 4688 aon
1598 4631 1760 4702 implebitur

79 4725 271 4786 nsolitndine
286 4725 475 4784 tabernacula
497 4740 552 4784 soa
574 4725 725 4794 collocant,
741 4727 790 4784 sed
805 4727 856 4784 mi·
910 4723 1007 4793 (decla,
1031 4739 1057 4792 v,
1080 4724 1119 4795 9).
1147 4723 1316 4796 Sequuntur
1344 4722 1560 4790 retributiones,
1580 4729 1615 4777 ut
1637 4720 1757 4778 laudent

79 4832 84 4871 l
112 4822 309 4887 perseverant.
338 4813 420 4884 Quod
442 4814 561 4888 quidem
587 4813 686 4873 multis
700 4814 735 4872 de
760 4815 855 4873 causis
910 4824 997 4869 ensa
1024 4810 1133 4882 quibus
1157 4810 1268 4883 aliquid
1297 4809 1468 4880 acceperint,
1499 4809 1545 4865 vel
1575 4816 1651 4866 certe
1681 4808 1757 4865 nulli

78 4904 122 4963 lir.
144 4903 201 4960 Alii
223 4904 331 4977 quippe
355 4903 534 4975 paupertatis
552 4918 613 4961 snae
636 4902 754 4961 modum
771 4917 866 4961 exce·.
911 4898 1062 4972 quippiam
1089 4898 1229 4967 tribuant,
1249 4897 1306 4964 nisi
1325 4912 1343 4954 a
1365 4910 1424 4969 quo
1439 4911 1469 4954 se
1489 4903 1655 4968 recepturos
1674 4901 1759 4966 puta-

79 5006 117 5063 rs,
146 4996 176 5050 et
198 4993 311 5064 majera
333 4992 395 5050 suis
420 4992 533 5050 viribus
548 4992 761 5066 aggredientes,
776 4992 855 5064 qnod
911 4987 1015 5047 verint.

79 5080 188 5141 babent
204 5080 240 5139 de
252 5081 376 5153 proprio,
388 5082 523 5155 supplere
534 5089 680 5155 coguntur
695 5096 732 5140 cx
748 5080 854 5153 alieno,
947 5076 1057 5149 Siquis
1082 5084 1180 5134 antem
1195 5075 1347 5148 diligenter
1369 5074 1529 5132 consideret
1552 5073 1632 5146 qnod
1646 5073 1686 5133 ait
1702 5074 1759 5132 llo·

79 5184 107 5231 ro
125 5169 389 5230 necessitudinibus
408 5171 469 5229 suis
491 5185 521 5228 se
545 5185 666 5231 rursum
681 5170 787 5232 seculo
808 5170 858 5229 in·
911 5166 1025 5224 minus:
1054 5166 1149 5222 Facite
1175 5165 1250 5221 cobis
1268 5165 1368 5220 amicos
1390 5163 1425 5219 de
1446 5178 1601 5220 mammona
1622 5165 1760 5235 iniquitu-

79 5350 88 5475 )
112 5344 415 5477 ἧαῶτοὶὲῶοπξεέχη,
430 5344 484 5406 ool.
502 5347 565 5416 582,
581 5347 643 5403 588.
946 5340 1003 5414 (88)
1023 5338 1127 5397 Patrol.
1144 5347 1212 5398 tom
1230 5339 1326 5408 Xltlll,
1342 5338 1396 5397 col.
1409 5341 1455 5396 88.

180 5459 199 5489 .,
265 5459 272 5474 .
344 5460 350 5475 .
609 5468 612 5475 ,
