3804 5962
72 163 138 220 tter

339 161 441 217 PETRI
458 159 641 233 demetitur
661 159 737 214 OPP.
758 158 847 213 PARS
864 157 913 210 tlt.
928 155 1184 213 -Tflbutosstca
1203 156 1246 209 ET
1267 151 1529 210 Puttiosoetttdtt.

69 282 164 339 nitum
181 281 326 352 iargopro
349 294 408 335 non
435 279 531 349 genito
553 279 646 335 dicere
675 277 732 333 nisi
756 277 825 333 iorte
849 275 912 332 dili·
927 273 952 326 Α
967 289 1001 331 ιι
1016 277 1091 331 sicut
1106 289 1164 331 non
1189 274 1313 330 dicimus
1339 281 1395 329 tres
1421 271 1570 337 essentias,
1604 270 1646 327 sie
1666 283 1728 326 nen

70 369 239 442 gausleetor
269 368 323 424 boc
339 368 374 423 ad
401 367 582 438 hypothesim
602 381 652 436 per
680 378 851 421 eonsensum
867 378 914 434 pe-

71 461 128 517 tius
146 458 288 522 deflectat,
318 471 408 528 quam
438 456 474 512 ad
491 456 620 512 veritatis
650 456 847 520 assertionem,
872 459 915 519 ut,

1 572 2 576 ¹
71 547 315 620 quemadmodum
335 559 425 615 supra
436 546 498 615 jam
512 545 704 610 astruximus,
728 544 811 599 Pater
826 547 853 598 ιι
869 555 913 612 ge·

72 636 261 694 neranssicut
276 635 422 706 ingenitus
447 641 559 690 tanturn
575 635 609 690 de
635 633 694 689 solo
710 633 794 693 Patre
808 630 864 687 dici
886 630 918 685 li-

72 732 152 792 eeat3
178 738 237 780 non
260 723 347 779 etiam
368 737 426 779 non
442 723 556 793 genitus
569 723 628 778 solo
648 721 719 777 Tillo
735 720 804 791 (78),
817 727 845 776 ιι
860 719 918 788 Spi-

72 814 145 871 ritus
173 819 290 869 sanetus
317 825 369 867 seu
388 811 544 881 procedens
570 812 687 867 aPatre
704 810 786 877 Filio,
810 809 845 863 de
859 808 917 863 solo

75 901 181 973 Spiritu
209 908 318 957 saneto.
346 901 382 955 ut
409 913 476 956 vero
499 900 587 964 Deus,
612 898 762 964 Dominus,
791 898 917 961 Creator,

71 991 261 1060 omnipotens,
283 989 451 1055 immensus,
477 995 615 1054 aeternus,
640 985 825 1056 principium,
842 985 915 1051 vita,

74 1080 185 1148 lumen,
201 1086 228 1135 et
248 1093 432 1149 quaeeunque
448 1077 483 1132 ad
498 1077 604 1133 divinae
620 1084 734 1132 naturae
748 1076 918 1146 dignitatem

73 1169 208 1236 attinent,
228 1181 286 1223 non
313 1167 349 1223 ad
377 1180 568 1236 personarum
593 1164 829 1234 significantiam,
859 1170 918 1219 tam

74 1255 248 1327 desingulis
277 1255 416 1325 personis,
442 1269 531 1325 quam
553 1254 588 1309 de
615 1253 656 1309 eis
686 1251 775 1308 simul
799 1251 919 1307 dicenda

74 1352 153 1401 sunt.
165 1343 291 1399 Trinitas
305 1356 373 1398 vero
402 1343 436 1398 de
451 1343 543 1398 tribus
570 1341 770 1398 tantummodo
791 1339 919 1408 personis

73 1432 159 1488 simul
186 1439 214 1487 ιι
242 1429 420 1501 conjunctim
437 1431 556 1498 dicitur,
583 1444 641 1486 non
665 1429 780 1485 divisim
809 1429 843 1484 de
860 1441 920 1484 uua

972 378 1037 420 mus
1054 371 1110 420 tres
1123 363 1348 431 masnitudiues.
1376 362 1437 416 Una
1461 362 1569 430 quiippe
1598 366 1742 415 tantume

971 453 1035 509 dem
1054 467 1098 508 res
1119 461 1161 507 est
1184 453 1212 506 in
1242 450 1364 521 singulis
1379 449 1508 520 personis
1532 462 1592 505 uua
1613 456 1642 504 et
1665 447 1742 503 indit

971 542 1085 611 penitus
1100 541 1271 606 substantia,
1294 546 1381 609 atque
1397 538 1513 594 omnine
1540 537 1663 607 simplex
1684 549 1742 592 esse

972 631 1019 686 cni
1044 638 1100 685 tres
1125 629 1179 685 illae
1210 632 1308 683 insunt
1330 628 1528 697 proprietates
1554 625 1719 682 sectandum

972 722 1161 788 personarum
1177 717 1306 772 consistit
1319 716 1479 782 diversitas,
1491 730 1550 771 non
1563 715 1663 784 aliqua
1675 715 1706 769 in
1721 727 1742 768 n

972 821 1092 862 numero
1105 806 1269 871 multitudo,
1295 819 1362 859 eum
1388 805 1424 858 sit
1447 818 1505 859 uua
1520 811 1634 858 tanturn
1654 817 1702 858 res
1716 804 1739 858 si

973 891 1041 949 laris
1055 902 1142 963 atque
1171 895 1288 949 ottrnino
1319 892 1510 948 indivisibilia.
1538 892 1618 947 Unde
1644 898 1742 946 sancta

973 980 1154 1037 individuam
1171 981 1294 1036 dicimus
1319 980 1498 1047 Trinitatem,
1518 994 1583 1036 eum
1611 979 1693 1036 nulla
1726 979 1742 1033 ιι

973 1069 1009 1124 ιιι
1028 1070 1182 1126 multitudo
1196 1084 1305 1135 rernm,
1334 1070 1384 1124 sed
1410 1069 1470 1125 sola
1495 1069 1646 1124 diversitas
1660 1080 1742 1138 propt

974 1166 1045 1214 tum.
1061 1159 1176 1215 Constat
1203 1159 1301 1228 itaque
1320 1166 1377 1213 tres
1404 1172 1539 1227 personas
1564 1158 1618 1213 sibi
1647 1171 1699 1227 per
1722 1171 1738 1213 o

973 1247 1143 1316 coaequales,
1170 1248 1244 1303 sicut
1270 1246 1294 1301 ei
1332 1254 1488 1301 coaeternas
1520 1261 1589 1313 esse,
1615 1246 1688 1316 quia
1708 1257 1742 1301 ιιι

973 1336 1123 1406 dignitatis
1146 1336 1335 1391 differentiam
1360 1335 1466 1390 babere
1481 1338 1612 1404 possunt,
1629 1348 1742 1405 quarun

973 1424 1038 1480 dem
1052 1426 1166 1494 penitus
1181 1425 1304 1480 essentia
1328 1423 1485 1494 singularis
1500 1423 1700 1479 atiudividua.

74 1534 186 1586 earum,
201 1518 246 1575 rel
261 1519 297 1574 de
311 1520 426 1575 duabus
443 1532 493 1588 per
507 1533 546 1585 se,
562 1518 611 1574 sed
634 1518 667 1573 de
683 1518 776 1574 tribus
793 1525 916 1573 tantum.
934 1549 955 1603 B
1009 1513 1125 1568 Constat
1139 1527 1171 1567 ev
1188 1513 1242 1567 boo
1257 1526 1373 1582 quoque
1392 1511 1502 1567 nullam
1518 1511 1606 1566 trium
1627 1524 1742 1580 persona

74 1609 175 1678 Neque
190 1608 266 1665 enim
280 1609 363 1664 Pater
382 1615 424 1663 est
437 1607 574 1673 Trinitas,
597 1606 651 1662 boe
661 1613 702 1662 est
718 1613 774 1661 tres
789 1618 917 1674 personae

73 1695 170 1765 simul,
191 1710 252 1753 uua
275 1704 398 1762 tantum,
417 1697 493 1751 Deus
513 1703 627 1750 tantum
649 1695 708 1764 ipse
727 1694 853 1749 Trinitas
865 1701 915 1767 ιιι,

73 1793 101 1842 et
120 1787 196 1843 Deus
210 1786 270 1856 ipse
285 1785 377 1853 Pater,
394 1799 447 1839 nee
463 1790 558 1839 tamen
574 1783 639 1839 ideo
655 1783 737 1838 Pater
756 1789 798 1837 est
820 1781 919 1837 Trini-

76 1881 128 1930 ιιι.
160 1873 206 1930 Sic
229 1887 282 1930 nee
315 1872 404 1929 Filius
429 1887 482 1929 nec
503 1872 627 1942 Spiritus
653 1878 770 1926 sanetus
793 1869 919 1925 Trinitas

74 1961 131 2017 diei
150 1967 251 2031 potest,
267 1960 317 2018 sed
340 1974 401 2016 una
429 1967 542 2016 tautum
567 1959 597 2015 in
618 1958 757 2015 Trinitate
785 1971 916 2027 persona.

74 2051 158 2106 Pater
181 2051 280 2121 itaque
306 2057 334 2106 et
363 2047 458 2106 Filius
480 2056 509 2105 ιι
532 2048 654 2118 Spiritus
672 2054 790 2103 sanetus
805 2047 920 2116 propria

74 2146 143 2196 sunt
167 2139 286 2194 nomina
311 2137 494 2207 singularum
517 2150 706 2207 personarum
725 2151 732 2205 ;
754 2144 780 2190 et
795 2135 921 2191 Trinitas

74 2227 164 2283 trium
191 2225 278 2281 simui
303 2225 454 2294 proprium
478 2231 520 2280 ιιι
549 2239 673 2291 nomen;
701 2225 776 2279 [leus
799 2237 869 2279 vero
893 2229 920 2278 et

76 2314 217 2370 Dominus
231 2320 259 2369 ιι
268 2321 371 2368 eaetera
385 2311 566 2382 supraposita
587 2311 752 2366 communia
776 2318 844 2366 sunt
861 2317 919 2366 tam

76 2400 201 2471 singulis
216 2401 357 2470 personis,
384 2413 474 2470 quam
501 2399 553 2455 toti
580 2399 724 2455 Trinitati.
743 2398 838 2453 Unum
852 2413 919 2454 vero

51 2509 55 2513 ⁴
76 2502 181 2544 nomen
195 2495 237 2544 est
251 2487 327 2558 qued
357 2487 626 2558 singulislperseuis
647 2493 673 2541 et
689 2500 748 2541 non
768 2485 808 2540 eis
833 2485 918 2541 simul

76 2590 230 2633 commune
255 2583 306 2632 est.
323 2576 380 2632 Hoc
400 2575 534 2632 videlicet
557 2589 664 2631 nomeu
692 2588 822 2644 persona,
840 2574 920 2644 quod

76 2663 107 2720 in
130 2664 241 2721 caeteris
265 2662 384 2720 minime
400 2664 534 2735 reperies.
560 2664 623 2720 Nou
639 2677 708 2734 ergo
735 2663 843 2718 mirum
859 2663 882 2717 si
893 2668 920 2718 ιι

75 2751 104 2808 ιι
118 2752 244 2809 ιοιιιιιιι
256 2753 309 2809 boe
324 2767 429 2809 nomen
456 2752 607 2822 possideat,
640 2758 672 2808 ut
701 2751 795 2820 ipsum
824 2750 918 2806 selum

973 1600 1009 1656 ab
1025 1601 1082 1655 alia
1110 1601 1338 1657 substantialiter
1357 1614 1417 1655 esse
1440 1601 1593 1666 diversam,
1616 1600 1662 1655 vel
1679 1599 1742 1655 etiar

973 1689 1103 1744 cundum
1123 1703 1279 1745 numerum
1303 1703 1401 1745 rerum
1420 1703 1480 1745 esse
1504 1690 1668 1756 discretam,
1692 1689 1741 1745 sad

974 1778 1120 1833 tummodo
1142 1779 1313 1847 proprietate
1343 1793 1396 1834 sna
1425 1780 1567 1833 diversam
1592 1792 1653 1834 esse
1676 1791 1742 1835 unat

974 1866 1040 1933 alia,
1057 1881 1115 1922 non
1140 1875 1236 1921 autem
1251 1867 1413 1922 substantia
1428 1865 1593 1922 dissimilem
1610 1873 1662 1922 ιιι
1686 1880 1742 1922 ιιι

975 1961 1007 2009 ιι
1022 1954 1108 2009 arins
1123 1961 1216 2024 putat.
1246 1956 1324 2010 Unde
1344 1964 1387 2011 est
1400 1955 1625 2011 illudrlmbrosii
1643 1955 1684 2010 De
1713 1953 1742 2010 ιιι

976 2045 1156 2111 Gratianum,
1186 2043 1259 2098 libro
1287 2059 1324 2098 u:
1353 2043 1537 2113 «Apostolus
1564 2043 1633 2099 dicit
1661 2043 1741 2114 imag

975 2132 1141 2188 Patrisesse
1165 2131 1322 2198 Christum,
1349 2132 1437 2188 Arius
1461 2132 1528 2187 dicit
1551 2147 1613 2188 esse
1636 2132 1742 2188 dissim

976 2230 1002 2278 ιι
1017 2221 1080 2277 vult
1094 2229 1125 2276 ut
1140 2221 1224 2276 Pater
1240 2221 1408 2276 dissimilem
1432 2221 1562 2291 genuerit
1589 2221 1646 2287 sui,
1665 2222 1740 2292 quas

976 2318 1075 2381 potens
1101 2310 1152 2379 qui
1181 2324 1318 2378 generare
1351 2310 1406 2365 sibi
1426 2309 1549 2365 similem
1576 2324 1635 2365 non
1653 2317 1741 2379 potue

976 2399 1047 2453 ltem
1063 2412 1070 2451 :
1087 2399 1208 2469 «imago
1225 2399 1305 2453 deret
1324 2409 1383 2454 non
1397 2413 1458 2453 csse
1472 2397 1648 2454 dissimilem.
1666 2418 1678 2446 ι
1697 2397 1741 2455 No

976 2486 1073 2556 itaque
1089 2487 1172 2541 Pater
1187 2487 1265 2543 aliud
1282 2501 1370 2556 quam
1386 2487 1476 2542 Filius
1486 2487 1531 2543 vel
1551 2487 1675 2557 Spiritus
1690 2499 1743 2542 san

975 2582 1026 2630 aut
1052 2575 1142 2630 Filius
1158 2589 1246 2644 quam
1268 2575 1390 2644 Spiritus
1412 2582 1538 2641 sanctus,
1568 2590 1621 2631 nec
1647 2576 1678 2630 in
1698 2589 1741 2631 nn

976 2662 1095 2719 divisus.
1116 2663 1179 2718 Non
1207 2673 1258 2729 est,
1290 2664 1421 2733 inquam,
1451 2665 1530 2720 aliud
1551 2666 1580 2719 in
1610 2671 1730 2733 natura,

975 2765 1161 2821 unaquaeque
1189 2753 1278 2807 trium
1307 2765 1496 2821 personarum
1524 2752 1560 2808 sit
1584 2752 1686 2808 eadem
1707 2765 1741 2822 pe

75 2855 112 2897 ιι
133 2841 337 2898 ιιιιιιιιιιιι
359 2854 549 2911 personarum
571 2840 739 2896 nominibus
769 2839 920 2909 pluraliter
936 2840 958 2896 t:
975 2840 1074 2896 divina
1098 2841 1277 2907 substantia;
1300 2841 1348 2895 sed
1364 2841 1438 2896 alius
1458 2848 1499 2896 est
1526 2855 1659 2910 persona,
1689 2841 1742 2897 ιιιι

74 2928 221 2986 ιιιιιιιιι.
258 2928 359 2984 Ριιιιι
387 2930 496 3000 quippe
524 2942 660 2997 personas
688 2928 821 2993 dicimus,
851 2927 921 2997 quia

76 3024 134 3074 tres
155 3031 293 3088 personas
330 3017 539 3086 praedicamus:
569 3017 617 3071 sed
650 3029 708 3070 nou
733 3014 830 3084 plures
854 3015 922 3070 deos

76 3113 127 3162 aut
154 3106 297 3169 dominos,
322 3104 388 3160 licet
416 3118 601 3174 unaquaeque
617 3104 704 3159 trium
733 3116 922 3172 personarum

76 3193 107 3248 in
117 3207 146 3249 se
160 3193 221 3267 ipsa
241 3194 315 3248 bens
332 3191 368 3247 sit
384 3195 412 3247 ιι
437 3190 586 3258 Dominus
603 3205 656 3246 nec
682 3190 741 3246 ullo
764 3191 847 3247 modo
862 3206 922 3248 una

75 3293 197 3350 persona
217 3280 253 3334 sit
277 3279 355 3350 alia„
372 3278 473 3334 Plures
498 3279 596 3348 itaque
619 3293 745 3348 personae
771 3279 920 3349 dicuntur,

76 3367 124 3423 sed
149 3366 315 3437 diversitate
350 3368 569 3436 proprietatum,
600 3381 674 3438 quas
701 3369 837 3437 superius
857 3368 921 3423 sin-

76 3455 153 3526 gulis
176 3455 305 3524 personis
345 3455 568 3524 assignavimus.
605 3456 703 3512 Plures
733 3464 830 3511 autem
855 3457 922 3511 deos

74 3550 127 3600 aut
156 3542 287 3600 dominos
313 3544 337 3599 si
369 3544 548 3615 diceremus3
580 3554 631 3601 aut
658 3552 761 3600 catera
791 3545 919 3604 nomina.

75 3645 141 3701 quau
153 3631 379 3688 substantialiter
408 3632 500 3702 magis
523 3633 557 3688 de
576 3634 633 3690 Deo
657 3634 805 3699 dicu-ntur,
831 3646 921 3703 quam

73 3719 203 3786 relative,
240 3720 293 3776 boe
321 3728 362 3777 est
386 3720 422 3776 ad
454 3720 581 3790 seipsum
613 3729 641 3777 et
675 3735 734 3777 non
759 3721 796 3776 ad
830 3721 920 3779 alium

74 3808 150 3864 sicut
165 3815 207 3864 ιιι
226 3822 361 3879 magnus,
388 3809 491 3876 bonus,
507 3817 535 3864 et
563 3809 649 3866 simul
675 3809 826 3879 pluraliter
839 3809 919 3866 ellen-

74 3910 173 3954 remus
188 3897 404 3953 multitudinem
415 3897 598 3953 diversarum
611 3912 709 3953 rerum
723 3906 751 3953 et
766 3912 920 3955 numerum

75 3985 306 4043 substantiarum
321 3984 512 4042 essentialiter
529 3987 719 4052 diversarum,
742 4000 833 4056 quare
848 4000 920 4043 una-

976 2929 1076 2994 altero,
1093 2928 1120 2984 id
1150 2937 1192 2984 est
1217 2929 1246 2983 in
1262 2931 1433 2998 proprietate
1462 2943 1515 2985 sua
1539 2929 1673 2985 diversus
1700 2928 1738 2986 ab

976 3032 1043 3073 cum
1058 3019 1105 3073 bie
1122 3033 1182 3072 nou
1201 3019 1237 3074 sit
1262 3019 1308 3073 bie
1333 3019 1383 3089 ιιι
1408 3018 1463 3081 ille,
1486 3018 1533 3072 sed
1550 3018 1604 3073 boe
1630 3018 1729 3087 ipsum

975 3105 1040 3175 iile3
1070 3120 1123 3162 nec
1150 3107 1222 3161 alter
1241 3107 1358 3162 alterius
1387 3107 1585 3176 proprietatem
1615 3120 1742 3163 commnt

977 3201 1008 3251 ut
1036 3208 1124 3263 supra
1139 3196 1326 3251 meminimus
1346 3211 1352 3249 :
1371 3194 1501 3264 alioquin
1523 3209 1661 3264 personas
1682 3194 1739 3251 sibi

976 3283 1120 3338 miscendo
1144 3263 1396 3339 confunderemus
1431 3283 1484 3338 Sed
1513 3298 1566 3338 nec
1598 3284 1729 3341 Socrates

975 3372 1012 3426 sit
1025 3385 1041 3426 a
1056 3373 1171 3427 Platone
1204 3387 1326 3427 nurnero
1350 3373 1492 3439 diversus,
1519 3372 1574 3426 lroe
1599 3380 1695 3429 estex
1709 3371 1742 3429 dlv

976 3461 1052 3516 tione
1069 3460 1190 3530 propriae
1203 3461 1331 3516 essentiae
1355 3461 1391 3516 ab
1408 3462 1468 3530 ipso
1482 3461 1565 3528 alius,
1582 3459 1742 3517 ullomodo

976 3551 1088 3620 abipso
1105 3551 1186 3605 aliud
1210 3550 1324 3616 dieitur,
1343 3551 1396 3607 boe
1419 3559 1461 3606 est
1487 3549 1719 3607 substantialiter
1740 3576 1742 3592 =

976 3653 1052 3705 rens,
1074 3654 1139 3695 cum
1155 3640 1240 3694 ambo
1262 3639 1319 3693 sint
1342 3639 1405 3708 ejus
1434 3648 1545 3694 naturae
1559 3639 1742 3696 seeundumi

976 3728 1040 3783 dein
1052 3728 1152 3797 speciei
1169 3728 1411 3793 convenientiam,
1430 3727 1458 3782 in
1473 3743 1506 3783 eo
1524 3727 1630 3783 seilicet
1646 3727 1727 3798 quod

976 3830 1033 3886 que
1050 3817 1174 3885 ipsorum
1204 3816 1289 3871 bomo
1304 3824 1362 3885 cst;
1394 3824 1481 3886 atque
1504 3816 1567 3873 ideo
1584 3816 1667 3872 nulia
1691 3816 1742 3873 sul

976 3905 1037 3960 tiali
1048 3904 1209 3960 differentia
1225 3904 1362 3974 disjuncti
1382 3913 1460 3969 suut,
1478 3912 1510 3961 ut
1524 3904 1570 3960 bie
1586 3905 1666 3961 aliud
1683 3905 1742 3975 ιιιιΙ

976 3992 1023 4047 ilie
1041 4007 1077 4047 ιιι
1093 3993 1214 4048 diversae
1241 3993 1343 4061 speciei
1371 3993 1553 4059 substantia3
1580 3993 1631 4048 sed
1664 3991 1742 4048 aliud

74 4088 199 4145 quaque
211 4075 286 4130 Deus
314 4082 342 4130 et
354 4075 494 4130 Dominus
508 4082 592 4140 esset,
607 4082 634 4130 et
650 4088 756 4145 magna
771 4075 830 4131 sive
845 4069 920 4131 bona
937 4103 959 4158 ὓ
976 4077 1150 4143 dictumest,
1181 4080 1209 4133 in
1225 4093 1355 4147 persona,
1372 4095 1408 4135 ex
1432 4080 1603 4136 discretione
1624 4079 1733 4136 scilicet

74 4162 295 4232 explicaremus.
311 4162 392 4220 Unde
414 4162 598 4232 Augustinus
619 4163 656 4218 de
670 4163 809 4219 Trinitate
824 4163 874 4230 lib,
889 4180 918 4231 v,

75 4263 138 4320 cap.
173 4253 200 4306 8.
235 4271 249 4299 ι
271 4251 451 4320 Quapropter
481 4250 552 4306 illud
584 4251 728 4320 praecipue
762 4260 919 4313 teneamus,

75 4338 220 4408 quidquid
235 4352 252 4393 ι
265 4352 294 4394 se
308 4339 416 4395 dieitur
435 4337 534 4394 divina
557 4339 733 4405 sublimitas,
747 4340 922 4396 substantia·

73 4425 139 4483 liter
155 4427 226 4482 dici:
244 4426 323 4497 quod
343 4435 440 4483 autem
463 4428 500 4482 ad
520 4427 642 4496 aliquid,
674 4442 731 4483 non
748 4428 921 4484 substantia·

74 4512 139 4588 liter
154 4516 203 4571 sed
223 4515 353 4582 relative,
369 4522 536 4586 tantamque
552 4515 611 4570 vim
627 4530 686 4571 esse
699 4517 832 4586 eiusdem
854 4518 921 4573 sub·

73 4604 187 4661 stantia
207 4605 237 4660 iu
256 4604 340 4660 Patre
354 4611 382 4660 ιι
408 4604 478 4659 Filio
493 4611 520 4660 et
534 4603 642 4673 Spiritu
659 4612 768 4674 saneto,
782 4613 814 4661 ut
838 4607 920 4677 quid-

74 4692 146 4763 quid
163 4693 197 4749 ιι
217 4692 340 4763 siugulis
356 4692 393 4748 ad
410 4693 517 4761 seipsos
543 4692 660 4760 dieitur,
690 4708 747 4749 non
769 4695 919 4763 pluraliter

73 4779 104 4836 in
116 4795 240 4848 summa,
269 4781 318 4837 sed
342 4781 530 4851 singulariter
546 4782 712 4850 accipiatur.
734 4784 814 4851 item,
831 4784 914 4848 Quid-

74 4869 145 4940 quid
159 4883 228 4942 ergo
243 4870 280 4927 ad
294 4869 421 4939 seipsum
446 4869 553 4925 dieitur
576 4871 660 4933 Deus,
688 4878 716 4926 et
742 4871 777 4926 de
796 4873 917 4943 siugulis

73 4957 264 5026 personaliter
280 4957 395 5022 dieitur,
412 4963 439 5013 et
453 4955 540 5012 simul
564 4957 598 5012 de
622 4957 682 5026 ipsa
696 4958 846 5026 Trinitate,
860 4973 917 5015 non

71 5044 231 5116 pluraliter,
246 5045 295 5102 sed
310 5044 496 5116 singulariter
519 5045 633 5102 dieitur.
653 5046 794 5112 Quoniam
808 5049 916 5119 quippe

72 5147 132 5190 non
146 5142 188 5191 est
202 5135 282 5192 aliud
298 5136 353 5192 ileo
368 5148 437 5202 esse,
460 5142 488 5189 et
512 5133 592 5190 aliud
621 5149 759 5206 magnum
783 5151 854 5199 esse,
870 5137 918 5192 sed

72 5220 128 5278 boe
142 5223 216 5281 idem
233 5224 275 5280 illi
294 5231 412 5281 estesse
431 5224 510 5295 quod
534 5238 674 5296 magnum
697 5239 767 5280 esse.
784 5225 916 5296 Propter·

976 4169 1044 4236 pria
1068 4167 1245 4222 substantia.
1276 4168 1365 4223 Multo
1390 4168 1487 4223 iuinus
1517 4182 1585 4239 ergo
1616 4168 1742 4238 aliquat

976 4269 1175 4324 personarum,
1192 4270 1257 4324 qum
1274 4256 1302 4309 in
1318 4258 1373 4311 beo
1391 4264 1468 4324 sunt,
1494 4257 1616 4313 dicenda
1631 4262 1672 4312 est
1690 4255 1742 4312 alit

975 4342 1042 4407 alia,
1059 4357 1185 4412 quarum
1202 4342 1288 4398 unica
1310 4352 1352 4398 est
1371 4345 1485 4413 penitus
1509 4345 1673 4401 substantia
1693 4346 1739 4402 siu

974 4431 1024 4497 ris,
1040 4431 1149 4485 nullam
1166 4431 1292 4499 partium
1310 4441 1361 4487 aut
1380 4433 1539 4493 formarum
1564 4434 1742 4490 diversitater

974 4519 1091 4589 cipiens.
1108 4520 1217 4588 Quippe
1244 4521 1320 4590 quod
1345 4522 1476 4590 partibus
1495 4528 1615 4588 constat,
1634 4523 1706 4592 ipsis
1734 4537 1742 4592 1

973 4608 1028 4664 bus
1043 4608 1213 4663 naturaliter
1234 4610 1375 4678 posterius
1391 4618 1433 4666 est
1447 4624 1484 4665 ιιι
1499 4612 1607 4681 quibus
1622 4614 1742 4672 constiti

974 4703 1000 4751 et
1016 4696 1121 4750 adesse
1137 4697 1315 4765 perducitur,
1345 4706 1372 4752 et
1400 4714 1484 4754 suum
1507 4714 1567 4755 esse
1594 4703 1742 4759 contrabit

974 4785 1065 4840 larius
1094 4799 1180 4853 super
1205 4786 1346 4853 psalmum
1363 4790 1401 4840 ιιι
1414 4790 1588 4857 probandis:
1611 4810 1625 4838 u
1643 4791 1723 4847 Nulli
1738 4811 1742 4843 i

974 4873 1103 4928 lidelium
1126 4873 1248 4928 dubium
1261 4889 1322 4930 esse
1344 4877 1468 4932 arbitror
1483 4878 1612 4933 ‹livinam
1628 4879 1742 4937 substat

973 4963 1046 5017 sicut
1062 4960 1188 5030 partium
1209 4964 1423 5029 constitutione,
1444 4966 1482 5021 ita
1496 4967 1581 5022 etiam
1605 4968 1642 5025 ab
1667 4984 1739 5027 omn

973 5051 1099 5121 prietatis
1120 5051 1321 5108 informatione
1348 5054 1484 5121 alienam,
1515 5063 1545 5111 ut
1572 5057 1707 5124 videlicet
1732 5060 1740 5116 i

972 5137 1117 5194 nibilesse
1138 5139 1236 5207 possit,
1253 5142 1330 5210 qnod
1346 5156 1403 5197 non
1424 5143 1460 5198 sit
1475 5143 1548 5213 ipsa.
1567 5165 1581 5192 »
1610 5146 1694 5202 Unde
1723 5155 1742 5206 d

973 5226 1068 5282 stinus
1090 5228 1120 5282 iu
1143 5241 1183 5283 ιιι
1199 5229 1237 5283 De
1266 5229 1381 5286 civitate
1395 5233 1446 5288 Dei
1474 5233 1629 5302 disputans
1658 5236 1693 5291 de
1716 5238 1741 5294 ιι

109 5335 164 5407 (78)
181 5337 358 5396 Hievidetur
378 5337 489 5411 aliquid
509 5338 616 5407 deesse,
643 5353 803 5412 sensusque
818 5339 906 5410 exigit
921 5347 953 5397 ut
972 5339 1087 5397 dicatur
1111 5357 1117 5396 :
1145 5343 1183 5396 sic
1204 5345 1286 5398 etiem
1313 5346 1400 5400 Filius
1427 5352 1453 5402 ct
1476 5351 1588 5416 penitus
1608 5348 1642 5404 de
1666 5352 1726 5409 soto

70 5411 125 5468 aut
138 5407 208 5478 quid
222 5408 324 5465 simile.
