3804 5962
51 164 103 219 but
684 167 868 226 expostulo
888 165 1037 226 sinleum
1057 165 1177 223 trusi.
1672 184 1676 191 ·
1753 165 1807 223 baa

50 286 170 342 nemine
185 287 213 343 id
235 286 401 358 responderi
424 288 581 358 permittat,
608 291 661 362 qui
686 305 720 348 ea
735 307 801 364 quae
825 306 897 364 prae·
916 292 980 350 Asi
1009 289 1196 349 contessionis
1224 288 1379 347 exordium
1408 288 1542 346 laisitatis
1569 287 1673 348 habeat
1702 287 1807 345 lunda·

52 383 213 444 cesserunt,
246 390 304 432 non
343 376 495 450 intelligat.
530 379 577 436 Sic
603 379 710 451 quippe
744 381 904 438 Corinthiis
960 389 1101 438 mentum.

54 463 185 521 scribens
210 464 244 522 de
271 464 360 521 idiota
379 464 490 542 litteras
516 467 680 539 ignorante,
715 476 742 525 et
765 470 850 541 quasi
867 471 903 526 ad
1000 473 1107 526 Putrem
1140 471 1359 538 omnipotentem.
1393 468 1466 524 Cum
1501 466 1673 537 praerniserit
1703 466 1806 537 Deum,

54 553 290 624 respondendum
319 555 349 609 in
370 555 490 612 ecclesia
514 557 654 628 cuiquam
679 564 814 615 astante:
838 558 907 624 Quo·
959 572 1055 616 unum
1080 556 1423 627 videlicetnonplnres,
1449 555 1566 612 deitatis
1588 554 1717 611 astruxit
1739 554 1808 611 uni·
1843 548 1846 553 ’

54 641 134 697 modo
147 642 218 698 dicet
235 644 322 699 dmm
336 657 418 712 super
433 650 510 700 tuum
532 645 751 714 benedictionem,
768 648 817 716 qni
839 648 907 717 quid
960 656 1058 704 tatem.
1081 647 1167 703 Nunc
1190 660 1258 702 vero
1283 659 1473 716 personarum
1499 644 1625 700 annectit
1650 643 1810 701 distinctio·

55 731 133 787 dicus
165 733 250 788 nescit
271 734 293 804 (l
328 735 389 791 Gor.
432 748 495 801 xix,
540 737 596 805 lb.)
632 733 715 803 Quod
745 742 774 792 et
805 736 907 793 beatus
961 752 1038 804 nem,
1053 751 1122 793 cum
1137 736 1260 802 Patrem,
1277 742 1304 791 et
1320 735 1440 804 Filium,
1459 741 1486 790 et
1502 732 1645 804 Spiritum
1675 738 1809 791 sanetum

55 819 254 890 Hieronymus
268 822 436 878 memoriter
459 829 568 890 tenens,
586 837 653 878 curn
679 823 842 880 Marcellam
873 824 907 880 de
960 831 1176 882 commemorat.
1202 824 1392 895 Omnipotens
1415 823 1539 892 dicitur,
1561 828 1595 877 ut
1619 821 1723 878 beatus
1749 834 1807 879 me·

56 908 183 965 diversis
219 909 389 966 nominibus
412 910 561 967 Hebraicis
594 911 722 969 erudiret
747 910 908 984 (75):«1n
962 915 1047 971 minit
1079 913 1270 985 Augustinus,
1305 927 1363 969 rron
1396 913 1473 984 quod
1505 910 1603 968 omnia
1629 910 1729 982 possit,
1755 910 1811 968 lroc

57 995 187 1065 ilebrmo,
205 998 314 1070 inquit,
331 997 438 1070 legitur
452 999 554 1067 Amen,
572 999 652 1070 quod
667 1000 776 1058 scilicet
790 1015 824 1058 ea
841 1015 908 1058 vera
961 1012 1012 1071 est,
1037 1003 1182 1075 quaslibet
1213 1003 1243 1058 in
1266 1017 1295 1064 se
1326 1002 1474 1073 suscipere
1499 1001 1636 1068 actiones,
1658 999 1707 1057 sed
1731 998 1811 1072 quod

54 1085 116 1141 sint
131 1086 286 1157 dictaque
300 1088 643 1158 supracondrmantur.»
663 1090 743 1146 Unde
757 1097 785 1147 et
799 1090 909 1147 Paulus
962 1092 1024 1162 eius
1046 1089 1190 1147 voluntati
1211 1089 1254 1146 vel
1285 1089 1470 1161 dispositioni
1497 1089 1579 1146 nulla
1604 1089 1737 1145 resistere
1760 1100 1810 1159 pn·

57 1175 162 1232 asserit
194 1191 254 1233 non
279 1191 360 1248 posse
394 1178 523 1249 aliquem
545 1178 716 1249 respondere
740 1179 843 1248 Amen,
881 1179 909 1236 id
963 1187 1058 1247 testas,
1092 1179 1137 1234 rel
1171 1178 1315 1250 cujusque
1348 1186 1460 1235 naturae
1492 1178 1537 1235 vis
1570 1192 1634 1235 eam
1671 1174 1812 1248 impedire

55 1271 99 1321 est
129 1264 302 1323 confirmare
317 1280 351 1322 ee
380 1281 446 1338 quae
470 1281 560 1338 snpra
576 1267 654 1325 dicta
683 1275 762 1335 sunt,
778 1268 836 1324 nisi
868 1269 909 1324 in·
963 1268 1061 1338 possit.
1079 1270 1153 1323 Bene
1168 1275 1265 1324 autem
1281 1282 1346 1324 cum
1363 1282 1415 1323 nos
1441 1268 1471 1323 in
1486 1268 1577 1323 Deum
1604 1265 1720 1323 credere
1743 1278 1810 1321 con·

57 1354 202 1411 tellexerit
219 1355 464 1425 praedicationem.
483 1356 539 1421 Qui
555 1357 634 1413 etad
650 1359 782 1414 omnium
807 1357 910 1414 intelli·
964 1357 1088 1423 latemur,
1105 1356 1343 1426 omnipotentiam
1355 1357 1419 1424 ejus
1442 1367 1647 1424 rnenmramus,
1664 1361 1698 1410 ut
1722 1366 1812 1425 quam

56 1442 199 1513 gentiam,
225 1456 290 1514 quae
326 1443 357 1499 in
388 1443 509 1500 ecclesia
541 1443 692 1512 dicuntur,
725 1444 910 1501 venementer
963 1453 1074 1502 rectum
1096 1444 1133 1501 sit
1159 1445 1188 1500 in
1211 1459 1280 1500 eum
1304 1444 1428 1509 credere,
1453 1445 1499 1500 vel
1525 1458 1604 1514 spem
1629 1450 1759 1499 nostram
1783 1441 1814 1497 in

56 1545 124 1619 nos·
137 1531 292 1587 excitans:
322 1532 506 1602 impleamini,
544 1533 651 1604 inquit,
675 1533 783 1604 Spiritu
804 1538 906 1598 sancto,
927 1567 947 1622 B
965 1549 1033 1591 eum
1058 1548 1173 1604 ponere,
1199 1533 1284 1605 cnjus
1300 1541 1380 1589 tanta
1398 1533 1435 1588 sit
1454 1533 1595 1602 potentin,
1618 1530 1811 1588 declaremus.

57 1621 198 1690 loquentes
231 1621 427 1691 uobismetipsis
456 1623 485 1676 in
498 1622 625 1691 psalmis,
653 1622 770 1691 bgmnis,
794 1628 820 1677 et
848 1639 910 1678 cun·
966 1624 1046 1680 Unde
1075 1630 1102 1678 et
1117 1621 1268 1694 Apostolus
1291 1639 1298 1677 ε
1323 1623 1355 1676 Si
1378 1625 1452 1677 Deras
1474 1637 1524 1692 pro
1548 1621 1625 1675 nobis
1641 1621 1703 1690 quis
1718 1624 1814 1675 contro

57 1709 122 1763 ticis
146 1709 319 1778 spiritulibus
337 1709 447 1780 (pres.
464 1725 493 1777 ιι,
520 1711 573 1780 lb).
598 1709 662 1765 Non
685 1711 764 1767 enim
786 1711 843 1766 sibi
866 1711 911 1768 vel
965 1711 1034 1766 nos?
1049 1712 1135 1783 (Rom.
1151 1726 1211 1777 vrri,
1228 1711 1284 1782 dl.)

59 1811 162 1854 secum
180 1797 320 1868 loquitur,
337 1799 390 1869 qui
421 1798 498 1869 quod
523 1798 594 1854 dicit
617 1798 738 1854 minime
763 1799 909 1870 intelligit,
1002 1802 1159 1855 creatorem
1174 1801 1232 1855 coeli
1250 1804 1276 1854 et
1295 1806 1381 1855 tnrae.
1408 1799 1546 1856 llicturus
1567 1813 1634 1855 eum
1654 1804 1811 1855 creatorem

58 1901 130 1943 curn
159 1894 261 1954 totum,
279 1896 310 1943 ut
330 1886 441 1944 dictum
467 1896 519 1956 est,
548 1889 691 1944 sermonis
719 1888 849 1945 ollicium
874 1889 911 1946 ad
965 1889 1097 1946 omnium
1112 1903 1184 1960 esse,
1203 1889 1344 1959 praemisit
1368 1889 1605 1960 omnipotentem,
1622 1894 1655 1945 ut
1679 1886 1810 1943 ostende·

59 1971 286 2047 intelligentiam
302 1976 339 2032 sit
359 1977 635 2047 accommodatnm3
659 1991 713 2033 nec
737 1991 832 2035 sermo
847 1979 911 2035 sinc
965 1986 1008 2035 ret
1023 1992 1090 2034 cum
1114 1978 1168 2033 hoc
1192 1992 1273 2049 posse
1288 1979 1340 2049 qui
1363 1979 1462 2034 omnia
1486 1978 1586 2048 possit,
1602 1984 1629 2034 et
1651 1976 1738 2047 cujus
1759 1988 1809 2032 vo·

61 2064 257 2135 intelligentia
280 2065 483 2135 prolatnstam
505 2081 599 2123 sermo
629 2080 719 2137 quam
756 2081 847 2125 sonus
873 2069 911 2125 sit
967 2066 1073 2122 luntati
1096 2066 1170 2122 nihil
1187 2067 1318 2122 resistere
1337 2074 1434 2138 queat.
1451 2070 1613 2123 Creatorem
1630 2072 1729 2121 autem
1747 2062 1813 2121 coeli

60 2152 224 2209 habendus.
240 2153 276 2210 Ut
292 2153 393 2224 igitur,
406 2155 494 2225 iuxta
516 2153 695 2226 Apostolum,
721 2156 833 2212 malitia
848 2171 913 2228 par·
966 2155 1046 2225 dicit,
1063 2156 1176 2212 honest
1198 2155 1232 2211 de
1247 2155 1352 2222 nihilo,
1369 2170 1427 2211 non
1449 2156 1483 2211 de
1499 2155 1670 2226 praejacente
1694 2153 1817 2211 materia

61 2241 137 2309 vuli,
169 2254 255 2297 sensu
291 2249 389 2298 autem
429 2243 557 2314 perlecti,
593 2243 710 2300 llrnrum
763 2253 912 2302 teneamus
965 2245 1074 2313 omnia,
1090 2258 1127 2301 ex
1151 2245 1261 2316 quibus
1275 2251 1387 2300 constat
1412 2244 1553 2311 mundus
1570 2250 1735 2315 operatum.
1752 2241 1812 2299 Coe·

63 2329 130 2386 idei
171 2328 408 2397 tundamentum,
443 2332 522 2403 quod
556 2333 763 2403 proposuimus
794 2335 911 2405 exposi·
966 2333 1027 2389 lum
1058 2333 1176 2404 quippe,
1207 2333 1285 2404 quod
1312 2341 1370 2389 tem
1396 2346 1512 2389 auretam
1536 2346 1626 2403 quam
1658 2331 1815 2388 aethereum

64 2419 153 2477 tionis
166 2419 240 2486 luce,
251 2420 490 2490 proutllominus
504 2422 652 2489 annuerit,
664 2435 910 2480 consummemus.
967 2422 1085 2486 dicitur,
1118 2422 1280 2491 superiores
1310 2422 1414 2477 mundi
1440 2429 1535 2492 partes
1570 2419 1620 2476 hio
1652 2418 1778 2490 appellat
1804 2434 1812 2474 :

99 2509 192 2563 credo
207 2510 236 2563 in
253 2510 349 2564 Deum.
368 2509 422 2565 Sed
437 2517 469 2565 ut
484 2509 673 2566 contessionis
687 2525 747 2566 suae
760 2515 911 2569 veritatem
969 2518 1076 2567 terram
1104 2525 1184 2579 vero,
1213 2509 1363 2566 inferiores
1388 2524 1453 2582 qnae
1477 2509 1602 2579 pondere
1617 2523 1670 2564 suo
1694 2506 1724 2563 in
1753 2507 1812 2562 imo

64 2597 209 2666 observet,
220 2611 256 2653 ne
265 2611 305 2660 os,
314 2597 548 2667 quodmentitnr,
558 2599 913 2666 occidataniman1,atten·
967 2599 1141 2664 subsistunt,
1167 2605 1226 2653 tam
1245 2597 1414 2668 aquaticam
1430 2597 1540 2653 scilicet
1559 2610 1650 2668 quam
1673 2603 1816 2653 terrenam

64 2684 472 2757 dereprimumdebetetquid
486 2685 646 2742 sitcredere
657 2686 686 2742 in
702 2688 804 2743 Deum.
822 2687 912 2743 llliud
967 2686 1169 2743 substantiam.
1195 2689 1352 2743 Possumus
1367 2694 1394 2742 et
1411 2700 1463 2756 per
1477 2685 1582 2741 emlum
1597 2693 1624 2741 et
1644 2692 1751 2741 terram
1776 2685 1817 2741 ita

65 2773 361 2845 quippecstcredere
377 2773 480 2840 Deunr,
506 2774 717 2831 alluderedere
738 2778 803 2843 lieo,
830 2775 911 2831 aliud
968 2775 1135 2831 nniversam
1152 2773 1300 2831 includere
1315 2779 1547 2840 creaturam,ut
1562 2763 1668 2828 coelirm
1684 2771 1817 2828 dicamus
1883 2793 1891 2800 ·

64 2863 180 2920 eredere
204 2862 235 2918 in
258 2862 362 2918 Deum.
396 2860 514 2919 Credere
530 2861 638 2933 quippe
665 2863 756 2919 Deum
779 2868 821 2918 est
840 2861 914 2917 aesti-
929 2855 952 2911 G
968 2862 1139 2934 dignitatem
1155 2862 1345 2932 superiorem,
1363 2862 1392 2919 id
1409 2868 1451 2918 est
1467 2860 1626 2932 spiritalem
1653 2859 1816 2931 quamlibet

66 2963 146 3007 mare
167 2949 247 3020 qnod
282 2950 342 3020 ipse
372 2949 419 3005 sit.
445 2950 566 3007 Credere
607 2950 671 3017 beo,
704 2949 801 3006 verbis
839 2951 912 3021 ejus,

66 3039 145 3111 quod
161 3051 233 3095 rere
253 3039 322 3107 sint,
334 3038 410 3095 vela
434 3038 559 3095 lalsitate
579 3038 694 3108 penitus
716 3038 821 3105 aliena,
848 3054 914 3095 con-

65 3130 174 3185 sentire
190 3128 330 3184 :Credere
353 3141 423 3185 vero
449 3129 594 3197 inlisum,
624 3136 665 3184 est
688 3127 828 3184 eredendo
844 3142 913 3184 eum

65 3218 200 3289 diligere,
221 3222 249 3274 et
272 3216 315 3273 sic
338 3217 402 3288 eius
422 3217 587 3273 membrum
611 3216 672 3273 lteri
696 3215 739 3273 vel
761 3230 831 3272 esse.
849 3216 914 3272 Haec

65 3320 134 3363 vero
152 3304 201 3361 illa
216 3312 259 3363 est
283 3306 433 3363 lructuose
456 3306 535 3372 sides,
552 3320 626 3377 quau,
659 3313 692 3361 ut
708 3305 779 3361 dicit
794 3304 914 3376 aposio-

65 3394 122 3461 lus,
148 3408 200 3464 per
222 3394 404 3451 dilectionem
420 3401 559 3466 operatur
575 3409 583 3463 ;
611 3393 689 3450 etde
703 3407 772 3464 qna,
790 3399 823 3448 nt
839 3391 915 3447 dini-

65 3498 143 3551 mns,
161 3483 302 3554 scriptum
325 3492 367 3540 est
384 3501 390 3538 :
406 3484 499 3541 Omnis
523 3485 571 3553 qui
585 3482 671 3538 credit
698 3485 728 3538 in
754 3483 833 3537 illum
860 3497 915 3536 non

66 3572 253 3639 contundetur
276 3574 363 3644 (lium.
390 3586 421 3639 ιι,
451 3572 502 3645 ll).
526 3574 559 3628 ln
583 3572 668 3628 illum
693 3572 802 3641 inquit,
819 3571 915 3640 potius

65 3674 158 3732 qnam
176 3660 269 3728 illurn,
301 3662 346 3717 vel
368 3660 420 3716 illi.
437 3660 482 3718 llli
500 3660 609 3731 quippe
632 3660 690 3716 duo
713 3660 823 3730 priores
848 3657 915 3714 fidei

64 3748 157 3816 modi,
173 3764 241 3805 cnm
257 3749 393 3806 uidelicet
414 3750 507 3806 Deum
524 3750 569 3806 vel
589 3749 647 3805 Deo
662 3748 820 3816 credimus,
837 3762 914 3804 com-

65 3851 172 3894 munes
195 3837 278 3894 nobis
307 3847 375 3895 sunt
404 3838 544 3909 reprobis,
574 3845 601 3894 et
630 3852 698 3894 cum
728 3837 798 3906 ipsis
825 3837 915 3892 etiam

65 3925 258 3983 daemonibus.
277 3928 315 3983 [le
329 3927 439 3998 quibus
455 3935 482 3984 et
503 3927 605 3983 beatus
620 3925 753 3982 meminit
777 3924 911 3994 lacobus,

65 4016 139 4088 quie
168 4015 299 4071 mones
337 4015 451 4070 credunt
483 4020 509 4071 et
541 4016 749 4072 contremiscunt
778 4015 846 4087 (loc.
883 4030 913 4083 rr,

969 2960 1124 3022 naturam3
1158 2958 1265 3007 terram
1290 2964 1359 3008 vero
1390 2964 1598 3023 quamcunque
1622 2949 1814 3019 corporalem.

969 3042 1043 3096 Cum
1058 3047 1156 3095 autem
1173 3040 1214 3095 ita
1236 3039 1369 3095 omnium
1391 3046 1549 3097 creatorem
1575 3037 1670 3093 Deum
1691 3051 1813 3095 comme·

969 3136 1071 3196 morat,
1093 3137 1240 3200 quantum
1255 3128 1282 3184 ei
1304 3127 1427 3185 debeant
1451 3128 1590 3184 universa
1614 3133 1747 3198 patenter
1771 3126 1813 3182 in·

968 3218 1077 3273 sinuat.

1004 3311 1039 3362 dt
1059 3309 1090 3361 in
1113 3310 1203 3362 iesum
1219 3307 1365 3365 christum.
1391 3307 1457 3364 Filii
1486 3307 1536 3363 Dei
1559 3320 1711 3378 personam
1744 3319 1815 3376 prae-

969 3410 1034 3452 sens
1067 3396 1230 3466 symbolum
1264 3397 1350 3453 nobis
1379 3396 1595 3462 commendans,
1621 3395 1685 3467 ejus
1706 3392 1816 3452 divini·

969 3491 1056 3541 tatem
1071 3485 1180 3555 pariter
1193 3492 1221 3541 et
1245 3485 1459 3541 humanitatem
1473 3484 1689 3551 commemorat,
1706 3490 1734 3540 et
1757 3490 1818 3539 tant

969 3575 1052 3645 regni
1074 3575 1137 3645 ejus
1155 3589 1244 3646 quam
1259 3574 1412 3631 sacerdotii
1427 3573 1612 3646 dignitatem,
1635 3572 1714 3630 unde
1734 3571 1817 3628 Clrri·

969 3669 1030 3718 stus
1053 3661 1148 3718 dictus
1171 3669 1222 3730 est,
1240 3661 1383 3733 designat,
1407 3675 1457 3732 per
1471 3675 1538 3732 quae
1551 3661 1610 3717 diro
1625 3661 1710 3718 nobis
1723 3661 1817 3728 iesus,

971 3749 1000 3805 id
1013 3757 1055 3806 est
1068 3749 1210 3816 salvator,
1225 3749 1359 3806 elicitur.
1375 3749 1448 3806 Nam
1464 3749 1534 3821 quia
1551 3757 1609 3806 tam
1625 3749 1708 3820 regia
1726 3762 1818 3821 quam

970 3836 1153 3894 sacerdotalis
1181 3837 1311 3908 dignitas
1337 3852 1388 3909 per
1426 3839 1595 3895 unctionem
1635 3838 1814 3907 instituitur,

970 3926 1039 3982 lninc
1065 3926 1168 3983 merito
1183 3925 1317 3983 Christus
1335 3933 1378 3984 est
1393 3925 1556 3998 appellatus
1577 3927 1639 3983 ilex
1661 3926 1715 3984 iste
1739 3924 1818 3984 suni·
1860 3982 1865 3988 .

971 4030 1045 4079 mus,
1076 4023 1104 4072 et
1138 4016 1274 4073 Sacerdos
1298 4028 1464 4087 supremus,
1498 4022 1525 4072 et
1555 4015 1688 4072 Salvator
1717 4027 1818 4073 verus.

68 4105 124 4176 te),
139 4111 192 4162 et:
216 4105 295 4160 Fides
310 4107 369 4160 sinc
398 4105 522 4176 operibus
551 4109 659 4159 mortno
687 4103 828 4175 estlibid,
858 4106 912 4173 20).
931 4122 952 4176 ι)
971 4105 1052 4163 Unde
1066 4113 1108 4163 est
1132 4106 1193 4162 haec
1217 4106 1336 4161 nomine
1357 4106 1419 4177 jam
1444 4106 1531 4177 quasi
1560 4100 1679 4177 pro'pria
1704 4103 1814 4162 meruit

66 4193 121 4251 Hic
144 4206 215 4251 vero
238 4194 341 4252 tertius
356 4193 492 4251 credendi
519 4193 633 4259 modus,
657 4207 716 4264 quo
732 4192 867 4250 videlicet
885 4193 915 4249 in
971 4194 1122 4266 obtinere;
1138 4202 1170 4250 ut
1180 4194 1242 4264 jam
1258 4193 1633 4252 eumaudimuschristum
1647 4193 1818 4264 vellosum,

66 4282 163 4339 Deum
186 4281 325 4352 creditur,
353 4283 432 4341 solus
462 4283 537 4340 inter
559 4282 698 4353 reprobos
721 4282 859 4339 discernit
888 4289 916 4339 et
970 4298 1038 4341 eum
1054 4297 1105 4355 per
1123 4283 1324 4341 excellentiam
1338 4284 1433 4341 solum
1450 4283 1658 4356 intelligamus.
1689 4284 1753 4341 Rex
1767 4296 1818 4340 au-

66 4370 181 4428 electos.
211 4372 247 4428 Ut
271 4371 363 4443 igitur
388 4386 457 4428 vera
488 4372 526 4428 sit
547 4380 645 4428 nostra
674 4371 741 4428 srdei
765 4371 914 4439 consessio,
971 4379 1028 4428 tem
1043 4372 1127 4429 nobis
1150 4379 1192 4430 est
1217 4372 1302 4445 quasi
1322 4387 1475 4444 supremus
1500 4373 1652 4441 Dominus,
1678 4379 1705 4429 et
1729 4371 1816 4429 nubis

67 4474 129 4532 qna
143 4460 257 4533 singuli
273 4461 403 4533 quotidie
428 4461 555 4518 dicimus
572 4477 579 4517 :
596 4461 686 4520 Credo
713 4463 850 4530 innenm,
875 4462 917 4519 sic
970 4461 1135 4532 presidens,
1159 4469 1197 4531 et,
1220 4463 1295 4519 inter
1318 4462 1407 4534 huius
1432 4461 1530 4519 saeculi
1547 4461 1724 4532 procellaset
1757 4467 1820 4517 tur-

66 4549 168 4606 virere
198 4549 379 4618 studeamus,
404 4556 438 4606 ut
464 4550 518 4608 hoc
538 4563 606 4608 rere
633 4550 728 4607 dicere
753 4550 915 4608 veleamus.
971 4551 1062 4617 hines,
1087 4550 1243 4607 Ecclesiam
1259 4565 1343 4608 suam
1358 4564 1464 4608 narem
1478 4550 1628 4621 propriam
1644 4549 1681 4605 ad
1703 4554 1822 4620 portum

66 4637 163 4695 Aliter
188 4637 298 4710 quippe
321 4640 485 4696 membrum
505 4639 639 4696 veritatis
670 4653 729 4696 non
753 4639 873 4709 erimus,
889 4647 917 4697 ct
971 4640 1194 4711 tranquillitatis
1209 4648 1322 4697 aeternae
1338 4640 1463 4713 regendo
1482 4639 1623 4711 dirigens,
1640 4644 1742 4694 ettam
1756 4651 1820 4696 ver-

66 4727 135 4798 plus
167 4726 253 4784 nobis
279 4726 369 4785 olsscit
393 4728 504 4785 lalsitas
523 4728 720 4799 contessionis,
746 4744 835 4801 quam
855 4729 918 4800 eius
972 4729 1018 4785 bis
1036 4742 1127 4799 quam
1150 4730 1292 4802 exemplis
1319 4729 1483 4802 discipline
1506 4728 1640 4800 regulam
1662 4726 1748 4784 nobis
1764 4733 1821 4784 tra-

67 4815 191 4886 pruteno
213 4815 344 4888 adjuvet.
370 4818 445 4876 Cum
461 4827 558 4876 autern
584 4818 711 4891 singula,
737 4833 803 4890 quae
818 4819 849 4875 in
863 4819 918 4876 lrac
972 4817 1052 4874 dens.
1070 4818 1208 4875 Sacerdos
1223 4827 1332 4888 autern,
1351 4819 1408 4876 imo
1423 4826 1450 4876 et
1467 4816 1599 4890 pontilex
1614 4816 1699 4873 nobis
1726 4814 1822 4873 iactus

69 4903 136 4961 lidci
151 4903 330 4963 contessione
354 4914 528 4980 sequuntur,
555 4908 595 4965 ite
616 4904 697 4965 lmic
712 4908 856 4980 principio
871 4922 917 4965 eo-
971 4912 1022 4974 est,
1039 4906 1109 4962 dum
1136 4908 1166 4963 in
1181 4921 1266 4963 cruce
1281 4921 1440 4978 suspensus
1470 4914 1613 4978 tanquam
1637 4905 1668 4961 in
1693 4918 1745 4961 ara
1768 4917 1822 4976 pre

68 4991 210 5058 haereant,
227 5001 316 5066 atque
331 4993 400 5053 hinc
426 4996 579 5068 pendeant,
600 5003 634 5053 ut
649 4998 673 5053 si
691 4997 782 5068 huius
809 4996 919 5055 veritas
972 4996 1056 5054 nobis
1080 4996 1248 5052 immolatus
1261 5002 1314 5052 est.
1331 4996 1413 5053 Unde
1428 5004 1526 5053 autem
1550 4993 1632 5052 nobis
1655 5002 1716 5051 tam
1740 4993 1822 5052 cliri-

66 5081 206 5152 rloletur,
222 5097 280 5141 non
305 5085 394 5156 possit
419 5086 575 5144 incaeteris
599 5087 661 5158 ipsa
677 5085 828 5155 custodiri,
849 5100 917 5143 cum
973 5092 1046 5153 stus,
1064 5092 1097 5139 ut
1111 5085 1223 5140 dictum
1237 5093 1291 5150 est,
1313 5098 1403 5155 quem
1424 5087 1508 5142 iesus
1523 5098 1612 5142 verus
1625 5084 1743 5153 existat,
1759 5083 1826 5141 dili·

66 5170 204 5228 videlicet
232 5171 358 5231 dicitur:
388 5176 478 5231 credo
493 5177 523 5231 in
537 5176 627 5230 iesum
654 5175 808 5242 christum,
839 5176 919 5230 etin
973 5173 1187 5246 gentereperit,
1203 5172 1824 5246 cumeumtamlleiquamhominislilium

67 5259 207 5332 Spiritusne
230 5266 366 5328 sunctum,
382 5271 457 5336 ete,
471 5263 580 5322 lrustra
602 5263 720 5339 reliqua
734 5261 918 5333 confitemur,
972 5276 1036 5322 esse
1050 5269 1258 5335 consequenter
1273 5262 1411 5332 annectit,
1428 5262 1550 5322 dicens:

102 5419 162 5493 (lb)
175 5418 283 5479 Patrol.
299 5428 369 5480 tom.
384 5421 492 5493 XXXI,
505 5422 559 5481 ool.
574 5423 637 5480 lul.
