3804 5962
129 167 195 228 ἰιι
432 166 534 224 rarul
552 167 738 224 ubhuahol
758 167 833 224 OPP.
854 169 943 262 Palis
961 171 1000 226 ιι.
1019 199 1055 212 -
1070 169 1254 229 sardonas
1268 172 1311 229 Ei
1325 171 1446 230 OPUSC.
1467 171 1589 232 ASCE'l.
1834 178 1885 231 548

137 293 348 362 humillius,et
361 291 558 363 sedensjuxta
573 291 667 363 pedes,
692 305 751 349 non
767 305 784 348 a
798 291 893 366 longe.
920 293 978 350 Sic·
993 294 1018 349 A
1033 302 1146 366 tempus
1169 295 1280 360 eadere,
1303 295 1353 352 sed
1376 309 1435 352 non
1457 293 1613 367 confringi,
1636 295 1712 353 sicut
1738 298 1885 370 scriptum

59 407 65 422 ·
138 386 259 444 atenim
281 383 311 439 in
327 381 505 440 unaChristi
521 395 643 452 persona
658 381 804 451 divinitas,
835 397 901 453 qum
929 397 982 440 sn·
1037 391 1092 439 est:
1122 384 1189 440 cum
1214 385 1342 454 ceciderit
1360 385 1456 453 justus
1482 401 1537 440 ιιι
1561 385 1716 451 collidetur,
1744 390 1812 455 quia
1838 391 1887 444 lic·

137 488 233 545 perior
246 480 288 530 est
303 480 420 538 natura,
442 468 528 541 capiti
542 477 737 541 comparatur,
764 471 803 528 ita
818 485 869 541 per
898 472 984 543 pedes
1036 473 1126 528 minus
1141 476 1270 543 supponit
1284 488 1399 530 manum
1412 488 1491 528 suam
1506 473 1590 545 (Psoi.
1613 489 1710 542 xxxvr,
1740 477 1795 544 ιι).

137 562 304 620 hnmanitas
331 561 394 632 ejus
421 558 601 631 intelligitur.
630 559 811 630 Mispedibus
838 561 922 631 quasi
942 576 983 618 sa·
1071 562 1162 619 Tertio
1189 564 1304 634 negarit
1336 564 1448 629 Petrus,
1477 576 1531 618 nec
1556 562 1725 632 simpliciter
1755 566 1881 638 negavit,

138 650 406 718 deadoadhaerens,
422 646 756 705 auditverbumChristi
779 648 980 720 potiusquam
1035 650 1085 706 sed
1109 651 1183 707 sicut
1212 652 1353 721 scriptum
1377 659 1435 708 est:
1467 651 1553 722 Capit
1579 651 1709 707 detestari
1737 658 1763 708 et
1786 655 1884 724 jurare

136 740 236 812 Moysi,
252 738 398 810 sequendo
425 737 532 794 scilicet
559 735 752 808 Evangelium
776 737 869 809 magis
893 753 982 809 quam
1035 742 1300 809 quianonuocisset
1325 740 1460 795 bominem
1475 739 1585 811 (Mattb.
1610 754 1688 808 xxvi,
1718 742 1775 813 ιι).
1802 745 1883 809 Quod

138 830 246 901 legem:
264 836 404 900 quatem
421 825 505 883 firma
527 824 582 882 ilde
606 825 816 882 humanitatem
832 825 895 897 ejas
923 840 982 882 am·
1034 840 1103 884 vero
1136 829 1288 886 Matthaeus
1322 830 1373 897 ait,
1409 828 1551 897 detestari,
1582 830 1698 887 Marcus
1719 831 1880 903 discipulus

137 918 272 989 plectitur
286 924 320 973 ut
334 915 481 986 hanccine
496 928 584 973 unam
600 913 721 971 bostiam
735 913 905 997 adsalutem
920 914 981 971 sui·
1035 916 1126 987 ipsius
1148 918 1234 985 Petri,
1261 927 1289 974 et
1310 933 1360 988 per
1388 918 1484 989 ipsum
1511 918 1698 976 describendo
1724 921 1881 992 Evangelio

137 1007 220 1063 licere
234 1021 294 1063 non
305 1005 427 1074 dubitet,
442 1004 617 1075 nullumque
628 1003 688 1075 jam
709 1002 780 1074 legis
805 1003 980 1060 sacrificium
1034 1005 1204 1073 instructus,
1222 1006 1295 1062 dixit
1314 1007 1546 1062 anathematizare
1568 1008 1664 1078 (Marc.
1685 1023 1742 1074 ιιι,
1758 1011 1812 1078 ill,
1830 1010 1882 1067 hoc

135 1096 330 1152 necessarium
349 1093 409 1150 iore
437 1099 526 1164 putet.
554 1091 635 1148 Unde
662 1098 690 1148 et
718 1090 868 1148 subditur:
897 1093 980 1149 Porro
1034 1100 1076 1149 est
1102 1095 1394 1151 excommunicationi
1420 1109 1449 1152 se
1468 1096 1601 1165 subdere,
1626 1109 1643 1151 a
1667 1097 1882 1166 quaeliiabso

135 1201 219 1240 uuum
234 1189 274 1240 est
298 1184 477 1239 necessarium
493 1181 568 1252 (Luc.
589 1194 620 1250 x,
640 1179 695 1250 ιι),
728 1179 798 1250 quia
823 1196 882 1236 cam
902 1197 980 1236 oene-
1034 1184 1173 1241 lationem
1184 1183 1397 1254 exspectabant.
1414 1185 1470 1240 Nec
1484 1185 1514 1240 in
1524 1198 1583 1240 una
1598 1191 1710 1242 tantum
1730 1188 1881 1257 negatione

136 1278 175 1332 rii
200 1275 272 1347 guod
296 1276 451 1346 perlectum
475 1276 525 1338 est,
553 1270 730 1326 evacuabitur
744 1270 818 1340 quod
840 1286 874 1325 ea
902 1275 981 1340 parte
1034 1272 1110 1330 Patri
1142 1272 1294 1330 Matthaeus
1332 1271 1532 1342 juramentum
1575 1281 1793 1343 commemorat,
1831 1276 1881 1332 sed

135 1370 176 1422 est
205 1365 226 1438 (l
258 1367 319 1422 Cor.
346 1378 407 1431 aru,
441 1361 492 1432 ιθ),
515 1360 636 1426 hocest,
653 1373 718 1415 cum
744 1359 892 1416 accesserit
907 1360 980 1416 reri·
1033 1362 1117 1434 qnasi
1134 1360 1291 1419 levioribus
1311 1360 1403 1432 culpis
1426 1361 1573 1433 graviores
1602 1366 1757 1419 annectens
1788 1364 1880 1434 primo

134 1464 188 1522 tas,
213 1454 325 1511 recedet
354 1452 469 1521 umbra,
510 1458 537 1506 ιι
563 1447 785 1519 superveniente
813 1447 980 1520 evangelica
1034 1451 1107 1508 dixit
1122 1450 1238 1507 Petrum
1267 1463 1394 1521 negasse,
1420 1458 1518 1520 postea
1532 1465 1598 1507 oum
1620 1452 1796 1520 juramento,
1819 1461 1881 1509 tan·

134 1541 306 1614 perlectione
329 1539 451 1597 cessabit
481 1537 623 1595 inchoatio
656 1536 745 1609 legis.
764 1534 878 1606 Optima
912 1549 979 1607 pars
997 1574 1017 1628 B
1035 1538 1099 1594 dem
1114 1552 1180 1594 cum
1197 1538 1381 1594 detestatione
1396 1536 1482 1594 simul
1496 1545 1524 1594 et
1532 1538 1706 1608 juramento.
1723 1538 1880 1598 Marcellini

134 1629 241 1698 Mariae,
262 1628 378 1698 veritas,
400 1640 490 1700 qnam
504 1626 598 1698 elegit,
629 1624 782 1696 reprobata
796 1624 912 1691 umbra,
938 1625 980 1680 in·
1034 1640 1102 1683 vero
1116 1626 1315 1697 iuramentum
1330 1626 1375 1682 vel
1397 1626 1613 1683 detestationem
1637 1627 1697 1685 sive
1711 1628 1880 1686 anathema·

134 1718 286 1791 telligitur,
315 1734 377 1792 qua
403 1718 612 1785 concuteretur
644 1713 679 1769 ab
714 1730 754 1781 ea,
784 1713 856 1785 qnia
894 1713 980 1771 linem
1034 1714 1195 1772 linationem
1208 1730 1266 1772 non
1281 1715 1425 1783 novimus,
1442 1716 1591 1772 necetiam
1606 1715 1696 1773 verba
1718 1718 1880 1789 negationis

133 1821 192 1864 non
214 1807 355 1878 accipient
382 1804 549 1876 evangeliea
577 1810 728 1875 praecepta,
752 1801 827 1860 sicut
854 1816 888 1859 ea
914 1816 980 1874 (ιιι
1036 1804 1126 1875 ipsius
1144 1804 1282 1877 legimus,
1310 1804 1358 1861 sed
1383 1804 1466 1876 qnasi
1493 1803 1594 1863 timore
1623 1808 1723 1862 mortis
1744 1815 1829 1864 extra
1849 1822 1878 1866 se

133 1897 167 1953 de
190 1896 251 1969 lego
270 1903 339 1953 sunt
366 1895 483 1952 Marthae
503 1901 572 1951 sunt
595 1893 702 1960 ablata,
737 1892 808 1964 quia
831 1890 978 1948 conversis
1034 1893 1153 1964 iactum,
1171 1908 1224 1951 uec
1246 1892 1404 1950 deliberare
1417 1893 1529 1964 aliquid
1550 1895 1733 1964 permissum.
1759 1896 1878 1953 Audivi·

132 1986 239 2043 ludaeis
266 1983 371 2058 legalia
390 1992 459 2041 sunt
474 1983 635 2047 interdicta,
656 1996 723 2039 cum
737 1993 788 2052 per
802 1979 925 2037 Paulum
939 1979 980 2036 di-

132 2075 222 2132 citur:
253 2075 285 2130 Si
310 2073 556 2143 circumcidamini,
585 2073 709 2130 Christus
730 2071 806 2127 cobis
827 2069 897 2125 nihil
918 2085 980 2140 pro

132 2165 205 2221 derit
219 2165 324 2237 (Galat.
335 2178 364 2232 v,
381 2161 420 2235 ι).

415 2303 534 2361 SERMO
548 2302 656 2362 XXVII.

131 2472 158 2514 iti
190 2469 238 2513 DIM
263 2465 360 2508 sartari
390 2461 560 2505 nuncubatur
590 2458 660 2502 ΡΛΡΕ
691 2457 727 2500 ss'i'
759 2456 908 2511 dimitiis,
940 2456 978 2498 ΑΙ)

183 2555 329 2602 Montanos
347 2548 582 2596 ROTHOMAGEMSMS
600 2547 745 2598 narrabilis
763 2546 914 2589 hausurus

165 2688 297 2756 superna
327 2681 428 2752 pietas,
452 2678 564 2746 iratres,
594 2675 732 2733 membris
754 2674 815 2731 suis
840 2675 976 2733 omnibus

128 2788 165 2832 ox
193 2771 399 2844 omnipotentia
428 2768 591 2840 providens,
607 2766 681 2823 sicut
709 2765 832 2823 torribus
860 2778 974 2836 aprae-

81 2928 85 2932 ,
127 2863 300 2935 sumptione,
317 2861 359 2917 sic
373 2857 495 2915 inilrmis
508 2855 637 2928 providet
651 2854 884 2925 adesperatione.

166 2951 246 3008 Unde
267 2958 294 3006 et
311 2948 340 3004 in
354 2956 480 3018 utroque
494 2944 620 3014 seipsum
638 2941 729 3011 primo
744 2942 922 2999 constituens
940 2942 971 3000 in

126 3039 302 3109 exemplum,
328 3049 409 3092 nunc
435 3032 661 3104 persecutionem
692 3029 840 3086 declinans
868 3030 976 3088 seabs·

86 3172 96 3193 ,
126 3127 233 3194 condit,
257 3140 337 3182 nunc
358 3121 500 3194 passionis
522 3119 690 3176 imminente
713 3117 845 3185 articulo,
871 3119 974 3177 intan-

126 3225 187 3273 tum
202 3228 305 3285 pavere
320 3227 353 3269 ac
369 3211 473 3268 taedere
486 3208 631 3277 scribitur,
646 3213 679 3262 ut
692 3205 723 3262 in
740 3206 846 3277 agonia
870 3206 973 3278 iactus,

124 3304 208 3377 quasi
229 3302 403 3373 sanguineas
425 3306 521 3371 guttas
546 3311 598 3367 pro
618 3295 722 3352 sudore
752 3303 852 3352 contra
872 3297 975 3354 huma-

123 3407 192 3450 nam
208 3400 344 3448 naturam
355 3388 505 3454 emitteret,
520 3394 547 3443 et
569 3385 675 3456 saepius
689 3384 725 3457 ad
737 3383 852 3441 Patrem
875 3400 971 3456 orans,

122 3482 240 3539 calicem
267 3477 408 3551 passionis
432 3490 449 3532 a
480 3489 510 3532 se
530 3473 664 3540 transire,
687 3473 712 3529 si
736 3474 868 3543 possibile
889 3482 971 3546 esset,

121 3570 289 3643 postularet.
318 3566 371 3635 Qui
393 3565 480 3622 etiam
512 3562 628 3619 infirma
657 3563 786 3619 membra
804 3561 835 3618 in
858 3569 971 3621 tantum

120 3659 278 3718 transierre
311 3657 341 3712 in
371 3654 497 3725 scipsum
521 3652 659 3723 dignatus
688 3659 740 3719 est,
777 3659 810 3707 ut
847 3652 969 3709 diceret:

118 3751 198 3810 Nunc
210 3750 305 3804 aalma
330 3761 390 3801 mea
405 3743 518 3799 turbata
545 3746 594 3797 esi.
612 3743 646 3797 lit
660 3741 729 3811 guid
751 3741 864 3797 dicam?
878 3744 970 3810 Pater,

119 3839 242 3911 saluifica
265 3853 306 3892 mc
330 3851 365 3891 ea
387 3835 437 3890 bac
465 3834 532 3887 hora
556 3832 646 3901 (loon.
670 3844 723 3899 ιιι,
746 3831 804 3900 27).
828 3831 869 3887 Aa
892 3837 916 3888 si
926 3832 969 3888 tli-

118 3937 209 3986 caret:
239 3926 282 3984 ba
305 3924 376 3982 mihi
404 3920 595 3979 constantiam
610 3919 640 3975 in
656 3919 801 3990 passione,
829 3933 865 3976 ne
885 3919 969 3977 timor

117 4016 273 4091 praevaleat
315 4011 476 4069 infirmitati
501 4010 647 4067 humanae.
679 4007 784 4074 Quare,
812 4022 828 4065 ο
854 4007 966 4077 iratres,

118 4107 251 4164 Christus
266 4102 371 4161 dixerit
398 4113 519 4156 securus
544 4112 595 4168 per
609 4097 706 4153 omnia
725 4112 754 4153 sc
769 4096 851 4155 nullo
866 4096 967 4155 timore

1034 1983 1204 2053 musipsum
1231 1982 1261 2039 in
1280 1983 1418 2039 sacrificio
1439 1982 1505 2039 idoli
1530 1983 1680 2040 incensum
1695 1984 1874 2042 solummodo

1033 2072 1168 2142 posuisse,
1185 2086 1237 2128 nea
1251 2072 1335 2128 istam
1354 2072 1610 2142 transgressionem
1637 2087 1704 2129 eum
1731 2073 1875 2143 tolerasse,

1032 2159 1081 2216 sed
1095 2159 1191 2216 statim
1216 2159 1529 2231 convocatiseplscopis
1556 2160 1586 2217 in
1610 2161 1733 2231 seipsum
1762 2170 1876 2219 senten-

1034 2248 1102 2304 tiam
1131 2247 1315 2317 depositionis
1338 2248 1458 2315 dedisse,
1479 2262 1545 2305 cum
1564 2263 1751 2320 nequaquam
1776 2252 1877 2308 Petrus

1031 2336 1154 2392 detrina
1166 2350 1219 2393 sua
1238 2336 1388 2407 negatione
1407 2343 1517 2393 tantam
1531 2337 1621 2408 egerit
1642 2337 1874 2406 satisfactionem,

1031 2439 1084 2482 nec
1097 2424 1182 2482 eliam
1195 2423 1231 2480 ad
1256 2423 1462 2481 contessionem
1482 2425 1594 2482 venisse
1612 2427 1736 2499 legatur,
1762 2435 1814 2486 aut
1827 2441 1874 2484 sa·

1031 2513 1220 2571 tisiactioncm
1234 2513 1362 2585 aliquam
1378 2513 1444 2570 iude
1453 2514 1620 2585 suscepisse.

1065 2602 1146 2671 Quod
1163 2603 1186 2659 si
1203 2610 1264 2674 post
1287 2603 1415 2673 Petrum,
1443 2603 1568 2661 Paulum
1590 2619 1709 2676 quoqne
1728 2619 1875 2663 summum

1030 2691 1224 2763 coapostolum
1247 2692 1316 2762 ejus
1342 2690 1504 2748 Marcellino
1539 2692 1731 2762 conferamus,
1768 2694 1876 2751 levissi-

1030 2794 1107 2837 mam
1123 2779 1281 2837 Marcellini
1296 2779 1411 2850 culpam
1427 2780 1456 2836 in
1471 2781 1525 2836 hac
1544 2783 1770 2854 transgressione
1782 2798 1876 2840 cense

991 2868 1135 2932 obimus.
1154 2867 1288 2940 Legimus
1312 2869 1421 2940 quippe
1446 2869 1571 2927 Paulum
1598 2870 1759 2928 secundum
1786 2873 1875 2930 ritum

1030 2956 1111 3029 legis,
1127 2957 1213 3028 cujus
1226 2957 1388 3028 corporales
1407 2959 1605 3015 observantias
1626 2960 1752 3017 inanime
1775 2959 1874 3031 impa-

1029 3046 1149 3118 gnahat,
1165 3045 1347 3116 compulsum
1362 3047 1504 3115 aludaeis,
1521 3054 1553 3104 ut
1576 3062 1655 3104 mora
1680 3048 1876 3106 Nazareorum

1030 3137 1085 3191 Deo
1106 3149 1136 3192 se
1155 3143 1345 3202 consecraret,
1368 3149 1501 3194 necnon
1527 3142 1555 3193 et
1578 3136 1761 3194 Timotheum
1785 3138 1874 3194 disci-

1028 3222 1131 3290 pulum
1161 3237 1248 3281 suum
1277 3222 1313 3280 ad
1351 3224 1617 3282 circumcidendum
1653 3226 1695 3282 eis
1732 3226 1872 3283 traderet:

1028 3312 1145 3383 quando
1182 3321 1277 3370 tamen
1301 3312 1547 3370 circumcisionem
1581 3313 1612 3369 in
1637 3320 1751 3370 tantum
1774 3329 1875 3386 super·

1028 3400 1117 3458 iluam
1131 3400 1176 3458 vel
1197 3402 1387 3472 periculosam
1400 3402 1559 3473 judicabat,
1573 3409 1605 3460 ut
1617 3403 1736 3460 diceret:
1760 3402 1794 3459 st
1821 3410 1873 3460 cir·

1027 3492 1220 3546 cumcidamt'ai
1252 3492 1376 3547 Christus
1404 3492 1477 3547 vobis
1506 3493 1578 3547 alisii
1609 3492 1735 3563 proderit
1769 3492 1871 3564 (Galat.

1025 3595 1055 3646 v,
1086 3579 1129 3649 2);
1145 3589 1173 3637 et
1197 3580 1369 3652 generaliter
1399 3581 1434 3637 de
1468 3580 1659 3638 observantiis
1695 3581 1785 3654 legis:
1818 3582 1871 3648 Qui

1025 3668 1157 3812 ἱίιὸὶιίιριί)
1191 3669 1296 3740 inquii,
1323 3670 1518 3740 justificamini
1556 3685 1573 3724 a
1613 3672 1706 3739 gratia
1728 3671 1871 3728 cecidistis

1038 3756 1075 3794 tt
1099 3781 1118 3808 .,
1161 3781 1167 3796 .

1060 3830 1203 3901 Negataro
1221 3829 1304 3885 Petro
1319 3829 1459 3887 Dominus
1474 3829 1647 3900 predixerat
1673 3831 1752 3902 qaod
1780 3845 1868 3904 nega·

1024 3925 1076 3986 ret,
1096 3924 1124 3975 et
1138 3917 1185 3974 illc
1205 3916 1393 3974 constantiam
1409 3918 1454 3975 sui
1485 3918 1653 3989 promittens
1681 3934 1697 3975 e
1725 3919 1869 3978 contrario

1022 4007 1134 4078 majora
1156 4006 1349 4079 promittebat,
1374 4014 1401 4063 et
1423 4020 1454 4064 se
1472 4008 1607 4065 omnibus
1631 4022 1799 4079 preponens
1826 4008 1869 4065 di-

1022 4095 1118 4152 cebat:
1130 4097 1165 4152 ut
1178 4099 1203 4151 sl
1225 4110 1314 4151 omues
1329 4095 1514 4152 scandalizati
1540 4098 1656 4165 suanm,
1683 4098 1732 4153 scal
1752 4113 1806 4154 non
1821 4114 1867 4172 epo

117 4193 268 4268 passionis,
297 4191 379 4248 nullo
412 4187 544 4245 cruciatu
573 4186 681 4244 doloris
705 4200 787 4257 posse
814 4186 965 4258 superari?
985 4155 1004 4208 υ
1021 4184 1129 4257 (Multis.
1146 4200 1224 4255 xxvr,
1248 4188 1300 4255 33).
1315 4186 1351 4242 Mt
1370 4199 1504 4242 rursum:
1519 4189 1616 4242 Tecum
1626 4190 1745 4258 paratus
1768 4201 1828 4242 sum
1843 4189 1869 4241 et

119 4292 250 4340 nostram
274 4281 386 4351 utique,
411 4278 514 4334 iratres
529 4276 727 4333 infirmitatem
744 4275 789 4332 his
814 4275 910 4333 verbis
924 4276 967 4332 in·
1018 4274 1208 4331 inmortemct
1227 4277 1255 4329 ιι
1270 4276 1455 4331 carcerune‘re
1479 4276 1555 4350 (huc.
1579 4292 1649 4346 ιιι,
1677 4278 1733 4347 33).
1749 4275 1863 4344 Quanto

118 4371 253 4432 tendebat
287 4367 438 4435 consolari,
480 4381 539 4422 non
575 4365 704 4436 aliquam
741 4364 964 4422 imbecillitatem
1020 4363 1206 4434 praesumptio
1238 4365 1435 4433 promissionis
1470 4366 1563 4437 major
1597 4366 1756 4434 exstiterat,
1785 4372 1864 4422 tanto

119 4476 208 4536 quam
222 4458 505 4527 haberetexponere.
522 4454 609 4511 Nobis
633 4454 663 4509 ιι
680 4452 725 4510 his
745 4452 882 4510 omnibus
898 4468 964 4511 con·
1019 4452 1269 4523 reprehensibilior
1290 4453 1369 4511 Petri
1392 4454 1488 4522 ruina,
1505 4463 1533 4512 ct
1559 4455 1658 4527 lapsus
1681 4463 1723 4512 est
1738 4453 1864 4528 gravior,

116 4551 240 4619 solebat,
256 4563 313 4607 non
329 4545 383 4603 sibi
396 4544 575 4616 providebat,
588 4557 624 4601 ne
637 4542 710 4600 iorte
724 4543 747 4599 si
763 4542 876 4614 aliquid
899 4542 964 4600 ilde
1019 4549 1129 4612 quanto
1143 4551 1244 4600 ιοιιιι
1269 4542 1348 4599 hanc
1373 4543 1510 4614 proiessio
1538 4544 1631 4602 iuerat
1650 4545 1752 4616 major.
1772 4543 1862 4601 Nemo

116 4642 159 4701 les
173 4650 301 4712 tempore
316 4633 457 4709 passionis
476 4632 660 4704 trepidarent,
683 4637 735 4688 aut
755 4631 791 4688 ab
822 4644 856 4688 ea
880 4630 963 4689 decli·
1017 4631 1215 4689 Marcellinum
1233 4631 1267 4688 de
1287 4633 1512 4704 transgressione
1535 4648 1601 4705 quae
1616 4634 1691 4690 iacta
1713 4635 1765 4700 esi,
1789 4646 1862 4704 prac-

117 4737 230 4799 narent,
248 4725 443 4796 desperatione
457 4722 586 4793 percussi
600 4728 628 4777 et
645 4719 779 4777 devonia
802 4719 963 4776 diiddentes
1017 4720 1172 4788 munierat,
1197 4720 1308 4778 nullius
1326 4722 1527 4780 exhortatione
1554 4738 1590 4780 ne
1620 4722 1649 4779 id
1677 4726 1862 4792 presumeret

116 4820 242 4878 dicerent
262 4833 292 4875 se
306 4816 343 4873 ad
366 4814 512 4871 Christum
540 4809 658 4868 minime
681 4808 834 4878 pertinere.
857 4808 961 4865 Contra
1016 4811 1181 4879 preventus
1220 4817 1291 4866 erat.
1320 4811 1446 4868 Mendax
1483 4812 1512 4869 ιι
1535 4811 1722 4882 promissione
1752 4812 1863 4878 Petrus,

116 4922 206 4980 quam
221 4907 308 4965 etiam
331 4900 537 4976 desperationis
555 4899 672 4970 plagam
695 4910 754 4953 non
782 4896 875 4955 solum
889 4897 962 4955 Tho
1016 4898 1091 4955 sicut
1104 4907 1131 4955 et
1146 4898 1176 4954 in
1186 4899 1338 4970 negatione
1356 4909 1487 4971 repertus
1508 4908 1559 4957 est.
1576 4900 1634 4957 Nec
1659 4901 1690 4957 in
1718 4914 1778 4957 una
1800 4908 1861 4958 tan·

115 5009 170 5052 mae
189 4995 523 5059 dubitationem,verum
543 4989 629 5045 etiam
651 4986 758 5043 trinam
781 4985 855 5043 Petri
874 5000 960 5059 nega·
1015 4993 1088 5056 tum,
1106 4995 1139 5045 ut
1153 4987 1325 5059 dictumest,
1351 4989 1513 5062 negatione,
1530 4989 1580 5047 sed
1609 4989 1698 5057 trina,
1722 5004 1776 5046 nec
1799 4990 1864 5047 sim·

115 5083 222 5142 tionem
238 5083 360 5140 intirmis
378 5080 521 5152 opposuit,
535 5084 564 5135 et
587 5075 810 5133 saluberrimum
837 5073 902 5131 inde
916 5090 961 5133 ca·
1014 5077 1092 5150 plici,
1107 5078 1157 5135 sed
1176 5093 1244 5136 curn
1268 5078 1565 5137 anathematizationis
1579 5078 1779 5137 detestatione.
1809 5079 1863 5145 Qui

116 5170 258 5243 taplasma
268 5170 396 5227 coniecit.
415 5169 545 5239 lienique
557 5173 585 5224 et
601 5164 800 5222 Marcellinum
816 5171 958 5233 nostrum,
1015 5166 1150 5238 quamvis
1163 5168 1341 5240 penituerit,
1373 5167 1464 5225 multo
1479 5176 1576 5226 tamen
1598 5176 1725 5240 tempore
1755 5169 1863 5243 passio-

117 5257 554 5328 beatil'ctrivicarium,cu1us
572 5263 699 5327 tempore
723 5253 831 5312 crebra
855 5255 960 5325 passio·
1014 5269 1081 5312 nem
1104 5268 1190 5313 suam
1220 5255 1341 5314 distulit.
1364 5255 1456 5324 Quam
1484 5257 1610 5330 deniquo
1633 5258 1760 5330 lugiens,
1788 5257 1862 5315 sicui

116 5362 168 5406 nes
180 5347 287 5407 multos
300 5346 456 5414 terrebant,
476 5343 729 5403 nonnullosetiam
745 5343 891 5415 abnegare
911 5358 958 5400 co·
1012 5343 1151 5415 scriptum
1172 5349 1224 5415 est,
1250 5357 1269 5402 a
1290 5343 1411 5402 Domino
1424 5343 1466 5401 iili
1489 5345 1625 5404 obviante
1647 5345 1734 5419 quasi
1759 5344 1861 5405 nolens

115 5437 233 5511 gabant,
249 5433 377 5499 titubare
391 5435 427 5495 ad
449 5434 551 5495 borant
564 5433 706 5494 hominm
731 5431 860 5505 pertulit,
879 5439 908 5491 ct
921 5432 958 5491 ad
1013 5431 1108 5494 redire
1128 5432 1296 5508 compulsas
1307 5439 1360 5507 est,
1380 5432 1467 5506 iaxta
1480 5434 1559 5507 quod
1574 5435 1601 5493 ei
1628 5435 1771 5495 hominus
1789 5450 1862 5509 prae
