3736 5962
53 253 108 310 285
846 249 954 311 Eplffl'.
973 251 1050 313 tria.
1760 257 1816 312 286

54 377 184 435 sufficiet
206 376 367 434 diaconissa
383 377 484 448 paucis
498 377 534 434 ad
548 391 578 435 se
599 379 634 435 de
644 382 649 444 l
660 377 819 451 majoribus
845 392 913 450 per·
929 379 952 433 ll
967 388 1064 437 autem
1082 380 1129 438 vel
1155 380 1250 437 statim
1270 379 1441 436 coenandum
1456 383 1498 436 est
1513 377 1557 435 vel
1578 377 1737 450 potandum
1756 379 1813 439 .llt

53 468 137 524 sonis
151 467 327 523 convocatis.
349 466 492 538 Scriptum
508 481 627 539 quoqne
647 476 690 525 εει
703 469 744 539 {de
767 467 909 526 consilio:
966 460 1131 525 inds'etiam
1160 469 1318 526 secundum
1349 467 1485 538 temporis
1512 465 1749 523 cousuetudinem
1776 465 1813 524 ad

53 557 142 612 «Ubi
175 564 296 612 nonest
322 557 512 628 gubernator,
528 558 653 627 populus
679 557 798 615 corruit.
828 557 911 614 Salus
966 558 1143 614 collationem
1167 558 1307 614 eundum.
1330 555 1453 613 Sabbato
1477 563 1572 611 autem
1600 564 1666 613 anta
1681 553 1812 613 collatic-

52 654 158 702 antem
178 685 185 711 ,
207 643 257 701 ubi
275 645 365 702 multa
379 647 500 703 consilia
515 646 606 716 (Proo.
622 662 675 714 ιιιι,
693 647 746 719 li).
762 649 812 704 Via
831 645 911 704 stulti
966 661 1030 703 nem
1043 648 1194 704 munditiae
1207 647 1287 716 dant,
1301 647 1516 703 inablutionem
1529 645 1659 703 videlicet
1671 645 1813 717 pedumst

52 740 136 788 recta
152 733 185 788 in
211 732 301 789 oculis
326 734 398 804 ejus·
419 734 474 802 Qui
494 743 588 793 autem
604 737 727 808 sapiens,
744 737 826 794 audit
840 751 911 793 con-
966 749 1118 793 manuum.
1141 737 1173 793 ln
1186 750 1243 807 quo
1260 736 1376 807 quidem
1390 734 1528 805 obsequio
1543 734 1705 791 diaconissa
1719 732 1812 792 lamu-

52 821 120 878 silia
147 820 240 893 (Ριου.
258 836 308 890 ιιι,
328 823 384 893 15).
410 824 474 892 Fili,
491 825 551 881 sine
566 826 685 882 consilio
705 827 777 883 nibil
797 825 910 889 iacias,
965 823 1041 882 letur
1064 839 1130 881 cum
1151 825 1405 893 bebdaniodariis‚
1423 839 1489 896 quae
1513 824 1646 896 coquinae
1669 821 1812 881 deservis·

51 918 171 980 etpost
195 911 677 985 lactumncnpmnitebistldoeli,
707 916 910 987 nannet.»
965 921 1054 970 runt.
1083 914 1148 971 Post
1185 914 1365 970 collationem
1393 927 1462 969 vero
1501 913 1536 969 ad
1588 911 1811 983 Complatorinm

53 998 81 1054 Si
98 999 247 1055 loa-tesius
261 1000 380 1056 consilio
394 1001 506 1073 aliquid
526 1017 695 1073 prosperum
712 1002 797 1061 babet
821 1018 911 1060 even·
966 1003 1061 1059 statim
1087 1010 1130 1060 εει
1162 1002 1362 1071 veniendum,
1386 1003 1453 1059 inde
1477 1001 1636 1060 dormitum
1663 1008 1706 1060 εει
1739 1015 1812 1060 cun·

57 1095 120 1144 tum
138 1127 147 1153 ,
162 1101 221 1143 non
239 1096 359 1144 excusat
374 1090 498 1146 bominis
513 1092 768 1161 praesumptionem
788 1092 911 1148 iortnnae
965 1091 1046 1147 dum.

56 1176 234 1233 beneficium
251 1217 258 1230 .
273 1178 324 1233 Sin
339 1187 435 1236 autem
452 1188 514 1250 post
527 1181 681 1237 consilium
697 1195 911 1253 nonnunquam
1001 1181 1041 1236 [le
1063 1179 1144 1236 rictu
1158 1187 1254 1236 autem
1265 1187 1292 1237 et
1305 1181 1409 1237 vestitu
1424 1179 1578 1250 apostolica
1592 1185 1726 1236 teneatur
1743 1190 1811 1234 san·

57 1273 185 1331 errant,
206 1274 415 1338 potestasque
439 1269 592 1326 consilium
620 1269 756 1341 quesivit
783 1285 833 1328 rea
852 1285 910 1327 non
965 1269 1053 1326 tentia
1068 1310 1076 1337 ,
1091 1283 1150 1340 qua
1172 1268 1297 1325 dicitur:
1314 1286 1327 1322 i
1345 1269 1488 1326 Habentes
1515 1277 1611 1343 autem
1633 1268 1769 1325 alimenta
1784 1271 1812 1322 ει

58 1361 195 1411 ιοιιειιιιι
211 1358 444 1426 praesumptionis
458 1396 465 1412 .
480 1358 538 1414 Nec
554 1367 612 1415 tam
628 1360 794 1432 culpandus
805 1368 848 1417 est
859 1361 911 1433 qui
965 1357 1074 1429 quibus
1083 1364 1225 1429 tegamur,
1254 1357 1298 1414 bis
1312 1359 1436 1415 contenti
1452 1359 1543 1414 simus
1555 1357 1578 1429 (l
1596 1359 1677 1426 Tim,
1693 1354 1810 1428 r1,8).»

55 1443 204 1510 credidit,
232 1458 320 1515 quam
341 1446 451 1516 quibus
488 1449 549 1518 ipse
585 1450 711 1506 errando
740 1450 909 1521 acquievit.
966 1447 1002 1504 Ut
1029 1446 1175 1504 videelicet
1200 1448 1360 1504 necessaria
1385 1447 1549 1514 sulliciant,
1574 1460 1634 1502 non
1662 1444 1812 1516 superflua

57 1533 191 1603 Egressae
205 1547 273 1590 vero
292 1535 454 1605 capitulum
475 1536 511 1592 iis
525 1537 634 1608 quibus
649 1546 759 1608 oportet
774 1537 911 1610 operibus
965 1543 1146 1607 querantur.
1174 1536 1210 1592 Et
1226 1536 1303 1607 quod
1326 1537 1413 1592 vilius
1436 1537 1540 1607 poterit
1563 1534 1745 1608 comparari,
1765 1533 1812 1590 rel

57 1621 234 1692 intendant,
251 1622 372 1695 legendo
387 1624 495 1682 scilicet
509 1626 555 1683 vel
569 1628 722 1696 cantando,
739 1628 799 1685 sive
815 1629 910 1685 mani·
928 1667 949 1721 Β
967 1624 1080 1682 lacilius
1095 1624 1205 1693 haberi,
1221 1633 1249 1682 ει
1281 1625 1343 1682 sine
1367 1625 1502 1682 scandalo
1526 1624 1613 1692 stimi,
1630 1638 1661 1680 re
1676 1621 1813 1680 conceda-

57 1709 114 1767 bus
132 1711 281 1782 operando
302 1727 395 1783 usqua
415 1713 452 1770 ad
472 1714 596 1772 Tertiam
613 1757 619 1771 .
636 1717 702 1773 Post
715 1717 841 1773 Tertiam
856 1730 912 1773 au·
968 1721 1026 1771 tur.
1043 1713 1140 1770 Solum
1164 1715 1272 1785 quippe
1284 1713 1452 1772 scandalum
1478 1715 1602 1786 propria
1631 1711 1813 1770 conscientias

56 1807 115 1857 tarn
131 1801 221 1857 missa
249 1800 362 1859 dicatur
379 1844 386 1871 ,
402 1803 438 1858 ad
454 1818 543 1874 qnam
568 1805 684 1875 quidem
710 1805 912 1863 celebrandam
966 1803 1011 1860 vel
1027 1803 1146 1860 alterius
1162 1804 1193 1859 in
1206 1803 1278 1860 cibis
1293 1805 1449 1874 Apostolus
1463 1804 1545 1873 vitat,
1562 1803 1655 1860 sciens
1668 1801 1812 1873 quianon

56 1903 138 1947 nnus
168 1904 206 1947 ex
227 1891 376 1948 monacbis
402 1893 534 1949 sacerdos
564 1892 808 1950 hebdomadarius
832 1895 913 1951 insti·
966 1898 1007 1948 est
1036 1892 1118 1948 cibus
1133 1892 1162 1947 in
1179 1891 1259 1960 vitio,
1276 1894 1326 1950 sed
1353 1894 1506 1964 appetitus.
1527 1914 1541 1944 ι
1573 1892 1627 1961 Qui
1643 1890 1810 1958 manducat,

56 1986 170 2036 anatur.
200 1978 291 2048 Quem
326 1980 517 2052 proiecto[ol.
544 1982 659 2053 praesto]
684 1983 708 2039 si
723 1982 806 2053 copia
832 1989 913 2040 tanta
968 1981 1071 2051 inquit,
1088 1980 1813 2053 «nonmanducantemnonspernat.Qninonman·

56 2068 92 2124 sit
112 2068 339 2135 ,cumdiaccno
353 2077 381 2126 ct
394 2070 572 2127 subdiacono
587 2071 687 2128 venire
708 2079 819 2142 oportet
839 2071 912 2143 ,qui
967 2070 1063 2137 ducat,
1080 2070 1301 2127 manducantem
1330 2085 1389 2128 non
1415 2071 1533 2143 judicet.
1564 2070 1607 2126 Pu
1626 2068 1693 2141 quis
1708 2082 1740 2126 aa
1761 2067 1814 2139 qni

55 2157 82 2214 ei
110 2157 193 2228 qnod
219 2159 415 2215 necessarium
442 2167 484 2215 est
506 2159 723 2224 administrent,
753 2161 799 2217 rel
835 2162 913 2232 quod
964 2157 1080 2229 iudicas
1107 2158 1235 2215 alienum
1250 2160 1392 2217 serrum?
1415 2159 1468 2227 Qui
1486 2159 1666 2225 manducat,
1690 2157 1813 2215 Domino

56 2260 149 2303 snum
166 2253 211 2303 est
238 2254 266 2305 ει
291 2246 341 2317 ipsi
370 2255 535 2317 operentur.
557 2248 834 2312 Quorumacccssus
867 2250 911 2306 rel
966 2248 1130 2304 manducet.
1153 2248 1268 2306 Gratias
1282 2251 1359 2306 enim
1374 2249 1435 2321 agit
1456 2251 1523 2306 Deo.
1540 2249 1575 2304 Et
1590 2248 1641 2319 oui
1657 2260 1715 2303 non
1732 2258 1814 2304 man·

57 2345 192 2388 recessus
206 2332 245 2389 ita
259 2334 330 2391 liant
346 2373 354 2402 ,
370 2342 403 2390 ut
418 2348 551 2391 sororum
565 2337 719 2393 conventui
746 2336 914 2394 nullatenus
966 2337 1063 2404 ducat,
1081 2338 1201 2394 Domino
1218 2353 1275 2394 non
1301 2339 1468 2407 manducat,
1484 2346 1512 2396 et
1539 2338 1648 2410 gratias
1668 2335 1729 2408 agit
1741 2336 1811 2393 Deo.

57 2428 177 2491 pateant
201 2422 241 2489 si,
263 2435 330 2479 vero
346 2423 443 2493 plures
462 2425 618 2481 necessarii
634 2424 751 2494 luerint,
767 2433 795 2483 et
811 2427 845 2483 de
866 2426 912 2482 bis
966 2427 1026 2482 Non
1050 2440 1118 2498 crgo
1140 2427 1264 2498 amplius
1286 2429 1410 2486 invicem
1433 2428 1608 2499 judicemus,
1633 2426 1681 2484 sed
1697 2425 1752 2483 boc
1763 2424 1812 2498 Ju-

57 2509 274 2580 providendum
288 2513 352 2581 erit,
369 2520 396 2569 et
416 2512 455 2569 ita
480 2527 592 2584 semper
621 2514 645 2570 si
662 2513 724 2570 lleri
752 2522 864 2585 potest,
881 2524 914 2572 ut
967 2515 1058 2572 dicate
1069 2516 1162 2587 magis
1178 2531 1213 2574 ne
1228 2518 1341 2589 ponatis
1350 2516 1555 2575 offendiculum
1575 2515 1657 2573 tratri
1674 2514 1718 2572 vel
1732 2527 1815 2570 scan-

56 2598 198 2655 monaobi
214 2608 329 2670 propter
344 2602 446 2658 missas
471 2602 641 2658 monialium
664 2616 817 2674 nunquam
841 2619 912 2660 con-
967 2604 1076 2660 dalnm.
1098 2604 1161 2660 Scio
1177 2613 1205 2662 ει
1219 2606 1332 2663 conlido
1347 2606 1377 2661 in
1394 2606 1514 2662 Domino
1538 2606 1624 2671 lesu,
1655 2601 1814 2675 quianibil

57 2686 162 2743 ventui
176 2701 230 2743 suo
245 2688 274 2745 in
290 2688 391 2745 ciliciis
407 2690 500 2746 desint
512 2690 618 2748 divinis
634 2731 640 2746 .
658 2691 687 2747 Si
701 2705 769 2748 vero
783 2706 912 2749 commu·
965 2707 1119 2749 commune
1133 2696 1300 2765 peripsum,
1317 2696 1373 2751 nisi
1384 2694 1435 2766 qui
1447 2694 1570 2751 aestimat
1581 2693 1651 2764 quid
1662 2704 1815 2749 commune

56 2775 250 2833 nicanduma
276 2778 424 2835 sororibus
437 2777 535 2847 luerit,
561 2782 657 2836 senior
671 2779 796 2852 eligatur
813 2794 911 2838 sacer-
965 2796 1036 2838 esse.
1052 2783 1114 2839 Non
1135 2790 1177 2840 est
1205 2797 1328 2853 regnum
1345 2782 1394 2837 Dei
1407 2797 1472 2839 esca
1492 2789 1519 2838 ει
1539 2789 1634 2852 potus,
1657 2781 1705 2837 sed
1724 2780 1814 2851 justi-

57 2863 121 2931 dos,
142 2865 195 2935 oui
208 2873 271 2935 post
287 2866 401 2923 missam
412 2881 461 2924 eas
476 2869 669 2926 communicet
684 2885 691 2938 ;
708 2870 829 2941 egressis
845 2871 911 2926 inda
967 2871 1016 2938 tia,
1041 2880 1069 2928 ει
1086 2886 1153 2943 pax,
1173 2879 1201 2928 et
1230 2871 1370 2942 gaudium
1386 2871 1415 2926 in
1442 2869 1551 2942 Spiritu
1579 2876 1687 2926 sancto.
1712 2868 1815 2927 Omnia

58 2952 143 3023 prius
161 2953 281 3010 diacono
295 2963 323 3011 ει
335 2956 511 3013 subdiacono
538 2965 655 3028 propter
670 2959 825 3015 tollendam
845 2967 910 3016 ten·
926 2955 949 3014 G
966 2961 1082 3032 quidem
1098 2962 1208 3019 miruda
1223 2969 1306 3028 sunt,
1322 2961 1370 3017 sed
1389 2960 1496 3016 malum
1513 2967 1556 3016 εει
1570 2958 1680 3015 bomini
1696 2957 1747 3030 qui
1764 2969 1815 3028 per

59 3039 179 3096 tationis
199 3043 377 3100 occasionem
391 3085 398 3100 .
412 3046 467 3101 Ter
482 3060 551 3102 vero
566 3047 601 3102 ad
616 3047 714 3104 minus
732 3047 763 3103 in
778 3061 855 3104 anno
870 3056 910 3105 to-
965 3049 1170 3107 offendiculum
1185 3050 1350 3106 manducat.
1372 3051 1482 3106 Bonum
1499 3046 1814 3105 non'manducarscar·

58 3136 108 3185 tus
135 3133 328 3190 communicet
346 3142 528 3199 conventus,
546 3136 574 3191 id
592 3144 634 3193 εει
660 3138 793 3193 Pascha.
810 3137 911 3194 Pente·
965 3151 1043 3205 nem,
1058 3145 1085 3194 et
1098 3153 1156 3194 non
1172 3139 1270 3195 bibere
1283 3138 1396 3204 vinum,
1415 3150 1508 3208 neque
1522 3137 1552 3192 in
1565 3149 1625 3207 quo
1642 3135 1815 3192 lratsrtnus

58 3227 155 3290 coste,
171 3226 199 3275 ει
213 3218 314 3278 Natale
325 3222 439 3279 Domini
454 3265 462 3293 ,
479 3239 493 3280 s
508 3226 613 3281 sicula
629 3225 763 3283 Patribus
775 3233 817 3283 εει
833 3226 912 3283 insti·
966 3225 1153 3296 offendatur,
1177 3241 1215 3284 an
1239 3227 1450 3284 scandalizetur
1473 3225 1572 3298 (Pom,
1586 3238 1648 3285 riv,
1672 3223 1710 3295 3).
1726 3245 1742 3275 ιι
1757 3221 1813 3290 Qui

59 3317 158 3368 tntum
174 3310 209 3368 de
229 3312 418 3369 sacularibus
440 3313 527 3369 etiam
544 3313 710 3371 bominibus
726 3358 731 3369 .
749 3316 799 3372 llis
813 3323 910 3372 autem
964 3314 1049 3370 etiam
1073 3323 1135 3386 post
1155 3315 1325 3372 scandalum
1352 3315 1450 3371 fratris
1477 3314 1512 3370 de
1535 3313 1651 3385 proprio
1678 3310 1814 3370 scandalo

57 3399 315 3456 communionibus
331 3402 370 3456 ita
385 3415 416 3457 se
438 3411 600 3472 praeparent
625 3413 658 3460 nt
688 3404 770 3460 tertio
784 3404 831 3460 dia
847 3410 912 3460 ante
965 3401 1057 3472 ipsius
1082 3403 1134 3474 qui
1162 3412 1263 3462 contra
1281 3403 1485 3460 conscientiam
1502 3417 1584 3460 suam
1614 3401 1738 3458 comedit
1761 3400 1813 3457 ad·

58 3487 97 3543 ad
113 3488 321 3545 contessionem
336 3497 363 3546 et
385 3504 545 3561 congruam
564 3490 788 3548 satisfactionem
813 3506 913 3548 omnes
963 3491 1071 3565 iungit,
1093 3493 1190 3551 dicens
1214 3509 1221 3549 a
1245 3495 1379 3550 «Beatus
1407 3494 1458 3564 qui
1485 3507 1543 3549 non
1567 3490 1680 3564 iudicat
1712 3495 1815 3548 aemel-

59 3578 199 3635 accedent
216 3618 224 3644 ,
243 3586 364 3635 alterno
379 3592 408 3635 εε
423 3580 506 3649 panis
519 3589 546 3636 et
570 3595 654 3651 aquae
670 3581 782 3653 ieiunio
798 3589 825 3638 ει
847 3595 912 3638 ora·
965 3581 1062 3651 ipsum
1084 3582 1113 3637 in
1142 3597 1174 3638 eo
1203 3582 1282 3653 qnod
1310 3583 1422 3652 probat.
1440 3580 1495 3648 Qui
1508 3589 1605 3637 autem
1632 3578 1768 3637 discernit
1790 3577 1814 3634 si

60 3670 140 3724 tione
168 3668 312 3738 trequenti
336 3668 488 3738 purificent
514 3670 675 3726 cumomni
705 3670 867 3726 bumilitate
885 3677 913 3726 et
966 3668 1197 3738 manducaverit,
1205 3671 1361 3726 damnatus
1375 3677 1425 3737 εει,
1443 3669 1578 3740 quianon
1594 3682 1631 3725 aa
1644 3667 1711 3724 fida.
1723 3667 1814 3726 Omna

59 3761 208 3823 tremore,
244 3756 322 3812 illam
353 3757 480 3828 Apostoli
506 3758 634 3815 terribile
657 3759 734 3828 apud
763 3772 793 3815 se
825 3767 912 3815 ratra-
966 3758 1260 3828 cutemquodnoner
1276 3759 1340 3825 llde,
1359 3755 1743 3829 peccatumestlibid.,22).
1760 3756 1814 3812 »ln

60 3852 173 3902 cantes
203 3844 396 3902 sententiam:
427 3869 442 3897 «
458 3848 576 3917 ltaque,
604 3847 724 3917 inquit,
742 3848 912 3918 quicunque
964 3845 1043 3900 cmni
1071 3848 1180 3916 qnippe
1194 3846 1272 3916 quod
1292 3847 1406 3917 agimus
1431 3853 1531 3901 contra
1546 3845 1750 3902 conscientiam
1766 3856 1816 3900 no-

61 3933 285 3990 manducaverit
298 3947 402 4004 panem
417 3934 463 3991 vel
480 3935 584 3992 biberit
599 3934 717 3991 calicem
736 3936 850 3992 Domini
871 3937 912 3991 in·
966 3940 1067 4000 stram,
1077 3942 1105 3991 ει
1123 3934 1286 3991 contrabcc
1300 3934 1377 4006 quod
1393 3934 1548 3999 credimus,
1559 3945 1720 4003 mecamus.
1735 3932 1771 3988 lta
1785 3931 1815 3989 in

59 4020 161 4091 digne,
177 4034 244 4077 rens
265 4022 319 4093 epit
332 4022 459 4092 corporis
481 4030 509 4079 ει
523 4023 674 4094 sanguinis
689 4025 804 4080 Domini
821 4027 911 4080 ‚Pro-
965 4022 1084 4093 ecquod
1104 4022 1271 4092 probamus,
1285 4023 1338 4078 boc
1350 4029 1392 4078 est
1405 4021 1557 4093 perlegam
1572 4034 1661 4091 quam
1674 4019 1815 4091 approba-

60 4109 107 4166 ber
127 4118 226 4166 autem
252 4111 378 4181 seipsum
399 4112 483 4167 bomo
496 4120 540 4178 ,ει
555 4113 596 4168 sic
617 4113 652 4169 de
669 4113 805 4183 pausillo
821 4114 910 4182 edat,
966 4124 1035 4167 mus
1056 4119 1145 4181 atque
1160 4111 1325 4181 recipimus,
1339 4110 1507 4182 judicamus
1520 4108 1711 4179 nosmetipsos
1723 4115 1813 4179 atoue

58 4205 89 4255 ει
117 4198 153 4254 de
178 4197 267 4255 calice
289 4199 378 4256 bibat.
404 4199 458 4266 Qui
492 4201 569 4257 enim
609 4202 766 4259 manducat
790 4210 816 4259 ει
841 4202 913 4260 bibit
967 4200 1153 4266 damnamus,
1181 4200 1204 4256 si
1221 4199 1283 4256 illos
1309 4200 1440 4256 videlicet
1455 4199 1632 4255 comedimus
1646 4197 1726 4256 cibos
1740 4210 1816 4270 quoa

60 4287 192 4358 indigne,
224 4287 368 4360 judicium
402 4289 456 4346 sibi
481 4290 639 4347 manducat
668 4299 696 4347 et
717 4290 819 4359 bibit,
852 4287 1813 4361 nonpdiscernimus,bocestperlegemexcludimns,etsspara-

60 4375 227 4447 dijudicans
255 4389 361 4446 corpus
375 4376 488 4433 Domlni
506 4417 512 4431 .
531 4378 596 4434 Ideo
611 4379 751 4435 intervos
770 4379 853 4436 multi
869 4381 910 4435 in·
967 4390 1032 4432 mus
1049 4384 1198 4449 tamqnam
1227 4379 1400 4435 immundos.
1417 4379 1541 4434 'lantum
1563 4379 1640 4434 enim
1661 4383 1704 4433 est
1732 4373 1812 4432 testi·

60 4465 139 4522 firmi
149 4472 177 4520 et
189 4464 356 4532 imbecilles,
386 4475 413 4523 ει
432 4466 581 4523 dormiunt
601 4467 694 4524 multi.
711 4468 792 4533 Quod
810 4469 835 4525 si
850 4483 912 4525 nos
967 4465 1097 4522 monium
1112 4467 1294 4525 conscientiae
1309 4476 1423 4534 nostrae,
1440 4474 1473 4523 ut
1487 4467 1549 4523 baec
1565 4479 1616 4522 nos
1627 4462 1706 4535 apud
1722 4463 1814 4520 baum

58 4554 197 4624 metipsos
216 4555 440 4627 dijudicaremus
456 4596 464 4625 ,
480 4570 538 4612 non
557 4558 657 4627 utique
683 4558 912 4629 dijudicaremur
968 4554 1094 4610 manime
1119 4563 1235 4611 accuset
1259 4555 1304 4612 vel
1328 4561 1456 4612 excuset.
1484 4553 1567 4612 llndc
1588 4561 1616 4609 at
1635 4554 1759 4608 loannes
1784 4550 1816 4606 in

61 4644 87 4714 (l
111 4644 186 4710 Gor„
217 4657 258 4713 ιι,
276 4646 364 4715 all.»
391 4645 456 4701 Post
479 4646 596 4701 missam
624 4660 742 4716 quoque
766 4647 801 4702 ad
825 4661 912 4717 opera
968 4642 1062 4712 prima
1085 4656 1139 4700 sua
1166 4644 1297 4701 meminit
1319 4642 1446 4716 Epistola
1466 4658 1473 4699 :
1492 4662 1507 4695 u
1523 4637 1751 4706 cbarissimi,si
1765 4651 1815 4696 cor

60 4733 183 4788 redeant
210 4733 355 4803 usquead
385 4732 499 4790 Sextam
514 4776 521 4801 ,
537 4741 564 4790 et
579 4734 661 4791 nullo
678 4742 806 4806 tempore
824 4737 913 4794 otiose
968 4740 1100 4789 nostrum
1117 4747 1175 4788 non
1196 4733 1413 4805 reprehenderit
1428 4746 1479 4788 nos
1499 4771 1506 4798 ,
1522 4729 1658 4786 fiduciam
1672 4728 1816 4785 babemus

59 4822 176 4886 vivant,
192 4821 241 4877 sed
253 4834 438 4892 unaquaeque
454 4822 481 4877 id
497 4823 576 4894 quod
591 4827 682 4893 potest
696 4831 724 4880 et
734 4825 812 4895 quod
827 4839 912 4895 opor·
968 4820 1004 4877 ad
1017 4822 1119 4878 Deum.
1132 4821 1166 4877 lla
1176 4821 1320 4894 quidquid
1337 4820 1504 4892 petierimus
1518 4817 1694 4887 accipiemus
1712 4816 1750 4875 ab
1761 4830 1813 4884 co,

61 4916 101 4966 tet
115 4917 262 4979 operetur.
284 4909 349 4966 Post
378 4908 494 4966 Sextam
511 4918 607 4967 autem
628 4910 829 4980 prandendum
844 4920 886 4969 εει
902 4953 910 4981 ,
968 4911 1106 4980 quoniam
1132 4912 1267 4968 mandata
1288 4910 1352 4981 ejus
1368 4906 1558 4973 custodimus,
1574 4913 1601 4962 ει
1616 4919 1650 4962 ca
1665 4911 1815 4978 quaeunt

59 4995 117 5054 nisi
140 4996 287 5068 jejunium
302 4997 387 5055 luerit
404 5037 411 5053 .
432 4999 514 5055 Tunc
530 4999 606 5056 enim
622 4999 704 5056 Nona
717 5001 912 5070 exspectanda
968 4998 1073 5069 placita
1099 5013 1197 5056 coram
1226 5013 1260 5055 εο
1275 4997 1400 5054 iacimus
1428 4996 1450 5067 (l
1465 4997 1544 5050 loco,
1560 5007 1603 5063 ru,
1616 4994 1662 5066 ιι)
1679 5033 1686 5049 .
1707 5013 1723 5045 ιι
1738 4995 1816 5052 Bene

59 5092 115 5151 est,
141 5092 170 5140 ει
188 5086 216 5140 in
229 5087 455 5158 Quadragssima
467 5087 555 5144 etiam
583 5087 725 5158 Vespere.
742 5087 827 5145 Nullo
843 5103 912 5147 vero
966 5087 1107 5159 itaqueet
1135 5087 1244 5144 Paulus
1267 5082 1569 5156 superiusait:llibil
1585 5098 1645 5140 εεεε
1661 5097 1816 5142 cummim

59 5180 181 5243 tenpore
203 5182 363 5232 conventus
389 5182 486 5233 careat
510 5175 637 5232 lectione.
656 5176 749 5243 Quam
763 5191 831 5234 cum
846 5176 910 5233 dia·
965 5191 1019 5249 per
1033 5175 1180 5233 Christum
1207 5177 1261 5232 nisi
1273 5177 1299 5232 ei
1321 5175 1373 5246 qui
1389 5188 1542 5232 commune
1557 5174 1626 5246 qnid
1655 5187 1717 5232 esse
1730 5179 1817 5245 putat

57 5261 175 5319 εοιιίεεε
193 5264 347 5320 terminare
363 5264 495 5334 voluerit,
509 5264 605 5320 dicat:
632 5264 752 5321 Sulllcit.
767 5266 803 5322 Et
815 5266 910 5323 statim
967 5265 1065 5336 (item,
1082 5278 1142 5330 ιιιι,
1168 5265 1222 5332 ιι),
1238 5264 1292 5320 boc
1306 5273 1349 5322 est
1371 5264 1556 5321 immundum
1572 5271 1600 5320 at
1628 5261 1813 5320 interdictum

55 5352 92 5408 ad
114 5359 211 5422 grates
224 5352 344 5409 bomino
367 5351 531 5410 referendas
554 5353 591 5409 ab
607 5353 743 5410 omnibus
757 5359 907 5427 surgatur.
966 5354 989 5409 si
1009 5352 1062 5411 sibi
1082 5353 1180 5410 credit.
1204 5352 1378 5410 Communes
1392 5353 1500 5425 quippo
1521 5353 1599 5411 cibos
1612 5350 1744 5421 dicimus,
1763 5351 1816 5423 pui

56 5439 171 5498 &tiro
194 5448 321 5512 tempore
350 5449 412 5512 post
439 5441 594 5513 prandium
630 5456 722 5512 usque
748 5443 786 5500 ad
799 5442 911 5501 Nonam
967 5442 1126 5499 secundum
1147 5442 1239 5515 legem
1257 5443 1358 5500 mundi
1373 5452 1525 5511 vocantur,
1540 5441 1618 5514 quod
1638 5454 1687 5498 eos
1703 5440 1813 5497 scilicet

58 5529 270 5601 quiescendum
300 5539 344 5588 est
359 5531 387 5587 in
402 5530 629 5595 dormitorio,et
645 5540 709 5603 post
733 5531 847 5590 Nonam
875 5533 911 5590 ad
964 5530 1045 5591 lexa
1068 5533 1128 5590 suis
1141 5532 1299 5590 excludens
1328 5532 1411 5606 quasi
1439 5532 1484 5588 bis
1507 5539 1591 5589 extra
1620 5530 1712 5603 Ιερειιι
1743 5534 1812 5587 aunt

56 5631 151 5690 opera
166 5617 345 5677 radeurmum
358 5634 452 5692 usque
465 5620 503 5678 ad
524 5621 672 5692 Vesperas.
689 5620 755 5680 Post
769 5620 910 5693 vesperas
965 5630 1092 5694 exponat
1109 5629 1138 5681 et
1152 5623 1288 5695 publicet.
1303 5622 1385 5680 llndo
1400 5628 1428 5679 ει
1453 5633 1621 5679 communes
1632 5616 1747 5677 laminas
1762 5614 1824 5677 im-‘
