3804 5962
119 169 174 231 n!
392 163 495 225 emt
510 163 701 226 ABAEMRDI
719 163 796 223 OPP.
815 164 906 224 PARS
924 165 961 223 tt.
981 192 1017 209 ·-
1034 161 1220 224 mortus
1238 162 1285 224 ΕΤ
1303 161 1426 223 OPUSG.
1445 161 1565 223 ASGBT.
1821 165 1875 222 itt

117 292 243 354 titudine
254 304 398 351 cornuam
425 290 543 350 hahere.
570 289 642 349 cum
655 290 746 363 igitur
762 289 902 360 christus,
917 304 970 361 pro
984 292 1009 346 Α
1022 294 1083 353 rim
1106 292 1132 351 ιι
1156 292 1250 349 lacere
1275 290 1377 362 potuit,
1409 295 1443 346 ιιι
1465 295 1607 360 tanquam
1636 286 1762 347 inritam
1789 292 1817 347 et
1830 303 1875 349 co·

116 381 212 450 uobis,
226 380 393 440 immolatus
420 381 527 439 virtute
555 379 646 451 hujus
659 378 796 455 sacrificii
819 379 967 438 diabolum
1021 386 1120 438 actum
1147 379 1286 448 occidere,
1306 377 1352 437 tel
1371 377 1459 436 etiam
1481 378 1726 450 comprehendere
1754 385 1872 449 posset.

118 469 271 540 straverit,
298 470 384 541 quasi
412 483 505 528 cornu
519 482 573 527 suo
587 480 656 526 eum
669 466 858 536 vulneravit,
880 475 967 541 atque
1022 468 1169 527 litantem
1192 469 1295 541 majori
1311 468 1504 526 incitarentur
1524 469 1645 538 invidia,
1669 468 1722 541 qui
1737 469 1771 526 de
1784 476 1874 528 morte

116 560 309 620 vulneratum
322 558 436 632 dejecit.
1021 558 1209 632 Domiuijam
1237 559 1459 628 tractabant,et
1481 559 1539 614 beo
1568 559 1661 631 magis
1683 558 1874 631 indignaren-

155 650 230 706 Beue
245 649 344 719 itaque
362 661 413 719 per
425 660 519 705 cornu
533 645 645 717 altaris,
661 647 836 705 sacrificium
861 645 967 705 christi
1022 654 1154 719 tanqua
1183 647 1309 719 amplius
1331 662 1398 704 eum
1427 647 1565 704 honorari
1583 648 1715 705 viderent
1732 691 1740 716 ,
1758 656 1875 708 tautum

119 744 263 809 tanquam
288 736 373 795 vituli
399 736 490 794 nostri
505 735 651 809 figuratur
665 751 733 794 cum
760 736 925 795 haceldcax
940 744 969 793 et
1021 736 1074 793 sibi
1089 737 1205 794 honoris
1219 738 1302 794 hodie
1322 737 1451 807 permisit
1466 736 1618 803 exbiberi,
1635 744 1784 808 quantum
1800 737 1876 795 nulli

119 825 204 893 lorte,
221 832 255 882 nt
273 824 449 889 dictumest,
470 823 724 896 lueritinpugna,
742 838 879 882 corneum
907 838 968 880 ma·
1021 839 1125 897 regum
1147 826 1269 896 legimus
1286 825 1458 882 exhibitum.
1478 826 1514 883 Ut
1546 825 1875 884 enimdedivinislau·

119 913 164 989 gis
179 913 334 971 dicendum
348 926 438 985 quam
463 913 775 985 carneum,rigidum,
792 928 850 970 non
864 913 968 982 molle3
1021 914 1107 972 dilium
1126 922 1282 981 taceamus,
1306 924 1334 971 ιι
1349 927 1444 970 ramos
1468 914 1512 969 vel
1540 911 1742 984 frondesquos
1769 914 1800 970 iu
1823 914 1877 973 via

119 1002 275 1062 robustum
290 1042 299 1070 ,
314 1016 372 1060 non
386 1001 498 1060 debile.
519 1002 617 1074 Usque
632 1003 668 1059 ad
692 1002 746 1060 hoc
763 1016 855 1060 cornu
870 1002 970 1060 altaris
1022 1004 1188 1060 sternebant
1214 1012 1441 1074 meteremus,
1470 1016 1559 1074 quam
1583 1001 1724 1058 mirabilis
1754 1002 1808 1059 luit
1825 1002 1875 1061 illa

120 1091 274 1151 celebratio
316 1100 421 1149 nostrae
461 1091 620 1164 porrigitur
655 1091 873 1159 solemnitatis,
902 1106 970 1149 cum
1023 1091 1213 1164 singularitas
1230 1092 1449 1164 honoris,qua
1471 1091 1699 1162 plurimaturha
1719 1091 1775 1148 sub
1795 1091 1874 1162 pedi·

122 1187 211 1239 ιιιιιιι
245 1180 369 1240 victima
413 1180 554 1254 dignitate
592 1180 757 1238 lestivitates
796 1181 971 1239 decorantur
1025 1181 1080 1239 bus
1099 1181 1201 1238 vilium
1227 1183 1426 1252 jumentorum
1438 1181 1665 1251 prosternehauty
1678 1181 1875 1250 vestimenta,

120 1268 302 1329 Christiana.
331 1269 371 1327 hd
391 1269 445 1327 hoc
455 1283 547 1327 cornu
562 1269 663 1326 altaris
677 1269 837 1342 specialiter
852 1271 971 1328 hodier-
1024 1284 1078 1328 nec
1090 1269 1211 1341 pedibus
1228 1269 1305 1340 illis,
1323 1269 1431 1342 quibus
1450 1271 1511 1341 ipsa
1526 1270 1679 1326 bominum
1696 1269 1846 1341 hay'ulabat
1868 1307 1876 1336 ,

121 1372 162 1417 na
176 1358 341 1416 solemnitas
369 1358 511 1431 pervenit,
527 1373 595 1416 cnm
611 1359 641 1416 in
660 1359 724 1430 ejus
739 1359 827 1416 missa
843 1360 971 1432 primum
1025 1358 1154 1432 contingi
1170 1359 1331 1416 tolerabant
1347 1358 1353 1413 l
1371 1360 1403 1416 ln
1418 1374 1476 1431 quo
1496 1359 1701 1416 necmodicum
1723 1359 1876 1415 adverten-

122 1445 229 1506 Cbrlsti
249 1447 343 1518 passio
367 1447 514 1517 recitatur,
536 1460 596 1518 qua
611 1461 662 1519 pro
685 1448 770 1505 nobis
784 1447 844 1520 ipse
858 1456 899 1506 est
915 1449 969 1505 im·
1026 1448 1097 1507 dum
1119 1454 1161 1505 ιιι
1189 1448 1367 1520 mysterium.
1387 1447 1498 1516 Quibus
1522 1447 1600 1504 enim
1629 1447 1751 1505 coelcstis
1778 1446 1877 1518 praesi-

122 1535 258 1594 molatus.
288 1537 348 1593 llac
387 1535 432 1595 die
459 1536 600 1594 Dominus
622 1536 829 1609 ierosolymam
851 1537 971 1595 veniens
988 1570 1009 1625 Β
1026 1538 1073 1595 (ιιι
1087 1537 1142 1595 diis
1170 1552 1359 1610 nequaquam
1375 1546 1480 1595 terram
1506 1537 1568 1594 suis
1600 1537 1773 1609 contingant
1792 1537 1878 1607 pedi-

123 1623 250 1697 passioni
265 1639 295 1681 se
310 1624 425 1697 obtulit,
440 1625 551 1685 decima
563 1624 696 1683 videlicet
713 1633 782 1683 tunc
796 1626 841 1683 die
856 1627 970 1684 mensis.
1027 1627 1103 1695 hus,
1119 1627 1190 1699 quia
1213 1641 1341 1698 quorum
1366 1626 1539 1683 desiderium
1568 1631 1756 1683 conversatur
1773 1625 1803 1681 in
1821 1640 1879 1683 cm-

123 1712 199 1772 sicut
213 1728 250 1771 ex
265 1714 422 1787 Evangelio
438 1714 625 1787 perpenditur
638 1714 756 1772 ioannis
767 1715 857 1788 (ioan.
875 1731 916 1786 xi,
930 1731 971 1785 ιιι,
1027 1714 1073 1786 ιιι,
1089 1730 1188 1774 eorum
1209 1716 1329 1773 allectas
1343 1730 1401 1772 non
1426 1715 1574 1772 adhaerent
1594 1714 1714 1772 terrenis
1728 1730 1737 1785 ;
1752 1728 1804 1771 uec
1814 1714 1877 1770 ani·

123 1801 167 1861 lbi
182 1803 290 1874 quippe
310 1803 453 1862 habemus
476 1803 555 1876 quod
571 1811 633 1876 post
657 1807 898 1863 resurrectionem
920 1806 972 1861 La·
1028 1805 1319 1877 mossuosdey'iciunt
1333 1820 1363 1860 tn
1379 1805 1506 1868 caducis,
1522 1805 1574 1875 qni
1588 1818 1706 1860 sursum
1728 1803 1879 1861 Christum

124 1891 315 1958 rati,iudaeis
343 1893 374 1950 in
393 1901 514 1951 mortem
544 1893 658 1951 Domini
684 1895 879 1966 jamomnino
904 1909 972 1952 con-
1029 1903 1191 1965 quarentes
1220 1894 1286 1950 solis
1311 1894 1424 1950 inhiant
1445 1892 1585 1950 aeternis.
1607 1892 1683 1960 Quos
1711 1899 1743 1949 ut
1768 1892 1877 1951 imitari

124 1981 261 2053 spiratis,
278 1983 338 2054 ipse
362 1982 503 2040 hominus
523 1983 585 2055 jam
608 1997 667 2040 non
688 1982 785 2054 palam
806 1983 975 2041 ambulabat
1030 1985 1183 2054 possimus,
1199 1997 1335 2054 rogamus
1352 1992 1387 2051 te,
1404 1983 1523 2038 Domine
1537 1983 1616 2047 iesu,
1634 1989 1665 2038 ut
1682 1995 1733 2037 nos
1759 1995 1878 2053 auoque

125 2070 205 2142 apud
232 2084 280 2128 eos
307 2070 378 2129 abiit
408 2071 438 2128 iu
457 2071 604 2145 regionem
633 2072 720 2145 y'uxta
748 2072 918 2138 desermm,
945 2073 975 2130 in
1031 2077 1081 2126 tua
1103 2070 1190 2127 iacias
1209 2071 1353 2142 jumenta,
1368 2071 1477 2142 quibus
1507 2071 1536 2127 iu
1553 2071 1635 2127 iidem
1654 2078 1682 2127 et
1698 2070 1823 2142 regendo
1838 2073 1879 2127 di-

125 2157 352 2231 unitatemque
380 2159 487 2217 dicitur
514 2161 663 2231 Ephrem,
692 2168 720 2218 ιι
738 2160 778 2218 ihi
807 2162 977 2219 morabatur
1030 2159 1127 2230 gneris
1142 2173 1276 2230 praeesse,
1305 2159 1436 2217 Salvator
1451 2160 1552 2217 mundi
1569 2201 1577 2228 ,
1592 2160 1640 2216 cui
1655 2160 1762 2216 dicitur
1775 2160 1806 2216 iu
1821 2159 1878 2217 alio

126 2260 194 2305 ctam
208 2247 358 2320 discipulis
373 2248 444 2317 suis,
462 2247 581 2318 Deinde,
596 2263 664 2306 cum
680 2250 741 2322 jam
757 2251 864 2321 pascha
881 2251 976 2321 proxi·
1030 2247 1139 2319 psalmo
1155 2251 1299 2305 :Homines
1317 2255 1343 2304 el
1359 2249 1627 2320 jumentasalonbis‚
1641 2253 1765 2318 Domine,
1785 2266 1878 2321 puem-

126 2350 209 2394 mum
223 2342 306 2406 esset,
330 2338 410 2395 venit
431 2337 599 2395 bethaniam
615 2345 681 2395 ante
706 2352 756 2396 ses
771 2339 832 2396 dies
850 2340 974 2411 pascha,
1031 2338 1178 2395 admodum
1202 2339 1395 2409 multiplicasti
1421 2339 1637 2396 misericordiam
1671 2343 1770 2407 tuam,
1805 2342 1877 2395 Deus

127 2424 213 2498 quasi
240 2424 278 2482 ad
299 2424 447 2483 victimam
466 2439 554 2483 verus
578 2439 673 2498 agnus
691 2427 847 2497 accedeus,
860 2428 976 2498 capieu·
1031 2426 1116 2500 (Paul.
1127 2442 1222 2497 xxxv,
1232 2428 1270 2499 7).
1287 2431 1390 2486 Amen.

127 2514 184 2572 dus
199 2513 229 2571 in
244 2514 353 2587 pascha
375 2523 407 2573 ut
423 2514 645 2574 immolaretur.
676 2516 745 2574 inde
772 2517 802 2573 in
817 2518 977 2576 crastinum
1365 2515 1479 2575 subito
1492 2517 1552 2573 vltt

127 2603 250 2661 veniens
274 2601 482 2674 lerosolymam
504 2611 656 2675 susceptus
668 2607 712 2660 est
730 2603 813 2661 hodie
828 2619 845 2661 a
864 2606 975 2672 turbis,
1352 2620 1383 2662 tu
1398 2620 1496 2661 nnana
1511 2617 1556 2661 ιιι

127 2698 156 2751 ιι
168 2698 309 2764 tanquam
332 2704 384 2748 rex
401 2691 499 2761 lsrael,
527 2698 555 2749 ιι
571 2691 661 2749 David
678 2692 776 2765 regius
792 2695 884 2751 baeres
898 2709 976 2753 reco-
1069 2696 1136 2749 Erat
1156 2698 1247 2750 aulem
1281 2695 1413 2766 spelunea
1432 2701 1458 2750 el
1473 2697 1543 2766 lapis
1570 2695 1772 2765 superpositus,
1787 2698 1814 2748 el
1839 2695 1880 2748 ait

127 2782 228 2855 gnitus
255 2787 282 2838 et
294 2780 456 2839 salutatus.
481 2780 585 2846 Quinto
619 2783 718 2854 itaque
745 2782 877 2840 dicante
905 2783 976 2841 illud
1029 2781 1135 2838 iesus:
1166 2785 1262 2839 Tollite
1295 2784 1415 2855 iaspidem
1445 2793 1489 2841 etc
1509 2782 1599 2855 (toan.
1626 2798 1668 2850 ar,
1697 2783 1764 2854 38).
1795 2782 1880 2841 ιιιιι-

93 2860 100 2874 ’
126 2869 236 2942 pascha
259 2869 437 2939 iudeorum,
454 2869 510 2926 hoc
525 2877 567 2926 est
581 2870 687 2938 bodie,
702 2870 753 2941 qui
767 2870 898 2928 decimus
918 2873 978 2930 dies
1032 2873 1160 2928 rationes
1181 2874 1295 2930 Domini
1311 2873 1455 2930 universis
1473 2873 1609 2943 operibus
1642 2873 1706 2944 ejus
1731 2871 1881 2929 Psalmista

128 2958 237 3016 mensis
249 2957 350 3034 hujus,
364 2959 444 3014 venit
460 2972 512 3015 rex
529 2958 557 3013 in
578 2958 737 3014 ierusalem
753 2998 759 3012 .
776 2959 885 3016 Pascha
899 2962 976 3018 enim
1034 2961 1188 3032 praeterens
1222 2962 1285 3017 ait:
1307 2965 1343 3017 Et
1366 2964 1554 3017 miserationes
1591 2962 1650 3032 ejas
1674 2977 1759 3032 super
1784 2965 1878 3018 omnia

128 3046 291 3104 celebratur
307 3046 337 3102 in
354 3052 459 3117 quarto
479 3044 588 3101 decimo
602 3045 657 3101 die.
682 3045 799 3103 Decimo
812 3056 908 3106 autem
924 3063 978 3107 ro·
1030 3065 1113 3121 opera
1135 3051 1194 3120 ey'us
1218 3051 1310 3121 (Psal.
1339 3065 1446 3119 cxciv,
1478 3052 1515 3121 9).
1545 3050 1762 3109 hliserationum
1779 3050 1878 3122 itaque

127 3134 184 3194 lntt
203 3134 266 3191 ideo
286 3134 397 3206 ingredi
412 3175 421 3202 ,
435 3134 506 3205 quia
520 3133 560 3190 ita
575 3133 795 3207 praefiguratum
816 3138 920 3194 eratin
934 3138 977 3195 le·
1030 3138 1143 3195 bomini
1167 3139 1361 3209 recordantes,
1385 3148 1465 3196 tanto
1479 3139 1548 3196 hinc
1561 3154 1625 3197 eum
1647 3138 1773 3208 amplius
1791 3139 1878 3211 glori·

79 3282 81 3287 ,
128 3239 175 3296 ge,
200 3221 250 3280 ubi
275 3222 463 3295 praecipitur:
488 3223 656 3279 beelmadte
677 3226 877 3296 mensutujus
899 3229 978 3282 tollat
1031 3227 1117 3284 ficare
1132 3228 1279 3295 dehemus,
1293 3236 1403 3300 quanto
1417 3229 1479 3285 baec
1498 3228 1562 3299 eius
1577 3242 1664 3298 opera
1678 3228 1791 3285 caeteris
1807 3241 1878 3298 prae-

127 3312 317 3383 unusquisque
331 3327 434 3381 agnum
448 3328 497 3382 per
506 3313 631 3380 familias
645 3317 671 3368 el
685 3314 778 3369 demas
791 3330 858 3371 suas
873 3314 974 3388 (Enod.
1031 3330 1102 3384 esse,
1121 3323 1149 3373 et
1173 3317 1266 3388 magis
1293 3316 1453 3373 necessaria
1469 3316 1551 3373 nobis
1565 3316 1766 3388 cognoscimus
1789 3330 1851 3374 esse
1867 3357 1875 3373 .

128 3399 290 3475 xu,3).1it
315 3400 402 3472 paulo
428 3408 512 3471 post:
532 3401 567 3457 ht
595 3402 740 3457 servabilis
761 3418 820 3459 eam
843 3407 978 3477 usquead
1032 3404 1112 3462 Unde
1126 3409 1187 3462 ιιι
1211 3405 1304 3462 turbis
1329 3404 1412 3461 bodie
1442 3405 1548 3461 nteruit
1563 3404 1720 3473 honorari,
1747 3404 1879 3463 maxime

129 3496 258 3564 quartam
287 3489 420 3546 decimam
446 3491 518 3546 dnm
531 3493 631 3546 mensis
655 3492 746 3560 nujus.
770 3493 978 3566 immolabitque
1031 3493 1109 3565 quod
1137 3495 1319 3551 maerentium
1348 3507 1468 3550 suarum
1488 3493 1587 3551 lazari
1609 3494 1772 3561 miseratus,
1789 3494 1878 3551 susci·

129 3595 190 3637 eum
216 3581 345 3636 auioema
371 3580 518 3636 multitudo
533 3581 657 3651 liliorum
670 3581 759 3637 lsrael
772 3582 809 3638 ad
836 3598 977 3654 uesperam
1031 3590 1125 3640 tatum
1148 3583 1189 3639 eis
1203 3581 1328 3639 reddidit
1351 3581 1468 3638 tratrem
1482 3581 1541 3653 y'am
1558 3582 1588 3639 in
1604 3591 1791 3639 monumento
1805 3596 1877 3653 qua·

129 3668 222 3741 (tata,
244 3673 282 3738 6).
299 3668 416 3727 [lecim
439 3677 535 3727 autem
561 3669 606 3727 die
626 3673 731 3729 mensis
760 3671 846 3743 primi
862 3717 868 3737 ,
882 3687 977 3745 agnus
1033 3678 1099 3727 tuor
1113 3669 1174 3726 dies
1196 3669 1370 3726 habentem.
1388 3669 1424 3727 Ut
1442 3671 1519 3726 euim
1543 3670 1669 3727 loannes
1684 3669 1793 3737 scribit,
1812 3684 1877 3741 pro·

128 3759 227 3833 quiin
249 3760 355 3831 pascha
370 3760 568 3817 immolaretur
582 3760 700 3817 domum
721 3761 865 3818 introduci
877 3762 978 3834 jussus
1031 3766 1093 3829 pter
1116 3760 1169 3815 boc
1193 3758 1277 3816 hodie
1307 3759 1393 3817 turha
1404 3759 1431 3816 ei
1445 3760 1532 3816 obvia
1547 3760 1647 3827 venit,
1666 3761 1804 3831 quoniam
1821 3760 1876 3817 hoo

127 3849 268 3922 estquis
293 3850 433 3907 hominus
461 3849 573 3906 decima
585 3849 631 3905 die
647 3850 777 3922 ejusdem
793 3853 910 3920 mensis,
924 3852 977 3908 hoc
1031 3846 1187 3904 audierunt
1216 3847 1334 3905 iactum.
1354 3848 1397 3904 nd
1412 3847 1491 3919 quod
1507 3856 1646 3920 tanquam
1664 3847 1812 3904 hodierum
1837 3847 1876 3906 le·

129 3946 173 3996 est
192 3946 259 3996 anto
286 3939 418 4010 quinque
431 3937 492 3994 dies
507 3938 638 4007 paschae,
655 3937 685 3993 in
700 3938 844 3994 civitatem
858 3939 888 3994 iu
918 3954 977 4012 qua
1030 3937 1165 3993 stivitatis
1178 3937 1319 4008 originem
1335 3937 1434 3992 oculos
1462 3938 1565 3994 mentis
1580 3937 1770 4005 reducentes,
1796 3944 1876 3994 tanto

126 4034 275 4100 pateretur
284 4035 346 4084 erat
365 4026 437 4097 ingn
447 4036 560 4083 saurus.
575 4027 655 4082 Hanc
670 4025 760 4098 igitur
772 4026 849 4083 diem
870 4041 976 4084 secun-
1030 4023 1197 4096 diligentius
1210 4025 1274 4096 ey'trs
1292 4024 1463 4094 mysterium
1487 4024 1595 4081 intueri
1612 4024 1749 4081 debemus
1763 4033 1874 4095 quanto

129 4114 201 4172 dum
224 4112 395 4185 mysterium
410 4111 481 4184 legis
508 4120 701 4182 competenter
715 4112 821 4185 elegit,
847 4128 907 4185 qua
930 4129 970 4183 se,
1031 4113 1092 4170 haec
1113 4126 1220 4184 magua
1251 4114 1363 4169 bomini
1387 4113 1581 4170 misericordia
1609 4114 1748 4184 maiorem
1774 4114 1877 4170 tribuit

127 4208 161 4260 nt
178 4201 288 4260 dictum
315 4206 376 4269 est,
391 4199 506 4258 offerret
534 4200 671 4271 passioni,
693 4215 783 4273 quam
799 4211 884 4260 antea
905 4219 975 4261 nou·
990 4189 1013 4244 ὓ
1030 4202 1227 4275 peccatoribus
1254 4200 1493 4259 consolationem.
1513 4202 1584 4258 'ires
1612 4203 1720 4273 quippe
1747 4211 1877 4261 mortuos

126 4303 282 4362 nunqnam
307 4289 454 4361 relugerat
471 4302 532 4347 sese
547 4289 774 4360 abscondendo„
790 4292 834 4350 vel
849 4300 945 4351 tentus
959 4308 977 4351 a
1030 4291 1184 4348 ebornino
1212 4291 1337 4363 legimus
1359 4291 1521 4358 suscitatos,
1536 4290 1647 4362 quihus
1661 4291 1799 4349 universa
1813 4306 1877 4362 pec

126 4377 234 4437 tudaets
260 4378 349 4436 libere
370 4389 421 4450 per
449 4378 577 4436 medium
600 4394 701 4436 eorum
716 4383 910 4452 transeundo,
930 4383 975 4441 vel
1029 4389 1159 4439 catorum
1186 4394 1295 4452 genera
1311 4381 1439 4437 doctores
1469 4381 1558 4436 nostri
1574 4381 1712 4437 dixerunt
1728 4380 1873 4452 figurari.

127 4466 295 4540 trequentes
313 4467 349 4525 ab
363 4466 597 4536 eisdocllnauda,
622 4468 692 4539 quia
707 4469 836 4527 nondum
851 4478 971 4530 venerat
1028 4469 1181 4527 Suscitavit
1195 4468 1271 4525 enim
1288 4468 1377 4525 tiliam
1401 4468 1622 4541 archisynagogi
1635 4469 1732 4526 adhuc
1747 4472 1777 4525 iu
1791 4470 1876 4526 domo

125 4558 190 4632 elus
214 4556 294 4615 hora.
315 4554 379 4624 Qua
402 4557 528 4630 prolecto
556 4557 602 4615 die
618 4572 678 4629 quo
698 4559 790 4632 magis
818 4559 975 4620 honorilice
1024 4560 1166 4630 jacentem
1193 4564 1350 4629 anmquam
1365 4555 1441 4613 laras
1471 4557 1646 4626 efferretnr3
1669 4557 1821 4614 suscitavit
1845 4558 1876 4615 ll·

125 4646 233 4719 suscipi
249 4646 341 4705 voluit
357 4660 375 4703 a
389 4646 494 4714 turbis,
508 4653 536 4704 et
555 4647 706 4720 ingressus
733 4647 875 4719 templum
889 4649 973 4721 ejecit
1027 4646 1100 4704 lium
1114 4645 1209 4703 vidua
1226 4654 1309 4703 entra
1319 4654 1431 4717 portam
1459 4646 1583 4703 civitatis
1599 4646 1680 4703 Nalm
1695 4647 1755 4717 jam
1769 4648 1875 4717 depor-

124 4737 192 4796 iude
218 4736 307 4795 libere
321 4749 422 4794 omnes
435 4735 593 4795 vendentes
607 4744 635 4794 et
655 4744 782 4794 ementes
796 4776 805 4806 ,
819 4745 847 4795 et
857 4751 972 4795 mensas
1029 4742 1120 4794 tatum
1134 4750 1143 4806 ;
1156 4735 1309 4794 suscitavit
1331 4741 1359 4792 et
1388 4735 1477 4804 hunc,
1494 4735 1529 4792 de
1552 4749 1610 4806 auo
1626 4748 1706 4792 nunc
1721 4735 1805 4792 nabis
1820 4749 1877 4792 ser-

124 4825 404 4897 nummulariorum,
422 4832 451 4883 et
477 4824 629 4883 cathedras
651 4824 838 4883 vendentium
859 4825 972 4885 colum-
1027 4831 1137 4888 mouet,
1155 4824 1288 4882 videlicet
1305 4824 1455 4893 Lazarum,
1472 4838 1539 4882 cum
1551 4825 1613 4895 jam
1637 4823 1668 4880 iu
1688 4831 1876 4881 monumento

123 4915 177 4974 bas
191 4915 353 4986 evertit,ot
371 4913 416 4972 his
430 4913 580 4986 expulsis,
596 4913 761 4972 accedentes
781 4913 900 4972 adeum
917 4929 971 4973 cm·
1026 4920 1154 4985 quatuor
1182 4913 1242 4970 dies
1256 4914 1375 4971 haberet
1393 4929 1400 4968 :
1428 4912 1549 4971 undeet
1573 4912 1792 4983 quatriduanus
1803 4926 1878 4969 mor·

123 5015 175 5060 cos
196 5009 224 5060 et
237 5001 356 5059 claudos
383 5001 414 5058 in
438 5002 499 5073 ipso
526 4999 623 5073 teuplo
642 5000 774 5071 sanavit,
794 5014 827 5058 eo
846 5000 972 5073 amplius
1026 5009 1096 5061 tuus
1109 5001 1227 5060 dicitur.
1243 5001 1412 5074 Tresigitur
1435 5001 1478 5059 isti
1491 5001 1597 5058 mertui
1622 5002 1677 5059 tria
1692 5002 1876 5072 peccantium

121 5089 262 5164 invidiam
280 5104 481 5163 perversorum
500 5098 646 5149 contrusa
665 5090 830 5161 commovit,
844 5097 877 5148 ιιι
889 5090 968 5162 quod
1025 5104 1131 5163 genera
1145 5090 1273 5163 signant,
1294 5090 1346 5162 qui
1373 5103 1423 5161 per
1438 5090 1618 5161 praesentiam
1638 5088 1769 5146 divinam
1786 5090 1878 5161 inspi-

120 5177 296 5252 jamdudum
323 5178 476 5238 voluerant
489 5178 626 5252 perficere
639 5186 830 5248 maturarent,
845 5187 874 5238 ιι
887 5180 924 5237 ab
938 5194 971 5238 eo
1024 5188 1106 5237 rante
1120 5179 1214 5253 gratia
1241 5178 1413 5237 reviviscere
1427 5179 1570 5237 dicuntur
1590 5186 1639 5237 :et
1660 5177 1773 5237 lelicius
1788 5177 1835 5236 isti
1858 5193 1877 5236 a

121 5268 240 5326 ιιιιιιιιι
259 5267 391 5338 laeultas,
423 5268 579 5339 inquibus
602 5276 786 5342 precesserat
806 5268 969 5328 voluntas.
1025 5276 1115 5326 morta
1139 5270 1253 5340 anima,
1270 5281 1361 5341 quam
1385 5267 1427 5324 illi
1444 5277 1566 5326 amorio
1599 5269 1726 5339 corporis
1740 5282 1792 5340 per
1822 5268 1878 5326 lio-

120 5354 184 5428 ipse
199 5356 307 5429 quippe
331 5364 383 5426 est,
401 5355 451 5429 qui
467 5356 507 5414 ait
528 5372 535 5412 ε
560 5359 646 5417 Nemo
661 5358 761 5415 tollito
775 5373 817 5416 me
848 5360 970 5414 animam
1024 5356 1137 5415 minum
1151 5359 1342 5416 suscitantur.

120 5458 223 5518 mam,
238 5446 287 5504 sed
299 5461 347 5518 ege
357 5461 445 5519 pruno
460 5461 520 5502 mm
533 5446 623 5518 (ioan.
640 5461 671 5517 x,
685 5448 739 5520 ιι).
754 5446 843 5507 Nemo
861 5447 970 5520 quippe
1059 5446 1160 5506 Puella
1180 5447 1299 5528 quidem
1311 5447 1436 5514 mortua,
1446 5461 1514 5519 quae
1528 5445 1626 5506 'adhuc
1641 5446 1671 5505 in
1690 5446 1775 5506 domo
1789 5454 1878 5505 tene-
