3804 5962
114 147 181 205 leid
376 145 476 202 earm
496 145 685 202 aemiliani
703 145 778 202 0PP.
803 144 889 202 eatis
907 144 956 202 111.
973 173 1008 187 -
1019 142 1240 202 racoiodlca
1258 146 1301 202 ΕΤ
1317 144 1582 207 ealdosormdn.
1790 149 1856 207 illi

24 274 29 292 ”
109 276 230 334 credidit
248 275 352 343 lilium,
373 282 512 346 tanquam
537 273 589 345 qui
607 274 743 330 leviorem
764 273 883 345 elegerit
898 288 954 345 pm·
968 276 994 328 a
1008 272 1063 330 rali
1085 282 1113 332 ot
1141 281 1282 346 perpetua
1308 273 1563 334 animadversione
1589 275 1754 335 terinntur.
1786 276 1859 336 Soloe

110 379 189 434 nam,
205 365 288 423 iudae
306 378 374 422 vero
391 363 518 431 tradidit,
542 364 634 420 scions
649 364 767 435 gravius
789 378 849 420 csse
874 361 952 434 quod
1009 364 1117 435 qnippe
1132 378 1216 435 poena
1235 364 1377 435 supplicio
1391 364 1497 422 liberat
1515 380 1589 437 quos
1614 367 1768 424 immutat.
1790 367 1858 425 Nan

111 452 245 524 elegerat.
261 452 308 509 Vis
323 458 351 507 et
364 452 399 507 de
415 450 581 522 evangelus
596 466 721 520 noscere,
744 451 823 523 quod
840 451 893 522 qul
907 465 954 508 re-
1009 466 1084 523 quos
1106 452 1258 524 praesentia
1276 453 1354 509 maia
1376 467 1434 509 non
1458 454 1622 525 corrigunt,
1647 454 1687 511 ad
1711 455 1857 526 sequentia

112 541 181 611 cipit
196 542 226 596 iu
241 541 295 596 hac
311 541 370 596 vita
395 539 472 595 mala
499 553 563 607 sua,
580 540 619 596 ihi
643 540 702 610 jam
732 554 790 596 non
815 539 952 611 recipiat;
1010 537 1184 608 perducunt.
1206 537 1282 593 idem
1306 538 1354 593 lid.
1377 538 1467 596 lilllll
1495 539 1630 595 decadis
1647 539 1714 608 lod,
1741 539 1857 611 loquen-

112 630 164 702 qui
178 637 274 684 alitem
299 629 346 684 hic
368 643 426 684 non
451 629 599 699 receperit,
627 629 667 685 ihi
689 636 873 685 reserventur
895 642 954 684 om·
1012 626 1048 682 tis
1062 626 1096 683 de
1109 626 1198 683 divite
1217 626 1320 697 iniquo
1339 627 1581 697 (trinumeri
1599 643 1607 682 :
1625 631 1661 685 lit
1686 629 1765 685 octat
1784 629 1856 683 trata

111 717 186 775 niet
204 718 347 783 Memento,
372 719 422 787 tili,
447 719 576 786 qnoniam
600 719 726 787 recepisti
745 717 814 772 bona
834 719 863 772 in
885 720 954 786 vita,
1010 717 1101 784 rapiet
1118 731 1181 771 eum
1195 714 1298 786 deJloco
1320 731 1378 771 sao.
1394 715 1486 772 Locus
1502 730 1711 787 perversorum
1732 724 1777 774 est
1792 722 1861 790 tem·-

1901 96 1902 185 l

1900 187 1902 277 l

112 822 184 861 nnnc
198 810 288 861 autem
312 812 343 859 ta
357 807 468 872 quidem
487 808 631 867 cruciaris.
656 807 699 860 dic
722 822 783 861 oero
811 808 957 876 requiescit
1012 801 1118 872 paratis
1143 803 1210 859 vitae
1238 803 1387 860 delectatio
1401 811 1428 860 et
1449 805 1545 861 carnis
1572 802 1723 875 voluptas.
1751 805 1857 861 &aad
1901 869 1902 874 ἵ

111 894 330 965 (edenenas).
356 896 390 950 Et
409 895 501 950 solent
520 895 663 964 homines,
691 896 858 966 ignorantes
880 897 958 968 judi·
1011 906 1094 961 super
1105 906 1165 947 eam
1187 894 1213 946 et
1235 907 1290 946 non
1313 897 1418 962 parcet.
1440 891 1621 949 Peccatorem
1647 895 1730 950 Deua
1750 894 1857 964 quoties
1901 890 1902 901 ¹

112 984 158 1040 cia
172 983 221 1039 lici
238 983 307 1054 quia
326 983 533 1053 suntahyssus,
549 984 642 1040 multa
658 983 801 1055 conqueri
816 986 957 1043 adversus
1011 980 1140 1039 leniendo
1160 979 1288 1050 corrigit,
1313 980 1349 1035 ad
1367 980 1420 1037 hoc
1435 980 1583 1052 llagellnm
1601 981 1724 1048 emittit,
1750 988 1783 1040 ut
1797 995 1857 1052 par·

114 1074 204 1129 Deum
225 1073 379 1128 etdicerc:
417 1071 476 1129 Cur
504 1070 634 1129 homines
660 1074 799 1143 iniquiin
822 1074 876 1130 hac
897 1075 957 1132 rita
1012 1069 1155 1127 caccum
1177 1068 1318 1140 rerem)
1349 1069 1416 1141 ejus
1439 1068 1530 1126 vitam
1552 1069 1582 1126 in
1604 1078 1728 1141 peccato
1753 1083 1855 1141 perine

112 1159 185 1215 nihil
202 1160 353 1229 patiuntur
367 1160 492 1227 adversi,
507 1168 535 1216 et
561 1167 661 1216 contra
685 1160 844 1216 colentibus
867 1163 957 1218 Deum
1012 1165 1127 1216 nentem
1156 1158 1282 1215 leniendo
1310 1157 1467 1225 concludit,
1496 1157 1645 1229 hagellum
1667 1158 1792 1220 emittit,
1815 1158 1855 1215 scd

114 1261 261 1304 aerumma
286 1248 519 1318 superveniunt?
544 1251 722 1318 Hieronymus
746 1264 829 1319 super
851 1250 957 1307 Nahum
1012 1260 1200 1319 nequaquam
1225 1247 1328 1317 parcit.
1353 1245 1407 1313 Qui
1429 1246 1507 1304 enim
1531 1246 1681 1318 flagellum
1707 1246 1854 1312 emisitat
1897 1258 1900 1269 ·

113 1338 275 1407 prophetam
301 1336 332 1405 (r,
360 1338 403 1409 9):
431 1338 503 1404 Quid
525 1339 650 1406 capitatis
669 1343 765 1393 contro
786 1338 958 1394 Dominum?
1012 1343 1151 1408 parceret,
1175 1335 1212 1392 ad
1236 1335 1290 1392 hoe
1311 1336 1415 1394 emittit
1438 1335 1616 1407 quandoque
1637 1350 1675 1393 ne
1697 1344 1813 1407 parcat.
1830 1338 1855 1392 la

115 1428 371 1481 consummationem
394 1428 454 1496 ipse
480 1428 572 1493 faciet.
603 1428 662 1481 Non
691 1432 833 1495 concerpat
856 1428 960 1496 duplec
1014 1425 1069 1483 hac
1083 1439 1211 1496 namque
1237 1426 1298 1483 vita
1322 1426 1463 1483 Dominus
1485 1428 1567 1482 tanto
1594 1424 1692 1497 magis
1720 1423 1854 1482 studeto!

115 1515 274 1577 cabalaam
299 1516 529 1571 dacdicititeas:
548 1517 652 1585 Attici
668 1521 703 1584 te,
727 1521 753 1571 et
766 1532 820 1571 naa
834 1517 958 1587 affligam
1013 1522 1122 1586 parcat,
1152 1523 1262 1586 quanto
1288 1515 1382 1586 magis
1407 1515 1585 1585 expectando
1620 1514 1766 1585 flagellat,
1793 1514 1856 1571 aient

116 1609 142 1657 te
157 1604 241 1658 nitra.
258 1604 286 1659 Si
305 1603 430 1661 crudelis
459 1603 576 1660 ridetur
594 1605 679 1670 Deus,
695 1606 773 1675 quod
791 1619 884 1676 genus
901 1605 956 1662 hu·
974 1618 994 1673 p
1013 1604 1073 1675 ipse
1095 1618 1164 1662 voce
1183 1603 1280 1675 angeli
1304 1605 1340 1661 ad
1368 1605 1507 1662 loannem
1528 1605 1569 1660 ait
1583 1602 1593 1674 l
1606 1606 1696 1674 Apes.
1729 1617 1774 1671 ιι,
1803 1603 1856 1672 iil:

116 1705 237 1749 manum
263 1693 374 1749 diluvio
400 1691 513 1760 delevit,
543 1693 695 1750 Sodomam
720 1703 748 1750 ιι
771 1694 960 1751 Gomorrham
1014 1696 1073 1762 Ego
1088 1708 1154 1763 quos
1169 1710 1229 1748 omo
1255 1695 1391 1762 redarguo
1405 1697 1430 1749 et
1454 1694 1558 1762 castigo
1581 1699 1610 1749 et
1624 1693 1704 1749 sicut
1727 1691 1803 1748 alias
1822 1691 1856 1747 di·

117 1781 225 1853 igneet
249 1781 387 1851 sulphure
410 1783 574 1850 submersit,
600 1788 628 1838 ιι
651 1782 800 1853 AEgyptios
822 1783 852 1838 iu
874 1782 958 1849 mari,
1014 1783 1093 1840 citur
1119 1783 1211 1847 (Hebr.
1241 1797 1294 1848 ιιι,
1325 1781 1371 1852 til:
1400 1782 1483 1848 Quem
1506 1782 1600 1851 diligit
1627 1784 1700 1837 licus
1729 1785 1856 1850 mitent:

116 1871 261 1928 israelitas
273 1870 301 1926 in
317 1870 426 1927 deserto
441 1871 606 1941 prostravit,
629 1872 728 1927 scitote
743 1871 815 1941 quia
840 1871 870 1927 in
888 1885 958 1940 prae·
1013 1871 1135 1940 praedm
1149 1885 1255 1925 amnem
1268 1870 1355 1940 fitium
1375 1885 1454 1941 auem
1479 1871 1588 1941 recipit.
1612 1868 1858 1926 accurras-ioan

117 1959 190 2016 senti
219 1960 255 2015 ad
283 1959 383 2015 horam
411 1960 506 2029 punit.
528 1974 563 2015 ne
588 1961 617 2016 in
639 1959 740 2015 lutura
767 1959 797 2015 in
821 1966 959 2015 aeternum
1014 1965 1072 2015 tem
1086 1957 1246 2029 deflagello
1260 1958 1454 2016 damnationis
1477 1957 1701 2029 perteremiam
1719 1959 1806 2030 (xxx,
1821 1958 1857 2029 tl)

117 2049 231 2119 puniat.
249 2050 309 2105 Non
320 2048 539 2117 judicabitltens
555 2049 595 2103 bis
618 2050 648 2103 in
667 2047 871 2118 idipsomqm
890 2060 960 2117 ergo
1016 2046 1256 2104 Donrinusdlcit:
1285 2049 1373 2115 Prepa
1398 2050 1505 2103 inimici
1527 2049 1655 2118 percusti
1682 2051 1722 2110 te,
1749 2049 1858 2116 chelme

117 2138 212 2208 puniti
225 2145 304 2204 sunt,
321 2146 416 2208 postea
432 2153 489 2194 non
505 2139 666 2207 punientur
676 2137 783 2207 ;aliter
805 2137 883 2192 enim
900 2149 962 2205 pro
1014 2137 1085 2191 tione
1104 2135 1218 2190 andeli.
1246 2134 1318 2200 Quid
1345 2136 1447 2193 clamas
1485 2152 1570 2207 snper
1598 2137 1771 2192 contritione
1796 2136 1858 2192 tae?

119 2225 205 2296 pheta
228 2226 379 2292 mentitur,
401 2227 478 2295 quod
498 2227 592 2283 dicere
610 2225 690 2282 netas
709 2232 762 2282 ιιι.
783 2227 962 2293 deceperunt
1014 2224 1180 2280 insanabilis
1202 2229 1243 2279 est
1265 2225 1343 2280 dator
1365 2230 1439 2280 tuas.
1468 2224 1567 2282 Omnis
1585 2238 1657 2296 ergo
1670 2224 1779 2281 divina
1803 2237 1858 2296 per·

120 2321 232 2384 ergoet
260 2313 311 2383 qui
328 2314 356 2368 in
386 2313 497 2370 diluvio
525 2314 674 2384 perierunt
701 2321 729 2371 et
756 2313 910 2370 Sodomita
934 2319 962 2368 et
1015 2311 1110 2367 cussio
1122 2317 1173 2368 aut
1187 2311 1322 2382 purgatio
1336 2312 1367 2369 in
1385 2312 1468 2370 nohis
1486 2314 1554 2370 vitae
1569 2312 1725 2383 ornantis
1750 2321 1794 2370 ιιι
1812 2321 1857 2369 ιιι

115 2401 244 2473 AEgyptii
258 2409 285 2456 et
298 2402 433 2458 israelitae
447 2403 476 2457 in
494 2402 605 2458 deserto
621 2401 697 2458 mala
711 2417 764 2458 sua
779 2402 808 2457 in
822 2401 882 2458 rita
896 2415 960 2458 sua.
1015 2397 1130 2454 initium
1159 2413 1251 2469 poenae
1270 2400 1428 2470 sequentis,
1451 2406 1567 2471 propter
1593 2413 1643 2457 eos
1671 2400 1729 2472 qui
1753 2414 1792 2457 cx
1813 2399 1859 2456 da·

116 2488 232 2557 Quaerat
244 2489 362 2560 aliquis,
379 2490 469 2546 tidelis
490 2489 512 2546 si
534 2490 564 2544 in
579 2489 721 2546 adulterio
737 2489 963 2560 deprehenditur
1017 2487 1257 2559 gelloprodciunt
1285 2487 1395 2545 dictum
1419 2495 1462 2547 ιιι
1488 2489 1576 2560 (Psoi.
1605 2503 1690 2554 xcur,
1720 2489 1790 2560 ²⁰l²
1816 2486 1859 2553 dri

117 2584 145 2636 et
160 2577 327 2646 decollatur,
350 2578 419 2648 quid
435 2579 470 2633 de
493 2591 526 2633 eo
548 2576 619 2633 tiet‘t
639 2586 691 2635 aut
706 2578 855 2648 punietur,
870 2585 898 2635 et
913 2577 964 2633 tal·
1016 2578 1096 2649 pincis
1112 2576 1231 2632 dotorem
1254 2579 1283 2631 in
1305 2582 1462 2647 precepto:
1492 2579 1575 2649 quia,
1602 2577 1676 2634 durn
1703 2575 1860 2650 flagellatur

117 2681 182 2724 snm
196 2675 238 2723 est
252 2668 319 2724 hoc:
343 2667 404 2724 Non
421 2665 564 2739 judicabit
591 2669 664 2722 Deus
691 2667 734 2723 his
759 2666 789 2722 in
815 2667 962 2736 idipsum;
1016 2666 1173 2737 iniquuset
1188 2666 1356 2738 corrigitur,
1380 2666 1483 2723 audire
1501 2673 1677 2737 prereptum
1696 2665 1805 2733 noluit,
1818 2664 1859 2720 do

118 2764 249 2813 autnon
274 2755 423 2827 punietur,
447 2763 474 2812 ιι
490 2755 651 2824 optandum
676 2757 731 2812 erit
757 2755 905 2822 adulteris,
931 2762 964 2811 ιι
1016 2753 1105 2811 iorem
1130 2754 1250 2811 audivit.
1271 2753 1359 2812 Dolor
1384 2754 1500 2827 ergoin
1526 2761 1673 2827 precepto
1699 2752 1858 2825 tingiturei

118 2844 159 2902 sic
187 2847 359 2901 moriantur.
395 2845 563 2914 Respondeo
602 2845 702 2912 iteum,
728 2845 803 2901 sicut
831 2844 961 2899 omnium
1018 2841 1069 2910 aui
1098 2855 1116 2897 a
1141 2841 1227 2898 malis
1254 2843 1392 2912 operibus
1418 2842 1502 2913 quasi
1529 2842 1665 2912 pracepit
1686 2842 1756 2899 vice
1773 2840 1859 2899 dolore

118 2947 229 3003 rerum,
254 2934 295 2990 sic
326 2933 534 3003 suppliciorum
562 2946 714 2989 mensuras
742 2946 824 2988 nosse
847 2939 876 2988 et
905 2945 962 2987 non
978 2906 1002 2967 ⁰
1018 2930 1180 2987 cohibetur.
1196 2932 1237 2987 De
1262 2930 1388 2989 hisvero
1402 2945 1476 3002 qnos
1493 2931 1633 2988 damnant
1657 2928 1788 3002 flagella,
1808 2940 1857 2985 non

118 3023 276 3093 praeconari
292 3023 473 3088 sententiam,
497 3021 608 3076 necilli
630 3021 657 3075 in
681 3027 859 3089 peccatorem
883 3033 964 3075 exer·
1017 3018 1150 3084 liberant,
1183 3019 1290 3077 dicitur
1315 3020 1381 3090 (Jer.
1405 3033 1433 3084 v,
1471 3019 1518 3090 3);
1546 3021 1713 3077 Percussisti
1737 3034 1794 3085 eos,
1818 3031 1858 3072 aet

100 3099 215 3167 'cendae
227 3109 332 3165 dehinc
346 3123 436 3178 prenae
460 3107 569 3163 aulerci
588 3114 765 3176 potestatem,
779 3115 806 3163 ιι
822 3119 963 3178 magnum
1017 3107 1187 3171 doluerunt:
1203 3111 1338 3165 attrivisti
1359 3125 1414 3175 eos,
1429 3111 1456 3165 et
1468 3109 1618 3164 nolumunt
1640 3110 1768 3177 accipere
1781 3106 1857 3162 disci-

118 3204 267 3269 peccatum
298 3199 412 3267 magnis
433 3194 612 3264 diutinisque
634 3195 814 3251 cruciatibus
834 3194 911 3264 elui3
940 3192 964 3249 si
1016 3198 1143 3266 ptincm‚·
1158 3196 1202 3254 his
1214 3196 1328 3269 flagella
1342 3198 1379 3255 ab
1395 3197 1449 3255 hac
1463 3197 1525 3255 rita
1540 3196 1681 3254 inchoant
1691 3204 1723 3254 ιι
1738 3197 1770 3252 in
1788 3200 1857 3253 ata·

118 3287 186 3356 quis
200 3292 296 3340 autem
311 3285 432 3354 punitus
443 3285 490 3348 sit,
506 3290 538 3339 ut
553 3281 599 3338 ille
615 3283 644 3338 in
661 3282 723 3355 lege
739 3283 790 3354 qui
806 3282 963 3339 israelitam
1015 3299 1054 3341 na
1083 3285 1241 3354 perdurant
1260 3286 1452 3356 percussione.
1482 3285 1564 3344 Unde
1587 3299 1641 3356 per
1669 3284 1786 3355 iloyson
1810 3283 1854 3338 llo

118 3369 273 3437 maledixit,
289 3379 316 3426 ιι
343 3372 394 3440 qui
419 3373 449 3426 in
462 3370 585 3426 Sohhato
610 3370 691 3440 ligra
715 3370 876 3443 collegerat,
893 3370 964 3428 tales
1017 3373 1115 3430 minus
1129 3373 1199 3431 dicit
1213 3374 1301 3445 (Dent.
1327 3389 1423 3440 xxxin,
1443 3376 1510 3443 iii:
1536 3375 1616 3442 Ipnis
1642 3372 1855 3430 maceries

118 3463 215 3530 postea
227 3473 285 3514 non
302 3459 412 3528 puniri,
427 3458 499 3528 qnia
515 3456 600 3527 culpa
619 3457 691 3514 levis
708 3459 840 3528 prasenti
857 3457 965 3528 suppli·
1016 3477 1096 3529 mea;
1110 3469 1256 3533 quantum
1270 3476 1339 3520 raro
1354 3463 1390 3519 ad
1405 3470 1542 3521 aternam
1561 3462 1781 3520 damnationem
1794 3457 1853 3517 mh

117 3547 161 3603 cio
177 3547 360 3604 comdensata
379 3554 429 3603 est.
453 3548 540 3601 Item:
564 3545 662 3602 Simile
686 3554 728 3603 est
751 3547 780 3603 io
807 3544 963 3605 Ezechielis
1016 3549 1115 3607 ditur:
1133 3553 1166 3606 lit
1184 3552 1293 3607 ardebit
1315 3566 1402 3618 usone
1415 3552 1453 3607 ad
1466 3552 1571 3618 inseror
1593 3551 1733 3606 deorsam
1759 3549 1851 3606 hiaeta

118 3635 322 3702 libron,ubi
348 3635 470 3692 dicitnr:
492 3636 615 3703 Pepercit
639 3637 732 3691 ocutus
751 3650 835 3698 meas,
861 3650 895 3690 ne
917 3637 964 3689 in·
1018 3639 1196 3715 quibusdam
1225 3640 1280 3697 dici
1307 3641 1396 3697 soleat
1425 3640 1497 3697 illud
1528 3639 1608 3710 quod
1636 3639 1780 3711 scripturn
1803 3641 1849 3693 ast:

118 3727 323 3795 irreverentem
351 3725 570 3790 atquepater-em,
589 3724 623 3780 ln
640 3739 699 3794 quo
722 3723 867 3794 quaritur
888 3737 964 3794 quo·
1017 3728 1077 3784 Non
1085 3727 1198 3796 judicat
1224 3732 1292 3785 dens
1309 3729 1350 3785 iis
1372 3728 1549 3799 inidipsum,
1570 3726 1622 3798 qui
1639 3734 1739 3784 lamen
1761 3726 1812 3784 hoc
1825 3722 1852 3778 dt

119 3814 203 3870 modo
230 3813 271 3870 eis
290 3813 426 3883 pepercit,
446 3826 571 3884 quorum
601 3812 743 3869 cadavera
760 3812 791 3868 in
810 3811 965 3868 solitudine
1019 3815 1257 3887 iniquisdicunt‚
1277 3832 1335 3874 non
1354 3817 1508 3875 attendunt
1537 3817 1602 3887 (ier.
1633 3829 1708 3883 xvir,
1740 3817 1801 3883 iii:
1825 3812 1852 3866 st

116 3902 282 3973 jacuerunt,
315 3909 469 3971 etexcepto
491 3903 558 3957 lesu
582 3901 660 3957 Nave
685 3909 712 3958 et
736 3900 842 3970 caleph
865 3898 966 3956 nullus
1025 3903 1132 3974 duplici
1170 3909 1330 3962 contritione
1355 3910 1460 3961 contem
1475 3920 1528 3973 eos,
1548 3906 1678 3970 Domina·
1692 3912 1723 3961 et
1749 3902 1777 3961 id
1789 3897 1856 3973 ancl

120 3999 227 4047 terram
251 3991 447 4061 promissionis
471 3992 620 4061 ingressus
643 3996 700 4060 est;
725 4003 762 4045 ex
782 4003 841 4060 quo
858 3989 965 4045 intelli·
1019 3991 1091 4048 alias
1104 3993 1244 4062 scriptum
1263 3999 1306 4050 est
1330 3993 1406 4062 (iud.
1425 3993 1470 4063 il:
1490 3996 1578 4061 iesus,
1598 3993 1735 4063 populum
1748 3991 1782 4048 de
1797 3995 1858 4046 terra

121 4077 328 4150 gimusvivere
343 4093 391 4135 eos
413 4093 467 4134 nec
488 4078 603 4135 aeternis
627 4077 778 4147 suppliciis
806 4086 966 4134 reservatos
1020 4081 1142 4152 AEpppti
1161 4082 1285 4151 salonas,
1314 4084 1432 4138 secando
1459 4098 1504 4138 eos
1534 4083 1582 4148 qni
1608 4095 1666 4136 non
1694 4079 1858 4137 credideram

121 4181 173 4223 nec
192 4167 297 4224 deletos
320 4181 381 4223 esse
406 4167 440 4222 de
463 4167 536 4223 libro
552 4166 725 4222 viventium.
749 4167 896 4234 Gregorius
911 4168 1005 4250 dio-D
1032 4169 1167 4240 perdidit.
1195 4170 1307 4234 Qnihus
1335 4178 1431 4228 tamen
1447 4171 1472 4227 si
1494 4183 1669 4228 consensum
1697 4169 1859 4239 precenta

118 4256 220 4310 ratium
248 4256 295 4310 tte.
328 4255 388 4310 lx:
420 4254 522 4309 Indica
548 4255 616 4309 midi
648 4270 697 4308 cnr
724 4270 766 4309 me
798 4257 839 4309 ita
857 4254 966 4322 jndices
1021 4257 1311 4329 quamlihotculpam
1332 4259 1469 4316 historici
1487 4271 1652 4328 nonposse.
1676 4257 1735 4315 hoc
1752 4269 1861 4327 expers

122 4342 180 4413 (iob
196 4358 227 4410 ιι,
241 4344 280 4415 ι).
299 4343 416 4400 Duobus
432 4342 533 4408 modis,
551 4342 580 4397 in
600 4342 654 4397 hac
668 4342 728 4399 vita
745 4341 857 4412 judicat
879 4342 968 4398 homi·
1021 4354 1084 4404 cato
1104 4347 1250 4416 percussis
1273 4354 1362 4419 atque
1392 4347 1422 4404 in
1454 4354 1570 4418 peccato
1596 4360 1653 4403 eno
1679 4345 1860 4403 morientibus

120 4434 291 4499 namneus,
317 4433 388 4503 quia
404 4439 454 4488 aut
481 4431 633 4500 per-mala
660 4431 812 4500 prasentia
839 4431 968 4501 irrogare
1021 4432 1104 4489 dehet
1128 4433 1277 4501 aestimari,
1307 4435 1377 4504 quia
1400 4448 1500 4493 eorum
1529 4434 1680 4504 percussio
1706 4433 1760 4490 hic
1783 4439 1861 4502 empti

117 4521 179 4592 jam
202 4529 344 4577 tormenta
362 4519 513 4589 sentientia
538 4517 650 4588 incipit,
682 4524 733 4573 aut
757 4524 899 4574 tormenta
922 4532 967 4574 se·
1020 4517 1253 4590 illicpersrcitnr,
1278 4528 1311 4577 ut
1339 4521 1506 4579 incorrectis
1534 4535 1624 4578 onum
1657 4516 1861 4590 dagellnmsit

122 4609 241 4679 quentia
254 4607 374 4678 ilagellis
389 4621 405 4662 a
420 4605 610 4676 praesentibus
625 4605 803 4676 exstinguit3
821 4605 875 4662 nisi
890 4607 968 4662 eninr
1022 4610 1100 4680 quod
1116 4610 1310 4679 temporaliter
1326 4610 1436 4680 incipit,
1456 4609 1507 4666 sed
1526 4608 1557 4665 in
1582 4608 1702 4665 ansuis
1720 4603 1861 4679 supplicia

122 4696 233 4754 delictis
247 4695 431 4767 erigentibus
444 4695 541 4766 justus
552 4694 643 4764 judex
657 4701 685 4750 ct
709 4708 788 4750 nunc
801 4700 829 4751 et
845 4701 968 4764 postmo·
1022 4705 1249 4766 consummatur,
1264 4706 1408 4769 qnatenus
1421 4698 1463 4755 eis
1492 4696 1545 4768 aui
1564 4695 1687 4753 omnino
1713 4695 1822 4768 corrigi
1840 4705 1860 4749 n

80 4816 83 4823 ·
122 4786 348 4856 dumquosdam
373 4791 543 4855 percuteret.
566 4783 656 4839 iudas
679 4783 718 4854 [5]
741 4782 857 4839 minimo
878 4783 968 4839 dixis·
1021 4793 1130 4853 nuunt,
1159 4785 1219 4857 jam
1247 4786 1431 4855 presentium
1455 4784 1636 4857 negotiorum
1656 4785 1808 4854 percussio
1830 4794 1858 4839 er

122 4873 314 4931 set:Secundo
327 4888 369 4928 eos
380 4875 491 4942 quinon
502 4871 865 4941 credideruntperdidit,·ct
876 4871 911 4927 de
920 4871 971 4928 ini·
1022 4873 1175 4945 quentium
1204 4874 1238 4931 sit
1263 4874 1380 4932 initium
1405 4876 1626 4931 tormentorum.
1657 4873 1736 4928 Idem
1766 4873 1857 4936 Dicim-

122 4963 190 5034 quis
206 4959 967 5031 Psalmistaiavru,iit)nondiceretzlndnantnrsicnt
1023 4964 1071 5020 tto.
1092 4963 1149 5019 lll:
1170 4961 1262 5033 Super
1276 4962 1435 5020 Sodomitas
1461 4962 1605 5019 Dominus
1628 4960 1730 5033 ignem
1758 4969 1787 5019 ιι
1812 4955 1857 5016 aal-

122 5052 244 5122 diploide
257 5054 416 5119 confusione
431 5065 490 5105 sua.
509 5049 667 5121 iiiploidem
683 5049 799 5119 quidem
817 5049 969 5106 vestimen·
1024 5052 1104 5122 phur
1118 5051 1210 5123 pluit:
1237 5053 1307 5122 quia
1322 5051 1400 5109 enim
1424 5064 1522 5108 amore
1551 5049 1652 5107 illicito
1676 5045 1857 5121 conspuitis

124 5148 185 5198 tum
196 5141 316 5210 duplum
331 5140 473 5200 dicimus:
487 5138 655 5194 contusione
669 5150 738 5207 ergo
757 5137 831 5194 sicut
846 5137 971 5210 diploide
1023 5141 1120 5198 carnis
1136 5147 1277 5208 arserunt,
1293 5140 1378 5197 simul
1404 5139 1537 5197 incendio
1550 5145 1578 5196 et
1597 5137 1688 5196 latore
1712 5139 1855 5210 perierunt

123 5228 299 5287 indotisunt
314 5229 464 5301 quijuxta
482 5234 581 5285 reatus
601 5225 647 5282 sui
669 5225 806 5285 meritum
820 5233 848 5284 et
865 5232 971 5299 tempo·
1024 5236 1170 5302 quatenus
1198 5228 1228 5285 in
1250 5242 1335 5300 poena
1358 5242 1412 5288 sua
1433 5233 1638 5300 cognoscerent
1661 5227 1735 5299 quia
1757 5233 1856 5285 atem

161 5397 217 5471 (Ὦ)
232 5402 340 5458 ilonac.
358 5415 413 5459 om.
429 5403 495 5460 cam
516 5415 579 5458 vero
594 5430 629 5444 -
643 5416 677 5456 ne
691 5405 800 5472 parcat.
