3804 5962
65 214 134 271 {3¹29

703 214 756 272 sic
775 216 817 270 ul
835 216 917 273 NON.
949 246 972 256 -
992 217 1171 273 Phalarin

1737 181 1812 272 -iaao

61 340 205 398 serviente
227 342 362 398 creatura
387 355 454 413 que
481 348 577 398 tamen
604 355 663 398 nou
687 342 828 399 exercuit.
858 342 907 399 Po
922 346 945 397 b
961 344 1121 400 necessario
1136 342 1237 400 iaciat:
1255 341 1318 399 Non
1343 343 1421 399 enirn
1446 354 1543 399 carere
1558 354 1612 398 sua
1627 345 1718 412 potest
1733 339 1810 398 bona

62 432 117 487 test
130 436 158 487 et
172 428 207 486 dc
222 437 319 487 monte
335 429 384 487 illo
399 443 486 501 quem
502 429 572 487 lldes
592 430 620 486 in
638 443 716 487 mare
731 431 910 497 transferret,

63 516 140 588 quod
158 525 253 575 tamen
272 531 419 589 nusquam
440 519 549 575 lactum
564 519 610 575 vel
626 518 751 592 legimus
764 519 811 576 rel
822 521 911 577 audi·

62 606 170 662 vimus.
186 605 325 677 Quisquis
344 606 448 664 borum
467 606 578 679 aliquid
594 610 651 665 llec
679 608 754 665 dixit
779 609 910 679 impossi-

62 693 128 758 bile,
147 693 230 751 rides
244 708 334 766 quam
349 694 480 765 desipiat,
498 710 646 767 quamque
660 696 800 753 adversus
826 697 910 753 sidem

63 781 220 851 scripture
236 781 301 852 eJus
315 781 463 852 loquatur.
480 783 570 840 llulta
586 783 643 840 alia
662 783 831 855 hujusmodi
845 798 910 855 pos-

62 876 131 926 sunt
142 882 295 927 occurrere
317 869 360 926 vel
385 870 490 940 legenti
504 870 550 927 rel
565 871 711 942 cogitanti,
734 885 800 942 quc}
823 872 909 943 possi·

62 956 132 1014 bilia
146 957 202 1013 Deo
217 971 324 1028 negare
338 972 396 1014 non
409 959 584 1028 lpossumus,
598 960 733 1029 quamvis
748 973 849 1016 eorum
865 960 912 1015 dc-

63 1044 99 1100 sit
110 1045 288 1115 exemplum.
310 1066 324 1095 a
344 1045 422 1102 ldcm
439 1046 469 1102 in
489 1046 563 1103 libro
578 1048 617 1104 Ile
633 1055 740 1104 natura
754 1056 782 1105 et
796 1048 909 1120 gratia:

64 1153 79 1181 «
98 1133 235 1189 hominus
253 1135 390 1189 Lazarum
415 1134 583 1191 suscitarit:
601 1136 662 1193 sinc
681 1136 770 1193 dubio
799 1137 910 1208 potuit;

63 1221 135 1293 quia
159 1234 227 1278 vero
255 1221 360 1278 ludam
383 1236 441 1278 nou
466 1223 628 1289 suscitavit,
654 1225 789 1296 nunquid
817 1226 911 1281 dicen·

63 1311 133 1368 dum
146 1317 187 1366 est
203 1326 209 1364 :
225 1310 286 1366 Nou
303 1310 415 1380 potuit?
427 1311 522 1367 Potuit
545 1326 624 1383 ergo,
640 1312 689 1369 scd
706 1314 809 1369 noluit.
839 1313 911 1369 Nam

63 1398 88 1456 si
115 1397 262 1465 voluisset,
291 1399 390 1456 eadem
417 1399 503 1455 etiam
533 1400 587 1456 hoc
613 1407 750 1470 potestate
789 1401 909 1470 lecisset,

63 1487 136 1558 quia
150 1486 239 1543 Filius
250 1501 322 1556 quos
338 1487 399 1543 vult
415 1488 553 1544 vivillcat.
573 1509 584 1536 ι
602 1489 652 1544 llis
676 1489 774 1561 itaque
795 1496 852 1545 tam
868 1503 912 1545 ra·

965 431 1114 489 voluntate
1131 425 1221 501 qnam
1242 431 1337 499 babet,
1354 446 1421 487 cum
1451 433 1488 487 sit
1502 431 1528 487 ei
1554 428 1697 488 naturalis
1710 435 1739 487 et
1765 443 1810 486 co·

965 528 1082 588 eterna,
1105 535 1164 577 non
1191 520 1361 586 adventitia,
1391 521 1467 576 sicut
1486 528 1585 576 nostra
1603 526 1645 575 est
1662 517 1759 589 nobis,
1780 523 1809 574 et

965 623 1049 666 omne
1064 610 1141 681 quod
1157 609 1187 665 iu
1200 616 1307 666 natura
1322 617 1363 665 est
1375 608 1537 664 divinitatis
1550 606 1710 663 necessario
1724 607 1752 663 ci
1767 613 1810 663 et-

966 713 1023 769 que
1037 698 1172 754 omnibus
1186 698 1278 754 modis
1303 696 1507 753 inevitabiliter
1535 696 1617 764 inest,
1639 701 1738 765 utpote
1762 695 1809 766 ju-

965 787 1053 854 stitia,
1069 786 1169 857 pietas,
1186 786 1393 851 misericordia,
1408 792 1435 841 et
1451 798 1637 856 quecunque
1651 795 1721 855 erga
1734 795 1812 840 crea·

965 883 1046 932 turas
1060 876 1135 932 bona
1161 874 1306 931 voluntas.
1323 875 1377 939 Qui
1394 873 1491 944 itaque
1512 871 1672 929 necessario
1698 877 1813 929 tantum

964 963 1058 1020 bouus
1072 970 1113 1019 est
1124 969 1265 1034 quantum
1296 962 1389 1018 bonus
1415 968 1467 1027 est,
1484 975 1537 1016 nec
1559 959 1653 1016 minui
1668 966 1759 1030 potest
1776 959 1807 1016 ln

965 1052 1104 1118 bonitate,
1121 1065 1236 1107 necesse
1255 1057 1297 1106 est
1329 1057 1362 1106 ut
1380 1051 1440 1104 tam
1456 1048 1528 1105 bene
1552 1047 1620 1104 velit
1634 1046 1807 1118 desingulis

965 1153 1054 1212 quam
1070 1139 1141 1196 bene
1156 1139 1229 1207 vult,
1249 1146 1275 1195 et
1294 1149 1352 1194 tam
1375 1139 1448 1195 benc
1469 1135 1585 1208 singula
1601 1141 1703 1193 tractet
1717 1149 1810 1207 quan·

966 1236 1028 1286 tum
1040 1236 1140 1298 potest.
1166 1227 1314 1298 Alioquin,
1330 1228 1417 1298 juxta
1435 1226 1521 1283 etiam
1538 1225 1696 1292 Platonem,
1720 1237 1810 1282 asmu-
1837 1288 1841 1295 ,

965 1316 1012 1374 lus
1039 1322 1121 1382 esset,
1154 1329 1207 1371 nec
1236 1315 1356 1383 perlecta
1390 1312 1545 1385 benignus.
1574 1311 1655 1379 Quod
1689 1311 1713 1368 si
1746 1324 1811 1368 earu

966 1419 1055 1477 quam
1071 1403 1155 1460 babet
1173 1402 1351 1459 voluntatem
1382 1400 1505 1457 lacieudi
1523 1398 1634 1470 aliquid
1649 1397 1810 1457 necessario

966 1494 1063 1560 habet,
1076 1507 1129 1548 nec
1145 1491 1194 1548 illa
1210 1504 1342 1562 unquam
1360 1488 1489 1546 elficacia
1505 1489 1594 1559 possit
1620 1501 1729 1557 carere,
1756 1501 1810 1544 ne·

63 1574 189 1632 tionibus
204 1588 292 1646 quam
319 1576 552 1644 auctoritatibus,
583 1577 708 1648 graviter
731 1577 762 1633 iu
786 1586 911 1649 utraque
927 1618 948 1671 B
965 1597 1042 1640 cesse
1056 1589 1097 1638 est
1115 1588 1148 1637 ut
1162 1587 1189 1636 et
1203 1594 1236 1636 ca
1251 1578 1411 1635 necessario
1426 1576 1514 1633 iaciat
1537 1590 1603 1646 quae
1621 1574 1685 1646 ejus
1706 1548 1824 1632 rotun-l

63 1670 146 1734 parte
165 1661 373 1733 complexionis
389 1664 529 1735 impliciti,
545 1679 603 1736 qno
617 1680 670 1722 nos
683 1666 829 1736 explicare
843 1681 911 1738 pos·
965 1679 1052 1729 tatem
1064 1668 1223 1726 necessario
1248 1667 1433 1723 comitantur.
1450 1664 1597 1736 Quidquid
1618 1664 1717 1735 itaquo
1732 1662 1809 1732 lacit,

19 1799 32 1814 ,
64 1751 319 1809 simusnonlacile
344 1752 457 1809 aditum
474 1754 611 1821 inveni03
637 1769 696 1825 quo
723 1755 800 1811 enim
827 1757 909 1812 veho·
965 1760 1040 1816 sicut
1054 1757 1211 1815 necessario
1230 1754 1305 1821 vult,
1334 1755 1416 1811 itaet
1443 1752 1605 1809 necessario
1624 1752 1701 1808 lacit.
1718 1752 1811 1808 Tanta

64 1839 220 1896 mentiores
239 1849 308 1897 sunt
329 1841 522 1911 questionum
544 1842 787 1913 impugnationes,
808 1843 911 1900 dilici-
965 1847 1072 1918 quippe
1087 1853 1129 1902 est
1143 1846 1206 1916 eius
1221 1843 1333 1901 bonitas
1346 1852 1380 1901 ut
1400 1857 1466 1899 cum
1489 1842 1650 1899 necessario
1668 1840 1705 1897 ad
1734 1840 1811 1897 bona

63 1925 286 1997 liorcsprolecto
302 1942 415 1985 necesse
442 1937 557 1987 estesse
578 1931 746 1987 solutiones.
765 1932 819 1989 Sed
841 1947 911 2002 quo·
965 1950 1030 2007 quae
1048 1941 1142 2008 potest
1154 1933 1286 1990 iacienda
1313 1931 1473 2002 compellat,
1503 1945 1555 1987 nec
1582 1929 1700 1986 omnino
1721 1929 1811 1999 possit

63 2014 145 2072 niam
157 2014 290 2072 divinum
308 2016 339 2073 in
367 2017 504 2075 omnibus
535 2019 680 2089 integrum
702 2019 840 2076 honorem
855 2034 912 2076 ser·
964 2023 1108 2081 abstinere
1123 2021 1195 2092 quin
1215 2022 1293 2076 bona
1314 2034 1381 2091 quae
1396 2025 1487 2090 potest
1508 2017 1615 2075 elhoiat
1633 2025 1661 2074 et
1675 2033 1734 2089 quo
1750 2030 1807 2073 me·

63 2118 133 2160 vare
160 2110 188 2160 et
215 2112 300 2175 prout
323 2120 476 2175 possumus
510 2107 695 2179 magnilicare
721 2109 907 2173 intendimus,
964 2112 1021 2169 lius
1037 2119 1128 2183 potest
1142 2109 1187 2166 vel
1204 2108 1290 2165 citius
1306 2114 1405 2178 potest.
1422 2106 1503 2164 Unde
1518 2113 1545 2162 et
1570 2107 1599 2163 iu
1614 2105 1729 2162 laudem
1744 2104 1810 2177 ejus

62 2191 157 2263 ipsius
172 2206 254 2263 opem
270 2207 357 2263 super
382 2195 436 2251 boo
455 2196 632 2252 confidenter
655 2196 849 2267 imploremus,
879 2204 911 2254 ut
964 2200 1071 2256 dicitur
1086 2198 1120 2255 de
1135 2197 1180 2254 his
1206 2211 1322 2267 quoque
1350 2209 1415 2267 quac
1438 2196 1491 2252 diu
1518 2194 1641 2262 distulit,
1665 2193 1737 2264 quia
1751 2206 1810 2250 nott

63 2280 117 2352 qui
142 2295 210 2338 suos
225 2281 350 2338 absolvit
372 2295 389 2338 a
412 2283 545 2353 peccatis,
568 2285 702 2354 expediat
721 2299 738 2340 a
761 2285 866 2354 verbis,
882 2293 910 2343 et
965 2288 1100 2346 tardabit.
1119 2287 1208 2344 Nemo
1222 2286 1301 2341 enim
1318 2284 1432 2341 tardare
1448 2283 1478 2341 in
1494 2282 1744 2354 aliquodiceudus
1757 2289 1810 2349 est,

63 2369 170 2427 horum
191 2384 310 2442 quoque
334 2370 452 2441 laqueos
481 2371 556 2427 sicut
585 2372 701 2429 illorum
724 2373 760 2429 ad
785 2374 910 2432 nominis
965 2378 1042 2450 quod
1065 2377 1127 2433 ideo
1154 2373 1250 2432 differt
1275 2381 1307 2431 ut
1333 2373 1551 2430 convenientius
1564 2371 1613 2428 liat
1622 2386 1631 2441 ;
1648 2371 1697 2427 sed
1714 2370 1738 2427 is
1749 2377 1809 2426 tan·

62 2457 109 2514 sui
133 2457 248 2515 laudem
270 2472 323 2515 sua
352 2459 495 2529 explicare
519 2461 614 2532 gratia
633 2462 779 2532 dignetur,
806 2476 842 2518 ne
858 2477 909 2519 nos
964 2474 1026 2524 tum
1043 2466 1157 2522 tardare
1186 2463 1325 2520 dicendus
1343 2469 1397 2530 est,
1426 2461 1477 2532 qui
1508 2460 1579 2517 dum
1604 2457 1698 2516 iacere
1728 2458 1812 2516 debet

63 2546 207 2603 mendacii
217 2546 262 2603 vel
275 2548 507 2619 presumptionis
520 2550 549 2604 iu
564 2564 630 2606 eum
652 2550 688 2606 ab
714 2551 773 2619 ipso
798 2564 906 2621 argua·
963 2570 1022 2612 non
1041 2555 1117 2612 lacit.
1129 2554 1202 2610 Nam
1216 2560 1244 2609 et
1259 2550 1374 2608 differre
1389 2551 1465 2607 sicut
1480 2549 1594 2606 aulerre
1607 2548 1714 2605 bonum
1730 2546 1811 2619 quod

63 2649 141 2700 mur,
159 2636 210 2707 qui
227 2637 362 2707 probator
380 2638 474 2694 cordis
494 2645 521 2694 et
537 2652 639 2694 renum
654 2639 749 2710 magis
768 2640 797 2695 in
811 2641 907 2696 omni·
965 2644 1063 2716 possis,
1078 2656 1136 2699 non
1161 2649 1202 2699 est
1216 2640 1353 2698 bonitatis
1368 2638 1508 2709 perlectae,
1530 2637 1585 2693 hoc
1611 2645 1653 2693 est
1673 2643 1706 2692 ut
1732 2635 1811 2707 quod

61 2723 119 2782 bus
134 2724 320 2781 intentionem
335 2726 468 2794 attendit,
485 2727 750 2797 quamactionem;
771 2742 823 2784 nec
842 2742 908 2798 quae
961 2735 1021 2807 jam
1043 2731 1207 2788 laciendum
1233 2743 1294 2785 esse
1321 2740 1450 2794 censeas,
1467 2726 1498 2780 in
1527 2725 1660 2782 loturum
1684 2721 1810 2790 differas,

62 2815 144 2880 liant,
160 2813 208 2870 sed
224 2827 281 2884 quo
294 2813 390 2870 animo
405 2814 486 2871 haut.
926 2803 946 2858 C
963 2836 1029 2878 eum
1039 2822 1100 2893 jam
1109 2833 1192 2890 aeque
1209 2818 1299 2888 possis
1328 2822 1361 2873 ut
1383 2815 1414 2870 in
1442 2815 1551 2872 tuturo.
1568 2811 1734 2870 Necessario
1751 2811 1808 2868 ita-

97 2903 140 2958 lio
162 2902 260 2972 haque
286 2916 364 2959 more
383 2917 440 2974 quo
467 2904 501 2960 de
529 2905 585 2960 lieo
606 2904 745 2961 disserere
767 2905 908 2976 ooepimus
962 2925 1020 2982 que
1035 2912 1112 2966 bens
1127 2907 1270 2977 mundum
1284 2919 1345 2963 esse
1361 2902 1452 2962 voluit
1473 2917 1507 2959 ac
1524 2902 1599 2970 lecit,
1622 2915 1676 2958 nec
1697 2900 1809 2959 otiosus

62 2992 229 3059 innitentes,
249 2990 366 3061 quidet
390 2991 472 3048 nobis
500 3005 588 3062 super
603 2993 656 3049 hoo
680 2994 775 3048 visum
796 2995 833 3049 sit
846 2995 908 3051 sinc
961 2997 1079 3064 exstitit,
1106 2997 1248 3064 quicum,
1265 2992 1532 3065 priusquamlecit,
1561 2991 1654 3047 lacere
1678 3004 1737 3047 non
1754 3003 1806 3060 po·

60 3078 163 3150 aliqua
184 3078 386 3135 obstinationis
413 3081 570 3136 assertione
592 3081 781 3151 proferamus.
806 3083 905 3139 Visum
961 3088 1031 3153 tuit;
1046 3086 1116 3158 quia
1132 3085 1302 3156 priusquam
1329 3080 1406 3150 lecit,
1429 3080 1490 3137 lieri
1508 3093 1576 3137 enm
1599 3092 1657 3135 non
1672 3077 1808 3149 oportuit.

60 3175 158 3225 autem
173 3166 272 3237 itaque
287 3166 425 3223 uobisest
440 3168 529 3223 iteum
547 3169 596 3238 qui
612 3184 724 3226 summe
744 3170 905 3238 bonusest,
961 3173 1083 3231 Sienim
1101 3171 1320 3244 priusiecisset,
1353 3170 1457 3240 utique
1490 3177 1519 3225 et
1546 3167 1626 3238 prius
1658 3180 1726 3223 eum
1745 3166 1807 3224 llari

61 3270 115 3313 nec
130 3255 159 3312 iu
169 3268 223 3312 sua
233 3255 450 3311 excrescerevel
462 3255 557 3312 minui
567 3257 693 3313 bonitate
705 3265 803 3328 potest,
816 3272 905 3329 quam
960 3263 1140 3334 oportuisset,
1158 3260 1227 3332 quia
1250 3251 1520 3329 lacere‘quiuquam
1534 3255 1592 3312 nisi
1608 3261 1806 3325 opportunum

59 3343 235 3403 naturaiiter
260 3357 294 3400 ac
321 3343 552 3401 substantialiter
565 3359 602 3401 en
623 3346 716 3415 seipso
732 3360 790 3402 non
806 3355 905 3403 nostro
960 3365 1018 3408 non
1032 3356 1132 3422 potest,
1153 3349 1210 3406 imo
1239 3347 1296 3404 nisi
1320 3347 1473 3417 optimum,
1502 3345 1592 3402 idest
1616 3351 1674 3400 tam
1690 3343 1800 3400 bonum

58 3433 145 3491 modo
157 3445 209 3503 per
229 3439 311 3489 actus
325 3431 420 3494 labet,
435 3447 471 3488 ex
499 3433 561 3504 ipsa
576 3447 630 3490 sua
652 3441 680 3490 et
697 3433 832 3491 ineliabili
854 3436 904 3492 bo·
959 3446 1220 3510 quantumcunque
1239 3436 1383 3499 convenit,
1399 3434 1476 3506 quod
1493 3447 1545 3489 suo
1560 3432 1618 3488 alto
1637 3437 1803 3488 reservatur

58 3523 158 3588 nitate,
169 3520 239 3579 adeo
257 3535 380 3592 semper,
406 3528 438 3578 ut
461 3520 591 3578 humano
615 3536 694 3580 more
718 3523 831 3593 loquar,
856 3538 905 3580 ae
958 3528 1088 3586 oonsilio.

56 3623 190 3677 censum,
208 3616 239 3668 ut
253 3624 321 3682 quae
348 3609 413 3666 vult
437 3612 597 3670 necessario
619 3611 696 3675 velit,
713 3619 741 3669 et
756 3626 823 3683 que
837 3613 905 3670 lacit

381 3866 759 4044 PETRI
819 3867 1485 4041 ABAELARDI

698 4176 807 4287 SIC
861 4175 949 4283 ΕΤ
996 4175 1165 4287 ΝΟΝ.

48 4489 203 4556 Primum
227 4485 395 4574 integrum
423 4482 597 4553 ediderunt
624 4483 782 4550 Ernestus
807 4479 929 4548 Ludov.
952 4478 1074 4547 Theod.
1104 4479 1223 4560 llssun,
1248 4479 1349 4558 theol,
1373 4480 1409 4544 b.
1438 4486 1471 4546 et
1492 4479 1527 4545 P.
1555 4477 1590 4544 P.
1622 4477 1674 4558 0,
1703 4474 1804 4545 semi·

188 4574 270 4642 narii
291 4576 391 4643 theol.
414 4573 554 4663 Philipp.
574 4573 736 4660 Ephorus,
758 4570 838 4638 bibl.
861 4566 958 4636 head.
978 4567 1083 4656 preb,
1102 4575 1135 4635 et
1150 4568 1309 4656 Georgius
1325 4569 1437 4656 Steph.
1456 4570 1665 4648 brunnnuonc,

522 4666 558 4731 V.
587 4662 623 4726 b.
650 4661 707 4740 M„
730 4657 898 4728 seminarii
918 4658 1019 4725 theol.
1040 4656 1216 4746 Philippici
1239 4657 1343 4744 major

287 4803 448 4876 (blarburgi
465 4804 625 4868 cattorum,
637 4801 803 4873 sumptibus
813 4808 839 4857 et
848 4801 924 4874 typis
937 4799 1065 4858 librariae
1079 4801 1206 4858 academ.
1221 4800 1414 4868 Elwortianae,
1431 4802 1506 4868 letti,
1522 4797 1574 4871 8⁰.)

770 5063 1000 5151 PRAEFAT
1004 5063 1077 5150 10.

87 5220 182 5288 Quam
198 5221 376 5292 antiquiores
395 5237 516 5293 operum
533 5223 606 5278 Petri
630 5222 775 5280 hbaelardi
800 5223 922 5279 editores
949 5236 1051 5278 omnes
1077 5220 1149 5291 typis
1166 5219 1387 5277 exscribendam
1403 5232 1505 5276 curare
1528 5218 1660 5290 religioni
1687 5216 1801 5275 babue-

46 5299 122 5352 rant
141 5312 152 5340 ι
170 5290 363 5349 collectionem
387 5294 595 5350 sententiarum
611 5295 647 5350 ab
667 5295 727 5364 ipso
747 5295 791 5350 Sic
806 5299 832 5349 et
845 5295 903 5352 Non
921 5292 1097 5363 appellatam
1116 5290 1165 5362 (l),
1183 5312 1196 5338 o
1221 5290 1388 5361 quindecim
1415 5290 1522 5347 abhinc
1544 5290 1630 5346 anuis
1656 5288 1702 5346 vir
1731 5289 1804 5347 celc-

49 5414 416 5546 C‘trilimvrelrgtbalsu3114t9aut
440 5418 530 5489 ipsius
557 5416 710 5485 abaelardi,
735 5425 785 5475 aut
814 5419 937 5489 librarii,
961 5416 1012 5490 qui
1041 5417 1166 5475 codicem
1196 5417 1392 5475 blonaccnsem
1415 5415 1564 5487 descripsit
1583 5422 1612 5474 et
1636 5415 1802 5472 adornavit.
