3804 5962
120 197 188 251 lats

385 192 490 250 PETRI
509 192 700 249 anethum
718 191 795 250 OPP.
815 194 907 252 PARS
925 196 973 256 lll,
991 225 1027 239 ·-
1044 196 1263 255 rasoloelca
1283 198 1325 253 ET
1344 196 1607 256 Pultosoefllca·

1804 203 1863 258 {27⁸

117 324 190 386 tens,
219 325 246 375 et
269 319 448 376 tantumdem
470 320 571 385 ¹valeat
600 319 695 376 dicere
716 321 806 376 ileum
834 321 962 392 omnipo·
980 320 1004 376 Α
1019 322 1073 379 sita
1093 337 1158 394 quaa
1181 324 1299 380 minime
1314 331 1382 382 sunt
1403 323 1542 380 relativa:
1568 324 1646 395 quod
1661 331 1690 382 et
1714 325 1863 398 ipsisque

117 415 234 476 tentem,
257 415 399 478 quantum
425 408 519 464 dicere
542 410 666 477 Patrem,
692 409 829 479 nunquid
859 416 886 467 et
915 410 965 466 Fi-

47 504 48 508 ’
116 497 173 555 lius
198 503 239 553 est
262 496 367 551 Pater?
396 496 437 551 lld
467 496 544 567 quod
572 497 699 567 primum
729 499 901 568 respondere
919 513 963 555 sa·

118 586 153 643 tis
182 586 317 650 arbitror,
347 586 424 656 qurtd
454 600 539 656 saepe,
575 594 608 641 ut
634 587 774 653 diximus,
804 602 888 644 voces
915 601 965 657 per

117 689 146 731 εε
161 682 284 744 accepta
306 674 437 730 eamdem
456 675 516 731 vlrn
541 676 656 745 penitus
685 675 792 732 habent
817 683 905 746 atquo
924 691 963 732 aa·

116 760 326 832 quipolentiam
360 761 447 831 Juxta
471 763 618 832 propriam
643 778 743 819 earnm
775 763 962 835 signiticatlo-

116 864 193 918 nem,
224 864 290 920 quae
313 857 411 906 tamen
441 851 570 907 eamdem
601 851 661 906 vim
686 851 721 907 in
750 853 963 909 construetione

117 953 175 996 non
201 939 377 996 custodiunt.
408 938 492 1004 Nam,
521 946 591 996 teste
620 940 779 1006 prisciano,
809 955 910 997 amans
936 948 964 996 et

117 1028 170 1099 qni
186 1034 264 1083 amat
289 1027 364 1083 idem
384 1027 492 1094 valent,
509 1041 567 1083 non
584 1037 679 1085 tamen
701 1030 785 1086 sicuti
810 1030 844 1086 de
860 1044 892 1086 eo
912 1030 962 1100 qui

117 1115 202 1172 modo
216 1130 274 1171 non
291 1123 370 1171 amat
383 1130 486 1172 verum
501 1125 543 1173 est
567 1116 661 1172 dicere
681 1117 760 1187 quod
777 1117 831 1174 erit
850 1132 960 1184 amans,

118 1203 274 1261 ilaverum
299 1211 341 1261 est
369 1204 465 1261 dicere
488 1206 567 1276 quod
583 1207 637 1261 erit
667 1205 716 1275 qui
746 1214 833 1262 amat.
863 1208 963 1264 Uultas

116 1306 233 1365 quoque
247 1300 274 1349 ει
297 1302 444 1360 unumst
471 1296 559 1350 sessio
579 1301 607 1350 ει
622 1294 734 1361 sedena,
760 1295 891 1350 eamdem
916 1310 963 1365 pe·

116 1383 196 1437 nitus
218 1380 338 1437 tortasse
366 1388 434 1438 sunt
462 1382 491 1436 in
520 1381 740 1452 significatione,
757 1397 813 1437 non
843 1383 872 1437 in
898 1396 963 1438 con-

116 1469 283 1535 structione,
314 1470 387 1526 sicut
413 1470 482 1526 alibi
511 1469 671 1538 docuimus,
703 1485 770 1527 cum
797 1470 832 1526 de
857 1471 960 1526 discre-

1020 427 1077 482 εεε
1092 426 1190 469 rerum
1214 412 1337 469 altarum
1352 413 1587 484 generationibus
1601 427 1651 469 seu
1667 414 1862 472 creationibus

1018 499 1101 559 facile
1115 509 1156 558 est
1173 502 1324 572 assignari.
1346 501 1397 558 ubi
1421 502 1506 558 etiam
1522 503 1564 558 rei
1585 503 1758 574 generantis
1780 510 1809 559 et
1828 517 1863 575 ge

1018 588 1085 646 nitae
1098 597 1140 645 εει
1162 590 1261 645 eadem
1283 590 1417 646 essentia.
1442 593 1483 646 Ex
1503 591 1622 647 materia
1637 591 1751 662 quippe
1776 591 1861 660 ipsun

1018 675 1201 732 materiatum
1217 677 1349 748 generari
1363 685 1391 734 ει
1406 678 1497 733 creari
1511 678 1727 747 quodammodo
1740 677 1862 749 ltradunt

1019 756 1193 834 philosophi.
1220 765 1301 822 llnde
1326 766 1405 821 Plato
1419 766 1502 833 Ylen,
1526 766 1554 821 id
1573 774 1615 822 est
1630 779 1804 836 corpoream
1818 781 1861 824 na·

1019 859 1114 908 turam
1131 861 1271 923 tanquam
1297 862 1417 910 matrem
1445 868 1599 925 corporum
1623 856 1722 924 ponit3
1751 862 1781 911 el
1804 855 1862 912 Boe-

1018 941 1077 996 tius
1106 940 1135 995 in
1165 941 1238 997 libro
1266 944 1433 997 missionum
1464 957 1556 1013 genus
1580 942 1672 998 dividi
1700 942 1730 998 in
1762 943 1864 1014 species

1018 1030 1102 1099 quasi
1123 1030 1151 1085 in
1168 1031 1309 1100 quasdam
1334 1047 1351 1086 a
1370 1046 1398 1085 se
1418 1030 1631 1101 quodammodo
1647 1029 1814 1087 creationes
1827 1031 1863 1088 dl·

1017 1118 1065 1184 cit,
1082 1119 1206 1188 eoquod
1223 1119 1329 1188 species
1343 1132 1378 1173 ex
1399 1121 1461 1187 ipsa
1479 1116 1592 1189 generis
1608 1118 1777 1175 substantia
1791 1119 1862 1176 nasci

1017 1211 1043 1261 ει
1065 1204 1166 1262 conlrci
1193 1206 1317 1262 habeant
1341 1207 1561 1276 superveniente
1585 1207 1677 1263 lorma
1697 1222 1705 1260 τ
1723 1214 1757 1262 ει
1784 1207 1861 1264 εοεε

1017 1307 1053 1350 ex
1087 1294 1204 1349 animali
1229 1296 1451 1364 superveniente
1475 1294 1594 1350 animali
1624 1294 1823 1352 rationalitate
1838 1303 1860 1352 et

1017 1381 1200 1449 mortalitate,
1231 1382 1304 1438 sicut
1325 1390 1421 1439 statua
1450 1396 1486 1437 en
1517 1395 1572 1438 mre
1591 1381 1819 1451 superveniente
1831 1381 1859 1438 li·

1017 1482 1101 1540 gura.
1117 1471 1153 1525 Et
1176 1484 1241 1524 curn
1266 1470 1341 1526 idem
1366 1470 1401 1526 sit
1424 1470 1545 1525 materia
1568 1470 1645 1540 quod
1667 1469 1858 1536 materiatum,

117 1557 194 1615 tione
221 1559 510 1628 praedicamentorum
543 1559 627 1615 nobis
661 1568 733 1615 esset
765 1559 961 1617 tractandum.
1017 1557 1091 1614 sicut
1106 1558 1181 1613 idem
1197 1565 1239 1614 est
1253 1558 1361 1614 animal
1379 1559 1457 1629 quod
1474 1559 1558 1614 homo
1568 1559 1638 1629 3vel
1654 1558 1711 1614 hoc
1732 1571 1771 1613 aes
1790 1557 1857 1629 quod

116 1643 192 1709 Quid
215 1644 304 1716 igitur
326 1647 433 1701 mirum
465 1649 516 1712 est,
540 1647 563 1701 sl
595 1660 737 1716 ponamus
761 1648 820 1701 hac
843 1633 1078 1720 nominaghaec
1095 1654 1291 1702 statuaznon
1311 1656 1405 1703 tamen
1422 1648 1516 1716 ipsum
1533 1646 1719 1703 materiatum
1742 1653 1786 1702 est
1808 1658 1857 1702 τει-

117 1734 200 1791 Ρειετ
232 1742 259 1790 ει
284 1736 359 1791 Deris
389 1736 569 1806 omnipotens
600 1735 730 1806 ejusdem
755 1736 871 1805 penitus
899 1750 960 1792 esse
1016 1735 1088 1791 teria
1102 1736 1158 1801 sui,
1175 1743 1225 1791 aut
1240 1736 1301 1805 ipsa
1316 1736 1469 1792 materiata
1483 1748 1519 1790 ex
1536 1735 1736 1790 materiataen
1751 1748 1792 1802 se,
1804 1733 1856 1790 lloel

116 1822 336 1892 significationis
368 1823 397 1878 in
425 1825 492 1890 lieo,
520 1831 701 1879 nontamen
740 1823 868 1893 ejusdem
897 1838 963 1879 con-
1016 1824 1120 1880 sithoc
1143 1825 1249 1894 ipsum,
1271 1825 1348 1894 quod
1372 1833 1414 1880 est
1441 1823 1651 1893 materiaejus.
1676 1823 1730 1879 Vel
1751 1823 1789 1878 sit
1813 1822 1858 1879 hot
1895 1856 1899 1897 ς

116 1911 282 1969 structionis
304 1925 365 1968 esse
389 1913 591 1981 concedamus,
622 1927 675 1968 nec
702 1926 736 1968 ea
766 1913 795 1968 in
824 1920 962 1969 contextu
1015 1912 1109 1981 ipsum
1134 1912 1212 1982 quod
1232 1920 1273 1968 εει
1294 1913 1477 1968 materiatum
1503 1911 1578 1981 ejus,
1604 1917 1704 1979 utpote
1723 1911 1785 1968 εεε
1808 1918 1856 1967 sta·

116 1999 256 2055 orationis
269 2001 401 2056 eumdem
419 2000 531 2070 penitus
552 2001 696 2057 custodire
716 2000 853 2057 sensum?
868 2002 962 2072 Atque
1018 2007 1068 2056 tna
1082 2007 1125 2057 εει
1145 2001 1200 2056 εεε
1213 2015 1258 2064 εεε,
1276 2007 1304 2056 ει
1327 2003 1381 2057 εεε
1399 2014 1437 2056 res
1451 2007 1493 2055 εει
1514 2001 1574 2054 haec
1590 2005 1698 2055 statua.
1714 1999 1750 2056 Et
1765 2005 1858 2056 sonent

117 2086 156 2142 ita
178 2087 273 2143 dicere
296 2088 392 2145 licebit
428 2091 504 2158 quod
532 2089 591 2144 brec
619 2088 782 2146 enuntiatio
810 2091 896 2145 Pater
921 2098 962 2146 est
1016 2083 1666 2159 idemhaepervocesperseaoreptaemateria
1681 2088 1858 2158 etidexquo

116 2182 227 2245 potens,
248 2177 308 2232 sive
329 2177 455 2246 sapiens,
481 2185 531 2232 ant
558 2177 711 2248 benignus,
733 2178 770 2232 ad
784 2177 962 2234 identitatem
1016 2178 1127 2249 aliquid
1144 2178 1329 2234 materialiter
1351 2185 1473 2246 constat,
1495 2177 1540 2233 vel
1568 2183 1765 2239 materiatum,
1793 2183 1820 2232 et
1834 2174 1858 2230 ld

117 2269 232 2319 tantum
261 2265 390 2319 essentiae
418 2265 453 2320 sit
485 2266 711 2328 accommodata,
743 2266 822 2320 acsi
848 2267 962 2322 dicatur
1017 2268 1095 2339 quod
1115 2280 1152 2323 ex
1176 2267 1275 2336 aliquo
1297 2265 1482 2322 materialiter
1495 2265 1662 2334 conticitum
1686 2277 1746 2320 non
1770 2270 1858 2320 tamea

118 2350 196 2419 quod
220 2350 315 2419 isqui
340 2353 421 2407 Pater
447 2358 500 2417 est,
515 2353 550 2406 sit
570 2361 670 2421 potens
692 2352 752 2408 sive
774 2353 888 2422 sapiens
913 2362 963 2410 aut
1018 2357 1048 2412 in
1072 2354 1285 2412 constructione
1308 2354 1343 2410 de
1367 2354 1465 2410 eodem
1489 2367 1603 2409 necesse
1617 2359 1660 2409 εει
1676 2367 1713 2408 ea
1730 2352 1858 2422 praedica·

117 2436 271 2507 benignus.
288 2438 355 2494 Haec
368 2446 464 2494 autem
479 2441 640 2495 enuntiatio
654 2442 888 2497 Paterestdillus
902 2442 963 2498 sire
1017 2445 1053 2512 ri,
1078 2457 1145 2499 cum
1166 2444 1226 2498 brec
1240 2457 1298 2499 vox
1314 2443 1506 2498 substantiam
1530 2440 1653 2509 complet
1668 2440 1720 2497 illa
1740 2441 1858 2510 proprie
1895 2502 1898 2511 ¹

117 2525 240 2594 Spiritus
256 2534 383 2592 sanctus,
398 2526 433 2582 ad
449 2527 638 2597 identitatem,
654 2535 686 2584 ut
700 2529 807 2586 dictum
827 2537 878 2596 est,
896 2545 961 2600 pro·
1017 2541 1092 2590 tate:
1116 2546 1183 2602 qua
1206 2531 1325 2600 quidem
1346 2530 1506 2600 proprietas
1526 2530 1554 2583 in
1575 2529 1716 2584 relatione
1735 2528 1856 2584 consistit
1895 2542 1898 2589 ⁴,

117 2614 247 2684 prietatis
262 2615 461 2672 tantummodo
482 2623 600 2686 spectat,
624 2624 656 2672 ut
677 2617 811 2674 videlicet
832 2619 907 2675 idem
925 2618 971 2688 sit⁴
1017 2621 1144 2679 materie
1164 2619 1274 2677 scilicet
1294 2620 1338 2675 rel
1355 2619 1517 2674 materiati:
1534 2618 1568 2673 de
1590 2631 1652 2688 qua
1676 2631 1732 2672 nos
1747 2615 1857 2689 quiden

117 2703 272 2772 utriusque
284 2705 444 2773 proprium,
460 2713 492 2762 ut
506 2706 670 2775 expositum
689 2714 740 2774 est,
757 2707 878 2779 ideoque
895 2715 961 2763 tan·
1016 2708 1228 2782 praedicationis
1252 2707 1414 2764 differentia
1430 2720 1519 2776 supra
1533 2707 1603 2762 setis
1625 2705 1798 2762 disseruisse
1818 2716 1857 2759 ar·

116 2791 264 2850 tummodo
279 2791 350 2847 laisa
364 2802 405 2850 ost
415 2795 587 2850 enuntiatio.
1017 2801 1116 2858 bitror.

151 2882 289 2937 Praeterea
313 2880 379 2952 ouis
405 2896 442 2937 ετ
468 2884 656 2953 suprapositis
680 2884 792 2940 edoceri
813 2899 871 2940 non
899 2898 962 2953 pos·
1054 2883 1591 2958 uagnaitaqnedtscretioadhihenda
1610 2881 1697 2937 estin
1716 2881 1857 2938 hisennn·

115 2968 161 3037 sit,
178 2970 256 3040 quod
271 2984 330 3026 non
345 2969 420 3025 idem
443 2971 560 3040 penitus
576 2980 677 3027 sonent
701 2972 731 3026 in
749 2973 804 3027 Deo
826 2973 886 3027 baec
909 2987 960 3028 no·
977 2952 998 3007 ⁰
1015 2970 1183 3032 tiationibus
1197 2987 1263 3044 que
1277 2972 1311 3027 de
1330 2972 1386 3027 lieo
1402 2972 1490 3037 liunt3
1516 2984 1583 3040 εεε
1602 2969 1737 3025 videlicet
1751 2975 1855 3024 tantum

115 3058 195 3113 mina
224 3059 307 3112 Pater
333 3066 359 3112 et
382 3058 499 3124 Potens;
531 3067 558 3115 et
588 3059 681 3115 Filius
708 3066 735 3115 et
771 3060 904 3130 Sapiens3
933 3068 960 3118 et
1015 3065 1050 3121 ad
1078 3062 1252 3118 identitatem
1278 3074 1349 3125 esse,
1383 3073 1449 3129 quse
1477 3059 1512 3114 ad
1539 3058 1719 3114 identitatem
1745 3067 1855 3127 quoque

116 3145 238 3217 Spiritus
261 3155 379 3201 sanctus
398 3154 426 3202 ει
441 3146 607 3216 Benignusi
629 3147 767 3217 Alioquin
792 3163 848 3204 non
868 3149 961 3219 magis
1014 3149 1194 3223 proprietatis
1208 3149 1266 3204 sint
1289 3147 1519 3204 accommodata.
1536 3146 1579 3200 lid
1599 3145 1779 3201 identitatem
1798 3140 1854 3212 oui·

116 3234 235 3290 relative
260 3234 382 3289 invicem
406 3233 571 3290 dicerentur
593 3235 676 3290 Pater
696 3243 723 3291 et
748 3236 845 3302 Filius,
871 3251 960 3307 quam
1014 3239 1078 3295 dem
1101 3237 1230 3293 essentiae
1256 3243 1372 3292 tantum
1398 3249 1456 3293 nou
1482 3235 1572 3291 etiam
1607 3233 1792 3304 proprietatis
1817 3231 1854 3287 ha

115 3323 219 3378 Potens
242 3330 270 3378 et
283 3321 415 3391 Sapiens:
436 3322 481 3377 vel
505 3321 628 3392 Spiritus
653 3332 771 3379 sanctus
787 3326 822 3380 ad
850 3328 959 3381 Patrem
1014 3334 1153 3397 spectant,
1181 3327 1262 3381 Pater
1288 3331 1330 3381 est
1354 3326 1436 3390 lleus,
1459 3323 1548 3378 Filius
1569 3331 1611 3377 εει
1633 3323 1719 3385 llens,
1743 3319 1853 3390 Spiritus

115 3417 142 3467 ει
166 3409 282 3475 Filium,
307 3424 396 3479 quarn
421 3409 573 3481 benignus.
596 3411 658 3467 Non
680 3412 778 3482 itaque
802 3416 884 3470 Pater
907 3415 961 3470 boc
1014 3423 1131 3472 sanctus
1154 3421 1196 3469 εει
1221 3414 1305 3480 Deus,
1336 3412 1382 3467 vel
1401 3419 1536 3478 aternus,
1566 3410 1610 3466 vel
1640 3410 1792 3475 Dominus,
1814 3405 1852 3462 rel

115 3511 219 3554 nomen
242 3505 324 3553 sonat
348 3499 546 3555 tantummodo
570 3498 699 3555 divinam
725 3503 890 3572 potentiam,
912 3517 958 3558 τε.
1014 3511 1137 3570 ετεειετ,
1154 3503 1197 3558 vel
1221 3501 1410 3570 omnipotens,
1435 3499 1481 3555 rel
1506 3499 1674 3565 immensus,
1691 3497 1851 3568 seujnstns,

114 3601 179 3644 rum
203 3586 287 3643 etiam
312 3586 404 3656 ipsam
428 3595 460 3643 ut
482 3587 649 3658 gignentem
672 3589 855 3660 determinat;
881 3593 959 3647 acsi
1014 3592 1075 3648 sive
1099 3591 1268 3655 misericors,
1285 3597 1312 3645 et
1334 3588 1398 3644 aliae
1413 3588 1522 3653 multae,
1545 3587 1667 3656 ideoque
1685 3599 1763 3641 τετε
1783 3589 1851 3639 sunt

115 3675 297 3733 itadicatur:
322 3676 428 3732 Divina
452 3676 579 3746 potentia
601 3692 743 3747 generans
762 3680 957 3736 divinamSa-
1013 3678 1063 3733 Hae
1098 3676 1336 3734 annuntiationes
1364 3676 1447 3730 Pater
1472 3682 1513 3730 est
1543 3674 1632 3729 Filius
1663 3671 1710 3728 vel
1738 3671 1851 3742 Spiritus

113 3764 263 3836 pientiam.
295 3765 351 3821 Nec
377 3764 466 3821 Filius
489 3764 658 3835 simpliciter
680 3768 803 3824 ostendit
830 3769 960 3825 divinam
1014 3774 1149 3836 sanctus3
1172 3765 1215 3821 vel
1240 3768 1323 3820 Pater
1345 3771 1387 3820 est
1408 3764 1528 3819 Genitus
1554 3777 1604 3818 seu
1624 3760 1796 3824 Procedens,
1820 3756 1850 3812 ad

113 3851 298 3923 Sapientiam,
320 3867 422 3909 verum
447 3861 475 3909 et
490 3853 583 3924 ipsam
603 3854 747 3927 significat
762 3864 901 3927 tanquam
923 3872 959 3914 er
1014 3855 1191 3910 identitatem
1213 3853 1397 3922 proprietatis
1410 3853 1565 3921 aspiciunt,
1595 3851 1719 3920 ideoque
1745 3846 1853 3904 omnino

113 3944 196 3999 Patre
224 3941 360 4013 genitam.
392 3942 445 3998 Sed
474 3950 501 3999 ει
530 3944 653 4013 Spiritus
681 3952 799 4001 sanctus
830 3947 960 4002 divinam
1013 3942 1092 3999 lalsae
1120 3949 1196 3997 sunt.
1223 3941 1266 3996 lbi
1304 3941 1413 4010 quippe
1445 3938 1624 3995 solummodo
1655 3936 1853 3993 ostendebatur

113 4029 271 4088 Bonitatem
302 4037 442 4101 tanquam
477 4043 494 4084 a
528 4031 610 4086 Patre
645 4039 673 4087 et
709 4032 779 4087 Filio
809 4034 960 4102 proceden-
1015 4030 1088 4086 idem
1104 4045 1164 4086 esse
1185 4044 1245 4086 rem
1268 4029 1414 4098 praedicati
1432 4037 1460 4084 et
1477 4027 1598 4098 subjecti
1623 4025 1753 4092 termini,
1773 4020 1855 4080 rduti

113 4124 169 4174 tem
198 4117 379 4174 determinat.
410 4119 491 4175 Unde
521 4126 596 4175 τεειε
624 4119 683 4174 baec
713 4121 832 4175 nomina
865 4123 958 4188 Pater,
1013 4117 1163 4175 idemesse
1184 4118 1275 4174 ileum
1292 4118 1371 4187 ouod
1393 4119 1539 4181 estPater,
1564 4122 1616 4170 etc.
1635 4114 1689 4168 llic
1709 4127 1780 4169 vero
1799 4123 1854 4167 rear

113 4205 211 4270 Filius,
258 4205 380 4276 Spiritus
419 4214 538 4263 sanctus
579 4207 732 4263 discretiva
768 4208 1134 4294 personarumosobjectl
1155 4207 1269 4264 termini
1286 4207 1487 4276 proprietatem
1504 4217 1621 4274 quoque
1640 4202 1789 4272 praedicati
1809 4209 1857 4255 ιετ·

112 4302 199 4351 sunt:
231 4294 285 4350 boc
320 4302 361 4350 est
391 4308 493 4350 earum
527 4295 562 4351 ab
600 4295 723 4351 invicem
761 4296 956 4354 diversitatem
1013 4297 1084 4352 mini
1099 4297 1141 4351 sic
1155 4296 1271 4360 habere,
1287 4303 1320 4351 ut
1335 4295 1389 4350 hoc
1402 4295 1438 4350 sit
1456 4294 1545 4364 hujns
1560 4305 1688 4363 personae
1710 4290 1856 4361 proprium

111 4383 318 4453 monstrantia3
342 4397 409 4440 cum
439 4383 571 4440 videlicet
602 4384 678 4439 banc
712 4399 861 4454 personam
894 4395 955 4443 tan·
1014 4385 1091 4456 quod
1108 4384 1195 4449 illius,
1213 4383 1258 4438 rel
1273 4383 1372 4437 eadem
1387 4382 1623 4451 insitproprletas
1639 4380 1708 4436 huic
1724 4391 1857 4449 persona.

111 4485 201 4543 quarn
225 4480 421 4543 generantem,
451 4471 530 4527 illam
563 4479 704 4543 tanquam
730 4483 897 4543 generatam
921 4478 957 4533 ab
1013 4486 1079 4541 qum
1105 4470 1160 4526 llll:
1178 4470 1233 4526 hoc
1247 4477 1289 4526 est
1303 4478 1336 4525 ut
1350 4472 1390 4526 sic
1405 4470 1484 4525 Patri
1499 4467 1651 4525 conveniat
1666 4469 1749 4538 gigni
1763 4481 1800 4522 ex
1816 4467 1858 4520 Pa·

112 4559 178 4626 ista,
194 4566 220 4614 et
243 4573 346 4614 rursus
363 4558 448 4615 aliam
471 4567 610 4629 tanquam
627 4561 826 4632 procedentem
842 4577 878 4618 ex
894 4563 958 4629 istis
1012 4565 1065 4626 tre,
1082 4559 1135 4615 boc
1146 4566 1188 4615 est
1202 4573 1238 4614 eir
1262 4557 1365 4627 seipso,
1382 4558 1467 4614 sicuti
1484 4565 1512 4613 et
1538 4557 1608 4612 Filio
1623 4556 1762 4623 congruit
1781 4551 1858 4626 gigni

111 4647 227 4706 duabus
248 4648 308 4704 baec
329 4647 448 4704 nomine
462 4647 637 4704 discernant.
655 4650 789 4713 Quaedam
804 4652 881 4707 enim
905 4651 956 4708 dll-
1011 4662 1046 4704 ex
1063 4648 1123 4717 ipso
1148 4648 1247 4712 Patre;
1271 4646 1348 4717 quod
1372 4647 1490 4701 omnino
1504 4646 1609 4701 laisum
1629 4652 1683 4709 est,
1703 4644 1782 4699 sicut
1800 4642 1857 4698 dili·

22 4756 28 4768 ¹
111 4737 232 4796 lerentia
250 4736 574 4806 rerum-praedicatione
599 4737 781 4794 abinvicem
802 4739 959 4810 disjuncta·
1012 4736 1126 4807 gentius
1148 4736 1331 4791 ostendemus
1346 4735 1381 4790 de
1406 4734 1590 4805 generatione
1606 4732 1793 4802 postmodum
1812 4731 1860 4787 dis

110 4836 188 4888 rum,
206 4822 372 4879 inrelativls
382 4821 549 4878 nominibus
565 4821 742 4888 insinuatur,
756 4822 832 4878 unde
845 4824 908 4893 ipsa
922 4825 958 4881 ab
1012 4832 1147 4882 serentes.
1173 4825 1208 4882 Ut
1234 4824 1332 4895 itaque
1353 4824 1439 4894 juxta
1460 4822 1653 4879 Athanasium
1675 4836 1774 4893 neque
1797 4834 1859 4878 con·

108 4909 258 4970 Aristotele
280 4910 414 4981 opposita
435 4910 591 4980 dicuntur;
607 4918 635 4965 et
656 4911 789 4980 quedam
815 4912 956 4982 pradioa-
1012 4913 1170 4971 tundamus
1185 4926 1331 4983 personas,
1355 4913 1410 4968 hoc
1432 4920 1474 4969 est
1498 4911 1727 4982 permisceamus
1750 4925 1811 4978 eas,
1827 4909 1860 4963 al·

110 5001 196 5058 tionis
209 4999 364 5071 disjunctio
383 4999 528 5067 innuitur,
554 4999 583 5056 in
604 5013 637 5055 eo
653 5000 704 5070 qni
727 5008 844 5071 generat
859 5009 887 5058 et
906 5003 957 5074 qui
1012 5008 1103 5058 teram
1127 5003 1233 5059 scilicet
1260 5003 1291 5058 in
1307 5003 1481 5071 proprietate
1495 5000 1623 5064 alterius,
1640 5014 1738 5070 neque
1752 5013 1861 5069 separe-

110 5088 147 5146 ab
162 5091 223 5162 ipso
238 5097 407 5161 generatum
424 5096 452 5146 el
471 5090 500 5145 in
520 5104 554 5146 εε
578 5088 629 5160 qui
649 5090 778 5158 procedit
798 5098 826 5147 ει
847 5091 872 5145 'a
895 5091 959 5161 qul·
1012 5106 1078 5148 mus
1104 5091 1246 5147 unitatem
1273 5091 1452 5156 substantiae,
1479 5096 1589 5160 oportet
1617 5088 1776 5158 diligenter
1806 5090 1861 5144 rinr

109 5176 166 5236 bus
190 5178 326 5250 procedit.
352 5179 433 5236 Unde
455 5179 587 5236 mirabile
609 5192 667 5235 non
690 5187 741 5247 est,
767 5180 791 5235 si
811 5194 845 5236 err
861 5179 958 5252 hujus·
1012 5179 1196 5252 singularum
1211 5180 1446 5236 enuntiationum
1470 5178 1661 5247 distinguere,
1677 5191 1747 5245 εεε
1766 5175 1863 5233 videli-

95 5267 188 5324 ·modi
202 5282 391 5339 personarum
414 5267 583 5327 discretione
603 5269 665 5327 εεε
679 5267 797 5326 nomina
820 5268 856 5326 ab
881 5269 958 5326 invi·
1013 5276 1056 5325 cet
1084 5268 1119 5323 ad
1148 5267 1324 5324 identitatem
1351 5266 1530 5334 substantiae,
1553 5280 1619 5336 quae
1644 5265 1681 5321 ad
1702 5265 1862 5323 identitatis

111 5368 172 5412 cem
187 5370 238 5424 per
252 5356 485 5429 pradicationem
500 5358 647 5429 disjuncta
660 5359 734 5415 sint:
758 5372 825 5429 qna
848 5358 959 5415 relatio·
1013 5355 1215 5442 proprietatem
1230 5357 1288 5413 sint
1300 5356 1531 5413 accommodatae.

111 5455 162 5498 nes
180 5449 208 5498 et
224 5443 387 5514 significent
410 5454 437 5503 et
452 5448 602 5518 copulent3
619 5454 646 5503 ει
667 5461 726 5504 εεε
750 5446 798 5503 illa
821 5459 959 5518 suprapo·
1048 5445 1212 5505 Notandum
1240 5459 1358 5517 quoque
1387 5445 1467 5515 quod
1503 5458 1570 5500 curn
1605 5441 1635 5500 in
1668 5443 1862 5515 descriptione
