3804 5962
59 191 127 247 1773
732 179 903 240 6111111111
922 179 1139 246 sabbatiae.
1254 194 1262 209 ¹
1739 178 1808 241 1774

10 332 18 343 -
57 330 75 366 ι
88 311 131 368 tid
149 309 347 367 conitendum
371 308 521 381 surgimus
541 319 698 380 morasque
725 309 802 378 (1,ιι.
827 318 898 372 r.‚s
919 312 947 363 et
968 306 1056 364 alibi:
1082 305 1175 363 «ch
1191 313 1255 363 atra
1274 319 1373 363 rernm
1398 304 1523 379 contegit
1538 312 1591 364 ter.
1615 318 1640 363 c.
1665 318 1694 365 c.
1718 305 1772 380 (2).
1791 327 1808 361 s

55 400 123 457 vei:
142 398 240 454 «Nam
263 395 368 453 lectulo
391 394 595 467 consurgimus
610 410 639 451 a.
662 409 692 465 q.
713 402 734 450 t.
752 393 830 465 (3)»
845 400 872 451 et
896 407 1036 452 rursum:
1053 414 1068 448 ι
1091 395 1127 452 Ut
1149 395 1259 466 quique
1284 395 1370 451 horas
1394 394 1521 450 acatium
1546 408 1625 452 nanc
1637 410 1663 452 a.
1684 409 1710 452 r.
1728 395 1805 469 (1)»

54 495 86 545 et
101 486 218 548 similia,
247 484 300 555 ipsi
325 484 428 554 hymni
457 483 534 554 qnod
560 481 695 539 nocturni
711 488 780 539 sant
808 482 1004 539 testimoniam
1036 484 1173 554 prebent.
1204 484 1250 540 Sic
1271 491 1299 539 et
1320 481 1455 539 matutini
1480 482 1582 553 hymni
1605 481 1712 554 proprii
1740 491 1811 541 tem·

65 574 154 647 paris,
179 587 238 644 quo
258 571 372 628 dicendi
396 578 475 638 sunt,
500 570 707 627 institutionem
735 583 948 640 nonnunquam
976 571 1163 641 profiteatur:
1185 572 1267 629 verbi
1288 572 1382 644 gratia
1402 586 1469 627 cum
1488 571 1614 627 dicitur:
1630 592 1644 622 a
1660 571 1733 629 Ecce
1751 572 1813 643 jam

63 678 95 720 n.
119 669 140 718 t.
166 676 198 719 ιι.
225 659 275 731 (6),
301 679 316 709 u
336 662 363 715 et
388 658 511 715 iterum:
529 679 543 708 κ
564 659 627 715 Lux
649 672 714 715 ecce
737 672 760 713 s.
784 671 811 713 a.
840 656 889 728 (6),
912 658 1034 715 »vein
1059 663 1172 717 Aurora
1199 661 1260 733 y'am
1283 675 1306 716 s.
1332 660 1430 731 poium
1459 659 1509 731 (7),
1532 679 1544 709 ι
1570 673 1639 716 seu:
1663 681 1675 711 ‹
1697 658 1813 718 Aurora

61 751 137 810 lucis
157 765 181 808 r.
199 749 262 821 (8),
281 769 292 797 ι
318 750 346 805 et
369 745 462 804 alibi:
489 769 500 797 ι
526 747 591 804 Ales
607 746 661 803 diei
690 746 814 804 nuntius
836 745 930 817 ipro.
947 747 1078 816 praecinit
1101 749 1157 821 (9),
1177 768 1192 803 ι
1212 748 1276 806 vel:
1296 769 1307 800 ι
1336 748 1423 805 Ortus
1437 747 1493 820 (10)
1515 746 1637 820 reiuiget
1659 746 1683 804 i.
1700 747 1781 821 (11),
1797 768 1813 800 s

57 846 88 894 et
108 838 133 893 si
148 836 199 907 qni
222 843 293 891 suat
316 833 494 906 huiusmodi,
520 835 576 905 ipsi
602 849 655 892 nos
677 835 826 892 instruunt
853 835 935 906 ymni
959 850 1018 906 quo
1046 844 1173 908 tempore
1196 838 1253 894 sint
1277 836 1423 899 cantandi,
1444 842 1477 894 ut
1500 836 1523 892 si
1543 835 1584 892 eis
1606 835 1738 894 videlicet
1758 850 1814 894 sua

64 933 195 996 tempora
217 937 277 981 uon
302 923 500 992 observemus,
521 925 551 979 iu
578 921 640 994 ipsa
664 937 764 980 eorum
788 922 946 994 prolatione
972 924 1125 982 mendaces
1152 925 1344 983 inveniamur.
1371 924 1453 981 Hanc
1479 931 1575 980 tamea
1602 924 1814 983 observantiam

55 1028 119 1071 nou
134 1021 193 1069 tam
212 1011 396 1083 negligentia
419 1010 592 1082 pierumque
611 1011 692 1077 tollit,
722 1026 810 1083 quam
837 1013 990 1070 necessitas
1013 1013 1115 1085 aliqua
1138 1013 1184 1072 rel
1212 1013 1385 1084 dispensatio
1408 1011 1565 1084 praepedit;
1586 1012 1664 1083 quod
1686 1013 1814 1072 maxime

57 1103 93 1159 ia
108 1100 334 1172 parochialibus,
365 1114 416 1157 sen
434 1100 597 1158 minoribns
621 1099 748 1158 ecclesiis
771 1107 888 1172 propter
912 1101 990 1172 ipsas
1014 1101 1141 1172 plebium
1164 1101 1366 1173 occupationes
1393 1100 1507 1158 cottidie
1535 1099 1598 1157 lieri
1622 1115 1737 1160 necesse
1759 1108 1812 1172 est,

58 1189 214 1261 inquibus
229 1188 328 1245 omnia
341 1195 369 1245 et
388 1188 445 1246 iere
460 1188 596 1245 continue
619 1195 802 1261 peraguntur
815 1188 846 1244 in
862 1189 918 1246 die.
933 1189 992 1248 Nec
1015 1190 1110 1248 solum
1129 1198 1258 1261 tempora
1274 1204 1332 1247 uon
1355 1190 1506 1247 observata
1527 1188 1708 1248 mendatium
1728 1189 1813 1263 inge·
1873 1230 1877 1235 -

56 1283 143 1343 runt,
169 1290 273 1333 veram
300 1276 389 1332 etiam
415 1277 611 1347 quorumdam
640 1289 794 1347 ymnorum
826 1277 1038 1347 compositores,
1062 1276 1107 1334 vei
1132 1292 1169 1334 ex
1197 1279 1308 1349 proprii
1331 1277 1424 1334 animi
1457 1277 1678 1348 compunctione
1703 1276 1813 1338 alienos

60 1372 229 1436 pensantes,
262 1364 307 1422 vel
341 1363 509 1435 improvidae
557 1362 653 1421 studio
694 1362 808 1434 pietatis
849 1362 985 1422 extollere
1023 1373 1136 1423 sanctas
1176 1366 1332 1437 cupientes,
1364 1367 1394 1424 ia
1435 1365 1586 1437 aliquibus
1622 1366 1662 1424 ita
1692 1367 1814 1427 modurn

57 1459 256 1520 excesserunt,
273 1459 306 1510 ut
323 1459 424 1509 contra
447 1452 539 1522 ipsam
563 1459 691 1508 nostram
715 1449 919 1508 conscientiam
940 1451 1041 1524 aliqua
1067 1454 1097 1511 ia
1120 1454 1190 1525 ipsis
1208 1454 1313 1526 saepius
1337 1454 1517 1526 proteramus
1542 1461 1717 1527 tanquama
1733 1456 1814 1515 veri·

40 1548 121 1597 ‚tate
148 1553 267 1610 prorsus
290 1541 394 1598 aiieaa.
424 1539 595 1597 Paucissimi
620 1539 728 1611 qnippe
749 1545 818 1597 sunt
844 1539 897 1610 qui
920 1541 1172 1612 contemplationis
1186 1542 1289 1599 ardore
1310 1542 1356 1600 rel
1379 1548 1564 1613 peccatorum
1590 1556 1715 1602 suorum
1733 1557 1813 1602 com·

59 1628 223 1701 punctione
248 1628 348 1686 tleates
371 1643 405 1685 ac
429 1636 583 1701 gementes,
611 1627 661 1684 illa
682 1627 770 1700 digus
794 1627 912 1685 valeant
927 1629 1097 1687 decantare:
1115 1651 1130 1681 ‹
1150 1633 1250 1689 Preces
1276 1638 1421 1702 gementes
1434 1631 1454 1686 1.
1470 1632 1500 1690 d.
1521 1646 1550 1703 q.
1571 1644 1600 1702 p.
1614 1632 1683 1705 (la),
1696 1640 1749 1690 set
1764 1631 1815 1691 ite·

10 1788 14 1799 Ι
58 1734 148 1778 rum:
167 1739 180 1770 ι
196 1719 312 1775 Nostros
333 1719 398 1789 pius
421 1731 488 1774 cum
513 1717 635 1774 canticis
651 1716 672 1773 1.
690 1717 716 1773 b.
732 1730 755 1772 s.
773 1717 843 1787 (13),
859 1735 874 1770 ιι
889 1724 918 1775 et
935 1718 1042 1774 similia
1061 1734 1126 1790 qnae
1148 1720 1222 1777 sicut
1242 1719 1338 1777 electis
1353 1720 1393 1777 ita
1417 1720 1518 1791 paucis
1541 1721 1730 1778 conveniunt.
1750 1720 1814 1789 oua

58 1811 150 1868 etiam
175 1805 399 1880 presumptione
418 1804 543 1877 singulis
561 1804 646 1861 aunis
670 1804 822 1861 decantare
845 1819 903 1862 acu
925 1819 1097 1865 vereamur:
1115 1829 1129 1859 «
1144 1809 1273 1876 liertiae,
1290 1822 1343 1880 par
1357 1809 1491 1880 apostolis
1505 1809 1600 1882 (11)·
1622 1809 1667 1867 rel
1682 1809 1815 1883 singulos

59 1898 239 1955 comessores
272 1894 457 1950 immoderate
490 1893 526 1950 de
555 1893 703 1950 miraculis
735 1891 930 1964 glorificantes
956 1895 1105 1954 dicamur:
1124 1918 1138 1948 ι
1155 1898 1198 1954 ad
1222 1912 1336 1955 sacram
1362 1901 1446 1967 cn(us
1470 1898 1618 1956 tumulum
1650 1898 1816 1970 requenter

59 1988 196 2046 membra
216 1980 408 2056 iaugu'entum
431 1982 516 2040 modo
530 1982 656 2050 sanitati,
679 1989 733 2039 etc.
748 1981 813 2053 (16),
831 2005 845 2029 »
866 1982 997 2040 discretio
1015 1993 1112 2042 vestra
1125 1985 1273 2057 dijudicet.
1289 1986 1340 2042 iiis
1360 1986 1405 2043 rel
1429 1987 1628 2044 consimilibus
1650 1994 1816 2047 vestrarum

64 2073 306 2147 persuasionibus
331 2071 478 2127 rationum
506 2071 542 2127 ad
571 2069 736 2127 scribendos
763 2083 814 2140 per
841 2075 933 2128 totum
961 2073 1031 2129 anui
1066 2073 1208 2131 ciraqum
1240 2089 1344 2147 ymnos
1380 2075 1513 2132 animum
1541 2083 1673 2134 nostrum
1710 2086 1815 2136 restrae

60 2163 237 2223 reverentiae
259 2159 397 2217 sanctitas
414 2157 470 2231 (16)
492 2158 642 2229 compulit.
659 2159 692 2214 la
706 2157 760 2214 hcc
777 2158 876 2230 itaque
897 2159 968 2216 mihi
988 2162 1070 2219 vobis
1093 2164 1336 2234 supplicantibus,
1358 2177 1469 2235 sponsae
1483 2163 1590 2222 Christi
1612 2163 1658 2222 vel
1681 2164 1816 2235 anciila,

58 2262 93 2311 et
108 2269 186 2311 aose
201 2265 336 2310 conversa
360 2248 444 2306 vohis
466 2248 674 2319 supplicamus,
694 2254 728 2304 ut
749 2247 827 2319 qaod
843 2249 948 2305 uostris
975 2250 1069 2307 honus
1094 2250 1270 2322 imposuistis
1293 2251 1430 2319 humeris,
1458 2259 1621 2310 vestrarum
1650 2251 1815 2312 orationum

59 2342 205 2400 manibus
218 2338 384 2406 sublevetis,
400 2344 433 2395 ut
448 2337 498 2409 qui
513 2337 636 2394 seminat
650 2343 678 2395 et
693 2336 745 2408 qui
759 2336 850 2407 metit,
864 2338 951 2396 simul
964 2346 1116 2410 operantes
1126 2339 1341 2412 congaudeant.

104 2503 126 2572 (1
162 2470 449 2571 «Μοιιιᾳιιιιίοοιίι
463 2493 638 2565 rumpimus.
655 2516 670 2544 a
684 2494 791 2566 ilymu.
807 2494 912 2552 Arabr.
926 2494 957 2551 ia
972 2497 1054 2552 Brev.
1071 2495 1153 2552 iiam.
1170 2495 1222 2553 ier.
1239 2510 1277 2552 rv.
1289 2496 1325 2553 ad
1342 2496 1410 2555 liat.

103 2576 130 2640 (6
158 2593 172 2623 «
187 2572 281 2627 Terre
294 2569 404 2626 colores
420 2568 561 2623 omniura.
580 2588 589 2615 ι
609 2567 712 2635 ilymn.
729 2565 829 2622 ambr.
846 2566 877 2621 iu
892 2567 975 2623 Brev.
991 2567 1072 2623 Rom.
1089 2565 1140 2622 ier.
1154 2581 1183 2623 r.
1200 2567 1237 2623 ad
1250 2568 1315 2624 hiat.

101 2644 130 2711 (3
160 2641 285 2699 «Noctis
300 2640 399 2711 quieto
419 2645 553 2707 tempore.
568 2655 580 2685 ι
597 2637 704 2705 ilymn.
722 2636 822 2693 Ambr.
839 2636 868 2692 ia
884 2635 967 2693 Brev.
987 2636 1065 2693 Rara.
1083 2636 1135 2692 ier.
1151 2651 1180 2692 vr
1196 2637 1231 2693 ad
1247 2637 1312 2693 liat.

114 2715 132 2768 i
158 2736 173 2767 ι
187 2713 271 2770 Nunc
284 2708 462 2766 concinendo
475 2707 647 2776 rumpimus.
665 2728 679 2755 ι
696 2706 800 2776 ilymn.
816 2706 917 2762 Ambr.
932 2705 963 2762 ia
974 2706 1056 2763 Brev.
1073 2706 1156 2762 liam.
1173 2705 1250 2763 Sabb
1274 2707 1310 2763 ad
1326 2708 1390 2764 hiat.

115 2787 131 2838 5
159 2803 174 2837 ι
191 2785 262 2839 Ecce
274 2782 335 2852 iam
350 2779 441 2835 noctis
454 2784 591 2834 tenuatur
603 2777 718 2834 ambra.
737 2797 748 2825 ι
767 2776 873 2847 ilymn.
893 2776 977 2848 Greg.
995 2779 1023 2833 in
1037 2778 1121 2833 Brev.
1141 2777 1222 2833 Rom.
1239 2777 1320 2834 Dora.
1336 2778 1371 2833 ad
1386 2777 1494 2835 Laud·

116 2857 144 2922 6)
158 2874 173 2909 ι
190 2855 254 2911 Lux
268 2865 333 2907 ecce
347 2850 442 2920 surgit
457 2862 555 2904 aurea.
571 2868 587 2898 s
602 2847 707 2918 ilymn.
723 2845 871 2903 Prudentii
887 2848 916 2903 ia
933 2848 1015 2904 Brev.
1032 2848 1113 2904 hom.
1130 2846 1182 2903 ier.
1193 2862 1213 2903 v
1227 2847 1262 2903 ad
1278 2847 1367 2903 haud.
1452 2880 1453 2884 =

115 2926 143 3066 73
159 2947 173 2976 ι
191 2924 306 2980 Aurora
318 2921 379 3047 {arn
393 2918 504 2989 spargit
523 2917 632 2989 polum.
650 2938 661 2968 ι
676 2918 781 2989 ilymn.
797 2919 897 2975 ambr.
914 2917 943 2973 ia
956 2919 1040 2974 Brev.
1056 2919 1138 2975 Rom.
1154 2916 1240 2974 Sabb.
1262 2919 1298 2974 ad
1314 2917 1405 2974 baud.

161 3017 172 3045 ι
190 2997 304 3052 Aurora

60 3069 122 3128 init

125 3067 170 3123 io:
184 3087 199 3116 «
215 3069 328 3119 Aurora
338 3062 440 3116 caelum
456 3066 636 3130 purpurat.»

335 2990 396 3047 ucis
418 2988 561 3046 rutilat.»
587 2989 694 3058 iiyma.
717 2989 818 3046 Ambr.
842 2989 872 3044 ia
896 2987 983 3046 Brev.
1007 2990 1088 3046 Rom.
1113 2995 1240 3059 tempore
1263 2988 1392 3059 paschali
1416 2989 1452 3046 ad
1476 2990 1578 3060 Laud,
1604 2987 1654 3047 sed
1672 3000 1741 3048 cnm
1764 2988 1819 3047 hoc

117 3138 144 3205 9)
162 3157 173 3185 ι
189 3138 294 3192 Lucem
310 3133 503 3259 propinquam
519 3129 658 3199 praecinit.
674 3150 689 3181 u
706 3128 812 3186 iivmu.
824 3128 911 3186 Prud.
925 3127 955 3185 in
971 3131 1052 3185 Brev.
1069 3129 1151 3185 Rom.
1169 3128 1221 3185 ter.
1235 3143 1266 3185 ιιι
1280 3128 1317 3186 ad
1333 3128 1425 3186 Laud.

120 3208 165 3271 10)
176 3207 241 3263 Ccd.
256 3213 284 3261 et
299 3219 334 3260 c.
350 3217 379 3256 v.
394 3202 498 3258 cousin
515 3203 621 3259 Ortum

106 3282 149 3421 {li
179 3299 193 3328 ι
209 3277 296 3333 Ortus
313 3272 436 3343 reiuiget
451 3272 561 3329 iuciicr.
576 3290 591 3325 ι
607 3272 711 3341 ilymn.
727 3270 829 3327 Ambr.
841 3269 871 3325 iu
887 3269 969 3327 Brev.
982 3270 1063 3326 Rota.
1081 3268 1133 3325 ier.
1148 3284 1177 3325 vr
1192 3267 1228 3324 ad
1239 3269 1329 3327 Laud.

121 3352 153 3403 l‘i
181 3349 318 3404 «Preces
341 3350 486 3414 gementes
509 3343 679 3408 tundimus3
702 3340 813 3398 dimitte
837 3341 915 3410 qnod
941 3339 1131 3410 peccavimus.
1149 3360 1163 3389 u
1192 3341 1296 3410 ilymn.
1321 3339 1421 3398 ambr.
1446 3340 1477 3399 ia
1504 3342 1589 3401 Brev.
1616 3342 1698 3401 Rom.
1714 3334 1767 3399 iar'.
1789 3351 1820 3398 ιι
1853 3422 1856 3426 Δ

63 3421 108 3481 ad
125 3421 192 3474 hiat.
210 3446 244 3456 -
258 3418 363 3472 Verum
377 3414 439 3469 haec
453 3414 478 3470 si
491 3412 599 3469 valeret
612 3411 696 3475 ratio,
713 3411 914 3468 abstinendum
926 3418 997 3467 esset
1012 3425 1029 3466 a
1044 3411 1164 3466 Psalmis
1179 3410 1335 3466 Davidicis.

107 3488 168 3626 (13)
182 3508 195 3538 a
211 3489 305 3544 Fletus
318 3485 441 3555 benigne
455 3483 579 3563 suscipe.
595 3502 610 3532 o
627 3481 733 3550 ilymn.
749 3480 849 3537 Ambr.
867 3481 897 3536 iu
913 3482 995 3536 Brev.
1017 3481 1099 3537 Rom.
1117 3480 1203 3536 Sabb.
1220 3481 1256 3536 ad
1271 3481 1340 3538 hiat.

108 3561 157 3631 (11
185 3558 316 3628 Hymnus
339 3555 391 3611 iste
415 3554 619 3624 expletisque
643 3552 798 3608 Breviariis
814 3550 988 3617 monasticis,
1013 3550 1104 3606 multo
1127 3551 1219 3620 magis
1237 3563 1275 3605 ex
1299 3550 1380 3632 aliis,¹
1390 3549 1475 3621 plura
1486 3550 1548 3623 jam
1567 3551 1673 3610 saecula
1685 3549 1822 3609 sublatus

61 3640 124 3693 est.
142 3628 235 3686 Placet
249 3641 317 3684 eum
330 3626 377 3682 bic
391 3624 511 3681 recitare
525 3638 561 3681 ex
575 3622 722 3681 Breviario
736 3622 764 3678 S.
784 3620 936 3679 Maximini
952 3620 1125 3689 Trcvirensi,
1140 3634 1217 3677 anuo
1235 3621 1302 3675 1660
1323 3627 1398 3690 typis
1411 3635 1535 3679 excusa:

179 3726 238 3780 Rea
254 3721 367 3788 Christe,
382 3719 498 3775 Martini
511 3717 600 3784 decas,

180 3796 232 3850 liic
247 3793 308 3847 laets
328 3796 386 3858 tua,
403 3788 532 3857 tulllius,

183 3867 224 3920 Τιι
236 3878 285 3919 nos
299 3864 328 3917 ia
343 3860 390 3916 hoc
401 3865 425 3916 te
437 3861 533 3926 colere,

92 4001 96 4007 Ι
181 3936 219 3990 ln
234 3941 260 3989 tc
272 3936 363 4003 ipsum
385 3931 534 3987 contribule.

182 4023 234 4090 Qui
248 4022 299 4077 das
311 4037 363 4091 per
376 4019 449 4075 orbis
467 4016 594 4073 cardines

182 4094 261 4160 Quod
274 4106 379 4160 gemma
392 4091 482 4159 fulget
495 4088 658 4230 {pergem}

181 4168 225 4221 Do
239 4178 306 4234 quos
320 4166 447 4232 meinent
460 4175 493 4216 ort

184 4235 279 4291 Solvet
290 4249 342 4304 per
355 4235 450 4300 ingens
466 4232 604 4286 meritum.

182 4326 227 4382 Bo
240 4337 346 4392 pauper
360 4320 441 4377 hicet
454 4319 575 4374 modicas

185 4394 285 4451 Gelam
303 4392 378 4447 dives
392 4389 566 4461 ingreditar3

185 4467 267 4523 Chori
279 4465 394 4519 caelestes
404 4462 524 4526 eiciant,

184 4538 306 4604 Linguae,
323 4533 422 4600 trihus,
438 4536 530 4599 pentes
550 4533 643 4589 cocat.

187 4627 222 4681 Ut
236 4626 294 4679 nita
302 4623 405 4690 fumet,
420 4622 554 4675 transitus

134 4704 135 4707 ’
185 4695 264 4755 catis
279 4700 305 4748 et
319 4690 572 4760 araospleadidas:

187 4765 313 4822 Gaudere
331 4765 436 4819 cunctis
448 4763 527 4832 piem
542 4763 592 4828 esi,

188 4837 297 4895 Cunctis
311 4837 387 4890 salas
401 4835 437 4889 sit
452 4835 508 4888 ltaec
523 4831 591 4887 dies.

449 4933 568 4978 arrisio.

188 5015 308 5070 liertiae
317 5027 374 5084 par
387 5010 527 5081 apostolis,

189 5087 300 5142 Festum
315 5086 428 5141 colentes
444 5086 474 5137 ta
488 5081 559 5149 soce,

1081 3716 1134 3782 Qec·
1146 3718 1237 3772 cinae
1253 3713 1398 3785 discipulis

1084 3787 1133 3844 Vis
1148 3788 1289 3853 autmari,
1305 3799 1355 3840 nos
1365 3789 1478 3856 respice.

1082 3874 1136 3929 Fac
1152 3887 1225 3929 auae
1238 3872 1313 3939 quod
1324 3873 1389 3929 alim
1404 3887 1538 3943 gesseras,

1082 3945 1161 4002 Nunc
1171 3944 1303 4014 presules
1317 3945 1450 4013 clarifica,

1083 4016 1162 4083 Auge
1177 4015 1258 4070 deam
1271 4013 1416 4085 Ecclesia,

1082 4084 1204 4140 hande
1216 4085 1304 4140 relide
1317 4085 1428 4142 satane

1085 4173 1187 4239 Quater
1199 4172 1280 4228 chaos
1295 4176 1425 4242 eviceras,

1084 4245 1186 4300 iterem
1201 4249 1280 4298 recta
1293 4247 1406 4312 casata,

1086 4315 1224 4370 Diviscras
1237 4319 1268 4369 ul
1282 4315 1462 4385 chlamydem.

1085 4386 1141 4443 Nos
1153 4384 1237 4440 indue
1244 4385 1369 4453 justitia.

1089 4474 1125 4529 Ul
1137 4473 1272 4542 spiritalis
1293 4473 1388 4541 glarie

1088 4543 1233 4607 Quondam
1248 4543 1397 4598 recorderis
1415 4547 1479 4609 tata,

1087 4615 1238 4669 Meroetica
1252 4629 1324 4667 nunc
1337 4614 1430 4669 ordini

1087 4684 1150 4738 Jam
1164 4700 1232 4754 perte
1246 4685 1323 4754 lapso
1335 4684 1459 4739 subverti.

1089 4773 1135 4830 δι’(
1149 4774 1280 4828 Trinitati
1294 4774 1393 4840 gloria,

1090 4844 1228 4899 Martinus
1242 4847 1274 4897 ut
1285 4845 1424 4910 confessus
1436 4847 1486 4912 est,

1091 4913 1175 4982 Cujus
1189 4914 1271 4984 pidem
1282 4929 1425 4983 peraperta

1092 4984 1128 5039 la
1137 4999 1185 5041 nos
1198 4990 1224 5040 et
1238 4988 1298 5056 ipse
1311 4986 1430 5041 roboret.

1482 5075 1576 5131 husu.

115 5183 173 5259 (16)
183 5184 215 5240 ld
225 5184 455 5253 desumptumex
468 5178 576 5249 hymno
587 5172 789 5240 Isteccatesscr
798 5170 931 5243 antiqua,
952 5184 969 5228 a
984 5170 1162 5243 temporibus
1175 5169 1283 5228 Urbani
1295 5170 1357 5227 lilii
1371 5169 1495 5242 legitur:

190 5281 274 5350 cajus
286 5280 318 5336 ch
331 5282 468 5349 prestans
486 5274 615 5331 meritam
628 5273 673 5340 tre
692 5275 788 5326 uenter

191 5355 276 5421 AEgra
291 5365 351 5420 que
366 5350 464 5420 passio
477 5347 590 5418 jacuere
607 5358 677 5400 mem
710 5359 738 5411 c,

1091 5267 1204 5326 Viribus
1217 5267 1305 5325 morbi
1318 5267 1441 5334 domitis,
1452 5268 1539 5324 saluti

1312 5339 1515 5396 destituantur.

118 5449 179 5525 (16)
195 5449 263 5510 eod.
278 5447 437 5506 resecatis
453 5444 620 5504 sanctitatis.
635 5440 678 5500 Gi.
692 5453 723 5499 r.
734 5436 840 5500 Gauaia
854 5439 1008 5496 reverentia
1026 5436 1194 5495 caecitatis.
