3804 5962
787 145 1004 204 Bliltiiilddiill
1024 145 1250 205 scitotasTicl

139 294 1879 339 Μ

471 478 789 575 EPISTOLA
815 480 1108 573 EJUSDEM
1135 478 1547 592 BERENGARII,

708 668 760 737 ιι
784 666 1008 738 episcorum
1035 668 1306 738 utultnusnu.

164 989 242 1045 Patri
254 994 283 1046 et
297 985 417 1043 bomine
434 998 465 1042 so
489 983 522 1042 G.
550 984 701 1061 llitanensi
723 985 862 1057 episcopo,
888 985 973 1056 pleno
987 985 1014 1042 Δ
1028 986 1063 1044 de
1078 988 1181 1044 abbate
1195 987 1274 1059 qnod
1288 989 1325 1044 sit
1339 989 1459 1047 lucerna
1478 989 1584 1047 ardens
1595 997 1624 1046 et
1637 989 1749 1047 lucens
1763 1006 1771 1054 ;
1789 991 1840 1047 sed
1854 998 1887 1046 ta·

128 1079 253 1146 dierum,
290 1074 486 1133 Bramnantos
509 1073 625 1131 renovri
655 1080 688 1130 ut
708 1074 814 1145 aquira
840 1075 976 1145 juventu-

128 1175 186 1227 tem
204 1178 297 1224 suam.

162 1256 196 1312 ln
225 1254 287 1311 loco
313 1252 439 1310 barbaro
465 1265 570 1324 corpus
595 1264 690 1307 meum
720 1250 912 1308 alatronibns
934 1259 975 1309 ιιι

127 1343 319 1410 liberrimum,
346 1341 395 1399 sed
426 1341 546 1414 spiritus
574 1354 658 1397 ruens
685 1340 762 1412 apud
788 1355 839 1397 ros
859 1340 886 1397 in
915 1339 976 1397 loeo

91 1441 96 1451 ·
126 1438 226 1490 sancto
239 1429 426 1503 periclitatur.
450 1429 632 1501 Quapropter
649 1429 678 1486 in
704 1430 792 1487 totius
818 1430 896 1487 orbis
910 1444 976 1486 con·

127 1527 227 1592 spectu
243 1520 323 1576 vobis
348 1519 486 1576 baculum
512 1533 582 1576 meae
602 1518 719 1591 porrigo
736 1517 920 1585 detensionis,
943 1526 975 1576 ut

126 1618 293 1668 sartctorum
308 1609 407 1665 dentes
421 1610 553 1667 mordere
568 1622 627 1664 non
642 1608 779 1675 audeant,
795 1621 882 1678 quem
898 1607 974 1686 ⁴vesci

125 1696 271 1768 spiraculo
287 1695 353 1753 rita
377 1695 517 1767 permittit
541 1693 718 1752 truculentia
741 1693 915 1765 gladiorum,
931 1695 974 1752 Sis

125 1785 217 1857 igitur
242 1783 358 1856 Ulysses
380 1798 448 1841 rrreae
466 1798 570 1852 causae,
593 1792 626 1841 ut
647 1783 738 1852 Circe,
762 1781 898 1853 quamvis
915 1782 974 1839 lilia

125 1872 208 1946 Solis,
221 1872 272 1946 ius
289 1886 387 1932 meum
402 1873 514 1944 magico
539 1886 690 1930 murmure
713 1885 773 1929 non
795 1873 901 1929 audeat
916 1872 972 1927 im·

124 1972 249 2034 mutare,
267 1972 300 2021 ιιι
314 1963 396 2021 sidus
421 1976 490 2020 mete
504 1961 686 2019 conscientiae
712 1974 770 2017 non
791 1960 877 2032 possit
900 1960 973 2016 inri-

124 2051 347 2126 diadenigrare.
375 2052 472 2111 blinns
493 2062 569 2110 certe
594 2051 719 2108 dolerem
743 2049 768 2106 si
792 2048 889 2107 lauces
910 2049 972 2120 lupi

123 2139 254 2200 biberent
274 2157 369 2201 meum
384 2143 568 2214 sanguinem,
590 2153 679 2213 quatu
702 2141 726 2197 si
750 2139 850 2197 oviuru
875 2139 971 2196 denti-

123 2228 179 2288 bus
194 2232 224 2289 in
239 2230 331 2289 lr'usta
347 2232 504 2289 minuerer.
520 2231 638 2302 corrige
658 2229 757 2301 igitur,
774 2237 871 2299 pastor
886 2228 970 2297 bone,
987 2263 1007 2317 Β

122 2325 189 2376 tuas
202 2333 281 2387 oves,
297 2334 334 2377 ne
350 2330 451 2377 contra
462 2333 507 2376 me
523 2319 631 2385 balent,
651 2320 722 2390 quia
741 2333 798 2375 non
809 2317 971 2389 sumlnpus

124 2406 274 2475 insidians,
289 2408 339 2465 sed
355 2410 435 2464 canis
458 2417 608 2479 protegens
625 2421 718 2464 ovem.
736 2407 838 2464 Fretus
854 2406 969 2462 tandem

120 2503 216 2555 vestro
238 2496 337 2554 lavore
362 2495 488 2553 sermoni
510 2499 572 2552 reia
602 2495 714 2562 levabo,
737 2503 765 2552 et
795 2494 869 2553 inter
895 2496 970 2552 obla·

120 2585 453 2657 trantium'lingnarum
472 2584 579 2655 Scyllas
598 2585 688 2641 llrmae
702 2585 824 2641 rationis
849 2584 968 2656 remigio

119 2673 272 2745 navigabo.
289 2674 413 2744 imponit
434 2672 560 2744 plurima
575 2674 639 2730 dira
659 2686 729 2730 rneae
750 2687 880 2743 persona
896 2674 965 2730 reli·

119 2762 200 2833 glosa
222 2777 338 2829 manus,
360 2771 388 2820 et
406 2776 488 2819 sacro
512 2763 668 2820 criminum
694 2762 855 2819 diademate
878 2767 968 2833 eaput

119 2850 279 2909 innocentis
294 2851 424 2908 honorat.
440 2852 530 2908 atnot
548 2851 626 2922 quod
652 2851 753 2923 lingua
769 2865 831 2908 ntea
854 2853 965 2922 inquie-

118 2946 179 2997 tum
197 2939 305 2997 malum
324 2947 377 3007 est,
406 2947 433 2997 et
462 2938 565 2996 mentis
590 2939 709 3007 invidia,
731 2953 796 3010 quae
828 2941 966 2997 adversus

116 3028 250 3087 abbatem
263 3028 439 3087 claraevallis
454 3028 559 3085 librum
582 3028 721 3085 evomuit.
750 3028 862 3099 Quippe
879 3036 965 3085 tantae

115 3118 275 3175 sanctitatis
287 3118 385 3175 virum
402 3131 463 3174 esse
485 3117 668 3185 eonllroraut,
686 3119 790 3187 utiam
809 3118 881 3174 coelo
897 3132 964 3188 prn-

116 3207 245 3278 pinquus
266 3207 416 3263 bominum
439 3206 563 3262 eraserit
580 3205 744 3275 opiniones.
768 3206 823 3270 Qui
850 3207 903 3261 bric
917 3208 963 3262 di-

114 3303 195 3362 eunt,
224 3294 276 3351 etsi
304 3294 437 3365 religioso
466 3293 572 3349 vellere
598 3293 753 3361 albescant,
773 3302 867 3349 tamen
891 3293 962 3349 dum

44 3422 51 3433 .
113 3381 177 3438 aine
195 3390 326 3451 serpente
351 3381 474 3451 cupiunt
498 3393 558 3436 esse
578 3379 728 3446 columbae,
750 3381 882 3439 latuitate
904 3383 961 3439 lin·

114 3483 202 3542 gnaro
217 3469 363 3526 inliciunt.
382 3467 483 3525 Nonne
497 3470 586 3525 abbas
609 3468 694 3525 borno
712 3469 779 3526 esti
803 3484 899 3528 nonne
914 3487 962 3528 no

1034 1077 1230 1135 menintes1a
1252 1086 1303 1135 ιιι.
1328 1077 1408 1146 Quod
1422 1078 1545 1135 dedecus
1565 1078 1706 1150 infigitur
1728 1093 1809 1136 auro
1831 1094 1884 1136 cun

1031 1164 1179 1233 laudatur,
1191 1168 1215 1222 si
1230 1166 1294 1238 ejus
1308 1166 1401 1223 scoria
1416 1165 1595 1237 improbetur
1610 1166 1625 1222 i
1639 1167 1792 1224 Laudatis
1804 1168 1882 1224 abba·

1032 1262 1097 1319 tem,
1108 1255 1200 1326 magis
1213 1270 1266 1327 ego
1288 1254 1387 1312 laudo.
1403 1254 1461 1312 Cur
1476 1255 1567 1327 igitur
1591 1255 1765 1327 inquietius
1793 1264 1885 1313 eontra

1030 1356 1097 1399 eurn
1111 1343 1223 1410 scribis,
1237 1344 1272 1401 de
1289 1358 1348 1414 quo
1368 1350 1426 1400 tam
1448 1343 1519 1400 bene
1537 1346 1652 1401 sentis?
1670 1345 1826 1417 Porrigite
1846 1359 1884 1417 pa

1029 1432 1106 1489 tulas
1116 1446 1211 1495 aures,
1228 1441 1259 1490 ut
1274 1433 1392 1489 ebibant
1406 1421 1557 1489 rationem.

1064 1518 1258 1574 Damnaverat
1279 1517 1462 1574 tabularium
1484 1525 1693 1588 praeceptorem
1719 1532 1833 1586 meum,
1850 1519 1884 1575 ri

1029 1619 1096 1663 rum
1112 1606 1176 1662 idei
1197 1605 1360 1673 buccinam,
1381 1606 1451 1678 legis
1465 1607 1635 1676 armarium,
1654 1610 1687 1664 in
1706 1622 1826 1665 morum
1842 1609 1883 1665 ria

1029 1695 1100 1766 pede
1117 1696 1194 1769 regio
1208 1696 1397 1768 gradientem.
1423 1695 1628 1762 Damnaverat,
1644 1696 1787 1767 inquam,
1805 1698 1880 1754 aba·

1028 1783 1153 1851 lardum,
1168 1792 1196 1841 et
1215 1799 1314 1842 vocem
1336 1787 1399 1856 ejus
1417 1799 1478 1842 stne
1497 1785 1647 1842 audientia
1672 1787 1878 1858 strangulare

1028 1881 1082 1930 rat.
1108 1874 1194 1930 Eram
1222 1888 1256 1931 ea
1281 1882 1445 1944 tempestate
1472 1874 1652 1941 adolescens,
1689 1877 1878 1947 nondumque

1028 1960 1192 2032 impuberes
1207 1963 1298 2021 ntalas
1314 1963 1405 2020 nubes
1416 1962 1565 2034 lanuginis
1582 1963 1795 2027 adumbrabat.
1807 1973 1877 2021 erat·

1026 2065 1083 2122 que
1099 2051 1170 2108 mibi
1200 2050 1278 2109 velut
1307 2051 1476 2108 scholastico
1501 2054 1631 2117 animus,
1652 2053 1755 2110 inlicta
1779 2055 1876 2109 crebro

1027 2139 1147 2197 materia
1167 2140 1320 2198 declinare.
1345 2142 1432 2197 Porro
1459 2141 1522 2197 veri
1543 2143 1713 2198 certaniinis
1732 2143 1875 2199 arridente

1026 2241 1111 2297 vena,
1128 2238 1226 2300 pectus
1240 2229 1340 2300 appuli
1356 2239 1387 2287 ut
1404 2244 1555 2301 purgarem
1572 2230 1774 2297 lbaelarduni,
1789 2231 1875 2287 abba·

1025 2318 1120 2388 tisquc
1141 2317 1319 2375 confutarem
1344 2320 1502 2375 audaciam.
1522 2319 1606 2375 «Sed
1632 2334 1708 2387 non,
1730 2320 1872 2391 inquiunt,

1025 2413 1082 2462 ate
1097 2406 1260 2478 theologum
1285 2407 1369 2463 taleni
1386 2406 1470 2479 argui
1490 2407 1652 2476 oportebat.
1675 2408 1723 2464 'l'u
1739 2409 1814 2464 enim
1831 2409 1869 2464 be·

1023 2493 1078 2550 stla
1099 2509 1140 2559 es,
1173 2502 1201 2552 et
1219 2504 1344 2552 montem
1376 2502 1493 2565 tangere
1518 2508 1576 2550 non
1601 2496 1738 2552 debes.»
1760 2496 1870 2552 Parcius

1022 2581 1085 2650 ista,
1106 2582 1219 2640 iratres.
1245 2583 1413 2641 Mementote
1437 2596 1486 2640 ιιι
1515 2583 1570 2639 boc
1588 2584 1720 2654 objicere
1743 2586 1814 2641 vire.
1839 2585 1866 2639 ln

1022 2684 1082 2742 quo
1100 2671 1188 2727 audet
1212 2671 1324 2727 abbas?
1338 2671 1433 2728 Audet
1458 2670 1485 2726 in
1510 2669 1623 2739 litteris,
1648 2673 1749 2728 audeo
1772 2681 1864 2742 etego.

1021 2759 1115 2815 Audet
1129 2759 1159 2815 in
1175 2759 1350 2831 theologii-is,
1375 2759 1466 2816 audeo
1480 2765 1509 2815 et
1534 2773 1598 2830 ego.
1612 2756 1730 2817 'Audet
1752 2761 1782 2817 in
1808 2759 1864 2825 ιιι,

1020 2848 1113 2904 audeo
1137 2856 1165 2904 ιι
1178 2863 1241 2919 ego.
1266 2849 1360 2905 Audet
1382 2848 1412 2904 in
1427 2850 1589 2916 sanctitate,
1618 2847 1669 2904 bic
1692 2863 1753 2906 non
1783 2849 1865 2905 audet

1019 2949 1081 3007 ego.
1116 2935 1275 3009 Quidergo
1302 2937 1427 3008 peccari,
1455 2937 1478 2992 si
1503 2935 1595 2993 tidelis
1618 2936 1749 3002 fidelem,
1780 2938 1866 2994 minor

1020 3038 1168 3093 maiorem,
1194 3026 1340 3082 secularis
1368 3025 1534 3097 religiosum
1559 3025 1730 3098 redargui?
1749 3026 1866 3081 llonror-

1018 3114 1059 3179 di,
1075 3113 1174 3182 lateor,
1202 3129 1260 3171 non
1282 3116 1544 3184 contemplativum,
1567 3116 1618 3171 scd
1645 3115 1865 3185 pbilosrpbum3

1018 3215 1075 3258 non
1090 3204 1290 3272 coulessorem,
1306 3205 1352 3261 sed
1368 3206 1557 3275 scriptorem,
1585 3217 1645 3259 non
1668 3212 1804 3267 ruentem,
1820 3204 1862 3259 sed

1018 3289 1169 3363 linguam3
1183 3307 1241 3348 uon
1259 3291 1424 3363 precordia,
1440 3293 1489 3349 scd
1510 3293 1639 3364 ιιιΙιιιιις
1662 3308 1724 3350 non
1749 3294 1863 3350 medita·

1018 3382 1107 3437 tiones
1125 3382 1193 3449 viri,
1209 3382 1257 3439 sed
1281 3396 1424 3439 somnum.
1450 3382 1558 3453 tegant
1577 3382 1691 3439 eruditi
1719 3383 1774 3439 riri
1795 3386 1859 3451 apo

1017 3469 1169 3541 lngctlrum
1182 3486 1267 3542 quem
1285 3472 1374 3540 edidi,
1389 3481 1416 3530 ιι
1432 3471 1456 3528 si
1475 3470 1627 3528 dominum
1643 3472 1783 3529 abbatem
1794 3472 1861 3542 juste

113 3558 224 3616 btscum
247 3558 367 3630 navigat
383 3572 431 3629 per
456 3557 503 3614 boc
523 3573 598 3612 more
617 3573 747 3625 mergitum
766 3564 792 3613 et
807 3566 959 3628 spetiosum
975 3556 997 3614 C
1015 3574 1071 3615 non
1087 3574 1182 3631 argui,
1200 3561 1316 3617 licenter
1338 3576 1382 3617 rue
1401 3563 1587 3632 redarguant.
1613 3559 1747 3624 Qoaerite
1767 3568 1860 3630 perte

110 3647 246 3715 menibus,
283 3647 357 3704 inter
387 3646 500 3716 reptilia
524 3662 712 3715 queremonia
735 3652 775 3701 est
804 3647 957 3703 cromerus?
1013 3656 1070 3704 tant
1084 3649 1186 3706 seriem
1206 3650 1416 3718 scripturarum
1429 3649 1543 3705 abortu
1558 3649 1627 3704 solis
1645 3663 1744 3719 usque
1763 3651 1797 3704 ad
1816 3662 1859 3702 or·

112 3734 195 3808 (Psoi.
225 3735 294 3807 cut.)
323 3732 412 3805 Cujus
445 3735 539 3802 navis,
564 3734 617 3790 etsi
649 3733 818 3805 prosperiori
846 3734 957 3793 lerator
1012 3751 1123 3802 casum,
1145 3744 1174 3794 et
1197 3737 1329 3794 ridebitis
1352 3739 1380 3793 in
1403 3751 1504 3807 campo
1528 3737 1723 3808 philosophia
1755 3750 1859 3805 semper

109 3826 238 3897 navigio,
254 3833 348 3883 tauron
362 3824 501 3881 severitas
517 3824 605 3880 uraris
616 3825 644 3879 in
660 3823 748 3880 dubio
762 3830 814 3880 est.
1011 3821 1136 3893 licuisse,
1152 3833 1186 3882 ut
1204 3823 1277 3882 alter
1300 3825 1421 3883 alterum
1443 3826 1529 3898 iustis
1543 3828 1754 3885 occasionibus
1772 3838 1856 3897 repre

144 3914 216 3972 Nam
231 3929 285 3971 nce
299 3920 397 3971 auster
417 3912 513 3969 adbuc
536 3911 560 3968 ei
584 3912 668 3968 iidem
693 3912 779 3976 dedit,
805 3926 840 3969 nc
864 3921 955 3970 ratem
1010 3910 1127 3970 bendat.
1152 3912 1262 3972 Colotes
1295 3915 1468 3987 loquacitate
1496 3915 1635 3973 notabilis
1661 3918 1741 3973 rudit
1768 3916 1857 3972 Plato·

108 4002 354 4075 ejusconcutiat3
372 4015 423 4059 nee
445 4000 697 4058 boreamcalcavit
720 4000 779 4070 ipse
799 4001 854 4058 sub
878 4001 954 4072 pedi·
1008 4016 1074 4060 nem
1103 4004 1262 4075 principem
1295 4005 1482 4076 philosophiae
1509 4018 1577 4062 eum
1606 4005 1715 4063 divina
1746 4016 1858 4063 versans

108 4091 172 4162 bus,
203 4107 256 4150 nec
279 4092 341 4148 euri
367 4090 486 4162 uotique
509 4089 603 4147 minas
621 4089 730 4157 evasit;
757 4104 809 4146 nec
822 4090 859 4148 ab
873 4090 953 4148 AEolo
1008 4091 1127 4150 tabellas
1139 4093 1339 4150 immiscuerit.
1360 4093 1396 4150 lit
1418 4103 1493 4150 certe
1516 4093 1627 4151 Colotes
1651 4095 1691 4152 ad
1717 4095 1856 4151 Platonem

105 4194 174 4253 rege
188 4189 341 4239 ventorum
352 4178 472 4237 extorsit
488 4178 631 4234 inducias.
646 4179 727 4246 Quod
743 4180 847 4236 vinum
864 4187 954 4249 potest
1008 4196 1073 4239 mus
1085 4190 1127 4238 est
1145 4182 1183 4238 ad
1198 4181 1388 4252 elephantem.
1415 4181 1542 4240 Lucilius
1565 4183 1713 4253 Ennium,
1730 4185 1856 4241 iioradns

106 4269 237 4328 babitare
251 4271 280 4327 in
297 4269 369 4341 pice,
385 4279 413 4326 et
426 4281 557 4339 saporem
569 4266 633 4338 eius
647 4281 705 4323 non
720 4267 856 4325 mutare?
872 4267 952 4326 Unde
1006 4270 1152 4328 Lucilium
1178 4270 1300 4328 lacerat.
1335 4271 1470 4330 Omittarn
1505 4271 1602 4330 lumos
1631 4275 1854 4346 gentilium,et

105 4366 133 4418 et
146 4359 293 4432 apostolus
318 4355 425 4416 Paulus
446 4356 550 4413 vinum
573 4370 693 4415 suuma
715 4357 858 4413 consortio
881 4358 951 4428 picis
1005 4359 1237 4418 membranulam
1256 4360 1331 4419 bane
1346 4360 1508 4418 luminibus
1526 4361 1667 4420 Ecclesiae
1689 4363 1852 4426 venustabo,

105 4448 246 4508 removeri
260 4448 432 4521 optabatur
443 4446 474 4503 in
489 4459 542 4503 ras
556 4444 655 4518 gloriae
665 4447 866 4514 transversari,
881 4461 950 4504 cum
1003 4449 1185 4521 Augustinus
1199 4458 1228 4507 et
1251 4451 1450 4523 Hieronymus,
1476 4450 1627 4523 presbyter
1652 4460 1683 4509 et
1698 4455 1854 4525 episcopus,

70 4584 73 4592 .
103 4536 225 4596 diceret:
240 4539 342 4605 loselir
357 4551 405 4607 ego
430 4535 529 4592 bomo!
551 4536 613 4607 qais
635 4550 676 4590 me
690 4534 817 4591 liberabit
833 4535 866 4590 de
892 4552 949 4593 eor·
1004 4538 1114 4595 alterno
1129 4551 1219 4596 rostro
1238 4554 1267 4597 se
1286 4548 1420 4612 carpunt.
1441 4539 1614 4613 Fulgentius
1628 4555 1734 4615 regem
1761 4556 1853 4615 quen·

101 4628 276 4701 peremertis
289 4626 498 4698 ltqusilllom.
519 4623 583 4696 ιιι.)
597 4628 636 4680 Ac
651 4625 675 4681 si
699 4623 828 4694 apertius
851 4624 949 4696 loque·
1003 4627 1069 4684 dam
1084 4625 1188 4686 sirica
1210 4628 1483 4696 uotatbaereiicum,
1509 4642 1568 4686 non
1599 4631 1723 4689 veritus
1751 4632 1854 4704 regiam

101 4727 202 4775 retur:
222 4717 328 4773 Vinurn
342 4714 483 4783 Deisuto,
497 4722 525 4778 et
538 4713 568 4769 in
586 4715 646 4785 pire
667 4727 750 4782 sum;
767 4713 814 4771 sed
831 4714 884 4771 uisi
906 4715 945 4787 pi·
1002 4725 1188 4788 potestatem3
1204 4719 1275 4775 dum
1298 4719 1393 4792 diligit
1406 4718 1567 4775 veritatem.
1591 4719 1739 4779 lulianus
1766 4726 1854 4793 Augu·

101 4806 142 4864 cis
157 4804 323 4863 sodalitium
341 4804 551 4876 derelinquam,
568 4802 654 4859 timeo
669 4816 708 4859 ne
721 4802 811 4873 picem
834 4806 945 4874 sapiam
1001 4805 1111 4861 etloum
1127 4807 1201 4862 ladit
1216 4806 1374 4863 audaciter.
1392 4826 1406 4856 ι(
1424 4805 1468 4863 Ab
1482 4804 1650 4870 iniectione,
1671 4809 1784 4880 inquit,
1801 4811 1854 4866 ba·
1901 4858 1902 4861 ,

100 4894 255 4953 conditori.
282 4894 376 4950 Potest
393 4893 481 4965 igitur
500 4892 591 4948 abbas
608 4899 647 4957 ιι,
668 4900 699 4948 ιιι
724 4893 810 4964 ignis,
830 4892 864 4948 de
886 4892 943 4948 alto
959 4911 982 4966 g
1000 4894 1070 4950 resis
1087 4894 1170 4951 nulla
1185 4905 1211 4952 ιι
1226 4895 1362 4966 purgabit
1384 4894 1472 4952 herba
1497 4895 1627 4952 lullonis.
1649 4919 1667 4947 a
1683 4898 1774 4957 sotus
1795 4907 1853 4957 qm.
1901 4882 1902 4902 ¹

98 4985 222 5041 sublabi
250 4991 288 5051 et,
304 4991 336 5041 ut
352 4993 437 5050 terra,
458 4984 593 5038 deorsum
612 4981 724 5038 cadere.
750 4981 885 5037 Nondum
902 4980 942 5037 sol
997 4983 1111 5039 brosius
1126 4983 1162 5039 ab
1175 4984 1254 5040 omui
1266 4984 1439 5055 suspicionis
1454 4983 1574 5040 inlamia
1597 4985 1677 5045 liber
1699 4998 1757 5056 est,
1775 5003 1853 5061 quen

13 5086 16 5091 ·
97 5081 148 5142 est,
166 5074 296 5131 nondum
317 5073 392 5129 drus
414 5080 457 5129 cst
479 5071 508 5126 in
535 5071 736 5139 firmamento;
763 5070 832 5126 satis
848 5079 901 5135 est,
918 5071 942 5128 si
996 5072 1114 5145 egregio
1128 5073 1270 5143 praeconio
1294 5073 1444 5131 coronavit
1459 5073 1603 5145 Pelagius,
1625 5080 1778 5146 qua'mris
1800 5082 1851 5135 ba·

96 5160 168 5220 luna
181 5171 234 5219 est.
256 5161 356 5233 Neque
377 5162 497 5217 estimet
517 5175 562 5217 me
585 5159 731 5231 quispiam
750 5159 786 5215 ad
803 5159 942 5230 iniuriam
996 5162 1103 5218 relicus
1130 5161 1170 5217 ita
1198 5163 1317 5217 dicens:
1340 5183 1354 5211 e
1382 5163 1549 5219 Arrrbrosius
1579 5165 1764 5226 Latinorum
1789 5167 1853 5225 Scri·

93 5250 158 5321 ejus
168 5251 276 5321 stylum
293 5264 343 5321 per
362 5263 455 5307 ceram
474 5250 595 5318 trabere,
615 5249 666 5320 qui
683 5247 868 5319 meoiudicio
890 5262 939 5306 no·
996 5259 1111 5321 ptorum
1128 5250 1208 5307 velut
1221 5249 1340 5321 quidam
1354 5250 1406 5307 llos
1436 5251 1550 5309 enituit.
1570 5275 1582 5301 ι
1607 5253 1709 5326 Cujus
1734 5257 1852 5330 purissi-

93 5343 221 5396 strorum
233 5349 394 5411 temporum
417 5349 458 5398 est
480 5339 630 5397 blartinus.
649 5338 821 5409 Simpliciter
839 5346 867 5394 ιι
880 5339 941 5395 sina
995 5351 1075 5394 mum
1093 5338 1122 5394 in
1142 5337 1300 5410 Scripturis
1317 5354 1433 5398 sensum
1457 5354 1510 5398 uec
1522 5341 1611 5399 etiam
1639 5344 1791 5407 iuimicus
1807 5362 1849 5406 an·

91 5423 180 5495 rulpe
193 5429 319 5486 candido
343 5418 451 5501 pectori
464 5437 561 5488 vestro
584 5426 697 5500 loquor.
715 5429 775 5501 Ego
792 5427 832 5485 ita
849 5426 945 5511 sentio,
995 5426 1043 5484 det
1056 5426 1274 5499 reprehendere.
1287 5427 1317 5488 st
1330 5430 1420 5504 igitur
1437 5429 1529 5489 abbas
1542 5430 1652 5506 aliqua
1672 5437 1792 5499 silenda
1810 5438 1851 5496 de·
1884 5449 1887 5457 ·
