3804 5962
68 204 136 259 1745
624 200 776 281 Epirotis:
794 200 1005 259 THEOLOGIAE
1024 200 1252 261 christiane.
1746 208 1815 266 irie

7 352 31 410 2·
60 328 199 399 Quaedam
213 339 282 383 1313
301 325 331 382 13
348 324 402 382 hoc
424 323 597 396 discrepant,
627 331 725 396 utpote
748 325 950 397 baptismush
967 325 1017 397 11),
1035 326 1128 391 idest,
1154 327 1207 398 331
1231 333 1321 398 331331
1338 326 1484 386 continere
1506 329 1664 398 contineat,
1683 330 1814 403 quinon

7 456 30 499 3
63 417 141 474 13313
173 414 260 472 habet
284 427 345 469 rem
375 420 402 468 et
426 411 569 469 ellectum.
599 411 816 470 Sacramentum
844 427 913 471 1333
966 423 1067 486 potest,
1084 430 1202 473 uxorem
1226 414 1325 473 ducat.
1350 417 1386 474 Et
1409 416 1593 488 Apostolus:
1623 420 1816 492 Unusquisque

8 536 28 603 3
63 505 165 563 altaris
188 518 246 561 non
263 502 304 559 sic
330 517 359 558 se
385 503 482 559 hahet.
507 503 578 559 Cum
603 503 680 560 enim
710 503 784 561 idem
809 503 845 560 sit
868 517 913 560 res
967 504 1066 560 333331
1079 522 1157 561 suom
1177 523 1290 563 uxorem
1311 511 1425 578 prepter
1443 509 1653 576 fornicationem
1672 509 1816 568 3113113313

61 603 90 653 31
105 593 182 666 3333
203 591 300 661 eflicit,
326 598 424 648 tamen
439 592 518 648 aliud
533 592 620 649 3111311
642 601 854 650 sacramentum
872 591 913 648 al·
967 593 989 666 (1
1006 595 1066 652 Gor.
1083 595 1181 666 1131).

8 726 25 769 3
63 685 143 750 13313,
163 683 267 754 deque
281 680 411 737 31333313
423 681 557 751 superius
572 681 750 739 ostendimus
766 681 913 738 33133133-
1002 684 1105 741 Utrum
1127 683 1222 741 clerici
1257 683 1474 743 matrimonium
1506 686 1677 744 contrahere
1705 685 1817 760 possint

8 812 19 858 t
61 780 117 840 ter,
139 779 166 829 et
191 770 305 827 aliaest
325 783 370 826 res
402 768 472 839 eius.
496 769 634 827 Similiter
654 778 682 828 et
703 770 793 843 hujus
814 784 912 827 sacra·
966 772 1058 845 333331
1094 772 1176 831 33131.
1213 773 1390 841 Sacerdotes,
1416 775 1552 846 quinon
1580 773 1720 844 13333331,
1745 789 1816 849 pos·

8 906 23 949 Ι
61 861 153 919 menti
176 860 289 917 aliaest
315 873 361 916 res
375 866 403 915 et
418 858 476 916 3113
494 858 644 931 311133313;
662 874 707 916 333
721 860 832 930 333331,
846 873 912 932 3313
966 869 1044 919 3331.
1073 861 1101 918 81
1120 876 1188 920 1333
1203 862 1310 934 3113313
1325 864 1355 920 in
1371 853 1508 931 Ecclesia,
1532 878 1600 937 333
1621 871 1815 925 1313111333-

8 998 23 1039 ,
59 958 89 1009 31
102 950 274 1007 sacramenti
297 948 407 1005 altaris.
430 949 501 1006 Nam
524 963 583 1005 non
609 949 662 1005 hoc
682 956 908 1018 sacramentum,
964 950 1050 1021 cepit,
1064 948 1152 1007 133311
1180 951 1231 1023 331
1254 966 1313 1008 333
1331 959 1433 1009 votum
1453 953 1561 1023 iecerit,
1590 961 1682 1026 331331
1695 954 1812 1024 ducere,

8 1086 25 1127 ἶ
61 1039 141 1112 3333
167 1038 273 1111 figurat
298 1037 365 1109 (16),
390 1038 439 1094 333
464 1038 587 1094 ostendit
608 1037 716 1094 iactum
731 1052 800 1094 esse.
826 1038 912 1095 Prius
964 1038 1014 1096 sed
1041 1039 1072 1095 in
1098 1039 1225 1096 Ecclesia
1253 1039 1303 1097 illa
1324 1040 1452 1099 oihcinm
1474 1057 1533 1099 non
1551 1043 1707 1114 exercebit,
1732 1044 1813 1117 qnod

60 1129 208 1200 siquidem
229 1134 272 1183 est
293 1127 400 1198 aliquis
419 1127 580 1183 membrum
605 1127 719 1193 Christi,
742 1127 820 1199 qnod
836 1127 911 1184 11113
964 1135 1016 1195 est,
1032 1128 1200 1198 parochiam
1223 1143 1282 1186 non
1307 1130 1422 1188 tenebit.
1447 1129 1613 1190 Grsecorum
1633 1146 1703 1191 1333
1717 1146 1813 1192 33331·-

21 1266 25 1289 ,
60 1218 216 1290 baptismo,
240 1231 329 1289 qnam
349 1217 385 1272 ad
409 1217 652 1274 consecrationem
667 1217 768 1274 altaris
782 1217 909 1274 accedat.
964 1215 1053 1287 dotes,
1072 1217 1143 1289 3313
1163 1225 1264 1275 votum
1296 1233 1356 1276 non
1380 1229 1582 1292 susceperunt,
1605 1221 1678 1280 bone
1703 1237 1812 1284 uxores

12 1300 25 1394 Ιἶ
61 1308 198 1365 8113111133
219 1314 341 1363 3313331
364 1307 527 1364 membrum
554 1306 668 1375 Christi,
692 1320 780 1378 quam
796 1307 837 1362 sic
851 1320 909 1362 un·
964 1306 1069 1363 ducere
1084 1314 1214 1377 possunt,
1230 1308 1290 1379 331,
1307 1309 1425 1380 333333
1446 1311 1813 1381 333333333131,33133311

61 1404 180 1470 guatur.
206 1397 259 1454 Per
283 1395 414 1468 singulos
449 1411 567 1466 quoqne
597 1410 698 1452 sensns
727 1396 787 1452 haec
810 1396 909 1452 unctio
963 1395 1090 1466 episcopi
1118 1409 1225 1452 uxores
1250 1397 1398 1468 accipiunt
1416 1404 1445 1456 et
1468 1399 1605 1470 virgines,
1623 1414 1690 1473 que
1711 1400 1735 1459 si
1753 1415 1813 1460 mo·

61 1486 226 1554 deridebor,
249 1494 280 1543 ut
302 1500 488 1558 quecunque
502 1485 637 1542 sensibus
651 1492 719 1543 sunt
735 1492 907 1556 perpetrata,
963 1483 1089 1552 riantur,
1116 1498 1174 1540 non
1200 1484 1273 1542 alias
1298 1486 1456 1557 accipiunt,
1485 1502 1539 1545 nec
1562 1488 1629 1560 ipsas
1652 1489 1724 1549 31133
1742 1489 1811 1564 (27).

60 1589 99 1633 ex
115 1583 171 1633 toto
187 1576 230 1634 131
245 1590 282 1633 ex
311 1576 436 1631 maxima
448 1582 538 1645 parte
554 1575 748 1631 remittantur.
764 1576 803 1631 113
825 1573 906 1631 itera·
964 1573 1142 1644 Praeceptum
1157 1573 1243 1631 etiam
1267 1581 1329 1632 erat
1342 1574 1384 1633 313
1411 1582 1443 1633 31
1462 1578 1667 1650 unusquisque
1680 1579 1717 1637 de
1730 1579 1812 1641 tribu

9 1712 21 1725 .
61 1664 139 1722 tione
162 1665 323 1722 secundum
347 1663 475 1719 diversas
499 1663 721 1720 consuetudines
744 1663 793 1719 tiat
817 1623 946 1719 EccleB
965 1673 1019 1717 sua
1043 1676 1150 1718 uxores
1178 1662 1307 1730 duceret,
1330 1678 1367 1720 ne
1391 1663 1486 1722 tribus
1509 1667 1767 1727 commiscerentur
1783 1675 1812 1726 31

61 1753 183 1812 siarum.
207 1754 330 1811 lacobus
357 1753 518 1809 enimcum
541 1751 639 1808 dicat:
662 1753 823 1822 1311333131
846 1754 907 1823 quis
964 1763 1001 1806 ne
1020 1751 1157 1808 transiret
1180 1753 1321 1822 possessio
1336 1754 1427 1810 unius
1441 1753 1534 1812 tribus
1557 1755 1588 1813 in
1603 1757 1811 1828 possessionem

61 1845 95 1898 in
119 1842 215 1901 333131
242 1842 357 1898 inducat
381 1842 553 1912 presbyteros
577 1843 713 1909 Ecclesia,
736 1847 908 1911 3133333111
965 1837 1093 1908 31133133,
1125 1840 1196 1910 3313
1224 1846 1300 1897 13333
1322 1855 1373 1911 333
1392 1842 1486 1899 131333
1512 1843 1608 1902 divisa
1631 1853 1702 1904 3131.
1726 1846 1813 1906 Nunc

61 1948 124 1988 eum
147 1931 252 1987 313333
273 1931 380 1985 habehit
402 1930 470 2001 (iac.
495 1946 525 1995 1,
552 1931 609 2001 te),
629 1945 687 1987 nou
707 1930 823 1987 videtur
844 1945 908 2002 pro·
964 1937 1133 1985 autemnon
1148 1928 1222 1998 licet,
1239 1928 1287 1985 sed
1316 1929 1458 1987 33311333
1474 1939 1569 2003 gente,
1592 1932 1670 2003 3333
1684 1931 1812 1991 Ecclesia

62 2020 166 2078 hibero
186 2020 258 2090 quin
277 2026 434 2090 repetatur.
459 2020 499 2075 113
527 2018 686 2091 majoribus
706 2019 796 2088 enirn,
812 2025 844 2074 ut
858 2018 907 2075 ha·
964 2025 1080 2089 propter
1098 2018 1334 2090 propagationem
1362 2019 1521 2088 charitatis,
1543 2021 1644 2094 [quod]
1663 2035 1681 2079 a
1702 2021 1811 2081 113313-

61 2109 177 2181 ptismo,
203 2107 419 2165 confirmatione
433 2114 460 2165 et
480 2106 579 2164 altaris
593 2114 783 2176 sacramento,
797 2107 906 2163 dictum
963 2106 1008 2163 nis
1028 2106 1173 2180 [Ecclesia]
1202 2109 1320 2178 accepit.
1349 2108 1471 2166 Romani
1486 2109 1575 2178 enim,
1600 2109 1717 2182 quando
1738 2111 1811 2170 ami·

59 2205 115 2266 est,
131 2197 245 2255 nullum
270 2205 484 2254 sacramentum
508 2197 715 2254 reiterandum.
740 2197 837 2268 Neque
859 2210 905 2253 ea·
963 2196 1407 2254 33133133133111331111311333
1428 2198 1522 2256 iacere
1540 2198 1688 2268 volebant,
1702 2214 1811 2260 uxores

58 2288 128 2346 dem
144 2287 236 2344 hostia
251 2295 436 2342 consecratur
455 2286 510 2352 bis,
524 2301 591 2343 cum
608 2294 702 2343 tamen
716 2285 790 2343 idem
802 2300 907 2357 corpus
962 2299 999 2342 er
1014 2285 1054 2341 eis
1070 2285 1106 2342 ad
1120 2285 1390 2343 confederationem
1406 2287 1539 2344 amicitiae
1554 2287 1707 2346 ducebant.
1721 2288 1809 2348 81131-

57 2376 211 2435 abeodem
227 2375 392 2447 1333333133
407 2381 550 2431 33133131.
963 2374 1029 2432 11133
1043 2374 1168 2431 Ecclesia
1187 2375 1335 2432 constituit
1347 2383 1379 2432 ut
1394 2389 1453 2432 non
1470 2376 1582 2446 desua,
1598 2377 1647 2434 sed
1663 2376 1699 2436 do
1714 2377 1810 2436 311333

366 2482 479 2539 33333
494 2481 586 2537 χχχι,
963 2463 1094 2536 prosapia
1112 2478 1236 2521 uxorem
1265 2464 1333 2536 quis
1346 2465 1442 2530 ducat,
1457 2465 1530 2537 3313
1552 2480 1610 2523 333
1626 2466 1740 2538 3313111
1753 2466 1810 2527 1133

55 2577 101 2631 113
123 2574 244 2644 conjugii
266 2577 435 2628 sacramento
457 2571 575 2640 siquod
596 2571 769 2637 3333331331
793 2570 907 2640 aliquod
962 2553 1092 2610 1111111111
1109 2553 1144 2609 111
1171 2553 1369 2611 111111110111111
1394 2555 1554 2624 1111111111
1582 2554 1809 2627 1111111110·

98 2642 816 2712 333333313313313331331331,113333333111313.
961 2652 1022 2696 rem
1044 2655 1133 2711 qnam
1160 2642 1267 2711 accipit
1291 2649 1378 2698 totam
1403 2642 1483 2698 iiiam
1512 2642 1678 2715 progeniem
1700 2642 1807 2717 diligit.

95 2734 238 2807 1133333
269 2732 402 2803 conjugio
426 2731 578 2788 dicendum
609 2738 660 2800 331,
684 2731 762 2802 3333
787 2731 905 2803 3313331
962 2728 1049 2786 313113
1076 2735 1145 2785 3331
1172 2743 1239 2800 qum
1264 2730 1435 2801 conjugium
1463 2730 1634 2801 impediunt,
1662 2733 1808 2807 cognatio,
1880 2761 1883 2766 ·

55 2830 273 2882 sacramentum
293 2829 345 2889 est,
370 2821 418 2876 sed
442 2835 499 2876 non
520 2819 629 2876 coniert
652 2820 771 2890 aliquod
785 2820 905 2890 donum,
961 2825 1069 2886 votum,
1084 2817 1163 2885 ordo,
1180 2817 1333 2888 trigidites.
1362 2817 1435 2875 Sunt
1463 2819 1515 2890 qui
1541 2817 1806 2879 13333331333311-

55 2914 135 2971 sicut
149 2915 252 2969 caetera
274 2911 395 2978 iaciunt,
415 2909 464 2965 sed
480 2916 575 2965 tamen
591 2908 660 2965 mali
676 2908 837 2966 remedium
852 2916 903 2965 est.
961 2907 1090 2962 nentiarn
1103 2913 1218 2963 131331.
1241 2906 1289 2974 111,
1317 2906 1341 2963 31
1369 2920 1428 2963 333
1449 2915 1570 2978 possunt
1593 2901 1751 2981 continere,
1771 2910 1808 2970 de

56 3005 152 3061 Datur
172 3002 250 3058 enim
281 3007 397 3072 propter
425 2998 664 3055 incontinentiam
684 2997 904 3062 refrenandam3
922 2960 943 3018 C
961 3003 1027 3052 voto
1042 2995 1198 3066 poeniteant
1211 3003 1239 3053 et
1263 3009 1368 3053 uxores
1382 2996 1500 3054 ducant.
1513 2995 1569 3064 Qui
1582 3010 1651 3057 1333
1667 2999 1697 3056 13
1712 2999 1807 3059 mani·

54 3091 138 3150 unde
160 3091 252 3161 magis
274 3089 310 3144 ad
341 3088 549 3159 indulgentiam
576 3087 707 3158 pertinet.
736 3087 782 3144 Sic
809 3095 906 3144 autem
960 3084 1031 3142 13313
1045 3092 1146 3140 131331
1161 3085 1283 3152 iaciunt,
1306 3092 1340 3142 ut
1354 3086 1515 3145 monachus
1529 3094 1558 3144 et
1573 3087 1716 3156 sacerdos,
1740 3102 1807 3148 rna·

54 3179 227 3239 diihnitur:
252 3176 425 3248 conjugium
447 3183 489 3232 est
504 3176 633 3232 marisci
648 3175 762 3232 leminae
785 3175 905 3232 133333-
961 3173 1129 3230 1313331313
1166 3175 1336 3231 contrahere
1373 3182 1532 3246 nequeunt.
1565 3175 1688 3234 Ordines
1716 3177 1806 3250 imps-

54 3271 99 3328 tio
113 3267 253 3341 legitima,
269 3275 385 3337 propter
410 3279 500 3336 quam
514 3265 579 3321 licet
593 3265 634 3321 eis
648 3264 709 3321 sine
724 3264 809 3334 culpa
825 3279 905 3321 com·
960 3261 1061 3332 diunt;
1075 3269 1194 3332 possunt
1210 3269 1306 3319 tamen
1331 3262 1436 3320 ducere
1465 3277 1560 3335 33333
1574 3264 1611 3320 33
1625 3265 1804 3338 acolythum,

54 3358 184 3416 misceri.
206 3355 363 3413 Eoederatio
384 3367 453 3410 vero
476 3353 533 3408 alia
556 3359 598 3409 est
624 3353 658 3408 de
674 3353 810 3424 conjugio
836 3368 903 3410 eon·
959 3350 1453 3409 3333333333313111313333331.
1474 3351 1529 3419 Qui
1544 3367 1613 3411 1333
1631 3368 1722 3426 33333
1736 3368 1806 3413 aco-

54 3445 208 3513 trahendo,
235 3451 266 3502 ut
289 3451 340 3505 est,
357 3442 475 3515 quando
496 3441 636 3511 promittit
655 3441 732 3511 quod
754 3455 817 3496 eam
833 3443 904 3498 aeci·
958 3439 1071 3510 lythum
1085 3439 1208 3495 ordinati
1223 3446 1292 3495 sunt
1306 3439 1411 3496 ducere
1424 3453 1485 3496 non
1499 3448 1631 3513 possunt.
1648 3440 1805 3515 Gregorius

55 3536 120 3608 piat
140 3534 193 3591 sibi
211 3546 350 3602 uxorem;
373 3531 431 3587 alia
455 3530 595 3602 conjugii,
619 3537 651 3587 ut
673 3529 791 3600 quando
811 3530 901 3587 dicit:
958 3535 1054 3584 tamen
1069 3527 1191 3599 anglicis
1218 3527 1356 3597 permisit,
1387 3529 1458 3599 quia
1476 3543 1571 3601 nuper
1598 3531 1744 3588 conversis
1767 3530 1805 3590 33

53 3623 151 3682 Trado
164 3637 209 3679 me
225 3622 276 3678 tibi
289 3622 325 3677 ad
345 3634 432 3676 usum
447 3618 542 3676 carnis
557 3632 637 3686 meae,
660 3619 697 3673 ita
713 3625 756 3685 ut,
772 3618 905 3688 qnandiu
958 3615 1043 3672 sidem
1063 3616 1086 3672 si
1104 3617 1159 3673 boc
1193 3615 1256 3688 [cis]
1284 3616 1497 3686 prohiberetur,
1525 3617 1609 3677 133113
1635 3619 1724 3678 relabi
1739 3634 1805 3692 pos·

52 3712 177 3779 vixeris,
205 3725 262 3768 non
278 3724 323 3766 me
339 3709 387 3765 alii
409 3709 594 3779 conjungam.
620 3707 655 3763 Et
673 3707 734 3762 hec
754 3705 904 3764 ioederatio
958 3712 1030 3759 sent.
1052 3703 1181 3761 Servitus
1206 3704 1293 3759 etiarn
1323 3704 1449 3775 impedit.
1475 3705 1506 3762 81
1533 3707 1600 3778 3313
1626 3707 1802 3780 enimseig·

53 3803 186 3873 apprime
210 3800 277 3856 iacit
296 3797 475 3870 conjugium.
502 3795 655 3853 Sciendum
676 3809 744 3853 vero
760 3803 801 3852 est
825 3795 903 3866 quod
957 3799 1078 3849 norante
1102 3791 1237 3848 ancillam
1250 3793 1329 3850 ducit
1342 3793 1473 3864 alterius,
1502 3795 1526 3852 si
1553 3795 1678 3853 uoluerit
1698 3795 1728 3854 in
1743 3809 1803 3854 ser·

51 3890 158 3948 13333
179 3893 357 3945 sacramento
386 3883 478 3942 multa
497 3885 565 3940 oiim
587 3883 705 3940 luerunt
728 3883 816 3952 113113,
837 3899 902 3955 3331
957 3881 1077 3938 11131313
1093 3881 1195 3952 redigi,
1211 3888 1262 3937 aut
1276 3881 1365 3939 etiam
1379 3882 1500 3940 redimat
1510 3891 1561 3940 331
1580 3883 1714 3943 dimittat.
1731 3884 1804 3942 Item

53 3977 141 4036 modo
160 3975 237 4032 licita
252 3989 309 4030 non
325 3980 403 4042 sunt,
429 3972 499 4043 quia
526 3972 555 4027 in
580 3972 669 4028 131331
685 3979 852 4029 testamento
867 3972 902 4028 li·
957 3970 982 4026 si
998 3971 1064 4041 quis
1078 3969 1204 4041 frigidus
1218 3984 1339 4029 uxorem
1354 3971 1480 4041 duxerit,
1496 3979 1524 4030 et
1540 3987 1604 4031 eam
1623 3972 1729 4031 habore
1744 3987 1803 4033 uon

51 4066 139 4124 cebet
156 4065 207 4121 nni
224 4063 329 4120 multas
343 4077 451 4120 uxores
464 4062 580 4128 habere,
597 4069 630 4117 ut
644 4061 767 4131 populus
781 4063 830 4118 1131
846 4075 901 4119 au·
957 4059 1093 4130 potuerit,
1115 4058 1170 4114 hoo
1195 4072 1268 4129 papa
1283 4058 1352 4116 dicit
1367 4059 1444 4130 qnod
1460 4073 1524 4117 eam
1540 4060 1684 4118 dimittere
1698 4065 1801 4133 potest.

52 4162 183 4229 geretur,
200 4153 248 4210 sed
272 4168 330 4209 non
348 4151 463 4208 mulieri
487 4151 593 4208 multos
608 4151 697 4220 viros,
714 4151 785 4222 quia
804 4151 902 4208 multae
936 4151 941 4159 '
957 4146 1112 4218 Gregorius
1126 4162 1193 4203 vero
1220 4147 1289 4204 dicit
1312 4162 1372 4204 esse
1396 4148 1579 4220 conjugium,
1596 4147 1650 4206 etsi
1669 4163 1728 4206 non
1752 4164 1801 4223 po·

52 4251 178 4319 possunt
192 4256 228 4299 ex
252 4256 310 4298 uno
332 4241 493 4308 ieeundari,
514 4241 562 4298 sed
585 4255 642 4297 non
665 4254 724 4297 una
738 4254 776 4297 er
791 4240 898 4298 multis.
917 4240 938 4294 11
956 4243 1008 4293 1331
1029 4249 1092 4292 eam
1116 4236 1222 4294 habere
1246 4245 1278 4294 nt
1293 4251 1424 4304 uxorem,
1448 4237 1553 4295 haheat
1575 4245 1608 4294 ut
1630 4251 1758 4296 sororem
1774 4246 1803 4298 ot

50 4331 81 4391 N
84 4345 142 4386 unc
157 4344 295 4388 veronen
319 4329 395 4398 licet,
419 4329 488 4399 quia
512 4328 637 4399 populus
659 4329 707 4384 1131
731 4336 834 4385 333133
848 4337 900 4386 331.
955 4340 1014 4382 333
1025 4325 1123 4384 131333
1135 4327 1189 4383 3111
1199 4324 1378 4397 conjugium,
1393 4325 1648 4399 sicutconJugium
1663 4326 1761 4384 llariae
1773 4332 1803 4384 31

50 4420 150 4478 Etiam
166 4427 236 4475 tunc
252 4417 372 4490 regibus
394 4431 451 4472 non
478 4417 579 4473 licebat
607 4418 722 4484 multas,
743 4417 791 4474 sed
812 4432 900 4475 unam
955 4414 1069 4486 loseph.
1097 4416 1126 4472 Si
1146 4429 1215 4471 vero
1238 4414 1342 4471 mulier
1358 4428 1418 4471 non
1440 4415 1565 4485 potuerit
1593 4415 1751 4484 continere,
1773 4421 1803 4474 31

49 4509 171 4573 hebere,
190 4516 221 4565 ut
240 4506 364 4564 subditis
388 4506 449 4562 suis
465 4507 615 4576 providere
640 4514 764 4576 possent.
782 4506 809 4563 Si
825 4507 901 4563 enim
945 4503 1141 4572 hocdixerit,
1172 4518 1229 4561 non
1254 4511 1370 4575 propter
1399 4503 1452 4561 boc
1466 4503 1636 4575 separanda,
1662 4503 1735 4577 quia
1754 4517 1803 4562 no-

48 4598 163 4657 multas
186 4597 336 4664 haberent,
364 4609 466 4651 earum
488 4593 684 4650 sollicitudine
707 4595 822 4653 animus
849 4595 900 4652 im·
956 4608 1032 4650 cesse
1050 4600 1092 4648 est
1110 4607 1173 4649 eam
1193 4593 1349 4649 continere.
1375 4591 1445 4649 lude
1464 4592 1657 4665 hieronymus
1674 4600 1702 4650 31
1717 4592 1803 4651 Eheu

48 4687 203 4761 pediretur
216 4693 244 4743 et
259 4685 298 4741 ita
320 4685 417 4741 minus
444 4683 636 4753 providerent.
662 4682 742 4749 Quod
763 4687 902 4741 1333113-
957 4682 1093 4752 phrastus
1116 4680 1217 4738 dicunt
1232 4698 1238 4736 :
1254 4681 1333 4738 Nulli
1359 4681 1479 4751 sapienti
1509 4682 1641 4740 ducenda
1655 4689 1697 4740 est
1713 4696 1801 4740 uxor.

46 4775 104 4835 vid
119 4784 145 4833 et
158 4775 295 4832 Salomon
320 4772 427 4830 multas
453 4771 631 4837 hahuerunt,
649 4770 731 4841 plane
746 4781 847 4830 contra
866 4775 904 4831 le·
956 4773 988 4825 ln
1002 4769 1066 4826 aliis
1087 4770 1165 4827 enirn
1188 4770 1315 4841 experiri
1344 4785 1501 4841 possumus
1520 4772 1622 4843 qualia
1635 4773 1704 4840 sint,
1719 4779 1801 4830 ants-

47 4878 119 4938 gem
145 4864 282 4921 iecerunt.
311 4862 447 4918 Nostrum
472 4874 540 4916 vero
559 4859 728 4930 coniugium
748 4862 783 4917 ad
799 4877 901 4933 regum
956 4872 1045 4930 quam
1071 4859 1240 4927 babeamus,
1272 4866 1304 4916 ut
1326 4873 1447 4930 equum,
1476 4866 1633 4932 autequam
1659 4874 1801 4932 emamus,

46 4951 227 5023 coniugium
243 4951 392 5008 redactum
408 4958 459 5017 est,
476 4950 546 5019 quia
565 4961 648 5019 reges
661 4963 774 5017 sumus,
791 4950 825 5006 de
837 4953 902 5022 qni·
955 4955 1021 5016 etc,
1043 4947 1092 5004 333
1120 4946 1271 5005 3131133331
1296 4947 1424 5017 experiri
1448 4961 1506 5005 non
1524 4948 1730 5018 permittimur,
1745 4949 1803 5006 nisi

46 5045 109 5101 hus
132 5040 249 5096 Petrus:
279 5056 327 5094 nos
355 5057 447 5094 313333
477 5056 562 5107 penus
588 5040 710 5105 electum,
740 5039 832 5106 requie
857 5056 900 5096 sa·
956 5044 1109 5107 postquam
1132 5036 1161 5092 in
1185 5051 1306 5093 uxorem
1330 5035 1505 5108 accepimus.
1535 5039 1615 5106 item,
1633 5038 1737 5096 mulier
1751 5045 1807 5115 aut

44 5129 205 5188 cerdoticm
227 5130 250 5198 (1
267 5130 339 5183 Pete.
364 5143 393 5195 rr,
411 5128 449 5197 it).
476 5129 532 5183 1133
553 5133 779 5195 sacramentum,
805 5134 837 5185 nt
856 5129 901 5184 di·
955 5133 1033 5181 casta
1048 5132 1090 5181 est
1111 5133 1162 5182 aut
1180 5125 1295 5182 incesta.
1323 5125 1350 5183 81
1377 5133 1465 5193 casta,
1485 5127 1626 5198 superha;
1640 5127 1665 5184 si
1680 5127 1802 5197 incesta,

43 5224 134 5277 ctum
148 5223 201 5282 est,
216 5215 284 5272 mali
312 5216 474 5272 remedium
489 5223 542 5281 est,
566 5215 618 5271 etsi
642 5214 750 5271 donum
764 5229 822 5271 non
838 5230 902 5272 con·
956 5229 1110 5286 nunqnam
1128 5215 1182 5271 erit
1197 5214 1287 5272 libera
1306 5228 1323 5270 a
1337 5215 1509 5285 suspicione.
1526 5216 1702 5288 conjugium
1714 5214 1810 5275 311313,

43 5306 136 5365 13331.
163 5304 266 5361 Unde:
293 5303 900 5374 1131331331333313333131(1131113313,
954 5304 1220 5362 333111333131133.
1251 5304 1330 5361 11333
1361 5303 1516 5375 Apostolus
1539 5320 1548 5363 :
1570 5306 1669 5364 Seruus
1689 5311 1801 5364 occutus

88 5430 459 5576 1111111111311011133113
479 5500 589 5572 aliquot
608 5498 747 5559 excidisse
760 5499 909 5578 ridentur,
929 5500 1025 5560 torsan
1036 5499 1211 5574 negligentia
1225 5497 1347 5556 librarii.
