3804 5962
127 208 175 264 ²⁴⁰
907 211 1019 271 misr.
1038 210 1099 272 vu.
1822 204 1876 258 rso

126 334 297 403 scribentis;
324 356 335 385 ι
352 336 532 406 acceperunt
554 333 690 393 mulieres
705 335 740 392 de
764 336 972 394 resurrectione
988 339 1012 392 Α
1027 352 1093 394 rum
1105 338 1299 408 praeemineat,
1315 340 1344 392 et
1367 335 1438 392 illud
1453 334 1531 405 quod
1554 329 1708 388 incredulis
1732 326 1872 383 Dominus

126 430 252 479 mortuos
284 437 352 479 suos
387 423 480 497 (Hedr.
509 438 549 491 xr,
580 423 635 495 35).
668 444 682 477 ι
714 426 786 481 Nam
819 420 974 495 et'puclla
1028 426 1127 483 ait:«
1157 426 1317 482 Meretrices
1346 424 1504 495 precedent
1533 435 1583 478 vos
1610 420 1640 474 in
1670 431 1793 489 regnum
1821 415 1872 472 Det

125 510 260 568 suscitata
285 519 433 568 mortuum
449 512 554 584 recepit
570 527 684 584 corpus,
708 523 735 569 et
757 521 866 570 caeterae
888 513 972 569 lemi·
1027 517 1139 586 (Morti.
1155 530 1214 584 xxi,
1239 515 1275 584 3),
1294 535 1307 563 o
1326 513 1392 584 ipsis
1406 521 1433 569 et
1448 511 1581 567 fidelibus
1595 509 1665 564 viris
1680 507 1873 575 improperan-

125 614 160 656 ιιι
174 599 207 656 in
223 601 452 658 consolationem
474 603 530 670 sui,
553 617 626 673 quos
648 601 824 673 plangebant
846 609 974 658 mortuos
1028 592 1872 672 dumvideatur,etseeundumsexuumseuvittedillereu-

124 697 294 760 receperunt
314 691 475 748 suscitatos.
501 692 620 764 Exque
641 691 728 749 etiam
754 692 855 764 liquet,
879 704 974 762 quan·
1028 694 1096 750 tiam
1130 692 1199 748 liant
1229 692 1376 748 novissimi
1415 690 1511 760 primi,
1542 695 1569 743 et
1607 684 1691 757 primi
1722 678 1871 739 uovbsimi

123 768 175 833 ¹aru
195 791 315 849 semper
339 779 453 836 leminis
474 781 640 838 exhibuerit
660 781 794 852 gratiam,
817 795 891 852 ques
915 788 973 836 tam
1029 782 1139 848 (horit.
1175 797 1224 851 xx,
1261 782 1315 850 l6l.
1349 780 1418 848 Quis
1454 777 1579 848 deniquo
1609 776 1719 845 ignoret
1750 770 1872 826 feminas

124 878 168 922 sua
192 880 289 937 quam
312 881 432 925 suorum
457 868 675 926 resuscitatione
699 871 791 941 primo
813 870 972 937 iaetisseans,
1026 870 1253 928 exhortationem
1279 870 1383 927 Christi
1409 876 1437 924 et
1466 866 1618 923 consilium
1645 860 1767 932 apostoli
1794 863 1873 914 tanto

126 953 275 1012 novissime
304 972 423 1029 quoque
454 958 514 1029 ipse
541 959 658 1030 propria
688 960 898 1017 resurrectione
925 974 974 1015 eas
1027 960 1202 1016 castimoniae
1226 960 1284 1015 zelo
1307 974 1367 1015 esse
1390 957 1553 1026 complexas
1569 961 1601 1010 ut
1623 966 1674 1023 pro
1702 959 1872 1007 conservan-

126 1043 282 1114 plnrimum
298 1046 413 1115 extulit,
434 1046 553 1119 quibus,
580 1056 612 1105 ut
633 1047 743 1105 dictum
767 1056 819 1118 est,
845 1048 972 1120 primum
1028 1048 1065 1104 da
1081 1049 1176 1104 carnis
1200 1048 1308 1119 pariter
1321 1062 1355 1103 ac
1375 1047 1477 1102 mentis
1502 1043 1675 1113 integritate,
1700 1041 1756 1094 ileo
1775 1047 1873 1106 seper

127 1133 256 1204 apparuit
286 1135 398 1207 (llottll.
418 1150 517 1204 xxvur,
550 1141 595 1206 53
627 1139 711 1195 hiare.
737 1152 795 1206 xvi,
826 1137 864 1211 o).
892 1137 973 1204 Quod
1029 1139 1199 1209 martyrium
1211 1138 1344 1194 otierrent
1361 1137 1569 1201 holocaustum,
1584 1140 1611 1187 et
1626 1129 1743 1201 gentina
1767 1125 1873 1182 trium·

128 1222 205 1279 edam
231 1223 281 1282 hic
307 1238 395 1281 sexus
423 1226 453 1283 in
483 1227 586 1297 populo
616 1236 814 1299 persequente,
845 1228 972 1300 quodam
1029 1227 1149 1297 phantes
1165 1240 1279 1295 corona,
1296 1230 1414 1297 egnum
1428 1236 1566 1295 sponsum
1581 1219 1873 1289 virginumquocun-

130 1324 190 1383 erga
203 1310 363 1370 bomimm
377 1315 505 1372 naturali
526 1315 734 1385 compassionis
756 1315 872 1384 ellectu,
893 1315 974 1372 visus
1028 1331 1086 1388 que
1097 1316 1151 1372 erit
1166 1317 1248 1387 sequi
1264 1316 1412 1371 studerent
1426 1316 1440 1368 l
1454 1315 1551 1384 (Aper.
1568 1326 1626 1377 xiv,
1644 1307 1683 1380 4.)
1699 1306 1791 1374 Quam
1811 1300 1875 1372 qui-

131 1406 165 1455 est
184 1402 355 1470 promereri.
380 1402 416 1460 Ut
441 1403 518 1460 euim
537 1405 628 1460 Lucas
651 1405 792 1471 meminit,
817 1419 884 1462 cum
906 1419 973 1461 eum
1029 1407 1093 1462 dem
1115 1405 1234 1462 virtutis
1253 1405 1454 1476 perfectionem
1482 1415 1578 1458 raram
1595 1400 1625 1454 iu
1648 1397 1717 1455 viris
1740 1393 1871 1450 crebram

131 1488 179 1544 riri
204 1487 242 1544 ad
261 1489 494 1563 crucifigendum
514 1492 664 1560 ducerent,
694 1493 807 1549 leminae
844 1494 972 1563 ipsorum
1029 1493 1475 1566 inlerninisessecognovimus.
1497 1477 1874 1555 Quarumetiamuonnul-

132 1577 322 1648 sequebantur
349 1579 517 1652 plangentes
533 1582 627 1652 ipsum
660 1592 747 1654 atque
772 1582 971 1639 lamentantes.
1028 1582 1071 1641 las
1095 1592 1207 1640 tanturn
1234 1584 1263 1640 in
1287 1585 1342 1640 hac
1366 1583 1462 1638 carnis
1491 1576 1682 1650 prerogativa
1710 1568 1803 1626 zelum
1825 1565 1875 1621 ha·

132 1664 235 1733 entus
259 1668 320 1739 ipse
335 1682 504 1735 conversus,
527 1678 555 1727 et
577 1671 661 1742 quasi
684 1670 798 1741 pictatis
820 1672 908 1741 hujus
932 1671 975 1727 vi·
991 1642 1011 1696 B
1030 1673 1125 1729 buisse
1141 1672 1272 1743 legimus,
1299 1681 1403 1729 utnon
1424 1670 1479 1726 sihi
1505 1679 1623 1724 manum
1645 1660 1749 1718 inlerre
1764 1654 1876 1754 dubita-

133 1769 185 1811 cem
208 1755 240 1812 in
263 1755 326 1826 ipso
348 1757 444 1814 statim
470 1759 612 1829 passionis
638 1759 759 1817 articulo
784 1760 975 1816 misericordi·
1030 1770 1104 1828 rent,
1126 1776 1162 1817 ue
1176 1776 1264 1833 quam
1286 1762 1344 1818 Deo
1364 1768 1503 1816 voverant
1527 1752 1771 1822 incorruptionem
1786 1749 1874 1801 emrt-

134 1850 169 1899 ter
187 1843 229 1900 eis
249 1844 387 1914 reterens,
405 1844 537 1904 luturum
554 1855 586 1904 ut
601 1861 702 1904 cavere
722 1855 831 1918 queant
848 1848 975 1918 praedicit
1030 1857 1131 1918 terent,
1155 1861 1182 1907 et
1204 1853 1239 1906 ad
1261 1866 1400 1921 sponsum
1422 1849 1568 1925 vvirginem
1592 1842 1720 1914 virgines
1742 1830 1873 1907 perveni·

135 1931 238 1989 exitum
261 1931 313 2003 [el.
339 1934 496 2006 exitium]:
520 1954 534 1987 ι
556 1935 644 2016 Filiae,
665 1935 771 2007 inquit,
796 1936 974 1992 iherusalem
1029 1948 1100 1996 rent.
1128 1941 1181 2006 Qui
1207 1941 1294 1997 etiam
1321 1948 1487 1996 sanctarum
1518 1932 1697 1991 devotionem
1725 1924 1873 1996 virginum

134 2019 212 2076 nolite
227 2021 297 2077 llere
319 2037 407 2093 super
430 2039 485 2091 me,
510 2025 558 2081 sed
573 2039 661 2096 super
680 2039 732 2082 vos
754 2026 832 2096 ipsas
852 2025 925 2093 llete,
947 2032 975 2083 et
1030 2029 1175 2085 intantum
1205 2029 1259 2084 sibi
1285 2038 1397 2099 gratam
1421 2041 1481 2083 esse
1505 2020 1684 2086 monstravit,
1708 2022 1741 2071 ut
1760 2009 1874 2083 gentitis

133 2122 211 2178 snper
226 2109 301 2167 lilios
316 2119 433 2168 vestros.
456 2112 529 2180 Quia
548 2128 612 2170 ecce
631 2114 746 2171 venient
765 2114 834 2180 dies,
856 2113 884 2168 in
906 2114 974 2184 qui·
1029 2118 1127 2188 populi
1147 2117 1360 2174 multitudinem
1385 2118 1421 2173 ad
1443 2117 1532 2172 beatae
1555 2110 1676 2182 Agathe
1700 2100 1875 2172 suliragium

133 2197 180 2253 bns
192 2197 312 2255 dicent:
335 2200 428 2258 Beate
450 2203 570 2270 steriles,
592 2206 620 2259 et
639 2211 754 2260 ventres
773 2202 823 2274 qui
851 2217 909 2258 non
925 2218 974 2273 ge·
1029 2215 1248 2265 concurrentem
1277 2207 1339 2264 velo
1365 2208 1428 2278 ejus
1455 2212 1556 2260 contra
1584 2195 1734 2255 estuantis
1760 2190 1874 2248 AEthnae

132 2296 254 2343 ruerunt
269 2287 346 2356 thar.
370 2303 451 2357 xxur,
474 2290 533 2362 ιιι).
558 2311 573 2344 ι
600 2291 643 2349 hd
659 2293 745 2363 cujus
768 2292 854 2348 etiam
870 2290 974 2347 libera·
1030 2295 1185 2353 terribilem
1212 2297 1308 2367 ignem
1343 2295 1472 2366 opposito
1500 2299 1557 2348 tarn
1586 2303 1603 2345 a
1631 2283 1759 2356 corperis
1785 2292 1875 2352 quam

132 2380 230 2438 tionem
259 2381 435 2454 iniquissimi
456 2385 563 2457 judicis
596 2399 718 2444 uxorem
744 2395 830 2443 antea
853 2386 975 2442 fideliter
1029 2385 1132 2441 animae
1152 2383 1317 2441 liberaverit
1342 2383 1483 2440 incendio.
1511 2378 1626 2436 Nullam
1651 2373 1786 2430 novimus
1811 2379 1875 2422 mo-

130 2467 270 2528 laborasse
300 2472 453 2531 Mattheus
484 2482 691 2532 commemorat
723 2476 842 2532 dicens:
879 2497 892 2524 n
924 2474 975 2530 Se·
1029 2473 1113 2528 nachi
1129 2473 1273 2529 cucullam
1290 2472 1418 2530 benetlcii
1435 2470 1505 2527 tanti
1520 2467 1642 2541 gratiam
1658 2477 1718 2519 esse
1734 2461 1875 2530 adeptam.

129 2557 207 2615 dente
222 2567 321 2616 autem
343 2560 392 2620 illo
413 2575 464 2633 pro
483 2563 623 2621 tribunali
637 2563 715 2620 misit
730 2564 771 2630 ‚ad
794 2563 877 2621 illum
900 2578 975 2620 uxor
1029 2561 1164 2632 legimus
1188 2561 1305 2631 quidem
1330 2560 1366 2616 ad
1392 2568 1499 2615 tactum
1527 2555 1606 2627 pallii
1633 2551 1702 2609 Eliae
1722 2548 1876 2604 lordanem

127 2647 187 2718 ejus
205 2648 327 2705 dicens:
345 2651 422 2708 Nihil
437 2652 488 2709 tibi
511 2659 539 2709 et
550 2653 629 2724 juste
643 2652 695 2709 illi.
716 2652 896 2710 Multaeuim
915 2666 975 2722 pas
1029 2664 1089 2707 esse
1110 2651 1246 2716 divisum,
1265 2649 1317 2721 ipsi
1343 2650 1450 2718 pariter
1472 2655 1500 2702 et
1523 2646 1614 2700 Eliseo
1641 2641 1717 2695 viam
1743 2650 1793 2708 per
1818 2643 1874 2690 tor·

82 2806 86 2819 .
127 2738 345 2796 aasumhodie
366 2741 527 2810 pervisum
549 2741 856 2812 proptereumlllatt.
882 2755 973 2806 xxvn,
1029 2754 1091 2797 ram
1113 2739 1270 2810 prebuisse
1285 2739 1338 2809 (lv
1365 2740 1428 2803 ltep.
1458 2750 1497 2800 xr,
1528 2734 1578 2805 8);
1600 2731 1663 2785 velo
1692 2733 1790 2783 autem
1818 2723 1876 2778 vir·

129 2826 167 2880 ιι.
198 2847 209 2877 ι
240 2827 304 2895 Quo
338 2830 425 2885 etiam
459 2831 631 2901 predicante
654 2830 744 2887 solam
776 2831 912 2887 leminam
939 2831 974 2886 de

1030 2829 1105 2900 ginis
1120 2830 1289 2884 immensam
1305 2828 1401 2883 adhuc
1413 2823 1533 2880 inlideits
1546 2819 1642 2891 populi
1658 2815 1874 2873 multitudinem

129 2920 183 2970 tota
198 2916 287 2973 turba
306 2915 460 2974 intentam
481 2920 543 2990 ejus
559 2918 675 2975 laudem
695 2919 818 2991 legimus
836 2918 973 2975 extulisse
990 2936 1012 2994 (ς
1031 2929 1087 2974 tarn
1111 2926 1204 2974 mente
1227 2917 1333 2973 salvari
1353 2929 1440 2986 quam
1470 2924 1598 2980 corpore,
1625 2915 1652 2963 et
1679 2906 1719 2960 sic
1743 2903 1785 2960 eis
1803 2915 1875 2958 con-

80 3072 83 3083 Ι
127 3014 233 3066 rocem,
251 3012 284 3060 nt
299 3005 416 3063 beatum
431 3007 606 3065 exclamaret
621 3017 736 3065 uterum
757 3008 806 3079 qui
821 3022 888 3064 eum
905 3021 975 3077 por-

130 3094 238 3157 taverit,
255 3100 282 3148 et
299 3095 389 3150 ubera
404 3110 470 3167 quae
490 3097 610 3154 suxerit.
629 3099 651 3153 h
672 3111 730 3168 quo
745 3104 773 3153 et
787 3097 883 3153 statim
899 3095 974 3165 piam

128 3179 312 3239 confessionis
351 3198 422 3252 snae,
466 3185 530 3242 licet
571 3186 727 3243 verissimae
769 3187 975 3242 correctionem

129 3271 230 3328 meruit
266 3270 380 3340 audire,
418 3273 480 3345 ipso
516 3274 664 3332 confestim
701 3275 728 3331 ei
764 3274 973 3344 respondente:

129 3357 292 3426 »Oninimo
308 3360 384 3419 beati
398 3362 451 3435 qui
473 3364 597 3421 audiunt
611 3364 733 3420 verbum
749 3363 809 3430 Dei,
829 3371 857 3420 et
879 3371 974 3420 custo·

129 3445 209 3503 duint
235 3449 309 3507 illud
334 3449 412 3522 (Luc.
443 3466 482 3519 xi,
510 3453 567 3524 ιι).
599 3474 613 3503 ι
639 3453 723 3510 Solus
748 3453 872 3510 loannes
900 3452 975 3508 inter

128 3536 270 3606 apostolos
291 3539 397 3597 Christi
419 3541 474 3598 boc
497 3540 682 3614 privilegium
708 3542 815 3598 amoris
838 3542 972 3609 obtinuit,

128 3633 157 3681 ut
172 3625 296 3683 dilectus
317 3629 433 3686 Domini
455 3639 617 3688 vocaretur.
643 3632 682 3686 De
697 3631 812 3687 Martha
833 3639 930 3689 autem
947 3639 975 3687 et

127 3714 214 3770 llaria
233 3715 296 3787 ipse
318 3719 417 3776 scribit
437 3719 572 3784 loannes,
598 3741 612 3771 «ι
637 3720 707 3791 quia
733 3720 869 3792 diligebat
892 3721 975 3777 lesus

127 3802 277 3873 bertham,
307 3810 335 3862 et
366 3821 493 3865 sororem
524 3810 588 3881 ejus
616 3809 748 3875 hieriam,
780 3817 807 3866 et
833 3809 973 3864 Lazarum

126 3891 216 3962 lJvttn·
239 3909 280 3962 ιι,
304 3895 341 3957 el.
363 3917 379 3946 κ
398 3899 462 3968 lpse
477 3898 551 3954 idem
574 3900 729 3970 apostolus,
751 3899 801 3968 uui
826 3912 862 3955 ex
888 3897 975 3968 privi-

127 3979 209 4052 legio,
225 3989 259 4039 nt
272 3982 382 4040 dictum
404 3991 457 4052 est,
472 3986 580 4042 amoris
602 4001 631 4043 se
646 4001 739 4043 unum
760 3985 914 4042 aDomino
928 3985 975 4042 di-

126 4067 232 4127 lectum
246 4085 307 4129 este
324 4082 540 4143 commemorat,
565 4075 620 4132 hoc
641 4076 702 4146 ipso
718 4076 878 4148 privilegio,
895 4075 974 4146 quod

128 4158 198 4215 nulli
228 4160 351 4220 aliorum
375 4162 507 4234 ascripsit
530 4165 735 4234 apostolorum,
765 4164 887 4221 leminas
906 4164 974 4220 insi·

129 4249 228 4318 gnirit.
246 4250 279 4306 ln
293 4265 351 4322 quo
365 4252 453 4310 etiam
467 4252 575 4310 honore
588 4262 616 4311 et
631 4254 654 4309 si
669 4253 792 4323 ¹tratrem
816 4267 916 4310 earum
933 4253 975 4324 ip·

128 4337 166 4392 sis
189 4348 371 4411 aggregaret,
393 4354 442 4398 eas
463 4351 558 4398 tamen
581 4342 624 4399 illi
652 4342 817 4413 praeposuit,
844 4356 920 4413 quas
943 4343 973 4398 in

130 4438 224 4483 amore
237 4428 398 4498 precellere
422 4430 550 4487 credidit.
574 4430 809 4502 alternantque,
831 4438 862 4487 ut
882 4430 920 4486 ad
943 4430 972 4486 sr-

128 4513 202 4570 deles
228 4529 281 4572 seu
308 4516 488 4576 Christianae
522 4521 674 4577 redeamus
702 4520 832 4589 leminas,
867 4520 973 4576 divinae

130 4612 288 4673 respectum
308 4606 512 4665 misericordia
539 4609 568 4666 in
589 4609 654 4682 ipsa
678 4609 764 4666 etiam
789 4607 972 4680 publicorum

130 4690 285 4764 abjectione
324 4704 486 4754 scortorum
523 4706 553 4756 et
583 4699 723 4769 stupendo
750 4698 916 4769 predicare,
946 4704 972 4753 et

131 4781 307 4849 predicando
331 4793 456 4856 stupere.
473 4787 547 4852 Quid
568 4796 611 4845 est
625 4789 765 4860 abjectius
778 4801 867 4858 quam
881 4786 973 4843 Maria

129 4869 304 4945 legdalene
333 4875 376 4931 vel
401 4875 490 4932 llaria
517 4877 686 4948 AEgyptiaca
716 4879 874 4935 secundum
905 4875 972 4932 vitae

127 4968 231 5018 statum
250 4962 392 5032 pristinae!
416 4965 494 5031 Quas
516 4980 585 5023 vero
600 4965 846 5036 postmodum'vel
863 4965 973 5020 honore

127 5050 166 5105 rel
180 5053 285 5108 merito
297 5052 398 5110 divina
419 5054 544 5124 amplius
566 5056 660 5126 gratia
675 5053 863 5112 sublimavitl
891 5053 972 5109 illam

127 5139 241 5208 guidem
259 5142 345 5214 quasi
368 5143 398 5199 in
413 5143 569 5214 apostolico
590 5151 806 5213 permanentem
830 5142 972 5208 coenobio,

126 5235 153 5283 m
177 5229 243 5300 iarn
265 5244 356 5301 supra
379 5234 668 5289 commemoravimus
698 5235 738 5303 (tn
772 5234 841 5289 Vitis
870 5233 972 5303 Pete),

125 5315 173 5375 luc
185 5333 266 5387 vero,
284 5326 316 5376 nt
328 5321 468 5391 scriptum
482 5328 534 5389 est,
557 5335 647 5391 supra
662 5321 820 5378 humanam
835 5321 973 5378 virtutem

125 5410 365 5467 anachoretarum
381 5423 472 5481 agone
494 5409 660 5478 dimicante,
680 5411 756 5467 utin
780 5419 973 5481 utrorumque

127 5497 333 5558 nonachorum
358 5497 501 5571 proposito
533 5508 701 5558 aencorum
729 5497 823 5558 virtus
855 5499 972 5558 lemine·

1031 3004 1121 3061 versis
1134 3005 1169 3061 ad
1193 3005 1318 3062 coelestia
1341 3004 1418 3060 viam
1438 3000 1570 3072 patuisse.
1592 2995 1668 3051 illud
1684 3006 1802 3065 quoque
1817 3003 1874 3046 non

1029 3094 1173 3150 modicum
1203 3103 1368 3150 sanctarum
1397 3091 1564 3161 dignitatem
1589 3083 1769 3141 commendat
1797 3077 1876 3136 lemi-

1030 3196 1145 3251 narum,
1172 3185 1250 3254 quod
1275 3183 1304 3239 in
1322 3182 1382 3238 suis
1404 3183 1472 3250 ipsa
1495 3177 1591 3233 verbis
1612 3177 1805 3237 consecratur,
1830 3167 1876 3222 di-

1028 3279 1139 3328 centes:
1162 3294 1176 3323 «
1193 3271 1309 3328 Annulo
1324 3286 1376 3328 suo
1399 3266 1586 3326 subharravit
1603 3280 1658 3332 me,
1679 3261 1732 3332 ipsi
1747 3272 1812 3316 sum
1827 3257 1874 3312 de·

1028 3368 1162 3432 sponsata
1183 3361 1299 3435 (hiran,
1316 3374 1371 3417 ser.
1388 3360 1444 3431 90).
1462 3378 1476 3407 »
1499 3357 1566 3413 Hac
1583 3355 1690 3424 quippe
1705 3349 1792 3406 verba
1808 3351 1876 3403 sunt

1029 3452 1118 3507 beatae
1141 3451 1259 3521 Agnetis
1282 3451 1311 3504 in
1338 3449 1447 3519 quibus
1467 3447 1595 3517 virgines
1619 3455 1702 3498 suain
1727 3438 1875 3508 proless'o·

1028 3554 1093 3597 nem
1119 3541 1254 3596 iacientes
1274 3538 1386 3595 Christo
1411 3538 1630 3607 desponsantur.
1657 3531 1684 3586 Si
1705 3529 1772 3600 quis
1790 3527 1875 3582 etiam

1029 3637 1131 3684 vestra
1154 3629 1299 3699 religionis
1314 3628 1437 3683 lormam
1462 3639 1495 3680 ac
1518 3623 1688 3692 dignitatem
1708 3615 1787 3687 apud
1802 3629 1875 3687 gen-

1030 3718 1090 3772 tiles
1105 3731 1276 3787 cognoscere
1298 3723 1388 3781 curet,
1412 3724 1500 3784 atque
1516 3708 1657 3767 nonnulla
1675 3708 1741 3763 inde
1758 3716 1876 3776 qnoque

1027 3805 1159 3874 exempla
1173 3805 1209 3860 ad
1223 3805 1452 3862 exhortationem
1477 3809 1600 3857 vestram
1624 3797 1777 3860 inducere,
1794 3791 1876 3849 lncile

1028 3892 1218 3962 deprehendet
1232 3893 1262 3946 in
1285 3892 1354 3960 ipsis
1372 3890 1459 3944 etiam
1474 3886 1645 3943 nonnullam
1662 3884 1750 3954 hujus
1773 3894 1874 3949 propo-

1029 3982 1072 4037 siti
1099 3981 1306 4038 institutionem
1332 3978 1502 4049 praecessise,
1530 3981 1648 4044 excepto
1677 3970 1755 4042 quod
1778 3969 1814 4024 ad
1839 3968 1876 4022 li-

1029 4070 1073 4127 dei
1097 4071 1216 4141 pertinet
1240 4079 1376 4135 tenorem,
1397 4076 1424 4123 et
1453 4065 1544 4122 multa
1565 4063 1595 4118 in
1620 4061 1675 4117 illis
1699 4061 1774 4116 sicut
1795 4064 1823 4114 et
1848 4057 1877 4111 in

1030 4159 1135 4216 ludaeis
1165 4159 1348 4230 precessisse,
1375 4170 1441 4228 qua
1465 4169 1502 4211 ex
1531 4152 1663 4222 utrisque
1700 4155 1877 4219 congregata

990 4224 1153 4305 DEcclesia
1177 4248 1305 4317 retinnit,
1332 4247 1380 4302 sed
1406 4247 1435 4301 in
1459 4244 1562 4301 melius
1582 4237 1781 4298 commutavit.
1806 4235 1876 4304 (litis

1029 4338 1137 4393 nesciat
1152 4337 1302 4393 universos
1321 4336 1491 4392 clericorum
1507 4332 1621 4389 ordines
1644 4331 1681 4386 ab
1696 4328 1812 4386 ostiario
1827 4341 1876 4383 us·

1029 4425 1136 4496 quoad
1157 4426 1331 4496 episcopum,
1358 4428 1512 4494 ipsumque
1532 4430 1658 4478 tonsurae
1683 4431 1768 4475 usum
1789 4416 1881 4472 eccle.

1027 4516 1158 4583 siasticae,
1183 4529 1242 4587 qua
1257 4516 1351 4571 clerici
1371 4515 1454 4580 liunt,
1471 4520 1497 4567 et
1508 4509 1620 4583 ieiunia
1640 4509 1770 4576 Quatuor
1791 4505 1876 4561 Teur-

1028 4618 1142 4675 pornm,
1157 4612 1185 4660 et
1206 4617 1372 4675 azymorum
1396 4600 1580 4666 sacriticium,
1607 4612 1659 4653 nec
1674 4611 1732 4652 non
1746 4596 1810 4666 ipsa
1833 4607 1877 4650 sa-

1028 4693 1215 4750 cerdotalium
1232 4693 1467 4749 indumentorum
1483 4696 1663 4756 ornamenta,
1683 4695 1711 4743 et
1734 4683 1876 4741 nonnulla

1028 4782 1213 4839 dedicationis
1228 4782 1272 4837 vel
1287 4782 1343 4839 alia
1363 4787 1585 4847 sacramenta,a
1607 4778 1759 4848 synagoga
1781 4772 1875 4830 Eccle-

1028 4871 1099 4928 siam
1125 4873 1334 4942 assumpsisse?
1359 4872 1428 4939 Quis
1454 4871 1540 4926 etiam
1569 4870 1680 4938 ignoret
1703 4866 1798 4935 ipsum
1826 4862 1877 4918 uti·

999 4971 1005 4982 ’
1027 4961 1136 5017 lissima
1155 4961 1366 5032 dispensatione
1388 4974 1445 5017 nou
1460 4959 1553 5015 solum
1579 4955 1763 5014 saecularium
1778 4951 1876 5026 digni-

1027 5059 1120 5109 tatum
1136 5050 1244 5122 gradus
1263 5051 1293 5107 in
1313 5050 1430 5121 regibus
1447 5048 1615 5118 caterisque
1635 5045 1827 5118 principibus,
1851 5052 1878 5099 et

1027 5139 1170 5199 nonnulla
1184 5139 1280 5211 legum
1295 5140 1418 5205 decreta,
1436 5136 1480 5193 vel
1495 5136 1699 5207 philosophicae
1716 5134 1881 5217 discipline

1027 5231 1199 5288 documenta
1228 5229 1257 5283 in
1284 5227 1429 5283 conversis
1456 5226 1589 5296 gentibus
1624 5224 1811 5312 retinuissg3
1834 5240 1883 5287 ge-

1027 5332 1093 5377 rum
1120 5317 1207 5373 etiam
1244 5315 1383 5386 quosdam
1410 5313 1668 5370 ecclesiasticarum
1699 5310 1896 5402 dignmg'gm

1027 5406 1146 5481 gradtm,
1160 5404 1203 5461 vel
1222 5403 1404 5460 continentie
1420 5402 1549 5469 formam,
1573 5409 1601 5458 et
1622 5411 1815 5508 corporal-KR
1824 5425 1895 5499 mm,

1028 5497 1106 5557 ditia
1128 5494 1295 5567 religionem
1319 5493 1356 5549 ab
1380 5491 1421 5550 eis
1443 5493 1607 5564 accepisset
1629 5488 1774 5568 (inustae
1852 5523 1859 5537 .

1820 5529 1902 5637 nili
