3736 5962
79 165 114 221 sa
723 224 726 229 ,
762 144 897 225 narnus
913 165 1143 226 honorabas.
1797 166 1832 224 si

82 288 245 347 scandatum
268 287 428 358 peccabat.
458 289 547 356 latur
567 295 699 359 prasente
721 287 1042 358 budouicarcqehctus
1066 290 1171 346 ostilio
1193 290 1299 359 scripto
1327 304 1379 346 suo
1403 303 1494 346 coram
1512 291 1573 358 iqni
1600 289 1676 346 dare.
1706 290 1759 346 Nec
1787 291 1829 346 id·

84 365 110 416 et
126 362 156 418 B.
172 357 317 416 Bernardo
336 364 375 415 est
395 360 581 428 interroqatus
596 360 629 414 do
643 360 746 440 multis,
768 366 793 416 et
810 377 870 416 cum
886 377 931 418 es·
983 364 1057 418 circo
1066 363 1198 432 jacentus
1215 361 1309 417 studia
1331 362 1462 417 amulam
1484 361 1518 416 ab
1533 377 1562 415 eo
1576 361 1687 427 defecit.
1709 364 1758 416 ltie
1768 378 1830 417 rur·

82 438 124 491 set
137 445 330 502 responsurus,
355 431 388 487 de
410 431 527 500 justitia
548 437 574 485 et
591 436 706 487 castate
730 433 837 500 timens,
859 433 931 489 sedis
985 449 1031 490 sus
1047 434 1130 501 dicta,
1155 448 1215 488 cum
1242 435 1354 502 quaestio
1387 437 1564 502 repeteretur,
1591 433 1828 488 condemnaretur·

86 504 243 576 apostolicae
269 502 440 559 audientiam
465 503 625 574 appellauit.
648 503 725 558 Unde
752 508 790 558 sio
815 505 931 560 evadens
985 521 1046 574 que,
1058 507 1213 575 pontificem
1234 520 1309 560 mon.
1339 507 1499 574 appellauit.
1529 507 1553 558 ls
1576 509 1601 560 et
1624 510 1726 559 rectam
1755 507 1832 560 illam

86 592 142 633 uon
166 575 252 630 multo
273 578 338 644 past
364 574 491 632 cabilone
515 574 592 644 apud
619 573 648 628 S.
671 574 831 630 Marcellum
854 576 930 630 obiit.
985 577 1139 643 damnauit,
1160 577 1339 631 elsiientium
1362 576 1468 630 bomini
1488 575 1602 631 indicit.
1631 575 1787 646 vignerius
1802 577 1831 631 io

85 649 137 704 Hic
157 650 187 701 in
213 649 344 700 comitatu
370 646 525 717 Campania
551 646 684 712 fundauit
711 646 847 701 ecclesiam
869 662 932 702 con·
986 647 1059 704 Bihl.
1077 648 1177 704 histor.
1192 648 1232 703 nil
1248 647 1329 704 aliud
1349 648 1383 703 de
1397 646 1548 703 Abalardc
1562 646 1665 715 adfert,
1681 646 1737 703 nisi
1753 647 1831 717 qood

86 717 240 775 cantualem
263 718 515 773 sanctimonialium
538 717 571 771 de
589 717 742 773 Paracleto.
767 718 817 772 iiic
842 722 932 774 autem
986 719 1023 775 ab
1037 719 1101 775 aliis
1115 733 1145 775 se
1164 719 1306 789 accepisse
1326 719 1441 786 latetur,
1468 719 1542 774 inter
1556 732 1629 789 quos
1652 718 1831 788 praecipuum

87 793 184 847 Petrus
203 792 334 858 magistu
356 789 465 843 subtilis
495 791 522 842 ei
539 790 672 855 (amasus,
701 792 727 842 et
740 790 932 845 cekbmrimus
986 790 1146 847 Gilbertum
1168 790 1397 857 denebrardum,
1412 789 1464 860 qui
1487 797 1584 859 postea
1599 789 1831 860 archiepiscopus

88 864 119 917 in
133 861 261 930 opinione
278 862 407 926 scientia,
423 859 472 915 scd
486 859 519 914 de
537 860 591 929 fide
608 857 715 929 perside
731 859 930 928 doqmatizans.
985 863 1011 919 A
1034 861 1318 929 consternationis
1337 867 1492 917 auctorem.

88 933 179 1002 liujus
208 934 313 1002 scripta
337 930 471 999 incardic,
497 935 522 985 et
545 931 705 1000 scriptorem
730 933 839 987 silentio
858 947 933 1002 papa
1062 933 1188 989 roardus
1208 931 1347 989 Girardus
1371 932 1510 988 ilallaous
1528 928 1763 1000 burdegalensis,
1779 931 1832 1002 qui

86 1004 266 1059 Innocentius
273 1001 472 1057 modemnacit
484 1003 613 1072 capitula
626 1004 656 1057 in
671 1000 750 1056 libris
765 1003 823 1072 ejus
839 1019 931 1072 repre·
986 1003 1163 1060 Gallicanam
1183 1003 1330 1060 historiam
1346 1003 1443 1060 Karali
1458 1002 1497 1058 lx
1520 1003 1601 1059 'ussu
1621 1010 1649 1057 et
1666 1003 1832 1072 sumptibus

89 1074 237 1131 tensibilia
259 1076 401 1129 annotavit
424 1075 452 1130 s.
472 1072 629 1128 beram-das
652 1075 683 1128 in
703 1075 827 1143 epismla,
850 1090 933 1144 quam
986 1075 1132 1147 eleganter
1149 1074 1238 1131 literis
1253 1074 1413 1143 mandavit,
1428 1074 1490 1129 haec
1511 1017 1545 1129 de
1570 1079 1668 1129 nostro
1692 1073 1722 1128 io
1738 1073 1831 1129 Ludo·

87 1145 122 1203 de
136 1149 196 1216 ipso
223 1148 337 1215 scripsit
361 1145 399 1200 ad
412 1143 599 1200 innocentium
611 1159 725 1214 papam.
750 1145 830 1201 Libri
844 1151 933 1200 tamen
985 1146 1052 1203 vico
1065 1147 1202 1202 iuniore:
1224 1147 1419 1201 Annoricanus
1435 1145 1553 1216 quidem,
1577 1144 1684 1214 inquit,
1709 1145 1830 1200 Abalar-

87 1217 287 1287 qusamultis
310 1216 529 1284 habentur.qu
554 1219 622 1285 ipse,
645 1217 736 1282 inquit
750 1217 932 1286 Heliaandus,
985 1216 1049 1284 dus,
1073 1221 1125 1273 aut
1154 1216 1361 1286 Abbapelardus
1388 1218 1519 1286 magister
1545 1229 1669 1269 stemnius
1691 1217 1722 1269 in
1747 1216 1830 1271 diale-

87 1289 265 1344 multaineis
276 1286 501 1357 ”prehensibilis
514 1290 616 1343 inueni.
986 1291 1056 1344 alica
1079 1288 1209 1354 creditus,
1237 1293 1281 1342 sui
1305 1291 1434 1357 temporis
1459 1287 1642 1355 doctissimus,
1681 1287 1831 1355 uampluri-

125 1358 216 1428 HuJ'us
235 1358 312 1415 Petri
329 1357 480 1428 aliquando
498 1360 593 1425 tuerat
610 1358 762 1428 discipulus
780 1359 933 1427 (laufridus
986 1376 1043 1416 mas
1059 1359 1175 1414 babebat
1189 1359 1338 1429 discipulos
1353 1365 1378 1413 el
1397 1359 1524 1424 asseclas,
1540 1360 1589 1428 qui
1607 1372 1657 1426 pen
1694 1357 1832 1427 bantejus

86 1428 348 1496 Antisciodorensis,
383 1431 431 1500 qui
456 1430 543 1486 multo
573 1434 690 1500 ternpore
720 1431 778 1498 tuit
808 1433 934 1486 notarius
987 1432 1022 1487 ab
1040 1447 1095 1497 ore,
1111 1436 1142 1485 ut
1165 1431 1340 1485 addiscerent
1356 1430 1482 1486 liberales
1504 1429 1686 1498 disciplinas3
1707 1429 1745 1483 ad
1759 1443 1831 1483 eum-

88 1502 118 1558 S.
134 1499 280 1566 bernardi,
296 1506 350 1581 etc.
371 1500 407 1556 Et
421 1500 492 1571 quia
515 1502 645 1558 meminit
660 1499 823 1570 Helinaodi,
840 1502 933 1558 dicam
989 1518 1040 1573 que
1053 1504 1127 1557 omni
1137 1517 1171 1555 ea
1187 1508 1267 1570 parte
1282 1502 1363 1626 gebat
1378 1516 1532 1567 concursus,
1549 1506 1575 1555 et
1597 1499 1641 1554 liis
1654 1514 1709 1554 non
1724 1504 1831 1555 conten-

88 1571 261 1628 ebilereum
287 1569 377 1628 fuisse
397 1571 550 1628 Picardum
574 1572 703 1643 Belgam,
719 1581 832 1642 poetam
844 1572 932 1629 Galli·
990 1580 1034 1628 tus
1048 1576 1200 1641 penetrauit
1219 1575 1279 1628 ina
1298 1574 1359 1627 dita
1380 1574 1528 1641 theologie,
1550 1571 1728 1638 dereliqione
1748 1575 1833 1640 perli-

27 1674 33 1679 -
88 1656 156 1699 com
191 1641 237 1698 sni
262 1642 400 1712 temporis
433 1642 666 1710 subtilissimum,
693 1643 743 1712 qui
774 1642 934 1725 elegantem
989 1647 1095 1700 nacitor
1107 1645 1263 1714 disputans,
1291 1649 1317 1698 et
1334 1646 1473 1699 nominum
1493 1644 1690 1711 significatione
1705 1642 1831 1695 abutens.

88 1719 242 1770 tractatum
264 1713 304 1769 De
318 1721 409 1770 morte
426 1713 541 1770 rithmis
560 1713 724 1771 vernaculis
739 1723 851 1785 panxit,
870 1723 933 1770 tao·
949 1696 972 1755 Β
990 1717 1022 1771 Et
1038 1716 1222 1786 paulopost:
1239 1718 1390 1770 Damnatus
1413 1720 1441 1769 ia
1459 1713 1627 1784 prouinciali
1642 1713 1746 1782 synodo
1760 1728 1835 1768 surn-

88 1785 215 1855 demqoe
225 1792 364 1854 perinsus
378 1785 515 1841 vanitatis
528 1785 617 1856 hujus
631 1785 731 1853 seculi,
747 1786 831 1866 elegit
845 1785 935 1842 vitam
988 1803 1062 1842 mam
1074 1789 1229 1857 pontificem
1244 1788 1404 1857 appellauit,
1426 1789 1474 1855 qai
1498 1788 1524 1840 ei
1538 1786 1678 1839 silentium
1694 1787 1835 1854 imposuit.

89 1855 249 1913 solitariam
265 1856 294 1911 iu
310 1856 439 1913 coeoobio
456 1856 565 1928 Frigidi
586 1856 690 1915 Montis
708 1857 817 1913 ordinis
831 1856 935 1914 Cister·
990 1858 1148 1929 Subiungit
1169 1858 1271 1913 deinde
1295 1857 1470 1914 Gallicarum
1495 1868 1593 1913 rerum
1608 1857 1730 1925 scriptor
1744 1863 1834 1911 totam

88 1926 257 1984 ciensissuh
273 1927 407 1997 episcopo
433 1927 635 1995 bellovacensi,
666 1927 734 1985 huic
757 1935 785 1984 et
810 1927 935 1984 Silvane-
990 1930 1100 2000 deejus
1122 1937 1150 1985 et
1170 1928 1304 1985 llcloissac
1328 1929 1475 1985 amoribus
1498 1926 1705 1991 narrationem,
1725 1925 1833 1997 lugam,

88 1998 190 2066 aiensi,
205 1997 309 2054 vicinis
323 1999 384 2055 suis
405 1998 603 2056 charissimus.
630 1999 718 2057 Plura
738 1998 773 2055 da
793 2013 826 2056 eo
853 2013 934 2069 repe-

89 2069 146 2126 ries
159 2068 237 2139 apud
251 2068 440 2126 Trithemium
461 2070 491 2126 io
505 2070 635 2142 catalogo
657 2069 847 2127 benedictinae
862 2084 935 2142 gen·

89 2140 127 2198 tis
145 2147 172 2197 et
188 2139 366 2197 iamiliarum
381 2141 489 2197 sabea.

125 2210 338 2267 beTrithemio
372 2210 477 2282 injecta
510 2211 615 2269 mentio
644 2210 720 2268 elicit
753 2211 867 2267 anobis
887 2225 937 2268 ex·

89 2288 189 2350 cerpts
202 2293 239 2342 ex
251 2279 315 2351 cJ'us
328 2281 401 2337 libro
424 2282 464 2339 De
487 2284 617 2353 scriptor.
636 2282 750 2338 eccles:
771 2284 878 2349 Petrus,
896 2282 936 2337 in-

89 2351 164 2423 quit,
187 2351 342 2407 dialecticos
376 2352 541 2408 Parisicnsis
569 2352 659 2408 dictus
693 2352 858 2422 rihelardus,
886 2369 937 2408 na·

91 2425 164 2479 tione
184 2422 294 2490 Gallus,
318 2425 362 2478 nir
388 2425 418 2478 in
433 2426 552 2479 seculari
581 2426 694 2494 filosoda
719 2424 923 2479 eruditissimus

989 1999 1187 2070 puerperium,
1208 2001 1348 2069 nuptias:
1374 1999 1476 2057 deinde
1500 2006 1532 2055 ut
1553 1998 1603 2054 illa
1624 1997 1702 2066 apud
1727 1999 1835 2068 Argen-

989 2070 1100 2138 tolium,
1122 2071 1168 2126 ille
1184 2072 1262 2139 apud
1289 2070 1315 2126 S.
1336 2069 1504 2140 Dionysium
1527 2069 1563 2124 ad
1588 2068 1752 2138 Sequanam
1781 2068 1836 2123 tria

988 2151 1057 2198 vota
1071 2140 1232 2199 emiserint:
1249 2148 1340 2211 utque
1363 2141 1410 2197 ille
1433 2153 1519 2221 prope
1532 2140 1727 2210 Navigantum
1752 2138 1836 2195 Para-

989 2213 1054 2270 cleti
1079 2212 1242 2269 coeoohium
1273 2212 1434 2280 aedificavit,
1470 2225 1555 2280 eique
1589 2218 1686 2280 postea
1714 2224 1836 2266 uxorem

990 2298 1074 2340 suam
1091 2282 1257 2353 praefecerit,
1278 2284 1316 2339 mi
1340 2283 1469 2354 raritquc
1484 2283 1544 2352 ipse
1558 2283 1594 2337 ad
1610 2281 1745 2351 patriam,
1760 2295 1835 2352 prac-

990 2355 1077 2411 luerit
1105 2355 1132 2410 S.
1163 2353 1286 2410 Gildasio
1314 2300 1444 2424 guilenci,
1472 2366 1595 2424 eamque
1622 2352 1778 2420 abbatiam,
1805 2358 1838 2407 ut

990 2425 1176 2496 tranquillari
1204 2427 1272 2481 vitio
1291 2439 1396 2495 genere
1419 2426 1565 2481 inseretur
1585 2423 1716 2505 ejurarit.
1747 2422 1838 2493 Cujus

90 2498 115 2549 et
129 2493 274 2578 indicinis
303 2494 456 2565 Scripturis
480 2496 607 2551 nobiliter
627 2496 733 2561 dactus,
748 2497 871 2563 gaudens
887 2467 937 2553 na'
990 2497 1108 2568 quidem
1138 2504 1299 2552 conventos
1324 2496 1459 2567 Ritjeosis
1487 2496 1546 2564 ipso
1573 2494 1714 2551 Gerardus
1737 2504 1837 2550 nostra

89 2569 369 2634 uitatctcrminorum,
391 2571 416 2621 et
438 2568 539 2622 altiora
558 2582 585 2621 se
609 2568 730 2621 scrutari
746 2573 865 2629 tentares,
894 2583 938 2637 op
991 2568 1129 2624 memoria
1151 2567 1205 2623 luit
1238 2568 1327 2623 abhas
1350 2566 1622 2632 commendatarius,
1649 2573 1677 2622 et
1699 2579 1747 2621 me
1768 2565 1837 2621 ado·

86 2651 200 2707 pressus
215 2653 233 2692 a
251 2637 340 2705 picria
365 2639 394 2692 iu
422 2639 515 2709 plures
536 2638 636 2693 incidit
658 2653 772 2704 errores,
803 2643 828 2692 et
842 2645 938 2707 aperte
991 2638 1143 2695 lescentem
1167 2651 1255 2694 senex
1284 2639 1358 2694 inter
1386 2639 1494 2693 amicos
1525 2639 1686 2708 praecipuos
1721 2636 1835 2705 habuit,

89 2712 183 2764 sancto
212 2708 309 2765 abbate
333 2709 473 2765 Bernarda
497 2712 527 2765 in
560 2709 707 2765 Senonensi
740 2711 852 2765 concilio
876 2725 937 2764 curn
991 2709 1119 2766 carmine
1134 2723 1196 2765 meo
1211 2711 1383 2779 pancayricc
1401 2709 1545 2765 laudatus.

88 2782 184 2850 prauis
207 2782 265 2836 suis
293 2779 425 2836 doctrinis
449 2781 651 2837 condemnatus.
674 2779 718 2834 Ab
740 2780 788 2835 boc
820 2785 937 2850 ternpore
1028 2779 1197 2836 Franciscus
1212 2779 1502 2836 veroBelli-lorestus
1517 2777 1742 2849 conveoa;item
1756 2791 1838 2834 meus

89 2852 166 2921 ptcsc
225 2852 356 2907 smuhris
375 2867 483 2907 sacram
518 2852 681 2918 tbecloqiam
703 2865 754 2905 sua
778 2856 934 2906 curiositate
991 2850 1153 2917 familiaris,
1169 2849 1735 2920 Girardicaaetaenusetaemulus,quem
1750 2849 1836 2905 etiam

89 2923 163 2977 beuti
180 2925 184 2935 '
202 2922 306 2990 [adare
327 2924 414 2991 capit.
434 2923 551 2992 Scripsit
573 2925 664 2977 auten
684 2921 780 2976 l’elras
801 2925 932 2977 ιἐιειιονι-
987 2921 1121 2979 versibus
1140 2921 1282 2978 celebravi
1307 2923 1337 2978 io
1364 2936 1538 2995 magnorum
1564 2920 1721 2977 Annalium
1744 2920 1840 2989 operis

89 2994 169 3048 riulla
182 2993 330 3062 opuscula;
349 2993 447 3062 quibus
467 2995 492 3047 si
509 3008 612 3047 errores
633 3008 687 3047 non
700 2996 863 3061 miscuisset,
882 2996 936 3048 uti·
952 3024 975 3082 c
990 2993 1118 3064 bipartiti
1138 2993 1186 3049 lib.
1204 3008 1243 3061 m,
1261 3007 1323 3063 cap.
1344 2994 1390 3060 li,
1417 3001 1449 3050 ut
1470 3000 1513 3049 est
1536 2992 1669 3063 copiosus
1686 2999 1714 3048 ct
1730 2991 1838 3047 Asiati-

89 3064 166 3119 litati
175 3065 348 3132 posteritatis
362 3064 504 3131 profuisse
521 3069 659 3133 poterant.
682 3066 725 3118 lin
746 3064 845 3132 quibus
859 3069 937 3119 catat
991 3079 1053 3132 cus,
1071 3078 1107 3120 ne
1122 3064 1215 3121 dicam
1229 3064 1408 3128 redundans,
1432 3065 1524 3120 multa
1548 3064 1583 3119 do
1599 3063 1653 3118 hoc
1676 3070 1773 3119 nostro
1791 3062 1838 3117 in-

89 3135 216 3190 columen
238 3134 383 3189 dialectica
415 3134 579 3190 obscuritate
604 3135 812 3191 subumbratun
844 3138 938 3191 multis
993 3137 1066 3206 gerit
1080 3135 1352 3206 partimcomperta,
1370 3135 1474 3204 partim
1499 3133 1584 3191 etiam
1602 3137 1751 3206 ignorata:
1768 3147 1837 3189 eum

92 3206 232 3261 sententiis
252 3207 371 3272 uarium,
386 3205 458 3274 quod
477 3210 630 3276 manatura
652 3209 740 3263 coluit
769 3206 939 3276 Theoloqiarn
988 3206 1126 3264 videlicet
1147 3207 1294 3274 exquisita
1322 3206 1471 3262 literarum
1496 3205 1702 3262 humaniorum
1727 3212 1753 3261 et
1773 3204 1839 3259 silc-

92 3274 235 3333 suamlib.
267 3292 286 3344 1,
311 3281 337 3331 ct
355 3276 482 3349 quadam
510 3278 577 3332 alia.
604 3278 707 3334 claruit
737 3278 787 3333 sub
816 3278 939 3334 Conrado
993 3278 1070 3333 soltae
1092 3277 1287 3335 reconditioris
1318 3278 1481 3348 cognitione
1512 3277 1668 3342 tumidum,
1695 3289 1729 3332 eo
1756 3287 1837 3330 arro·

92 3347 256 3417 imperatore
283 3348 337 3417 lii,
362 3363 434 3403 anno
460 3350 567 3404 bomini
595 3350 672 3404 illo.
700 3349 805 3406 Eadem
821 3349 937 3406 totidem
993 3349 1100 3419 gantiae
1118 3362 1313 3419 progressum,
1335 3357 1366 3405 ut
1386 3362 1422 3404 ex
1437 3362 1501 3412 suo,
1526 3361 1584 3403 oco
1598 3347 1733 3403 Ecclesia
1749 3359 1839 3402 sensu

91 3419 187 3476 verbis
200 3419 324 3476 conradi
340 3419 407 3487 duo,
425 3420 568 3477 Gesnerus
586 3434 698 3491 nempe,
710 3429 736 3478 et
752 3420 940 3490 Lycostheoes
994 3419 1120 3489 plurima
1139 3434 1228 3475 ausus
1249 3420 1285 3475 sit
1315 3419 1345 3474 in
1374 3420 1463 3475 sacris
1490 3418 1647 3488 Scripturis
1662 3424 1838 3488 pervertere,

92 3489 123 3548 io
135 3488 267 3546 biblioth.
993 3503 1070 3546 nava
1097 3491 1233 3562 dogmata
1254 3490 1446 3556 introducere,
1475 3503 1581 3545 novam
1605 3488 1691 3544 etiam
1713 3496 1741 3545 et
1755 3487 1840 3545 Chri-

126 3562 252 3618 lcanoes
269 3559 426 3618 Naticlctus
438 3561 548 3618 volum.
564 3562 603 3618 lll
619 3575 636 3618 a
650 3561 763 3619 Christo
787 3568 865 3626 nato,
891 3576 937 3632 ge·
993 3560 1095 3617 stiaois
1113 3561 1383 3631 perniciosissimam
1406 3561 1441 3616 de
1466 3560 1523 3617 lato
1552 3559 1709 3617 stoicorum
1728 3566 1756 3616 et
1771 3572 1842 3629 pac·

91 3632 242 3689 oeratione
272 3634 326 3688 ib:
354 3633 409 3688 Sub
436 3635 593 3689 innocentio
618 3634 814 3689 condemnatur
843 3636 939 3689 Petrus
994 3640 1090 3689 tarum
1109 3631 1273 3702 opinionem
1298 3631 1382 3688 tueri.
1408 3631 1487 3687 Alios
1513 3644 1636 3697 errores,
1670 3645 1744 3701 quos
1771 3629 1839 3685 aii.

91 3702 267 3769 Abcldrdus,
285 3708 316 3758 ut
338 3706 426 3770 refert
447 3705 477 3759 in
505 3705 618 3774 Speculo
647 3707 815 3771 Vincentius,
832 3704 866 3759 de
888 3720 941 3773 quo
994 3703 1140 3760 Beroardo
1155 3717 1293 3760 mucrone
1309 3703 1390 3759 verbi
1410 3701 1501 3758 divini
1532 3701 1702 3759 translossos
1728 3702 1838 3768 recitat,

91 3774 330 3831 adinnccentiam
353 3776 381 3831 S.
406 3777 585 3831 bernardus:
609 3777 756 3844 Habemus,
784 3777 885 3845 inquit,
909 3779 939 3831 in
1015 3782 1143 3843 ramnes,
1160 3788 1196 3830 oe
1211 3783 1308 3832 actum
1323 3787 1408 3846 agere
1438 3774 1545 3830 videat.
1575 3773 1628 3829 Sed
1655 3772 1727 3829 illud
1744 3779 1840 3828 ratum

91 3847 210 3903 Francia
225 3861 324 3902 nouam
338 3845 372 3901 de
388 3850 650 3916 cetmimaqistram
673 3848 834 3916 theoloqum.
852 3846 940 3903 Plura
994 3789 1100 3903 flabere
1125 3861 1184 3902 oco
1211 3860 1328 3917 possum
1360 3845 1439 3916 quod
1467 3844 1521 3901 suh
1566 3843 1735 3915 pontilicatu
1763 3843 1841 3898 Lucii

91 3932 151 3975 noo
167 3917 326 3989 adjungam
348 3932 414 3988 quae
437 3918 557 3989 ipsemet
577 3920 788 3990 chronogralus
813 3932 843 3974 se
866 3932 883 3974 a
904 3920 937 3972 b.
994 3917 1128 3983 adstruit,
1142 3932 1209 3973 euin
1224 3931 1321 3974 coram
1336 3930 1403 3998 rege
1416 3916 1570 3983 budovico,
1587 3915 1767 3986 concilioque
1781 3927 1838 3969 oa-

90 3989 239 4045 Bernardc
253 3997 281 4046 et
297 3989 434 4047 Gaulrido
453 4004 542 4062 supra
564 3991 651 4047 citato
675 3990 818 4060 accepisse
833 3989 940 4045 latetur
993 3988 1093 4046 tionali
1121 3987 1294 4057 palinodiam
1325 3987 1472 4053 cecinisse,
1493 3993 1521 4043 ct
1550 4000 1662 4043 errores
1686 3984 1841 4057 agnovisse

92 4059 252 4131 eademque
267 4061 402 4117 columna
417 4060 502 4119 relert
527 4062 629 4132 ingens
650 4060 836 4124 miraculum,
861 4060 938 4129 quod
993 4066 1021 4115 et
1047 4059 1213 4128 abjurasse:
1244 4059 1321 4129 quod
1349 4059 1563 4129 qualecumque
1590 4058 1645 4114 sub
1673 4057 1841 4112 innocentio

93 4145 192 4188 coram
206 4131 339 4188 Conrado
355 4133 425 4201 imp.
442 4145 609 4201 magnaque
625 4130 722 4201 papuli
733 4132 774 4186 ire
798 4132 899 4187 aeolio
913 4139 940 4187 et
993 4130 1130 4186 accidisse
1150 4129 1218 4186 satis
1234 4143 1380 4201 superque
1395 4130 1548 4200 probatum
1569 4136 1621 4185 est.
1639 4127 1842 4184 llallucinatur

92 4216 238 4259 eroncnrsu
260 4203 291 4259 io
307 4201 436 4272 Spirensi
457 4202 576 4259 basilica
601 4201 738 4257 accidisse
762 4146 887 4257 affirmat
902 4201 937 4259 de
992 4202 1078 4281 otiam
1094 4201 1124 4256 io
1138 4215 1171 4257 eo
1194 4199 1275 4271 quod
1301 4201 1371 4258 dicit
1395 4208 1457 4271 post
1479 4201 1560 4256 illum
1580 4200 1720 4256 vomitum
1743 4206 1841 4280 trans·

92 4273 126 4330 b.
143 4274 290 4331 bernardo
311 4280 354 4330 ter
369 4272 518 4343 Virginem
535 4279 655 4329 matrem
675 4272 819 4329 salutante
838 4273 937 4330 multis
993 4272 1059 4329 iisse
1077 4272 1113 4328 ad
1128 4273 1317 4328 monasticam
1340 4273 1448 4338 vitam;
1469 4285 1534 4328 cum
1559 4284 1597 4326 ex
1615 4283 1704 4340 supra
1727 4277 1842 4339 scriptis

91 4345 289 4411 audientibus,
305 4351 333 4401 ct
348 4344 384 4400 ab
398 4343 496 4400 eadem
513 4344 599 4401 semel
614 4343 781 4400 resalutato.
952 4380 975 4437 D
991 4350 1110 4410 constet,
1127 4357 1193 4400 eum
1209 4342 1305 4400 adhuc
1323 4344 1462 4415 juvenem
1482 4340 1575 4398 ordioi
1592 4340 1774 4398 benedictino
1790 4354 1840 4396 no-

129 4416 238 4475 Paulus
255 4413 391 4473 AEmilius
417 4415 601 4483 Veronensis,
630 4415 784 4472 historicus
812 4415 934 4471 Franco·
992 4429 1060 4472 meo
1089 4414 1200 4472 dedisse
1218 4415 1314 4471 statim
1339 4418 1491 4485 postquam
1512 4414 1656 4470 canterius
1675 4413 1735 4468 sivo
1753 4412 1841 4483 spado

94 4502 159 4545 rum
176 4486 365 4551 clarissimus,
375 4484 425 4541 lib.
443 4500 462 4542 v
477 4485 507 4542 io
524 4486 667 4543 Ludorioo
682 4486 802 4543 iuniore
818 4501 824 4542 :
841 4488 938 4542 Petrus
994 4485 1088 4543 lactus
1113 4494 1165 4542 est.
1192 4486 1273 4552 Quod
1303 4485 1327 4541 si
1355 4485 1395 4541 ita
1425 4493 1497 4541 esset
1526 4491 1559 4540 ιιι
1587 4483 1666 4550 dicit,
1690 4497 1748 4539 oon
1779 4483 1841 4538 ideo

92 4557 439 4684 Aboelwbfltmm'
454 4558 749 4685 catnslzisciplrulcrum
771 4560 940 4684 stribiligi-
993 4557 1188 4628 vitnperaoda
1204 4563 1277 4613 esset
1299 4568 1363 4612 sera
1391 4557 1570 4626 poenitentia.
1601 4557 1685 4612 Recte
1713 4552 1839 4611 macca:

92 4632 175 4686 simos
245 4644 293 4684 ea
373 4630 518 4685 iamnium
549 4631 693 4685 ieroium
716 4631 820 4684 artium
842 4635 887 4684 stu
908 4631 940 4686 i'a
1692 4663 1697 4672 -
1726 4677 1733 4689 ‚

92 4643 374 4787 ccccli
387 4715 448 4756 eut
473 4701 595 4787 mm
614 4716 759 4786 ccc
775 4700 871 4784 nr.
1046 4666 1399 4805 tetrasticam
1413 4662 1733 4804 artearte·

93 4787 154 4844 tpse
165 4775 305 4829 conterdus
322 4775 382 4828 erat
404 4776 449 4828 sui
468 4775 551 4828 seculi
563 4774 660 4841 qbnc,
677 4773 892 4838 eruditioneque,
907 4772 940 4827 de
1391 4776 1398 4803 ’

95 4846 148 4901 beo
161 4843 344 4913 religioneque
359 4844 523 4900 christiana
539 4845 684 4911 noscens,
706 4860 724 4899 a
746 4846 849 4900 calens
864 4844 937 4899 scho—
994 4843 1034 4900 De
1050 4840 1175 4899 llcloissa
1202 4855 1302 4909 uxore,
1329 4841 1511 4912 postmodum
1531 4839 1687 4907 abbatissa,
1716 4838 1838 4895 candide

95 4915 129 4974 lis
166 4918 341 4986 sensibusque
374 4915 547 4973 desciscebat.
580 4917 612 4971 ln
645 4917 742 4985 primis
775 4914 938 4984 affardebat,
994 4915 1101 4971 latetur
1115 4926 1178 4969 earo
1204 4913 1269 4969 vitae
1296 4920 1324 4969 ct
1353 4913 1454 4969 mortis
1479 4912 1631 4968 sanctitate
1659 4911 1747 4967 inisse
1775 4909 1843 4966 insi·

94 4987 169 5059 quod
182 4989 212 5042 in
222 4987 378 5058 delinitione
395 4992 497 5044 sancta
512 4986 589 5058 idei
610 4992 706 5042 contra
727 5002 759 5042 ac
774 4988 863 5042 sancti
884 4984 939 5041 Pa·
994 4999 1099 5058 goem;
1114 4985 1164 5041 sed
1179 4997 1329 5056 perperam
1345 4984 1477 5041 abutitur
1491 4983 1564 5053 stylo
1585 4983 1752 5055 diogenio,
1773 4994 1841 5037 cum

95 5065 150 5116 tres
173 5059 353 5114 tradidissent
371 5059 553 5128 assmerabai,
569 5060 611 5113 ita
631 5063 662 5114 ut
678 5058 819 5115 uideretur
840 5057 941 5125 sabam
993 5056 1178 5128 reprehendit
1192 5056 1326 5113 ultimam
1339 5055 1478 5127 epitaphii
1494 5054 1665 5120 clausulam,
1680 5052 1758 5123 quod
1773 5051 1841 5108 luo-

91 5131 309 5203 perruasionem,
324 5133 531 5201 opinionemque
549 5133 696 5200 ancipitem
719 5131 774 5201 fide
792 5130 941 5197 iimlopica
993 5128 1032 5186 rit
1046 5129 1179 5199 gnaviter
1199 5127 1352 5198 impudens
1375 5134 1402 5183 et
1428 5139 1569 5196 arrogans
1590 5123 1771 5205 abelardus,
1785 5123 1839 5205 qni

95 5203 231 5259 contineri
254 5216 370 5270 amere,
393 5202 468 5268 quod
482 5204 509 5257 ei
534 5205 712 5272 reciperetur,
737 5207 771 5256 de
798 5203 939 5271 firmitate,
993 5199 1091 5257 omnia
1106 5213 1174 5270 quas
1193 5199 1259 5256 sciri
1281 5206 1404 5269 possent,
1421 5197 1476 5253 sibi
1498 5196 1550 5252 soli
1573 5195 1701 5265 patuisse
1723 5201 1841 5274 iactita-

95 5279 224 5345 octoque
254 5289 285 5329 ac
313 5272 524 5344 inecpuqaabili
544 5275 678 5329 sententia
700 5274 812 5343 pietatis
841 5275 940 5327 nostra
994 5278 1047 5328 ret.
1067 5269 1155 5337 Quasi
1170 5284 1238 5327 vero
1253 5270 1313 5340 ipso
1327 5269 1381 5325 sibi
1395 5269 1495 5324 vivens
1509 5267 1658 5338 epitafium
1669 5265 1840 5331 condiderit,

95 5350 186 5402 actam
213 5346 296 5413 toret.
327 5344 388 5402 Vim
409 5360 514 5413 uocum,
546 5360 625 5401 suam
650 5344 826 5414 disciplinam
853 5347 939 5397 norni-
993 5341 1079 5412 cujus
1094 5340 1195 5398 Petrus
1210 5339 1429 5401 Venerabilisse
1448 5346 1596 5396 auctorem
1612 5336 1752 5411 agnoscit,
1769 5336 1840 5393 assi-

92 5432 160 5472 num
182 5417 329 5484 oscitabat,
352 5432 384 5473 ea
398 5418 504 5473 ratione
526 5417 681 5486 theologicis
704 5416 808 5472 studiis
823 5413 936 5483 coniun-
992 5413 1070 5469 duno
1099 5411 1215 5474 auditor
1243 5411 1475 5470 doctissimorum
1497 5411 1561 5483 ejus
1584 5409 1767 5491 concionum,
1798 5416 1841 5490 tc·

93 5488 186 5559 qebai,
209 5493 240 5543 ut
256 5490 429 5557 conceptione
452 5488 595 5545 certarum
614 5492 699 5545 brun
716 5492 773 5558 opt.
792 5501 868 5542 maa.
890 5488 939 5541 tri·
993 5484 1044 5540 stis
1058 5484 1111 5555 pin
1134 5483 1199 5556 ejus
1225 5483 1452 5542 conversationis
1480 5490 1508 5540 ct
1531 5483 1562 5539 io
1588 5481 1702 5538 Christo
1729 5479 1840 5536 dormi·

93 5574 162 5618 num
183 5559 300 5618 eundern
324 5563 350 5615 et
371 5574 458 5616 unum
478 5560 642 5630 proitianus,
667 5575 697 5616 re
720 5573 881 5631 oppuqnare
896 5572 938 5613 rr-
991 5555 1088 5615 tionis.
1817 5619 1823 5631 ,

94 5632 242 5707 wicus
264 5631 411 5691 ridentur.
435 5632 470 5690 in
486 5630 637 5690 &acubus
654 5635 800 5688 occumbes
823 5629 939 5688 duduc
1029 5626 1169 5686 Ultimum
1183 5639 1252 5685 vero
1266 5624 1321 5684 boc
1334 5623 1562 5693 conterendum,
1577 5622 1656 5696 quod
1671 5634 1739 5680 com
1753 5618 1841 5679 Belli·

93 5706 288 5765 rsnieatrum
303 5704 439 5764 edom
461 5703 523 5775 dur
547 5702 653 5774 piacita
671 5701 783 5760 tatum
804 5705 853 5757 esi.
873 5699 936 5759 boa
991 5696 1118 5760 ιοιωιιι
1148 5704 1369 5773 muntenni
1400 5695 1536 5757 nutura
1558 5693 1839 5761 reconciliatonis
