3804 5962
103 195 156 248 adr

565 186 665 243 PETRI
685 183 870 241 subtilior
889 183 966 242 OPP.
981 182 1071 241 Palis
1090 183 1112 240 l.
1133 213 1167 225 -
1186 183 1377 242 EPISTOLAE.

102 322 183 374 tanto
211 313 301 371 sacris
329 313 416 370 etiam
448 311 588 369 altaribus
620 309 780 368 idoniorem
811 308 945 380 ellleeret,
961 309 988 366 d
1002 309 1057 367 bus
1085 308 1252 377 consulere,
1281 324 1354 382 quos
1388 309 1521 369 diabolus
1550 312 1580 371 in
1615 327 1674 371 uno
1706 315 1747 373 nil

101 411 212 476 quanto
227 417 272 459 me
288 401 371 459 nulla
395 401 463 458 hinc
477 400 603 471 amplius
628 398 790 456 carnalium
816 397 950 470 contagio

102 492 299 562 pollutionum
322 496 499 547 revocarent.
521 487 614 556 Quam
638 488 792 546 clementer
812 487 901 544 etiam
919 487 949 543 in

102 597 135 639 eo
149 588 261 639 tantum
277 594 322 637 me
338 580 395 650 pati
411 577 504 635 voluit
526 576 668 643 membro,
684 577 769 649 cujus
784 574 906 646 privatio
920 583 949 632 et

101 670 205 727 animae
218 668 305 726 saluti
328 666 500 735 consuleret,
515 673 546 722 et
569 679 674 735 corpus
689 678 746 722 non
769 664 946 735 deturparet,

100 773 153 816 nec
184 757 274 816 ullam
305 756 467 813 olliciorum
499 753 742 811 ministrationem
776 752 947 824 praepcdirot

98 848 147 918 [ol.
167 836 339 917 impedirctl.
360 847 420 900 lmo
439 843 476 899 ad
495 841 592 900 omnia
611 856 677 913 quae
695 841 812 898 honeste
836 855 946 912 gerun-

98 940 158 1005 tur,
187 943 266 993 tanto
293 948 338 990 me
364 931 568 1003 promptiorem
596 930 729 998 eliceret,
758 936 868 1001 quanto
909 927 946 984 ad

99 1024 155 1081 hoc
175 1021 414 1094 concupiscentie
438 1020 510 1092 jugo
531 1020 658 1076 maximo
683 1018 808 1090 amplius
839 1017 943 1075 libera·

1004 399 1199 472 exstinguere.
1225 399 1382 457 Paululum
1417 401 1493 458 enim
1518 410 1675 474 antequam
1703 404 1747 461 hot

1003 489 1095 556 deret,
1121 504 1173 545 nos
1197 488 1390 546 indissolubili
1421 488 1485 562 lege
1511 493 1683 549 sacramenti
1716 508 1747 551 ni

1003 573 1126 633 invicem
1150 577 1341 646 astrinxerat,
1364 592 1432 634 cum
1456 593 1591 650 cuperem
1613 588 1640 636 te
1663 581 1736 637 mihi

1003 662 1120 719 modum
1141 663 1274 720 dilectam
1298 664 1328 720 iii
1351 674 1525 738 perpetuum
1550 667 1681 738 retinere,
1702 669 1747 726 imi

1001 749 1060 821 ipse
1080 753 1142 822 jam
1166 761 1303 810 tractaret
1323 755 1359 810 ad
1371 770 1401 812 se
1421 770 1473 812 iios
1501 757 1599 815 ambos
1628 758 1682 815 hac
1703 774 1747 815 occ

1000 849 1183 897 convertere.
1215 841 1243 897 Si
1266 842 1344 899 enim
1379 843 1450 899 mihi
1473 845 1559 902 antea
1584 847 1748 903 matrimoni

999 941 1074 984 esses
1100 929 1248 999 copulata,
1275 929 1357 988 lacile
1389 930 1418 987 in
1434 931 1559 991 discessu
1593 949 1656 990 meo
1689 949 1747 991 as

1000 1015 1044 1072 vel
1066 1017 1250 1088 suggestione
1272 1026 1443 1090 parentum,
1466 1022 1511 1078 vel
1536 1022 1697 1080 carnalium
1723 1023 1747 1080 ol

98 1120 151 1170 rei,
1000 1103 1076 1162 tione
1106 1106 1304 1176 voluptatum,
1332 1108 1438 1166 saeculo
1472 1109 1649 1168 inhaesisses.
1681 1112 1747 1169 Vidr

132 1201 205 1258 Cum
238 1200 337 1271 itaque
366 1197 504 1256 membris
531 1197 575 1254 his
607 1197 770 1264 vilissimis,
799 1208 865 1266 quae
892 1208 944 1264 pro
998 1201 1142 1262 quantum
1161 1194 1300 1253 sollicitus
1321 1196 1512 1255 nostriiuerit
1534 1199 1747 1272 Dominusqu:

97 1303 218 1347 summae
246 1287 437 1359 turpitudinis
464 1287 602 1344 exercitio
625 1285 760 1357 pudenda
786 1291 941 1352 vocantur,
998 1295 1118 1354 magnos
1136 1282 1250 1355 aliquos
1267 1300 1319 1341 nos
1338 1293 1499 1344 reservaret
1517 1302 1600 1357 usus,
1619 1297 1646 1346 et
1667 1290 1747 1358 quasi

95 1393 149 1435 nec
175 1377 324 1450 proprium
348 1375 491 1433 sustinent
512 1388 631 1444 nomen,
659 1373 825 1430 medisina
849 1373 943 1445 gratia
997 1378 1137 1443 gnaretur
1165 1380 1215 1429 aut
1237 1372 1345 1431 doleret
1366 1373 1415 1431 illa
1444 1374 1715 1434 litteralisscientire
1739 1385 1747 1434 t

96 1467 249 1523 mundavit
276 1465 369 1536 potius
396 1478 485 1535 quam
514 1463 655 1533 privavit,
684 1462 756 1534 quid
780 1460 860 1518 aliud
883 1461 942 1533 egit
996 1475 1063 1531 quae
1073 1461 1190 1532 utrique
1200 1470 1331 1521 nostrum
1346 1465 1538 1532 commiserat,
1549 1466 1585 1522 ad
1598 1465 1643 1523 sui
1654 1466 1747 1523 nomin

95 1569 183 1626 quam
200 1555 236 1610 ad
250 1554 405 1626 puritatem
419 1551 571 1610 munditias
586 1550 812 1608 conservandam
825 1549 942 1607 sordida
956 1601 978 1657 B
995 1564 1094 1606 norem
1107 1565 1165 1607 non
1178 1549 1352 1622 dispensari3
1364 1553 1508 1624 autquasi
1518 1553 1604 1611 etiam
1616 1554 1651 1610 de
1662 1554 1746 1612 incon

94 1645 216 1701 removit
229 1651 257 1700 et
273 1641 361 1700 vitia?
384 1642 465 1698 lianc
479 1640 596 1712 quidem
616 1639 766 1697 munditiae
785 1639 939 1710 puritatem
994 1636 1226 1695 tissimoservulo
1234 1648 1394 1706 vereretur,
1405 1640 1484 1711 quod
1504 1639 1700 1712 scriptumest
1727 1657 1734 1697 :

93 1732 250 1790 nonnullos
286 1730 459 1802 sapientium
494 1728 743 1786 vehementissime
775 1734 940 1799 appetentes
978 1726 1746 1800 ‹muliercsiaciuntetiamapostataresapientcslllccl

92 1823 198 1879 inlerre
218 1820 307 1878 etiam
329 1819 384 1876 sibi
408 1833 539 1888 manum,
554 1817 730 1886 audivimus,
756 1824 788 1874 ut
806 1816 891 1874 hoca
909 1831 939 1873 se
992 1813 1030 1886 2).
1048 1814 1155 1872 »Sicut
1168 1815 1202 1872 de
1213 1815 1423 1888 sapientissimo
1436 1826 1547 1874 certum
1561 1825 1603 1874 est
1619 1817 1747 1877 Salomon

92 1910 207 1982 penitus
231 1916 413 1966 removerent
436 1907 675 1978 concupiscentiae
700 1905 862 1977 flagitium.
885 1906 938 1962 Pro
991 1904 1747 1980 ileo.xi,t).duaerereprudeniiaeialentumquanias

91 2015 150 2070 quo
172 1999 258 2056 etiam
283 1997 399 2055 stimulo
433 1997 530 2054 carnis
555 1996 712 2053 aulerendo
733 2002 761 2051 ct
784 1993 939 2065 Apostolus
992 1991 1060 2049 tidie
1079 1992 1199 2050 Domino
1230 1993 1334 2051 reserat
1359 2009 1476 2064 usuras,
1503 2011 1569 2067 quae
1593 1998 1699 2053 multas
1717 1997 1747 2054 Di

90 2089 258 2159 perhibetur
277 2087 433 2144 [lominum
457 2099 586 2158 rogasse,
608 2099 660 2141 nec
685 2085 854 2141 exauditum
876 2097 938 2139 esse
988 2080 1049 2151 jam
1071 2080 1235 2152 spirituales
1257 2082 1330 2139 silias
1353 2084 1497 2155 peperisti,
1526 2099 1570 2142 me
1611 2086 1725 2156 penitus

91 2177 116 2247 (l
138 2178 198 2233 dor.
223 2190 276 2245 xii,
300 2176 337 2247 Ἰ).
361 2176 395 2231 ln
418 2175 550 2246 exemplo
574 2180 616 2231 est
642 2173 688 2230 ille
713 2186 838 2244 magnus
860 2170 938 2229 Chri·
991 2178 1190 2239 permanente,
1217 2178 1244 2228 et
1268 2173 1297 2228 in
1320 2172 1386 2230 liliis
1411 2174 1579 2244 perditionis
1608 2173 1731 2232 inaniter

89 2264 250 2322 stianorum
275 2264 463 2336 philosophus
488 2263 626 2335 Origenes
640 2261 768 2333 (Euseb,
794 2261 873 2317 Hist.
897 2276 937 2316 ec·
990 2266 1082 2314 rante.
1102 2257 1125 2315 0
1144 2272 1233 2330 quam
1253 2261 1417 2318 detestabile
1437 2261 1592 2319 damnuml
1614 2277 1703 2333 quam
1722 2261 1747 2319 la

90 2355 151 2408 cles.
168 2354 217 2410 lib.
239 2368 279 2422 vi,
299 2369 324 2410 c.
343 2353 384 2424 7),
408 2352 470 2423 qui,
494 2360 523 2407 ut
544 2350 597 2406 hoc
618 2348 648 2405 iri
670 2364 699 2406 se
718 2347 937 2420 penitusincen·
992 2344 1076 2402 labile
1099 2347 1323 2417 incommodum,
1345 2351 1368 2405 si
1390 2350 1553 2407 carnalium
1574 2351 1747 2422 voluptatuu

89 2442 170 2499 dium
189 2441 402 2511 exstingueret,
424 2451 529 2493 manus
549 2435 603 2493 sibi
624 2435 729 2492 inlerre
748 2436 859 2492 veritus
878 2449 936 2492 non
989 2434 1074 2492 dibus
1098 2449 1205 2492 vacans
1229 2451 1337 2507 paucos
1360 2453 1426 2496 cum
1450 2439 1548 2496 dolore
1570 2453 1683 2510 pareres
1708 2452 1747 2495 mi

89 2538 147 2599 est;
168 2544 201 2586 ac
220 2530 243 2586 si
262 2529 327 2585 illos
346 2529 382 2584 ad
401 2526 525 2583 litteram
544 2539 612 2582 vere
632 2524 729 2581 beatos
748 2522 933 2594 intelligeret,
989 2537 1055 2595 quae
1083 2538 1163 2581 nunc
1189 2523 1377 2596 multiplicem
1407 2527 1515 2598 prolem
1543 2542 1609 2584 cum
1640 2527 1747 2584 exsulta

90 2620 140 2688 qui
156 2632 186 2673 se
201 2618 275 2688 ipsos
301 2623 415 2687 propter
434 2628 559 2686 regnum
582 2613 720 2670 coelorum
734 2621 935 2670 castraverunt
989 2612 1116 2682 parturis
1136 2613 1219 2670 cmlol
1243 2615 1300 2671 Nec
1322 2629 1398 2671 esses
1414 2615 1478 2687 plus
1504 2630 1594 2687 quani
1620 2615 1742 2683 femina,

90 2705 198 2775 (Metti.
227 2719 285 2773 xiii,
317 2705 373 2774 ia),
403 2710 432 2760 et
460 2701 529 2759 tales
553 2700 625 2759 illud
650 2701 790 2758 veraciter
816 2701 935 2771 implere
988 2716 1068 2758 nunc
1092 2703 1178 2760 ctiam
1201 2704 1278 2760 viros
1303 2705 1494 2773 transcendis,
1520 2713 1548 2761 et
1572 2719 1638 2776 quae
1661 2703 1747 2761 malet'

88 2795 224 2862 crederet,
251 2792 329 2864 quod
356 2793 391 2848 de
409 2789 546 2848 membris
566 2788 828 2846 scandalizantibus
849 2789 933 2846 nobis
988 2805 1054 2847 nem
1070 2792 1137 2847 Evae
1152 2792 1181 2848 in
1204 2791 1431 2849 benedictionem
1451 2793 1559 2850 vertisti
1586 2793 1690 2849 Mariae.
1707 2793 1747 2850 Oi

88 2883 216 2952 praecipit
241 2880 391 2946 Dominus,
415 2886 447 2935 ut
469 2893 503 2934 ca
526 2877 632 2933 scilicet
653 2892 671 2933 a
691 2877 973 2956 noblsabscinda·0
990 2879 1154 2937 indecenter
1177 2895 1282 2937 manus
1306 2881 1359 2936 illae
1381 2895 1479 2949 sacrae,
1506 2895 1571 2952 iiuae
1595 2896 1674 2937 nunc
1694 2881 1747 2937 etia

88 2985 154 3026 iiius
168 2978 196 3026 et
212 2969 398 3039 projiciamus
413 2967 523 3038 (diuiti.
547 2980 628 3032 xviii,
649 2965 686 3037 9),
708 2974 736 3023 et
751 2966 834 3037 quasi
853 2965 932 3023 illam

86 3057 166 3113 lsaiae
200 3055 378 3127 prophetiam
409 3056 446 3112 ad
476 3054 625 3111 historiam
655 3055 748 3126 magis
774 3069 863 3126 quam
896 3055 932 3111 ad

85 3145 256 3216 mysterium
291 3144 417 3211 duceret,
455 3158 505 3215 per
540 3158 629 3214 quam
658 3145 769 3201 cacteris
799 3145 932 3201 fidelibus

87 3233 237 3291 eunuchus
256 3233 394 3289 hominus
404 3232 530 3303 praelert,
550 3233 649 3288 dicens
675 3248 681 3287 :
701 3255 715 3283 α
735 3233 882 3298 liunuchi,
906 3232 931 3289 si

84 3322 271 3378 custodierint
292 3321 415 3377 Sabbata
446 3335 522 3389 mea,
547 3328 574 3377 et
588 3321 726 3392 elegerint
752 3335 818 3393 quae
839 3321 930 3390 volui,

85 3409 158 3466 dabo
178 3410 220 3466 eis
238 3410 269 3466 in
285 3409 370 3465 domo
391 3423 455 3466 mea
473 3415 501 3465 et
524 3408 554 3464 in
572 3408 665 3465 muris
687 3410 758 3466 meis
777 3410 882 3479 locum,
903 3419 931 3468 et

83 3513 188 3555 nomen
211 3498 315 3555 melius
340 3511 358 3554 a
381 3497 446 3554 liliis
465 3506 492 3554 et
514 3496 638 3554 liliabus.
660 3497 768 3554 Nomen
788 3500 931 3570 sempiter-

83 3602 156 3645 num
180 3588 254 3644 dabo
272 3587 322 3656 eis,
344 3588 423 3658 quod
445 3602 504 3644 nou
529 3587 634 3658 peribit
659 3586 741 3659 (lsai.
764 3603 823 3656 nvi,
847 3590 886 3660 4).
914 3611 928 3638 »

82 3676 202 3748 Culpam
233 3684 328 3732 tamen
356 3690 414 3732 non
448 3676 589 3732 modicam
618 3674 756 3746 Origenes
790 3676 927 3742 incurrit,

82 3766 152 3822 dum
169 3780 220 3837 per
235 3779 350 3836 poenam
364 3765 493 3835 corporis
515 3765 674 3821 reuiedium
697 3764 789 3834 culpae
812 3768 927 3837 quaerit.

81 3855 179 3911 Zelum
216 3854 322 3925 quippe
354 3853 405 3910 liei
438 3854 562 3923 habens,
598 3853 646 3910 sed
678 3869 736 3910 non
768 3856 928 3912 secundum

80 3944 238 4013 seleutiam,
260 3944 406 4000 homicidii
426 3943 547 4000 incurrit
567 3951 699 4011 reatum,
720 3943 866 4000 inferendo
886 3945 928 4000 si·

80 4035 109 4090 bi
129 4048 259 4089 manum.
281 4033 468 4103 suggestione
487 4032 628 4092 diabolica
652 4031 696 4088 vel
715 4047 812 4088 errore
831 4034 928 4090 maxi·

79 4137 126 4178 iiio
146 4123 175 4179 id
189 4122 225 4177 ali
241 4122 301 4191 ipsu
313 4129 424 4177 constat
438 4135 499 4176 esse
518 4121 637 4190 lactum,
652 4121 731 4191 quod
744 4123 926 4180 miseratione

987 2969 1056 3024 vina
1079 2968 1231 3024 revolvunt
1250 2968 1410 3037 volumina,
1435 2982 1513 3024 curae
1534 2969 1683 3025 muliebris
1706 2969 1747 3027 obi

987 3057 1095 3115 tatibus
1109 3056 1298 3114 deservirent!
1315 3059 1379 3128 lpse
1392 3072 1444 3114 nos
1459 3071 1475 3113 a
1490 3058 1632 3129 contagiis
1644 3057 1733 3130 hujus

987 3145 1221 3215 aioluptatibiis
1245 3145 1333 3216 huJus
1355 3145 1409 3203 luti
1432 3146 1631 3218 dignatusest
1653 3148 1747 3219 eriger

986 3233 1109 3304 cruere],
1132 3242 1160 3290 et
1186 3235 1222 3290 ad
1246 3234 1370 3305 seipsum
1393 3235 1420 3290 vi
1444 3235 1572 3306 quadam
1595 3235 1747 3306 attrahere,

985 3337 1151 3395 percussum
1173 3325 1265 3380 voluit
1286 3324 1412 3381 Paulum
1432 3332 1613 3392 convertere,
1640 3332 1668 3381 et
1693 3325 1747 3381 hoc

983 3410 1111 3470 fortassis
1141 3413 1272 3483 exemplo
1304 3420 1402 3469 nostro
1427 3412 1499 3469 alios
1523 3427 1640 3485 quoque
1668 3412 1747 3469 littori

984 3502 1090 3573 peritus
1113 3502 1149 3557 ab
1174 3501 1229 3558 hac
1250 3501 1393 3558 deterrere
1417 3501 1654 3573 praesumptione.
1679 3500 1720 3557 Ne

985 3591 1083 3662 igliur,
1107 3604 1197 3658 soror,
1225 3590 1353 3658 obsecro,
1382 3599 1504 3658 moveat,
1531 3604 1583 3646 nec
1611 3590 1685 3660 patri
1713 3604 1747 3660 pa

983 3695 1037 3736 nos
1055 3679 1213 3751 corrigenti
1233 3680 1271 3735 sis
1290 3678 1423 3750 molesta3
1448 3679 1496 3735 sed
1512 3679 1625 3736 attende
1644 3679 1723 3749 quod
1743 3695 1747 3734 l

983 3777 1066 3839 ptum
1089 3776 1153 3825 est:
1180 3787 1194 3821 ι
1218 3766 1294 3835 Quos
1308 3767 1401 3839 diligit
1423 3770 1508 3835 heus,
1529 3768 1580 3823 hos
1605 3767 1746 3840 corripit(

983 3872 1023 3925 iii,
1051 3856 1103 3928 lt).
1121 3856 1247 3928 castigat
1265 3856 1314 3927 [ul.
1332 3855 1481 3927 Flagellat]
1493 3863 1589 3912 autem
1602 3856 1747 3912 omnemi

983 3959 1069 4017 quem
1086 3946 1187 4016 recipit
1211 3944 1305 4015 (licor.
1321 3959 1371 4013 xii,
1392 3945 1431 4015 u).
1450 3965 1461 3994 ι
1478 3945 1514 3999 Ει
1540 3943 1632 3999 alibi:
1651 3965 1665 3994 «
1687 3944 1740 4011 Qui

982 4035 1021 4092 cit
1040 4036 1140 4106 virgae,
1162 4034 1222 4092 odit
1240 4034 1332 4092 lilium
1357 4035 1444 4105 (Proo.
1470 4047 1533 4102 xiii,
1559 4035 1615 4103 ii).
1639 4054 1653 4083 »
1677 4035 1744 4091 Pmn

983 4125 1045 4181 baec
1070 4132 1285 4192 momentanea,
1308 4138 1365 4179 uon
1393 4131 1515 4191 aeterua;
1542 4122 1739 4193 purgationis,

79 4210 128 4266 liei
149 4211 179 4266 in
200 4224 245 4265 me
265 4217 307 4265 est
331 4209 367 4265 ab
391 4209 447 4265 alio
470 4218 676 4280 perpetratum.
697 4210 818 4281 Culpam
838 4212 923 4282 erite,
942 4182 964 4235 D
981 4213 1183 4271 damnationis.
1199 4212 1275 4270 Audi
1290 4213 1467 4284 prophetam,
1483 4219 1510 4269 et
1529 4210 1710 4268 confortare:
1728 4233 1740 4263 ι

79 4314 137 4354 non
161 4302 289 4356 incurro.
314 4298 433 4355 llortcm
458 4312 578 4367 mereor¹
601 4307 630 4355 et
653 4300 743 4356 vitam
769 4313 922 4372 assequor.
977 4302 1120 4376 judicabit
1135 4303 1274 4359 Dominus
1288 4301 1332 4357 bis
1347 4302 1377 4356 iii
1392 4301 1528 4371 idipsum,
1545 4308 1572 4356 et
1595 4314 1655 4356 non
1669 4314 1747 4358 consi

78 4389 180 4453 vocor,
198 4397 225 4446 et
246 4388 380 4445 reluctor.
404 4391 482 4445 insto
502 4389 683 4458 criminibus,
708 4391 788 4447 etad
809 4392 923 4447 veniam
982 4394 1090 4466 duplex
1116 4391 1263 4449 tribulatio
1290 4392 1383 4462 (Num.
1408 4406 1428 4457 i,
1450 4390 1486 4459 9).
1506 4411 1516 4438 i
1534 4390 1654 4447 Attende
1677 4404 1745 4447 sum

78 4478 178 4534 trahor
202 4477 319 4533 inritus.
347 4475 416 4533 Orat
444 4477 607 4547 Apostolus,
638 4473 691 4535 'nec
716 4480 874 4537 exauditur
896 4480 926 4550 (1
980 4483 1058 4539 ‘illam
1081 4490 1109 4539 et
1133 4481 1291 4537 maximam
1317 4479 1454 4538 Veritatis
1477 4478 1728 4536 adhortationem:

76 4567 137 4623 Gor.
163 4579 210 4634 xii,
239 4565 277 4637 8).
307 4565 445 4622 Precibus
473 4569 571 4634 instat,
600 4582 653 4625 nce
679 4569 822 4640 impetrat.
853 4568 924 4626 llere
978 4570 1117 4644 patientia
1145 4576 1241 4626 vestra
1271 4567 1449 4640 possidebitis
1474 4567 1586 4625 animas
1608 4575 1719 4626 vestras

76 4656 217 4713 Dominus
241 4654 380 4713 sollicitus
405 4664 447 4712 est
472 4657 526 4712 mei
549 4655 640 4726 (Psoi.
663 4672 766 4724 xxxix,
793 4657 846 4725 lii).
870 4659 924 4716 Va·
977 4677 1037 4728 xxi,
1059 4660 1147 4731 19).»
1168 4659 1247 4716 Unde
1270 4666 1299 4716 et
1323 4657 1480 4717 Salomon:
1508 4656 1634 4713 ‹llelior
1656 4665 1698 4713 cst
1711 4671 1748 4729 pa

74 4740 140 4804 d'am
155 4746 245 4818 igitur
260 4753 287 4802 et
301 4745 426 4801 narrabo
448 4754 560 4816 quanta
581 4745 646 4802 iecit
661 4746 801 4802 Dominus
816 4747 921 4803 animae
978 4751 1040 4806 viro
1055 4748 1132 4814 lorti,
1157 4754 1185 4803 et
1209 4747 1262 4819 qui
1286 4747 1452 4804 dominatur
1471 4744 1568 4802 animo
1590 4759 1653 4812 suo,
1674 4758 1747 4816 expu

74 4850 144 4892 meae
169 4836 256 4906 (Psoi.
290 4848 357 4901 cxv,
381 4836 435 4905 lb).
468 4835 577 4891 accede
602 4843 630 4891 ct
654 4843 694 4903 tu,
720 4836 921 4907 inseparabilis
975 4846 1035 4895 tore
1050 4836 1167 4894 urbium
1183 4837 1279 4908 (Pron.
1299 4850 1362 4903 xri,
1378 4835 1461 4907 dile
1486 4834 1547 4891 Non
1562 4833 1611 4905 [ol.
1639 4832 1727 4905 Num]

72 4938 176 4989 coines,
191 4924 222 4981 iu
235 4937 295 4981 una
309 4925 472 4996 gratiarum
488 4924 609 4991 actione,
628 4933 733 4994 quaet
750 4926 842 4996 culpe
857 4939 920 4996 par·
973 4928 1119 5000 lacrymas
1143 4935 1194 4983 aut
1213 4927 1249 4983 ad
1262 4925 1511 4996 compunctionem
1535 4929 1630 4980 movct
1654 4923 1747 4995 unige:

71 5013 160 5083 ticeps
184 5013 258 5069 lacta
272 5028 302 5070 es
317 5022 344 5070 et
359 5014 470 5084 gratim.
486 5014 560 5070 llam
580 5021 609 5070 et
625 5023 681 5071 tuae
704 5015 844 5073 [lominus
859 5030 917 5072 non

71 5101 222 5157 immemor
244 5102 355 5170 salutis,
384 5106 440 5158 imo
462 5103 620 5172 plurimum
643 5103 684 5159 tui
714 5117 837 5174 memor,
864 5104 918 5176 qui

69 5193 156 5248 ctiam
169 5199 268 5248 sancto
292 5191 418 5261 quodam
434 5192 559 5248 nominis
574 5192 713 5264 praesagio
732 5200 760 5249 te
774 5193 918 5265 praecipue

70 5295 153 5339 suam
168 5279 228 5338 lore
242 5279 438 5352 presignavit,
461 5295 529 5338 cum
552 5287 579 5337 te
603 5281 732 5339 videlieet
758 5282 916 5341 heloissam

974 5019 1024 5076 Dei
1049 5018 1185 5075 innocens
1201 5031 1251 5087 pro
1267 5024 1293 5072 te
1311 5023 1339 5073 et
1353 5012 1489 5071 omnibus
1501 5012 1538 5068 ab
1554 5011 1747 5083 impiissimis<

973 5108 1146 5179 prehensus,
1171 5105 1340 5172 distractus,
1364 5101 1544 5175 flagellatus,
1566 5108 1594 5158 ot
1626 5099 1721 5157 velata

973 5196 1088 5264 illusus,
1112 5204 1140 5252 et
1163 5194 1376 5265 colaphizatus,
1401 5190 1491 5261 sputis
1516 5203 1701 5262 conspersus,
1729 5203 1747 5259 sj

971 5293 1136 5358 coronatus,
1151 5293 1178 5342 et
1192 5283 1308 5340 tandem
1331 5281 1360 5339 in
1387 5279 1435 5336 illo
1458 5279 1553 5336 crucis
1575 5286 1646 5336 tunc
1665 5278 1747 5335 tami

68 5386 106 5428 ex
130 5371 244 5443 proprio
269 5369 386 5427 nominc
405 5386 468 5441 suo,
494 5373 573 5444 quod
596 5380 638 5430 est
661 5372 770 5430 Heloim
793 5373 915 5447 insigni·
968 5375 1090 5433 minioso
1126 5371 1254 5446 patibulo
1278 5370 1356 5426 iuter
1379 5368 1505 5425 latrones
1533 5381 1702 5439 suspensus,
1727 5380 1745 5423 a

68 5460 129 5533 rit;
144 5461 214 5533 ipse,
231 5461 365 5534 inquam,
390 5461 545 5521 clementer
564 5462 704 5537 disposuit
718 5465 750 5522 in
765 5464 915 5525 unoduo-
968 5466 1017 5526 illo
1043 5472 1114 5523 tunc
1144 5460 1298 5530 horrendo,
1327 5465 1356 5516 ct
1377 5455 1551 5518 exsecrabili
1584 5470 1690 5530 genere
1715 5469 1745 5515 m
