3804 5962
135 165 186 220 'ta-l
401 165 503 223 PETRI
522 166 706 223 ABAELARDI
726 166 804 224 dev.
827 168 919 226 PARS
935 169 983 226 itt.
997 198 1033 214 -
1046 171 1267 234 rusotodtct
1285 176 1330 232 ET
1348 176 1612 238 enmosoelttca.
1826 187 1883 241 atla

126 292 172 352 'sit
191 293 366 363 pomiferum,
391 301 488 364 postea
504 295 587 365 quasi
603 309 654 366 pro
674 297 856 366 expositione
872 311 978 371 suppo·
993 302 1019 355 a
1034 299 1094 357 sole
1120 301 1151 357 in
1175 300 1277 359 etieetu
1303 303 1501 362 illuminandi.
1538 309 1616 380 quod
1647 309 1732 366 terris
1762 310 1880 382 propin·

129 386 194 442 suit
208 386 313 452 foetens
338 387 469 452 fructum,
495 385 548 441 hoo
569 391 610 442 est
633 386 742 442 liabens
771 400 981 458 quamcunque
1035 392 1123 460 quior
1137 392 1173 446 sit
1188 406 1276 463 quani
1293 394 1381 450 stella
1397 394 1519 464 ideoque
1534 397 1672 466 nrajorem
1700 399 1760 454 vim
1786 403 1821 455 ad
1839 403 1881 457 lu·

128 473 299 532 'utilitatem
331 475 447 543 Propter
462 487 553 545 quam
577 475 664 531 etiam
680 475 869 546 expositionis
884 479 980 533 detcr-
1034 480 1157 536 cendum
1175 482 1258 537 nobis
1274 483 1378 539 habeat
1393 498 1481 553 (quam
1496 486 1593 551 stellae,
1611 487 1664 543 etsi
1684 489 1791 558 aliqua
1807 492 1880 561 ipsa·

134 562 326 621 minationem
350 577 417 620 oum
439 564 605 633 promittat,
627 568 732 629 fortiam
748 571 787 620 est
807 569 858 634 ile,
882 567 980 624 statim
1033 582 1101 625 rum
1126 571 1219 641 magis
1234 585 1251 626 a
1266 572 1350 627 nohis
1366 580 1481 628 remotae
1507 576 1634 646 amplius
1659 577 1821 647 splendoris
1838 583 1880 639 vel

135 654 280 727 adJungit,
297 659 321 709 et
330 654 448 726 protulit
464 659 537 709 terra
552 653 672 722 habam,
688 662 743 711 ιιι.
1032 659 1248 728 magnitudinis
1264 661 1368 717 habere
1384 664 1548 719 credantur.

438 758 474 800 na
489 757 600 808 quanm
616 759 670 800 ora.
1069 748 1102 800 Et
1117 749 1220 804 stellas.
1246 750 1391 806 subaudit
1407 768 1414 805 :
1432 752 1486 806 sim
1502 753 1566 809 liter
1588 754 1655 812 lecit
1678 764 1711 813 ιιι
1726 768 1879 827 praeessent

167 836 254 892 Fiant
270 835 429 890 luminario.
447 833 527 890 luter
540 833 714 889 creationem
730 833 897 903 plantarum
908 833 977 903 'jam
1031 835 1119 891 nocti.
1136 837 1196 891 nas
1211 838 1309 907 etiam,
1327 839 1436 897 scilieet
1450 841 1547 898 stellas
1564 843 1592 898 in
1623 844 1807 904 firmamento
1822 849 1874 905 sic·

131 924 248 993 iactam,
272 933 300 982 et
323 923 498 980 animalium
521 922 692 990 taciendam,
709 921 866 978 luminaria
891 921 975 990 dunt,
1030 930 1063 979 ιιι
1077 924 1165 980 solem
1180 933 1208 982 et
1224 926 1333 984 tunam.

130 1022 165 1072 ut
179 1015 273 1072 calore
289 1015 418 1086 ipsorum
433 1012 538 1083 planta
553 1011 704 1067 torreantur
718 1018 745 1066 ιι
766 1009 927 1082 proficiant,
949 1018 976 1067 el
1069 1013 1102 1066 ιιι
1114 1013 1240 1068 lucerent.
1257 1016 1336 1071 istud
1347 1018 1540 1075 communiter
1550 1027 1608 1076 tam
1624 1020 1658 1076 ad
1676 1022 1772 1079 stellas
1787 1039 1876 1094 quam

130 1118 232 1162 eorum
254 1104 318 1161 luce
340 1101 481 1159 animalia
510 1100 645 1157 solatium
674 1099 808 1165 habeant,
834 1099 975 1170 aequasi
1031 1099 1066 1156 ad
1083 1101 1169 1156 solem
1184 1110 1212 1158 et
1229 1104 1329 1159 lunam
1358 1106 1541 1164 referentium
1568 1115 1620 1164 est.
1650 1110 1788 1182 Alioquin
1819 1129 1876 1170 non

129 1210 203 1253 oaeoa
226 1195 360 1252 oberrant
385 1193 414 1249 in
438 1192 573 1260 tenebris,
590 1198 621 1246 ul
636 1197 663 1246 et
687 1190 825 1246 alimenta
850 1203 903 1245 sua
924 1190 973 1246 eli·
1031 1197 1150 1259 apparet
1166 1193 1311 1261 quomodo
1327 1194 1435 1250 diceret
1449 1201 1482 1250 ut
1495 1205 1647 1265 praeessent
1663 1198 1720 1254 diei
1737 1214 1772 1256 ac
1787 1203 1874 1270 nocti,

130 1285 332 1359 gerenossjna,
840 1297 846 1311 ·
1029 1291 1098 1334 cum
1129 1279 1263 1336 videlicet
1296 1282 1384 1338 stellae
1413 1285 1491 1339 nocti
1525 1292 1639 1341 tantum
1668 1301 1789 1357 praeesse
1818 1306 1876 1347 non

163 1375 197 1430 In
216 1378 386 1445 firmcroacnto
407 1372 474 1428 ooeli.
496 1369 683 1425 intransitive
712 1369 789 1440 quod
819 1369 975 1425 novissime
1030 1368 1088 1423 diei
1105 1369 1237 1425 babeant.
1255 1371 1317 1426 Non
1334 1386 1425 1441 parva
1440 1375 1560 1442 quaestio
1573 1377 1660 1432 estde
1677 1378 1809 1447 planetis,
1827 1381 1877 1450 qui

129 1463 233 1518 coelum
255 1471 297 1519 est
325 1462 500 1533 appeliatum
515 1459 611 1530 aquis,
628 1465 661 1514 ιιι
677 1458 788 1514 dictum
815 1466 868 1525 est,
886 1459 974 1514 inter·
991 1498 1012 1553 B
1030 1465 1130 1512 contra
1145 1458 1360 1515 firmamentum
1376 1459 1445 1517 ferri
1462 1463 1614 1529 dicuntur,
1638 1472 1738 1522 utrum
1754 1469 1877 1526 animati

129 1551 257 1622 positum
273 1560 299 1608 ei
315 1553 351 1608 ab
368 1552 425 1609 illis
439 1549 526 1622 aquis
549 1563 625 1620 quas
641 1549 779 1619 superius
805 1549 899 1606 firmat
924 1549 971 1605 lir-
1029 1546 1097 1613 sint,
1122 1554 1155 1603 ut
1170 1548 1348 1618 philosophis
1372 1550 1468 1606 visum
1498 1560 1550 1619 est,
1567 1561 1594 1609 et
1618 1556 1738 1624 qnidam
1755 1558 1876 1627 spiritus

127 1651 306 1700 mamgmuffl
322 1642 442 1699 dicium,
1030 1634 1087 1691 illis
1104 1636 1221 1705 praesint
1243 1639 1413 1708 corporibus
1437 1640 1490 1719 riui
1521 1642 1599 1698 llunc
1625 1643 1668 1698 eis
1689 1654 1802 1701 motum
1827 1649 1874 1703 lri·

162 1733 197 1787 El
213 1731 399 1786 dividuntad
412 1743 486 1801 quas
498 1727 639 1784 utilitates
650 1726 719 1783 liant
734 1727 863 1797 exponit.
875 1728 972 1784 Primo
1028 1723 1132 1791 bnant,
1148 1741 1185 1780 an
1201 1726 1262 1782 sola
1277 1728 1325 1781 liei
1358 1731 1507 1786 voluntate
1531 1739 1558 1787 et
1587 1733 1771 1791 ordinatione
1796 1736 1874 1793 hunc

126 1819 162 1876 ad
184 1820 424 1892 distinguendum
447 1833 500 1875 sua
516 1817 731 1874 illuminatione
745 1817 885 1872 diurnum
901 1825 969 1873 tens
1028 1813 1193 1871 discursum
1210 1816 1396 1874 immobiliter
1413 1827 1538 1875 teneant.
1553 1821 1716 1892 Philosophi
1733 1834 1874 1882 verulam

122 1923 180 1982 pus
206 1923 240 1967 ao
267 1916 454 1966 nocturnum.
481 1908 628 1964 Diurnum
654 1907 764 1977 quippe
791 1914 906 1977 tempus
930 1913 971 1962 est
1027 1917 1075 1959 eos
1102 1919 1191 1975 qualit
1222 1905 1318 1975 ipsum
1350 1914 1440 1962 tritum
1470 1910 1613 1964 mundam
1646 1912 1792 1970 animatos
1816 1929 1874 1970 esse

125 2000 203 2071 quod
227 2000 284 2055 sole
300 1997 496 2067 illuminatur,
521 1997 598 2054 sicut
614 2003 791 2052 nocturnum
807 1999 881 2067 quod
901 1998 971 2052 luna
1026 2002 1173 2059 astruunt,
1183 2002 1210 2050 et
1225 1998 1358 2066 quaedam
1374 1998 1512 2053 animalia
1529 1999 1681 2055 rationalia
1698 2001 1874 2060 immortalia

124 2096 152 2147 ιι
188 2088 334 2145 sideribus
364 2089 529 2144 illustratur
570 2085 615 2143 vel
652 2085 722 2142 solis
756 2084 971 2143 illuminatione
1026 2092 1113 2155 atque
1129 2085 1319 2154 impassibilia
1334 2101 1392 2142 non
1417 2087 1552 2144 drrbitant
1581 2103 1715 2157 asserere,
1745 2093 1873 2149 dicentes

117 2176 212 2236 paret,
373 2180 385 2196 ·
1025 2188 1138 2230 onlnem
1168 2181 1276 2229 motum
1304 2176 1517 2246 incorporlbns
1542 2179 1579 2234 ab
1605 2180 1702 2235 anima
1734 2182 1871 2253 incipere,

159 2270 194 2322 m
212 2271 301 2334 stqoa.
326 2265 388 2321 Non
405 2279 470 2336 quae
486 2264 626 2319 vanitatis
648 2271 690 2318 est
714 2263 876 2324 observare,
893 2262 968 2317 sieut
1025 2277 1078 2318 nec
1094 2270 1189 2332 postea
1203 2279 1307 2334 corpus
1322 2266 1379 2320 nisi
1397 2282 1446 2336 per
1461 2282 1524 2323 eam
1553 2270 1672 2324 mriveri.
1704 2270 1761 2334 Qui
1784 2274 1870 2328 eliam

124 2353 154 2411 in
179 2355 421 2425 auspiciisatque
447 2353 592 2423 auguriis,
614 2352 661 2406 sed
679 2351 708 2406 in
724 2352 865 2421 quasdam
882 2359 965 2407 natu·
1024 2354 1168 2409 mvlndum
1199 2354 1555 2425 itaulliqueanimalibus
1574 2358 1677 2428 repleri
1707 2360 1867 2428 vulunt,ut

121 2443 196 2501 rates
211 2444 387 2500 ostensiones
402 2445 570 2498 futurorum
592 2449 751 2497 eventuum
767 2440 828 2496 sive
846 2454 965 2510 praesen·
1023 2442 1148 2512 singulae
1172 2444 1276 2498 mnndi
1304 2451 1399 2514 partes
1424 2446 1549 2502 habeant
1573 2448 1713 2503 animalia
1741 2452 1866 2520 propria,

121 2532 206 2591 tium.
222 2533 324 2590 Naulae
352 2533 461 2605 quippe
476 2530 605 2588 siderum
631 2530 807 2600 inspectione
830 2532 867 2586 ad
892 2545 966 2601 quas
1024 2542 1073 2585 aer
1089 2531 1208 2600 ‹qiiilcm
1236 2533 1287 2588 iste
1304 2533 1463 2590 interiacet
1490 2537 1686 2605 corpulentior
1714 2541 1867 2611 usquead

118 2633 216 2696 partes
245 2623 346 2680 mundi
377 2622 508 2679 ferantur
535 2634 707 2692 cognoscere
735 2619 837 2685 solent,
873 2630 899 2675 et
932 2623 966 2676 de
1023 2618 1123 2674 lunam
1143 2621 1297 2688 daemones,
1314 2623 1445 2692 superior
1460 2638 1528 2681 vcro
1545 2640 1609 2695 pars
1638 2628 1751 2694 muudi,
1779 2644 1865 2700 quam

119 2711 335 2769 commutandis
359 2711 539 2782 temporibus
561 2713 652 2765 marita
669 2708 778 2764 indicia
800 2722 837 2765 ea
860 2709 918 2766 sole
938 2716 965 2765 et
1021 2709 1179 2765 allieraum
1208 2711 1312 2767 coeluin
1337 2713 1489 2769 nominare
1514 2716 1640 2770 solemus
1668 2717 1796 2785 planetas
1822 2719 1866 2775 vel

119 2800 250 2861 lunavel
275 2801 422 2858 sideribus
447 2799 615 2871 capiuntur,
638 2811 705 2853 cum
735 2799 819 2853 modo
843 2798 965 2854 atterius
1021 2807 1123 2854 caetera
1151 2800 1254 2855 sidera.
1285 2803 1376 2866 Qiram
1410 2803 1528 2873 quidem
1557 2806 1728 2862 sententiam
1767 2807 1867 2865 beatus

119 2891 515 2957 colorisveloaloris,1nooo
538 2887 659 2944 alterius
682 2886 766 2942 nobis
789 2887 963 2944 esseviden·
1020 2888 1193 2944 Auoosrmus
1223 2904 1450 2946 commemorans
1480 2892 1552 2949 libro
1584 2894 1622 2949 De
1659 2896 1776 2953 civitate
1814 2899 1865 2955 Dei

118 2986 177 3048 tur,
208 2981 251 3038 vel
279 2994 457 3053 quoeunque
480 2979 564 3035 niodo
585 2975 693 3033 uostris
722 2977 887 3047 aspectibus
913 2992 960 3034 va·
1020 2984 1121 3033 octavo
1143 2978 1210 3048 (18),
1237 2978 1275 3033 ha
1298 2980 1332 3034 de
1353 2980 1509 3037 Platonics
1528 2983 1569 3038 ait
1589 2998 1596 3037 ε
1618 3005 1632 3033 c
1648 2983 1797 3053 Omnium,
1820 2988 1864 3044 in-

117 3070 243 3127 flamur,
1019 3065 1137 3136 quiunt,
1168 3068 1339 3124 animalium
1358 3071 1468 3140 quibus
1503 3080 1544 3127 est
1573 3073 1671 3129 anima
1701 3076 1862 3145 rationalis,

152 3162 187 3215 iit
210 3141 338 3230 temporo.
365 3158 424 3214 Hoc
447 3164 489 3212 ost
515 3163 679 3224 temporum
705 3155 959 3225 computationem,
1016 3152 1160 3222 lererlita
1176 3153 1282 3210 divisio
1311 3165 1354 3211 est
1383 3157 1410 3213 ln
1441 3158 1518 3220 deos,
1536 3160 1676 3229 homines,
1706 3164 1860 3224 daemoues.

114 3246 321 3305 sicutdicrum
338 3246 552 3310 velannorum,
569 3243 748 3314 quaestatim
766 3246 962 3315 pereaompta
1016 3241 1140 3298 Deorum
1165 3244 1244 3299 sedes
1272 3243 1454 3307 incoeloost,
1484 3248 1633 3304 hominum
1665 3251 1799 3321 interra,
1833 3256 1862 3311 in

115 3336 272 3407 supponit;
289 3335 753 3405 diesenimcumputaclnsatque
769 3347 959 3390 numeramus
1016 3343 1081 3386 aere
1107 3332 1310 3388 daemonnm.»
1335 3337 1404 3390 ltem
1430 3336 1510 3407 llil:
1536 3360 1547 3386 ι
1580 3339 1692 3395 Ηιιιιι
1720 3343 1862 3402 daemones

114 3428 277 3484 secundum
304 3433 398 3482 motus
421 3432 448 3481 et
476 3424 626 3479 discursus
645 3423 713 3479 solis
736 3422 772 3478 ab
793 3423 902 3479 oriente
930 3424 960 3480 in
1016 3432 1082 3474 cum
1122 3420 1179 3477 diis
1207 3436 1389 3479 communem
1420 3425 1664 3483 immortalilatem
1694 3445 1858 3502 corporum,

113 3516 301 3585 occidentem,
326 3523 353 3572 et
379 3529 470 3571 annos
493 3514 653 3570 seeundum
681 3512 874 3568 revolutiones
896 3513 960 3584 eius
1015 3510 1182 3566 animarum
1206 3519 1301 3567 alitem
1325 3528 1391 3569 cum
1422 3515 1590 3572 horriinibus
1619 3519 1775 3588 passione.
1796 3544 1806 3572 i
1824 3525 1859 3580 Et

112 3612 140 3662 ιι
156 3619 368 3677 nonnunquam
389 3612 558 3661 caeterorum
584 3603 764 3671 planetarum
790 3609 959 3671 computare
1016 3606 1077 3667 post
1091 3598 1191 3670 aliqua
1206 3600 1428 3671 descriptionem
1443 3604 1608 3660 daemonum
1623 3620 1658 3661 oa
1674 3609 1765 3674 :dietis
1781 3612 1858 3681 ilpu-

111 3694 248 3764 solemus,
264 3703 297 3751 ut
312 3702 381 3767 quot
396 3694 529 3750 videlicet
555 3690 749 3747 revolutiones
765 3698 833 3746 sunt
856 3706 956 3748 eorum
1014 3686 1050 3743 lei
1080 3688 1221 3744 Platonici
1245 3704 1410 3759 supponens
1437 3692 1477 3748 ait
1499 3692 1602 3763 (toln
1630 3696 1760 3753 Breviter
1778 3701 1856 3773 ltpa-

111 3787 148 3844 ad
163 3786 239 3843 idem
269 3793 420 3858 punctum,
439 3791 478 3841 tot
493 3796 585 3839 annos
599 3782 667 3838 sotis
693 3781 739 3838 vol
765 3781 886 3838 Saturni
910 3782 955 3838 vel
1012 3775 1086 3833 letus
1103 3777 1249 3835 daemones
1267 3779 1425 3849 diffiniens,
1452 3782 1493 3837 ἃῑῑ
1521 3797 1568 3838 0⁰³
1588 3798 1648 3840 0⁵³0
1669 3800 1774 3856 Penei&
1793 3790 1856 3844 atti·

111 3877 235 3934 aliorum
252 3877 434 3948 planetarum
450 3875 591 3931 dicamus.
1012 3867 1109 3931 malin,
1139 3867 1239 3923 anima
1265 3870 1389 3939 passiva,
1430 3879 1524 3928 meme
1554 3875 1709 3930 rationale
1738 3892 1857 3948 corpora

144 3968 185 4024 Et
201 3968 319 4023 taceant.
346 3966 381 4023 Ua
396 3965 468 4021 alibi
487 3967 552 4027 sint,
569 3969 596 4019 et
621 3961 692 4019 alibi
716 3961 869 4015 illuminent
897 3969 951 4018 ter·
1010 3970 1104 4022 aerea,
1121 3963 1246 4027 tempore
1261 3967 1378 4014 aterna.
1396 3980 1410 4009 ι
1427 3960 1470 4015 Ex
1495 3962 1604 4031 quibus
1620 3964 1856 4035 philosophorum

108 4073 174 4118 ram
189 4059 298 4116 scilicet
314 4058 364 4114 ubl
384 4055 578 4115 necessarium
602 4060 644 4110 est
666 4052 845 4124 splendorem
866 4067 952 4109 suram
1010 4045 1094 4101 dictis
1110 4048 1237 4102 maxime
1266 4062 1334 4104 vero
1363 4048 1585 4118 platonicorum,
1612 4061 1722 4110 constat
1750 4058 1855 4114 retum

108 4148 362 4219 indespargentia.
1009 4149 1127 4206 quoque
1155 4144 1182 4192 et
1211 4150 1306 4192 aerem
1335 4138 1460 4207 propriis
1489 4140 1667 4198 animalibus
1690 4144 1854 4201 adornari:

142 4239 279 4309 sacraque.
297 4236 442 4302 quomodo
458 4235 569 4291 factum
593 4233 630 4290 sn
646 4233 680 4289 aa
696 4232 753 4288 aas
768 4231 803 4288 aa
820 4230 950 4287 divides·
968 4202 991 4258 Ι)
1007 4237 1132 4294 cuorum
1151 4224 1376 4309 nasammonas,
1401 4226 1428 4281 it
1453 4235 1495 4283 esc
1519 4229 1658 4286 anillam
1687 4233 1855 4305 rationare,

106 4328 179 4387 qum
198 4329 274 4383 diem
295 4334 322 4384 ei
339 4334 451 4383 noctem
475 4325 553 4396 quod
579 4325 660 4394 prius
675 4323 789 4378 dixerat
818 4321 949 4390 exponit,
1008 4313 1183 4370 immortalia
1204 4321 1231 4370 et
1245 4315 1393 4385 passibilia
1409 4316 1521 4381 dicunt,
1540 4318 1588 4374 illa
1617 4334 1684 4376 vero
1708 4322 1776 4377 deos
1800 4337 1854 4394 ap-

105 4432 174 4477 rum
206 4418 294 4476 solem
326 4416 362 4473 ad
396 4414 639 4472 illuminationem
671 4410 772 4469 diurni
805 4408 949 4479 temporis,
1005 4404 1121 4475 pellant,
1150 4403 1411 4459 hoceslanimalia
1430 4406 1594 4473 rationalia,
1622 4408 1799 4466 immortalia
1823 4419 1851 4469 et

104 4506 207 4567 lunam
221 4507 360 4567 &stellas
379 4503 677 4564 adiuumissfflonem
706 4500 840 4558 noemma
869 4499 947 4555 insti.
1005 4492 1204 4564 impassibilia,
1224 4493 1298 4550 sicut
1323 4500 1389 4549 sunt
1404 4496 1503 4551 omnia
1530 4496 1635 4564 sidera,
1665 4514 1723 4555 non
1755 4501 1851 4557 solnm

105 4597 201 4658 merit·
1003 4582 1135 4654 planeta,
1151 4596 1254 4640 verum
1269 4582 1357 4640 etiam
1370 4584 1506 4654 quaelihet
1521 4584 1618 4643 stella.
1641 4588 1773 4645 Planetas
1784 4604 1853 4647 vero

138 4688 398 4758 Luminaremajus·
415 4685 530 4745 ggqis&
556 4682 654 4748 spem,
679 4694 736 4740 ηοῃ
758 4686 817 4735 tam
842 4679 888 4735 sui
903 4692 947 4735 or·
1002 4685 1061 4728 non
1077 4671 1169 4728 solum
1195 4672 1270 4739 deos,
1296 4675 1507 4731 verumetiam
1532 4677 1598 4732 deos
1624 4676 1753 4742 deornm,
1783 4686 1850 4736 tan·

101 4776 148 4838 his
171 4778 335 4849 quarratam
368 4790 457 4848 quam
489 4787 550 4831 suae
588 4769 812 4829 illuminationis
838 4768 947 4825 virtute
1001 4775 1090 4832 quam
1117 4763 1226 4818 caeteris
1250 4761 1396 4818 sideribus
1413 4765 1630 4823 excellentiores
1652 4775 1679 4823 et
1709 4770 1849 4839 majorem

101 4869 295 4941 quantumi]
322 4856 439 4924 simum
464 4873 603 4925 nostrum,
632 4859 685 4933 qui
709 4860 848 4931 majorem
879 4858 946 4916 inde
999 4851 1158 4908 elllcaciam
1188 4852 1353 4908 halientesa
1376 4852 1492 4909 Plaione
1521 4855 1576 4909 dici
1602 4864 1767 4925 autumant,
1786 4860 1848 4927 nbi,

100 4959 278 5029 suscmimus
294 4955 547 5014 fflfflmnaqonpm,
999 4939 1074 4997 sicut
1099 4941 1193 5007 aiunt,
1218 4955 1266 4996 eos
1283 4940 1477 5010 praecipuead
1504 4942 1676 4999 creationem
1720 4945 1849 5005 luiminis

134 5049 262 5105 praesset
277 5048 343 5103 dict.
370 5047 521 5117 Tanquam
536 5041 669 5100 videlicet
686 5040 780 5111 ipsum
803 5038 944 5094 diurnum
999 5029 1113 5099 invitat,
1131 5037 1162 5086 dt
1179 5025 1210 5084 vi
1223 5031 1350 5100 quadam
1366 5045 1467 5086 corum
1491 5045 1527 5086 ex
1545 5039 1616 5087 terra
1636 5033 1765 5104 llngalur
1780 5052 1848 5093 cor-

100 5145 214 5207 tompus
244 5136 457 5193 illuminatione
486 5133 686 5198 suielliciens,
710 5130 754 5189 vel
777 5127 942 5186 lucemeir·
997 5134 1052 5190 Pus
1077 5121 1250 5186 huminum,
1268 5120 1316 5175 ⁰115
1343 5121 1417 5176 ”0¹1⁸
1443 5120 1572 5176 animam
1600 5122 1743 5179 intundat.
1773 5127 1847 5184 Cum

98 5227 271 5293 cumicrcns,
288 5227 365 5283 siout
382 5228 487 5282 lunaet
503 5222 589 5280 stellae
605 5219 691 5278 nocti.
996 5217 1091 5266 antem
1110 5213 1227 5265 ‹leorurn
1245 5211 1391 5265 nerninem
1406 5209 1460 5265 nisi
1478 5210 1586 5265 bonum
1601 5226 1662 5267 esse
1689 5213 1845 5284 lateantur,

135 5315 281 5372 luminare
292 5317 393 5382 minus,
413 5315 524 5373 Lunam
539 5311 620 5378 dicit,
645 5308 730 5382 quasi
752 5305 910 5367 secundam
924 5317 942 5361 a
995 5299 1160 5356 denirinum
1176 5311 1270 5356 tamen
1285 5298 1360 5356 sieut
1375 5307 1402 5356 ιι
1419 5298 1571 5357 bominum
1583 5301 1725 5375 quosdam
1740 5303 1843 5376 bonos,

96 5459 112 5475 -·
130 5422 178 5563 83
204 5424 310 5552 galgol.
322 5432 389 5481 tom.
406 5422 470 5489 illl,
486 5421 539 5479 ool.
555 5422 617 5476 ιιι.
1030 5405 1088 5478 (ιθ)
1103 5406 1186 5478 ibid,
1204 5404 1257 5465 ool.
1274 5405 1337 5462 atr.

240 5512 247 5550 l
271 5536 277 5551 .
