3804 5962
117 168 184 225 loca
388 159 492 217 cuttu
509 157 695 216 sumnum
713 158 790 216 OPP.
810 155 900 214 Plus
917 156 966 212 111.
982 184 1017 198 -
1028 153 1254 213 muotootca
1272 153 1318 211 ΕΤ
1337 151 1601 212 Pullosoeutca.
1812 158 1855 213 lttt

114 301 265 362 oarerunt,
286 306 322 349 ne
334 291 388 348 hoc
406 290 476 362 ipso,
497 287 574 361 quod
594 287 704 345 caeteris
724 286 869 358 peccando
896 299 956 343 non
971 282 996 363 ι
1011 297 1094 343 mum
1104 284 1191 341 etiam
1206 283 1332 341 hominis
1346 284 1455 340 bonum
1481 297 1541 341 esse
1555 285 1797 343 constituamus.
1818 286 1856 345 ιι·

113 387 332 447 consenserunt,
347 380 482 435 meritum
507 391 566 433 non
592 376 739 433 baberent.
760 375 840 443 Quod
861 383 958 431 autem
1009 373 1059 445 jus
1073 374 1206 431 videlicet
1223 373 1281 439 illa,
1308 385 1398 444 quam
1418 372 1556 440 diximus,
1578 373 1714 431 visionis
1728 389 1792 432 suae
1805 389 1856 448 ptr·

113 472 267 543 Lucilerloi
284 468 437 540 cuiusdam
462 466 638 523 excellentiae
665 464 854 536 prerogativa
882 476 956 518 com·
1012 464 1239 534 ticipatienequi
1255 463 1392 529 fruimur,
1407 462 1743 521 ellicimurrerebeati.
1759 464 1856 536 Exque

114 567 233 632 paratus
244 565 285 614 est
305 557 351 627 (44
365 555 413 625 V.)
441 569 501 611 non
525 563 583 610 tam
605 567 642 610 ex
665 552 842 610 beatitudine
868 565 957 622 quam
1012 552 1072 625 ipso
1089 554 1208 625 quippe,
1229 566 1316 624 quem
1332 551 1362 607 in
1388 551 1450 621 ipso
1464 551 1599 609 videmus
1614 553 1654 608 ad
1675 554 1855 625 nosejusillt

113 663 149 705 en
164 646 289 703 scientim
305 645 522 715 perspicacitate
546 643 652 700 lactum
676 649 729 709 est,
758 655 791 697 eo
817 639 956 706 videlicet,
1012 657 1127 699 summa
1142 642 1256 699 dilectio
1272 647 1380 707 manat,
1396 639 1516 711 ideoque
1542 641 1655 698 rectius
1676 642 1755 713 ipse,
1773 643 1855 714 qnid

114 736 191 808 quod
207 734 333 790 scientim
347 733 411 789 luce
426 732 608 803 prestantior
630 731 737 787 catenis
761 729 799 785 ad
815 727 959 800 quaslibet
1013 730 1068 788 alio
1083 746 1141 787 non
1156 739 1198 787 est
1219 738 1247 787 et
1262 744 1314 785 nos
1338 729 1385 784 ita
1402 729 1499 785 beatos
1519 728 1619 798 eillcit,
1641 744 1801 788 summum
1821 731 1855 789 ιι

113 838 211 882 rerum
236 830 356 880 naturas
376 822 576 893 intelligendas
599 820 731 876 subtilior
758 818 891 875 conditus
914 831 957 874 es·
1012 821 1100 879 minis
1114 819 1310 875 dicendusest
1324 819 1443 875 bonum.

113 920 163 970 set.
179 911 259 980 Quod
274 912 392 982 quidem
409 912 438 966 in
462 925 492 966 se
511 910 705 976 considerans,
720 923 758 965 ιιι
780 908 840 978 ipsa
863 907 959 963 scien·
1049 912 1160 967 Prinos.
1188 908 1282 964 Placet
1298 907 1401 977 utiquc
1419 905 1468 962 illa
1496 907 1667 965 desummo
1702 907 1784 965 bono
1807 923 1855 966 sen·

113 1002 161 1059 tiae
174 1006 234 1057 ιιι
248 999 459 1071 magnitudine,
477 1012 536 1070 qua
551 998 703 1054 secutoris
720 997 870 1068 praelatum
885 995 960 1058 vidit
1013 999 1104 1058 tentia
1131 1011 1197 1069 quae
1223 1011 1277 1053 uec
1291 996 1448 1067 prophetie
1476 1003 1581 1053 noslrae
1615 1005 1660 1054 est
1677 997 1795 1070 ignota.
1820 999 1854 1056 Sd

113 1088 385 1147 inilatusintumuit
407 1095 435 1144 et
461 1088 580 1158 maiora,
613 1101 701 1157 quam
733 1085 821 1156 possit
844 1097 960 1155 sperare
1013 1090 1037 1146 si
1064 1089 1136 1157 baec,
1161 1095 1194 1143 ut
1221 1085 1326 1153 dicitis,
1354 1084 1425 1141 visio
1452 1085 1513 1155 ilci,
1543 1101 1614 1158 quat
1643 1087 1753 1144 beatos
1779 1086 1853 1155 elicit

114 1176 308 1248 presumpsit,
325 1184 358 1233 ut
381 1174 523 1242 videlicet,
541 1176 611 1247 quia
632 1190 661 1231 se
685 1174 960 1245 caeterispraelatum
1015 1179 1107 1235 oculis
1133 1182 1247 1232 tantum
1284 1173 1398 1241 mentis,
1423 1188 1483 1230 non
1510 1176 1644 1246 corporis
1681 1177 1854 1247 patetque

114 1266 206 1333 novit,
222 1265 324 1322 solieri
338 1265 480 1337 equalem
500 1265 557 1322 Deo
572 1265 721 1321 aestimarit
733 1271 761 1321 et
788 1272 819 1321 ut
835 1263 893 1333 ipse
916 1262 957 1318 vi·
1014 1280 1129 1324 neccsse
1144 1272 1187 1321 est
1215 1263 1325 1320 sanctis
1354 1262 1518 1330 animabus,
1548 1271 1581 1320 ut
1609 1263 1726 1332 dicitis,
1757 1279 1852 1336 corpm

114 1355 224 1424 delicet,
239 1355 314 1412 sicut
326 1356 411 1419 Deus,
423 1369 546 1426 reguum
560 1355 709 1411 obtineret.
1014 1370 1068 1414 sua
1087 1355 1203 1412 taudem
1225 1366 1381 1416 resumere,
1399 1351 1481 1422 quasi
1504 1365 1556 1420 per
1579 1351 1639 1407 boo
1659 1366 1772 1409 earum
1787 1353 1853 1426 glori

150 1446 258 1503 Pmuos.
275 1444 350 1502 illud
364 1458 481 1516 quoque
495 1443 612 1499 obsecro
636 1442 767 1509 delicias,
791 1450 891 1497 utrum
907 1439 961 1495 boc
1014 1445 1059 1503 vei
1075 1442 1222 1500 beatitudo
1252 1442 1289 1497 sit
1308 1440 1465 1511 augenda?
1489 1439 1562 1498 Cum
1588 1442 1685 1507 euim,
1709 1448 1747 1498 ut
1774 1442 1852 1507 (liciti,

114 1534 397 1592 hominissummum
417 1532 623 1590 bonumillaru
646 1532 710 1587 dico
730 1530 860 1588 videlicet
882 1541 1153 1621 sum-Bmensura
1178 1545 1244 1602 quae
1270 1529 1396 1586 bominis
1429 1543 1494 1599 qum
1526 1538 1555 1586 et
1590 1530 1709 1601 angeli,
1740 1531 1852 1603 quidsi

115 1637 194 1681 mam
215 1622 265 1678 Dei
284 1622 464 1679 dilectionem
486 1635 575 1692 quam
598 1634 635 1676 ιι
656 1620 766 1676 visione
794 1618 844 1674 Dei
872 1617 958 1673 homo
1017 1621 1223 1682 beatitudinem
1255 1628 1381 1676 vestram
1416 1619 1575 1688 resumptio
1611 1621 1737 1690 prodest
1777 1635 1852 1691 corpo

114 1710 234 1781 percipit
248 1709 382 1766 accidens
403 1709 527 1766 bominis
548 1708 669 1765 dicenda
684 1708 729 1775 sit,
743 1715 771 1763 et
787 1706 890 1762 iterum
908 1719 959 1761 ac·
1016 1729 1092 1775 rum,
1108 1725 1182 1783 quac,
1201 1724 1268 1766 curn
1293 1709 1405 1781 angelis
1426 1708 1529 1775 desint,
1552 1722 1757 1781 nequaqnam
1781 1719 1853 1766 tantu

114 1799 213 1856 cidens
238 1797 295 1854 dici
317 1798 469 1854 wnvenial
494 1812 641 1854 summum
669 1797 787 1862 lunum,
818 1803 959 1865 tanquam
1015 1816 1115 1860 eorum
1154 1798 1335 1870 prepediant
1367 1797 1412 1854 vel
1451 1798 1592 1855 minuunt
1630 1797 1854 1857 beatitudinenl

116 1887 211 1959 ipsum
222 1886 393 1943 substantie
404 1887 441 1943 sil
457 1887 679 1957 praeferendum.
982 1907 985 1912 ’
1015 1890 1119 1965 (lev.)

151 1977 310 2034 Cunisrren.
326 1975 398 2033 Cunr
421 1976 580 2032 accidentia
604 1976 704 2046 eisque
726 1973 871 2045 subjectas
890 1973 956 2029 sub·
1051 1982 1212 2037 eumenen.
1240 1975 1387 2042 Omnium,
1422 1988 1487 2045 ιιι
1514 1973 1591 2031 Dens
1619 1976 1696 2048 agit,
1729 1991 1790 2033 non
1816 1984 1856 2033 tan

115 2065 236 2122 stantias
256 2079 289 2121 ac
303 2064 475 2134 propheticae
498 2065 587 2120 verba
611 2064 748 2120 doctrinae
774 2062 958 2130 converteris,
1016 2071 1053 2126 ad
1078 2067 1283 2125 beatitudinem
1311 2072 1440 2120 nostram
1464 2077 1552 2134 quam
1579 2064 1618 2120 ad
1641 2064 1772 2136 gloriam
1793 2080 1856 2122 suan

115 2162 404 2224 etealamum(1¹1ae
425 2152 492 2209 Vssae
514 2160 633 2209 lefsissae
654 2166 712 2208 110⁰
735 2152 855 2208 ssoelesslis
881 2159 960 2218 sunt,
1016 2159 1167 2218 convertit.
1186 2165 1218 2211 ut
1233 2155 1281 2210 illa
1295 2169 1361 2226 quae
1385 2152 1533 2208 nonnullis
1556 2154 1667 2209 nociva
1688 2164 1774 2211 suut.
1796 2155 1856 2213 Unde

116 2244 238 2310 metiris,
259 2244 317 2299 buc
332 2244 437 2312 quippe
454 2241 606 2311 disciplina
632 2242 778 2298 secularis
801 2248 828 2297 et
847 2251 962 2298 terrena
1017 2249 1168 2305 salomon:
1194 2248 1309 2314 Propter
1335 2247 1508 2311 semetipsum
1537 2247 1633 2296 omnio
1658 2247 1767 2299 creauit
1793 2247 1854 2299 beot

116 2335 162 2391 his
186 2340 299 2389 tantum
326 2333 505 2388 documentis
535 2340 668 2388 contenta
694 2331 813 2399 exstitit,
840 2345 906 2402 quae
925 2331 962 2386 ad
1017 2331 1306 2406 impiumqooquead
1328 2331 1400 2385 diem
1419 2331 1519 2384 molum
1540 2331 1636 2399 (Proo.
1659 2345 1727 2400 xvi,
1753 2333 1792 2402 i).
1811 2333 1856 2401 ips

117 2421 266 2493 presentis
295 2421 361 2476 vitae
389 2428 497 2476 statum
523 2419 736 2476 accommodata
767 2418 962 2484 suut‚necad
1018 2438 1135 2497 quoqne
1160 2423 1245 2478 etiam
1269 2433 1363 2491 poena,
1396 2432 1455 2489 qua
1483 2420 1548 2489 ejus
1577 2419 1773 2490 iniquitatem
1800 2422 1856 2477 Dens

118 2511 196 2566 illius
211 2509 316 2565 lutura
332 2509 397 2565 vitta
413 2508 591 2579 qualitatem,
616 2507 719 2578 inqua
739 2508 964 2564 necverbaista
1018 2513 1112 2585 punit,
1131 2511 1274 2582 iustitiam
1295 2509 1345 2565 Dei
1362 2508 1552 2573 commendat,
1577 2516 1606 2564 et
1629 2509 1673 2565 sic
1694 2525 1766 2566 enm
1790 2510 1856 2581 glori·

118 2614 170 2656 neo
184 2599 244 2654 ulla
260 2599 412 2654 bominum
428 2597 559 2653 doctrina
582 2596 689 2652 artium
712 2610 832 2653 suarum
848 2596 964 2667 regulas
1020 2604 1093 2659 licat.
1114 2598 1253 2668 Quamvis
1282 2598 1382 2667 itaque
1414 2610 1589 2668 poneremus
1613 2612 1778 2668 corporum
1797 2597 1856 2653 illan

117 2689 347 2761 applicaverunt,
361 2702 427 2743 cum
442 2700 540 2743 rerum
566 2686 813 2757 investigaverunt
832 2693 962 2754 naturas,
1018 2688 1242 2758 resumptionem
1272 2684 1343 2740 nibil
1370 2684 1477 2740 sanctis
1500 2684 1660 2742 animabus
1683 2685 1856 2743 beatitudinis

118 2780 166 2837 sed
181 2779 256 2836 sicut
269 2777 408 2847 scriptum
429 2776 551 2841 estona·
570 2776 604 2830 de
624 2781 697 2829 terro
716 2782 755 2830 est
774 2775 807 2830 de
829 2781 903 2830 terro
926 2777 965 2830 lo
1019 2777 1158 2841 oonlerrc,
1187 2781 1360 2831 nontamen
1383 2787 1447 2829 eain
1475 2785 1650 2830 censeamus
1679 2774 1854 2845 superfluam,

119 2871 214 2937 quitur
231 2869 321 2938 (Joan.
342 2884 381 2929 ιιι,
399 2868 452 2934 tl).
476 2864 505 2921 Si
520 2879 589 2935 ergo
604 2864 639 2919 ad
660 2864 732 2921 illud
756 2864 878 2921 coelestis
896 2865 963 2920 vitae
1019 2881 1085 2938 quae
1109 2867 1143 2922 ad
1163 2865 1269 2921 divinae
1298 2863 1432 2934 potentiae
1458 2862 1573 2919 laudem
1590 2861 1760 2933 plurimum
1786 2865 1853 2921 valet

118 2956 267 3027 fastigium
289 2953 480 3010 conscendere
512 2953 613 3009 niteris
643 2966 709 3022 quae
737 2967 852 3009 omnem
876 2955 1080 3024 terre-(ioco
1106 2955 1185 3011 enim
1212 2951 1262 3008 illa
1292 2951 1375 3023 prius
1398 2952 1535 3008 inleriora
1560 2959 1588 3007 et
1609 2954 1742 3022 passioni
1771 2969 1854 3026 cogno

118 3056 186 3098 narn
213 3042 298 3114 longe
327 3041 502 3097 transcendit
519 3040 712 3110 disciplinam,
739 3055 775 3097 ne
803 3041 963 3112 plurimum
1019 3045 1115 3101 vimus
1129 3042 1265 3107 obnoxia,
1282 3047 1362 3097 tanto
1377 3041 1560 3110 postmodum
1574 3043 1672 3112 magis
1694 3043 1788 3100 Deum
1808 3044 1853 3113 glo·
1889 3032 1892 3041 '

119 3131 256 3188 innitaris
271 3138 391 3187 terrenae
407 3130 564 3201 prophetice
573 3130 692 3201 regulis,
710 3129 819 3200 quibus
842 3145 895 3185 nec
909 3130 964 3186 ad·
1019 3132 1192 3190 rideandum
1204 3129 1326 3186 ostendit
1339 3146 1346 3196 ;
1357 3136 1384 3185 ιι
1395 3143 1462 3183 cum
1476 3129 1515 3183 sic
1531 3143 1564 3184 ea
1584 3130 1723 3187 videlicet
1750 3132 1851 3188 solidata

119 3219 178 3276 buc
202 3219 239 3275 ad
269 3219 387 3289 plenum
411 3218 611 3286 comprehendi
641 3231 675 3272 ac
706 3217 820 3274 definiri
850 3226 965 3275 terrena
1019 3229 1046 3279 et
1059 3219 1270 3276 indissolubilia
1293 3217 1458 3276 videbimus
1480 3217 1565 3284 iacta,
1591 3227 1625 3275 ut
1656 3220 1742 3276 uulla
1768 3235 1802 3277 ex
1822 3221 1851 3276 cis

120 3315 287 3378 potuerunt,
304 3307 411 3362 nedum
437 3305 569 3361 coelestia.
601 3306 702 3361 Utrum
726 3313 824 3362 autem
852 3307 965 3363 dilectio
1019 3309 1114 3382 passio
1128 3309 1212 3365 nobis
1224 3307 1387 3377 provenire,
1410 3307 1492 3362 nulla
1521 3306 1550 3362 in
1572 3306 1613 3362 eis
1629 3307 1781 3366 dissolutio
1802 3323 1850 3380 pte·
1889 3372 1892 3377 ,

119 3396 178 3460 illa,
196 3395 307 3466 quaein
326 3393 432 3451 coelesti
455 3394 523 3457 vita,
550 3392 684 3450 habenda
708 3393 815 3451 dicitur
833 3397 966 3451 accidens
1019 3400 1057 3456 sit
1081 3397 1257 3467 contingere,
1286 3395 1353 3451 binc
1381 3395 1467 3451 etiam
1505 3396 1641 3452 nonnihil
1682 3398 1850 3455 beatitudinis
1889 3404 1893 3475 ξ

120 3486 207 3542 sitan
233 3483 447 3555 qualiscunque
470 3483 607 3553 qualitas,
629 3483 702 3540 nibil
727 3483 860 3540 utilitatis
884 3484 966 3543 aliert
1020 3484 1475 3552 animavidenturcontrabere,
1497 3485 1656 3555 quiaque
1681 3487 1803 3557 amplius
1820 3487 1851 3543 di·
1889 3486 1893 3521 ²

121 3574 251 3641 delinire,
276 3586 342 3644 quae
360 3574 414 3627 nisi
443 3572 642 3642 experimento
667 3572 712 3628 sui
741 3586 807 3629 vere
833 3575 966 3644 cognosci
1020 3577 1096 3633 vinae
1112 3573 1246 3644 potentiae
1262 3572 1496 3642 magnitudinem
1521 3573 1726 3642 experientur,
1748 3574 1850 3645 ampliu

121 3678 179 3721 non
194 3670 295 3734 potest,
321 3677 387 3718 curu
409 3676 523 3718 omnem
548 3670 668 3718 terreuae
695 3662 821 3718 scientiae
850 3677 966 3719 sensum
1021 3679 1088 3721 eum
1102 3663 1221 3734 diligere
1234 3671 1261 3718 et
1276 3661 1417 3717 beatiores
1431 3675 1492 3718 esse
1512 3675 1569 3718 non
1587 3671 1659 3718 sunt
1679 3664 1848 3736 deneganda.

121 3755 206 3826 louge
222 3760 353 3809 transcen
367 3751 425 3821 (iol.
446 3753 480 3805 45
496 3752 542 3822 R.)
567 3751 625 3808 dat.
642 3751 714 3818 Quid
738 3759 834 3809 autem
850 3752 886 3808 ad
901 3753 965 3809 bea·
1057 3746 1166 3809 Primos.
1180 3751 1254 3807 illud
1280 3764 1407 3822 quoque,
1436 3751 1563 3819 obsecro,
1588 3750 1746 3818 dilucides,
1773 3761 1853 3810 utrun
1890 3770 1894 3783 ·

121 3842 277 3902 titudinem
298 3842 395 3907 relert,
420 3845 520 3898 utrum
540 3833 808 3897 cam'accideusan
832 3841 968 3898 substan·
1023 3842 1072 3899 illa
1099 3842 1148 3897 Dei
1181 3839 1264 3902 visio,
1295 3841 1323 3894 iu
1352 3853 1411 3909 qua
1453 3838 1603 3895 beatitudo
1639 3841 1781 3909 consistit,
1818 3838 1855 3895 tii
1889 3790 1894 3911 4

122 3933 191 3991 tiam
210 3931 270 3988 sive
299 3937 436 3986 neutrum
465 3944 526 3985 esse
548 3943 698 3998 ponamus,
726 3944 794 3986 cum
823 3931 968 4002 quidquid
1023 3946 1083 4003 qua
1103 3931 1155 3987 loci
1176 3928 1339 3984 differentia
1354 3927 1399 3983 vel
1422 3928 1535 3998 augeri,
1553 3927 1598 3984 vel
1623 3929 1736 3998 minui,
1757 3944 1794 3986 an
1811 3930 1857 4000 ipo
1891 3918 1895 3995 Ι

122 4021 255 4077 dicamus
270 4018 313 4075 vel
330 4018 517 4084 arbitremur,
535 4018 595 4087 ipsa
615 4018 677 4074 ideo
697 4033 756 4074 non
772 4025 900 4076 mutetur
922 4023 968 4079 vel
1024 4022 1053 4077 in
1068 4020 1203 4076 omnibus
1218 4018 1288 4073 locis
1304 4017 1435 4074 exbiberi
1459 4017 1597 4074 omnibus
1621 4027 1724 4089 queat,
1742 4019 1787 4076 vel
1811 4032 1857 4075 ιιι

124 4108 330 4166 beatitudinem
346 4115 473 4162 nostram
498 4107 619 4162 minuat.
643 4107 684 4163 Ao
701 4106 724 4162 si
749 4121 815 4176 quae
839 4108 873 4163 de
890 4109 968 4165 acci·
1024 4118 1071 4167 tus
1084 4110 1110 4164 ei
1130 4108 1238 4178 aliquis
1263 4107 1418 4175 deputatus
1439 4105 1476 4162 sit
1498 4105 1588 4175 locus,
1614 4122 1678 4179 quo
1697 4109 1859 4166 scilicetne

122 4198 256 4255 dentibus
270 4204 298 4253 el
308 4195 548 4252 substantialibus
576 4194 673 4252 lormis
697 4195 859 4266 philosophi
881 4197 969 4253 vestri
985 4237 1007 4292 D
1024 4213 1101 4256 cesse
1112 4198 1147 4253 sit
1162 4197 1323 4266 pervenire,
1349 4196 1400 4266 qui
1426 4194 1475 4251 illa
1499 4194 1546 4251 lru
1558 4196 1626 4251 ituri
1647 4207 1720 4254 sunt
1745 4192 1859 4255 visiouel
1894 4222 1897 4257 ι

123 4287 270 4352 dixerunt,
294 4284 447 4354 diligenter
475 4283 638 4340 consideres
664 4297 717 4339 ιιι
748 4284 969 4342 substantialem
1058 4289 1218 4343 danisman.
1251 4285 1306 4350 Qui
1330 4285 1423 4341 Deum
1458 4285 1570 4356 ubique
1592 4299 1644 4355 per
1665 4289 1861 4357 potentiaesut
1893 4260 1898 4377 Ἰ

123 4375 202 4431 illam
221 4373 305 4430 nobis
331 4373 452 4438 videbis,
480 4386 546 4443 qnae
574 4385 631 4427 non
660 4372 732 4427 inest
751 4372 895 4440 omnibus,
918 4389 970 4430 nec
1023 4374 1254 4446 magnitudinem
1268 4388 1328 4429 non
1348 4373 1484 4429 dubitant
1503 4388 1575 4442 esse,
1596 4375 1680 4431 itaci
1703 4377 1804 4434 omnia
1816 4377 1862 4432 loo

122 4462 339 4528 accidentalem,
356 4476 433 4531 quae,
449 4472 601 4531 postquam
627 4460 761 4526 adluerit,
787 4461 886 4517 abesse
911 4477 970 4518 nou
1023 4463 1174 4534 praesentia
1189 4461 1281 4518 credit
1295 4462 1357 4533 (lep.
1376 4462 1522 4531 credunt).
1540 4469 1572 4518 ut
1598 4461 1628 4517 iu
1644 4464 1861 4535 omnibusque

124 4558 224 4622 potest.
245 4549 324 4607 Unde
337 4549 470 4605 accidens
488 4550 573 4605 etiarn
590 4558 686 4605 vestra
706 4549 802 4618 opinio
822 4550 968 4617 describit,
1023 4565 1142 4622 cunque
1157 4551 1227 4606 velit
1242 4565 1328 4622 agere
1354 4550 1440 4620 possit
1470 4557 1498 4606 ιι
1524 4557 1582 4605 tam
1606 4548 1671 4620 ipsa
1700 4552 1775 4620 loca,
1789 4565 1860 4624 quau

124 4640 201 4710 quod
215 4639 312 4694 adesse
335 4645 425 4708 potest
445 4646 473 4694 ιι
492 4638 598 4693 abesse.
625 4637 706 4702 Quod
729 4637 813 4694 etiam
841 4639 968 4709 impedit,
1023 4640 1120 4697 omnia
1136 4640 1165 4695 in
1180 4639 1237 4697 illis
1250 4641 1314 4710 eius
1327 4639 1491 4709 operatione
1513 4637 1559 4694 vol
1583 4647 1732 4708 gerantur
1753 4641 1799 4698 vel
1816 4640 1860 4695 die

124 4728 149 4784 si
165 4727 245 4783 illam
258 4741 376 4797 quoque
401 4726 581 4783 dilectionem
606 4725 645 4781 ibi
675 4725 815 4792 loturam,
841 4726 921 4783 sicut
942 4735 971 4784 et
1025 4739 1182 4798 ponantur,
1199 4742 1387 4800 nequaquam
1401 4728 1456 4783 ista
1471 4727 1631 4799 quaestione
1642 4731 1787 4787 movendi
1797 4734 1859 4786 snut

123 4822 302 4887 presentem,
332 4827 422 4885 quam
446 4815 585 4871 babemus
605 4813 663 4877 hic,
685 4815 817 4871 accidens
837 4815 971 4871 conceda·
1023 4817 1085 4886 ipse
1100 4819 1208 4889 quippe
1223 4816 1342 4888 estqui,
1365 4816 1408 4871 sic
1423 4829 1501 4871 nunc
1517 4827 1635 4886 quoque
1650 4813 1716 4872 sine
1740 4816 1859 4888 positione

125 4902 574 4967 muleuamvisenimnostra
598 4901 762 4959 substantia
780 4903 907 4974 quolibet
926 4918 971 4961 ac·
1024 4906 1107 4963 locali
1128 4908 1204 4962 sicut
1226 4914 1293 4962 aute
1322 4912 1451 4976 tempora
1479 4904 1648 4972 consistens,
1680 4919 1740 4962 non
1771 4903 1858 4962 tamin

123 4991 228 5049 cidenti
243 5005 295 5048 suo
311 4990 410 5047 melior
433 4998 596 5056 censeatur,
612 4999 663 5047 aut
675 4992 800 5062 dignior,
821 5007 970 5049 summum
1024 4994 1235 5065 locoesseliol.
1260 4993 1348 5063 ιιι.)
1377 4994 1516 5051 dicendus
1534 5001 1586 5061 est,
1621 4994 1676 5064 qui
1708 4994 1858 5051 nullatenus

123 5088 221 5137 tamen
236 5080 361 5139 bominis
375 5081 484 5137 bonum
506 5080 535 5135 id
549 5095 608 5137 uon
630 5080 790 5152 incongrue
814 5081 971 5138 dicendum
1024 5082 1123 5140 localis
1149 5090 1201 5149 est,
1232 5096 1320 5154 quam
1347 5082 1378 5138 in
1409 5096 1439 5138 se
1467 5088 1572 5138 cuncta
1596 5081 1775 5140 concludere
1801 5082 1858 5146 loo,

125 5171 252 5233 videtur,
276 5169 357 5240 quod
391 5170 486 5239 ipsum
505 5169 652 5226 bominem
678 5168 897 5240 participatione
925 5171 971 5227 sui
1026 5173 1101 5243 ipsos
1124 5172 1221 5237 etiam,
1251 5180 1284 5227 ut
1309 5171 1450 5242 scriptum
1480 5178 1532 5239 est,
1563 5169 1652 5226 coelos
1684 5171 1797 5242 psalmo
1819 5180 1858 5226 sut

125 5259 268 5329 optimum
283 5258 374 5315 reddit
389 5266 477 5329 atque
492 5257 705 5330 dignissimum,
717 5266 860 5330 atquem
874 5259 972 5316 verius
1024 5262 1175 5319 continens
1188 5261 1271 5332 qna.
1289 5274 1337 5328 xc,
1367 5262 1420 5330 lt).
1438 5258 1491 5327 Qui
1503 5260 1580 5316 enim
1596 5267 1665 5316 ante
1685 5260 1788 5317 omnia
1811 5258 1859 5314 sint

125 5359 159 5401 ac
173 5346 353 5415 probabilius
376 5347 542 5420 loquamur,
572 5349 667 5420 ipsum
694 5349 785 5406 Deum
813 5349 865 5420 qui
892 5349 972 5406 solus
1025 5351 1086 5408 loco
1101 5351 1221 5417 exstitit,
1243 5364 1297 5407 uec
1311 5349 1365 5407 sibi
1381 5349 1471 5421 ipsius
1487 5348 1616 5419 modum,
1631 5349 1684 5406 sed
1704 5349 1789 5407 nobis
1810 5347 1858 5404 loct

125 5435 239 5506 proprie
250 5443 278 5492 et
302 5436 433 5494 absolute
457 5452 605 5513 summum
630 5438 739 5497 bouum
760 5437 877 5506 dicitur,
895 5453 972 5496 snm·
1024 5439 1187 5508 fabricarit,
1202 5440 1288 5513 cujus
1310 5453 1364 5497 nec
1394 5438 1489 5498 minui
1516 5452 1571 5498 noc
1594 5438 1702 5511 augeri
1727 5435 1859 5499 beadtnb
