3804 5962
112 163 166 222 22¹1
578 159 681 222 ructu
699 160 888 221 ABAELARDI
907 157 986 220 ΟΡΡ.
1003 157 1093 220 PARS
1111 161 1134 220 l.
1153 193 1189 208 -·
1206 163 1395 232 animuin.
1804 185 1858 240 228

115 313 127 344 a
147 288 288 350 Dominus
310 299 379 360 pars
397 284 571 344 haereditatis
598 301 668 345 333
692 288 778 357 (Paua
807 301 855 355 xv,
880 285 918 360 11),
944 284 1123 360 siquem,
1135 292 1248 351 Domini
1262 294 1435 369 benignitas,
1451 304 1503 357 aut
1516 313 1584 373 qnae
1596 301 1755 364 mulierum
1767 306 1862 381 digni·

112 381 214 440 devote
241 378 314 439 11133
340 378 567 449 compleverunt,
592 391 651 449 qno
680 390 780 434 omnes
802 376 959 434 meandum
1014 383 1067 447 tas,
1091 386 1205 439 uttam
1228 391 1316 456 caput
1341 399 1431 457 quam
1456 387 1541 459 pedes
1566 404 1634 449 suos
1657 392 1717 464 ipse
1745 398 1860 454 nonnisi

114 470 246 543 regulam
278 471 440 528 aDominc
474 466 606 524 traditam
638 464 766 522 conversi
795 464 958 523 33331333
1011 465 1288 541 leminislpreheret
1311 474 1519 547 inungendos?
1537 478 1607 546 Quae
1627 488 1670 538 est
1697 483 1760 553 1313,
1780 485 1860 543 obse·

112 559 204 631 hujus
220 559 288 617 vite
310 557 547 617 communitatem
569 553 722 610 initiantur
744 570 752 610 :
775 575 786 604 ι
808 553 870 611 11131
893 553 960 625 quis
1012 568 1070 621 cro,
1108 556 1277 618 1333313313
1307 577 1396 620 sexus
1424 552 1627 639 prerogativa,
1654 577 1686 628 31
1712 586 1860 632 333333

112 647 323 706 renuntiaverit
358 644 496 702 omnihus
525 657 591 715 quae
625 642 758 712 possidet,
784 657 842 699 non
867 651 958 712 331331
1011 642 1308 708 Christumomnlbus
1323 651 1447 723 Spiritus
1462 655 1553 712 sancti
1567 656 1781 729 unguentis'ah
1796 661 1859 732 ipsa

110 749 194 794 meus
215 750 276 792 esse
296 733 456 807 discipulus
473 731 549 803 (hac.
564 743 624 799 xrv,
644 729 700 803 33).
717 751 732 780 s
746 730 838 798 Quam
857 730 957 787 devote
1009 733 1073 804 ejus
1096 739 1280 808 conceptione
1305 739 1465 801 delibutum
1495 744 1600 802 331133
1623 760 1741 819 queque
1772 748 1857 807 innn-

110 832 207 883 autem
230 824 378 881 Christum
404 823 466 879 hec
486 819 658 877 beatissime
679 819 814 876 mulieres
832 831 867 875 ac
889 832 957 876 vere
1009 830 1088 893 geret
1113 823 1178 896 (133.
1199 841 1238 896 xi,
1262 827 1302 900 11),
1325 835 1354 886 31
1374 831 1459 902 quasi
1482 833 1677 903 corporalibus
1695 850 1857 894 sacramen·

108 912 374 971 33313133333313
408 909 527 975 1333131,
554 916 754 980 quantamque
775 908 898 979 gratiam
928 915 956 964 31
1008 910 1045 968 113
1070 927 1138 970 eum
1156 914 1186 971 in
1208 930 1304 989 regem
1331 926 1360 975 et
1377 919 1552 979 sacerdotem
1570 937 1750 992 consecrans,
1772 928 1856 984 Chri·

109 1005 247 1064 honorem
273 1003 415 1064 devotioni
439 1015 540 1060 earum
564 1008 623 1057 tam
643 1001 702 1071 ipse
721 999 850 1057 Christus
865 1012 954 1072 quam
1008 1006 1095 1070 stum,
1121 1003 1150 1059 id
1177 1013 1219 1061 est
1242 1013 1365 1063 unctum
1388 1009 1576 1079 corporaliter
1595 1012 1690 1083 ipsum
1710 1013 1856 1073 eilicereti

107 1095 290 1166 postmodnm
321 1092 442 1164 apostoli
465 1089 663 1157 exhibuerint,
688 1102 777 1146 sacre
801 1088 954 1160 diligenter
1007 1086 1119 1147 Scimus
1144 1092 1271 1162 primum
1297 1096 1501 1167 apatriarcha
1522 1100 1609 1157 Jacob
1630 1102 1660 1157 iu
1680 1110 1780 1175 typum
1802 1105 1856 1161 Do

106 1181 232 1241 historiae
254 1181 411 1239 continent.
436 1181 570 1253 legimns
594 1178 624 1233 in
642 1176 799 1248 Evangelio
819 1190 951 1234 33333-
1005 1177 1077 1234 31131
1092 1178 1215 1251 1331333
1234 1189 1355 1241 333133
1372 1184 1470 1243 luisse.
1492 1187 1529 1244 Et
1550 1190 1731 1259 postmodnm
1751 1206 1854 1265 regum

104 1279 217 1330 rentem
244 1269 434 1338 Pharisaenm,
453 1268 506 1342 qui
535 1264 658 1336 hospitio
681 1266 834 1323 Dominum
858 1279 953 1322 33333-
1003 1267 1065 1322 slve
1083 1269 1263 1328 sacerdotum
1280 1275 1442 1344 unctiones,
1459 1290 1510 1332 seu
1528 1277 1665 1347 quaelibet
1681 1281 1853 1340 unctionum

105 1367 196 1433 perat,
235 1359 272 1417 ah
312 1360 373 1431 1333
410 1372 472 1415 esse
507 1361 679 1418 correctum.
716 1361 744 1411 et
785 1353 952 1425 peccatricis
1004 1364 1186 1414 sacramenta
1204 1360 1321 1417 nonnisi
1345 1362 1417 1419 viris
1441 1363 1586 1421 celebrare
1606 1369 1777 1437 permissum
1799 1379 1851 1428 est.

104 1449 235 1508 mulieris
274 1447 446 1520 obsequium
486 1444 610 1516 hospitio
652 1443 716 1515 ejus
762 1442 847 1514 longe
890 1455 951 1498 3333
1004 1443 1081 1500 Licet
1097 1444 1244 1517 baptizare
1265 1463 1479 1522 nonnunquam
1505 1454 1641 1511 mulieres
1663 1467 1851 1527 praesnmant.

103 1538 258 1610 prelatum
278 1537 357 1609 (133.
389 1550 438 1604 vrr,
474 1536 530 1608 33).
556 1532 690 1605 legimus
714 1538 743 1589 et
763 1531 869 1587 Lazaro
888 1531 948 1602 jam
1004 1532 1137 1603 lapidem
1156 1535 1226 1593 olim
1251 1538 1417 1609 patriarcha
1440 1541 1591 1613 temptum,
1615 1546 1742 1616 nuncset
1761 1547 1852 1606 altare

104 1620 879 1685 3333331133333331331331333333313,1133111333
901 1632 949 1676 33-
1003 1622 1133 1691 pontilex
1157 1625 1218 1682 oleo
1247 1628 1416 1686 sanctificat.
1447 1627 1509 1688 11131
1545 1631 1644 1704 itaque
1670 1645 1851 1693 sacramenta

101 1728 197 1774 rorem
223 1714 287 1785 ejus
318 1714 408 1772 sciam
438 1711 545 1770 mensis
569 1709 743 1767 ministrare.
777 1708 948 1765 31133133
1001 1708 1104 1782 figuris
1126 1712 1307 1784 imprimunt.
1327 1716 1431 1776 lluller
1450 1733 1520 1777 vero
1544 1719 1575 1776 in
1597 1721 1658 1792 ipsa
1675 1732 1793 1794 3333313
1806 1733 1850 1783 331

102 1803 208 1876 copiosi
233 1802 338 1861 libram
362 1801 505 1876 unguenti
533 1799 655 1872 pedibus
676 1796 830 1856 Dominicis
846 1797 945 1854 13133-
999 1799 1130 1870 33311313,
1159 1802 1366 1876 31331311333
1393 1814 1566 1878 protestator
1588 1808 1707 1878 veritas,
1729 1812 1847 1871 dicens:

100 1892 179 1963 dere,
201 1892 384 1964 propriisque
397 1889 510 1963 capillis
528 1889 604 1961 13333
617 1897 777 1961 extergere,
798 1886 947 1958 hujusque
1003 1889 1141 1948 «Bonum
1168 1905 1242 1963 opus
1256 1901 1374 1964 operata
1397 1901 1440 1953 est
1463 1896 1493 1952 13
1517 1911 1563 1953 33
1586 1898 1681 1969 (blare.
1698 1915 1758 1971 xrv,
1776 1902 1813 1974 6).
1832 1923 1847 1953 3

99 1980 203 2052 copiosi
233 1981 376 2052 unguenti
410 1979 496 2036 odore
528 1978 646 2035 33333
675 1977 766 2048 ipsam
799 1975 945 2046 impletam
999 1977 1131 2036 Christus
1158 1979 1218 2050 ipse
1239 1994 1257 2037 a
1276 1981 1409 2051 muliere,
1440 1983 1595 2042 Christiani
1623 2000 1641 2043 a
1667 1988 1739 2045 viris
1762 1989 1847 2048 inun-

86 2069 197 2145 ι131333,
218 2083 251 2126 33
274 2069 310 2125 33
331 2068 422 2141 333113
446 2067 546 2139 133133,
570 2065 640 2138 quia
656 2072 712 2122 133
728 2064 853 2121 13331133
874 2078 946 2121 con-
1001 2073 1122 2136 guntur.
1139 2066 1232 2140 Caput
1255 2069 1349 2141 ipsum
1369 2071 1511 2129 sciliceta
1535 2072 1652 2144 lemine,
1678 2077 1847 2137 membran

100 2160 177 2219 sumi
191 2159 348 2230 videretur,
363 2158 467 2218 13333
489 2157 520 2214 13
539 2154 798 2225 concupiscentiam
813 2153 944 2223 ductum,
999 2154 1079 2211 viris.
1095 2155 1170 2213 Bene
1180 2163 1277 2214 33133
1291 2157 1426 2216 33331333
1440 2168 1637 2233 unguentum,
1652 2177 1710 2220 333
1724 2166 1845 2225 stillasse

102 2250 309 2322 313133133133
341 2248 506 2320 indignatos
530 2258 590 2302 esse
620 2244 708 2316 (Joan.
740 2256 795 2313 33,
829 2242 867 2314 3).
898 2243 946 2299 33-
997 2254 1085 2313 snper
1111 2252 1199 2315 caput
1223 2244 1287 2316 ejus
1323 2247 1427 2305 mulier
1460 2258 1648 2308 memoratur.
1681 2252 1844 2314 Secundum

100 2346 215 2412 tagente
229 2339 328 2410 ltaque
349 2337 462 2396 liartha
483 2335 519 2391 33
534 2333 615 2402 cibis,
640 2332 730 2389 113313
750 2331 891 2402 disposuit
909 2331 944 2388 33
998 2330 1076 2402 quod
1090 2332 1126 2389 de
1145 2331 1207 2404 ipso
1228 2348 1335 2405 sponsa
1359 2335 1390 2392 in
1411 2335 1537 2395 canticis
1559 2341 1699 2417 33331311,
1722 2342 1842 2402 dicens:

98 2426 272 2502 unguentis;
288 2434 317 2484 et
330 2440 417 2499 quem
442 2424 489 2481 illa
513 2422 603 2481 reiicit
621 2421 754 2491 interius,
770 2421 832 2477 hac
850 2420 943 2477 lassa·
998 2438 1013 2471 c
1029 2420 1215 2493 Unguentum
1239 2421 1365 2482 effusum
1389 2439 1494 2483 nomen
1512 2435 1598 2485 tuum
1624 2429 1713 2501 (dont.
1738 2448 1758 2501 1,
1779 2434 1840 2506 3).,

98 2523 160 2574 133
183 2515 291 2573 relevet
311 2507 944 2571 33133133113331311331333113313331-
997 2509 1091 2582 liujus
1115 2524 1234 2584 quoqne
1251 2515 1395 2585 unguenti
1417 2515 1530 2586 copiam
1550 2531 1601 2587 per
1625 2518 1707 2587 illud,
1728 2523 1806 2593 quod
1826 2537 1843 2578 3

95 2605 233 2662 nistrasse
255 2601 404 2674 Scriptura
434 2604 639 2658 commemorat
669 2596 838 2668 evangelica
861 2595 941 2668 (Luc.
995 2599 1190 2671 eapiteusque
1206 2601 1242 2658 ad
1252 2614 1332 2659 oram
1346 2603 1510 2660 vestimenti
1524 2604 1704 2678 delluxit[oi.
1720 2609 1841 2681 delluit],

94 2708 155 2765 33,
181 2693 221 2767 a).
251 2691 319 2760 Que
346 2689 477 2763 proprias
505 2688 591 2746 etiam
618 2684 941 2757 13331131331333311-
995 2687 1147 2746 Psalmista
1180 2690 1299 2761 mystice
1330 2690 1512 2764 praefigurat,
1550 2693 1647 2750 dicens
1679 2711 1687 2749 a
1719 2718 1730 2745 ι
1762 2697 1842 2755 Sient

92 2782 211 2840 dianam
230 2783 294 2856 ejus
323 2779 491 2839 alimoniam
522 2777 663 2844 31333331,
689 2776 767 2832 3131
797 2775 941 2846 precipue
994 2784 1178 2850 unguentum
1200 2778 1230 2835 13
1258 2778 1362 2850 333113,
1387 2779 1465 2850 quod
1486 2780 1632 2836 deseendit
1654 2781 1684 2837 13
1708 2783 1839 2854 barbam,

93 2872 182 2943 hujus
206 2870 272 2930 vitae
297 2869 459 2928 neccssaria
479 2865 683 2938 procurabant.
706 2863 769 2936 lpse
793 2863 940 2935 discipulis
955 2875 978 2936 c
993 2863 1114 2922 barbam
1128 2865 1235 2922 Aaron.
1259 2863 1341 2932 Quod
1359 2864 1505 2922 deseendit
1526 2866 1556 2922 13
1578 2880 1659 2923 3333
1676 2871 1840 2930 vestimenti

92 2961 246 3028 inmensa,
267 2960 327 3030 lpse
348 2958 379 3014 in
401 2955 548 3013 ablutione
572 2953 679 3025 pedum
698 2952 895 3011 humillimum
909 2966 939 3009 33
993 2952 1158 3023 31331131.
1177 2967 1285 3021 cxmr,
1309 2953 1347 3025 2).
1370 2974 1382 3003 ι
1405 2954 1523 3010 Tricam
1548 2954 1838 3031 113313333113333,

92 3049 256 3107 ministrum
280 3044 436 3104 exhibebat
463 3044 542 3116 (loon
565 3057 628 3112 331,
654 3043 691 3115 3).
718 3044 744 3098 Α
767 3041 847 3099 33113
871 3054 939 3098 3333
991 3040 1068 3098 31331
1092 3050 1120 3098 31
1139 3042 1329 3112 Hieronymus
1353 3042 1382 3098 in
1406 3043 1573 3112 psalmone
1601 3047 1739 3115 meminit,
1759 3063 1838 3108 acce·

89 3137 310 3209 discipulorum,
335 3133 382 3191 vel
410 3133 496 3190 etiam
511 3132 652 3196 virorum.
677 3133 817 3188 heccum
840 3143 938 3187 susee-
990 3130 1065 3200 pisse
1080 3129 1204 3203 legimus
1223 3130 1341 3199 trinam,
1354 3138 1382 3187 31
1403 3131 1550 3189 Christum
1568 3133 1630 3190 sive
1651 3135 1836 3196 Christianos.

88 3225 164 3298 pisso
188 3224 325 3283 3331333
348 3223 537 3295 333333133;
561 3221 609 3278 333
637 3219 722 3289 33133,
748 3227 781 3276 31
797 3219 935 3288 diximus,
990 3217 1078 3275 Pedes
1098 3219 1205 3290 quippe
1225 3219 1349 3287 Domini,
1375 3219 1436 3276 3133
1456 3228 1554 3290 eaput,
1578 3222 1719 3281 muliebre
1740 3240 1839 3284 susce-

88 3315 211 3373 ieminas
244 3313 275 3370 13
300 3313 345 3370 his
371 3314 416 3369 vel
440 3310 551 3369 caeteris
577 3308 766 3367 humanitatis
789 3307 935 3378 obsequiis
989 3313 1094 3374 333331
1105 3313 1299 3378 unguentum.
1316 3308 1459 3365 Mortuum
1472 3322 1541 3365 vero
1560 3309 1654 3379 13333
1675 3312 1779 3384 1333311
1799 3315 1836 3372 ab

87 3403 281 3461 ministerium
308 3399 489 3472 impendisse.
514 3398 551 3454 Et
573 3397 647 3455 sicut
670 3396 700 3453 in
726 3395 775 3454 1113
802 3395 931 3463 herthae,
987 3391 1596 3465 331331333313113333333,3133133131
1616 3398 1835 3470 ioannes,cnm

87 3492 180 3549 11313
207 3492 259 3548 1313
282 3491 417 3547 3331333
437 3486 611 3558 obsequium
631 3483 729 3544 llarlae
748 3483 843 3553 (llere.
870 3498 930 3552 xrv,
987 3483 1167 3541 aromatibus
1197 3484 1383 3556 sepelierunt.
1421 3485 1577 3542 Christiani
1610 3501 1728 3559 quoque
1759 3493 1835 3548 trina

85 3581 122 3652 3).
138 3582 207 3650 Quae
222 3580 340 3652 quidem
363 3579 394 3635 in
416 3577 471 3635 hoc
490 3573 653 3632 exhibendo
673 3580 754 3631 tanto
775 3572 828 3630 luit
842 3572 932 3630 devo·
984 3570 1202 3630 sanctificantur
1224 3571 1384 3631 unctione:
1409 3586 1537 3645 quarum
1552 3589 1611 3633 333
1627 3575 1659 3633 111
1678 3577 1708 3634 13
1731 3579 1835 3650 baptis

85 3670 150 3739 1133,
167 3676 277 3742 quantu
298 3676 366 3726 ante
379 3666 473 3724 luerat
486 3661 678 3722 criminosior.
692 3661 833 3719 Dominus
852 3674 931 3733 aqna
984 3672 1043 3730 mo,
1074 3659 1165 3718 altera
1188 3660 1219 3717 in
1242 3660 1470 3730 confirmatione,
1493 3665 1578 3721 tertia
1609 3679 1678 3723 vero
1705 3666 1835 3727 inllrmo·

84 3756 116 3816 ln
144 3759 250 3831 pelvim
273 3758 360 3814 missa
381 3755 460 3814 illins
481 3751 637 3810 ablutionis
660 3750 769 3822 peregit
790 3747 929 3807 cilicium.
984 3760 1051 3804 rum
1072 3755 1124 3805 est.
1149 3748 1296 3820 Perpende
1324 3749 1422 3822 itaque
1452 3751 1584 3810 mulieris
1609 3752 1788 3826 dignitatem,
1815 3771 1833 3814 a

82 3846 144 3906 Hoc
166 3861 235 3906 vero
259 3846 321 3918 ipsa
339 3845 365 3902 ei
395 3841 531 3915 lacrymis
558 3840 656 3897 intime
688 3835 928 3909 compunctionis,
984 3849 1045 3908 qua
1066 3837 1168 3895 313333
1191 3837 1321 3896 Christus
1343 3837 1388 3896 bis
1410 3838 1558 3909 inunctus,
1579 3843 1689 3899 tamin
1710 3845 1832 3915 pedibus

82 3949 141 3995 333
159 3934 296 3995 exteriori
320 3948 398 4006 aqua
420 3929 563 3991 exhibuit.
579 3927 700 3986 tlhlntos
721 3926 930 4001 discipulorum
984 3923 1090 3983 scilicet
1105 3941 1194 3998 qnam
1218 3927 1248 3985 in
1271 3925 1374 4000 capite,
1392 3928 1470 4001 regis
1485 3935 1513 3986 et
1535 3930 1691 3988 sacerdotis
1706 3936 1832 4006 suscepit

80 4025 166 4096 pedes
185 4025 272 4082 linteo
295 4023 436 4081 Dominus
458 4018 586 4078 extersit.
610 4017 677 4074 llaec
696 4031 748 4089 333
768 4016 856 4074 113133
881 4029 930 4073 ca-
983 4023 1173 4073 sacramenta.
1208 4017 1331 4088 llyrrhae
1358 4031 1427 4075 vero
1456 4023 1485 4075 et
1521 4017 1598 4076 aloes
1633 4031 1829 4095 unguentum,

81 4112 158 4185 pillis
171 4127 224 4171 usa
243 4121 295 4171 est.
319 4112 458 4169 Fomenta
474 4113 692 4178 ungnentorum
716 4105 835 4177 insuper
849 4105 928 4163 addi·
982 4103 1061 4173 quud
1081 4105 1117 4160 ad
1146 4106 1344 4163 conservanda
1365 4119 1487 4177 corpora
1505 4115 1687 4166 mortuorum
1707 4111 1830 4168 adhibe-

80 4202 132 4272 dit,
148 4217 213 4274 quae
228 4213 416 4275 nequaquam
438 4196 594 4254 Dominum
612 4193 778 4252 adhibuisse
790 4194 924 4268 legimus.
943 4167 966 4223 ὓ
982 4197 1039 4262 133,
1065 4190 1156 4264 133133
1178 4194 1320 4252 Dominici
1338 4196 1465 4267 corporis
1489 4196 1732 4268 incorruptionem
1746 4200 1830 4264 ‚lutu-

79 4288 150 4358 Quls
173 4292 261 4349 etiam
282 4289 393 4364 ignoret
412 4284 562 4343 mulierem
583 4283 612 4341 in
632 4290 746 4342 133133
774 4284 809 4341 33
834 4282 927 4356 133133
979 4293 1045 4338 ram
1059 4282 1264 4355 presignahat,
1285 4297 1375 4355 quam
1388 4284 1476 4342 etiam
1492 4285 1616 4356 quilibet
1635 4287 1717 4345 electi
1732 4288 1762 4346 in
1785 4304 1828 4348 re-

78 4379 172 4452 gratia
189 4376 415 4452 presumpsisse,
431 4380 464 4432 ut
487 4380 576 4447 33331
597 4386 713 4445 quoqne
736 4373 925 4445 313333333-
980 4370 1158 4429 surreetione
1178 4379 1246 4431 sunt
1269 4373 1364 4444 adepti
1393 4373 1443 4444 (al.
1468 4374 1623 4447 33331331).
1652 4375 1753 4435 Priora
1776 4393 1828 4437 au-

78 4467 142 4528 luso
155 4465 308 4527 delibuerit
319 4461 495 4535 unguento?
509 4461 591 4527 Quod
609 4460 726 4533 quidem
740 4468 924 4534 unguentum
979 4466 1035 4517 tem
1053 4459 1189 4519 mulieres
1203 4470 1355 4534 unguenta
1379 4462 1558 4535 singularem
1581 4464 1645 4536 ejus
1663 4472 1723 4524 133
1742 4469 1825 4540 regni

77 4572 136 4617 non
167 4559 203 4616 33
227 4553 370 4613 alabastro
392 4558 566 4620 extractum,
593 4551 643 4608 sed
663 4550 755 4609 iracto
779 4550 923 4609 alabastro
977 4562 1067 4621 quam
1096 4549 1247 4607 sacerdotii
1281 4550 1479 4609 demonstrant
1506 4551 1687 4624 dignitatem.
1721 4555 1825 4616 1133113

77 4651 255 4706 memoratur
267 4639 403 4710 clinnum,
426 4646 460 4697 31
473 4638 571 4696 nimie
585 4638 746 4696 devotionis
766 4639 923 4698 vehemens
977 4637 1095 4708 quidem
1111 4637 1213 4709 capitis
1233 4638 1423 4709 superiorem,
1439 4640 1546 4712 pedum
1560 4655 1629 4699 vero
1648 4641 1823 4702 inleriorem.

75 4736 289 4812 exprimeretur
307 4727 492 4798 desiderium,
517 4742 583 4800 que
598 4727 635 4785 ad
651 4727 775 4786 multum
799 4729 922 4788 ulterius
975 4727 1047 4784 11333
1062 4727 1139 4800 regis
1163 4726 1213 4800 [cl.
1236 4728 1300 4799 rex]
1320 4728 1407 4786 etiam
1431 4738 1644 4788 sacramentum
1665 4744 1684 4788 a
1703 4731 1823 4792 muliere

74 4837 163 4884 usum
196 4819 267 4879 illud
300 4817 508 4877 reservandum
539 4816 684 4887 censebat,
705 4831 763 4890 quo
786 4816 817 4874 in
840 4825 920 4876 13313
975 4815 1104 4886 suscipit,
1129 4815 1182 4888 qui
1208 4822 1305 4873 13333
1328 4815 1458 4875 oblatum
1482 4831 1500 4874 a
1523 4819 1595 4877 viris
1619 4818 1674 4877 sibi
1697 4834 1822 4893 regnum

75 4926 129 4972 naa
149 4910 185 4970 sit
207 4907 481 4981 obsequiumque
503 4905 702 4977 etiamlpaum
722 4907 784 4978 jam
808 4906 919 4965 unctio·
973 4905 1119 4976 suscipere
1140 4904 1259 4976 respuit,
1274 4911 1302 4963 et
1324 4905 1395 4978 ipsis
1407 4920 1474 4966 eum
1490 4907 1521 4965 in
1541 4922 1637 4980 regem
1653 4923 1755 4981 rapere
1768 4925 1821 4969 vo·

73 5003 120 5060 nis
134 4998 278 5058 deiectum
300 4996 382 5053 133113
401 4994 470 5066 13313
495 4994 623 5063 exhibet,
647 5008 735 5066 quem
760 5002 844 5054 33133
863 4997 920 5074 Da·
972 4992 1100 5052 lentibus
1122 4994 1238 5068 aulugit
1259 4993 1349 5067 (icon.
1372 5011 1412 5066 31,
1439 4997 1493 5067 lli).
1523 4996 1661 5067 coelestis,
1685 5007 1821 5057 333133·

72 5088 130 5147 niel
152 5087 286 5146 loturum
302 5081 485 5156 predixerat,
507 5090 658 5156 postquam
675 5082 808 5141 videlieet
829 5097 919 5156 unge·
972 5084 1034 5141 3331
1056 5084 1133 5156 regis
1158 5084 1266 5142 mulier
1289 5094 1503 5145 sacramentnm
1531 5087 1821 5160 3333133333-

72 5184 155 5236 33133
179 5174 302 5233 Sanctus
321 5171 584 5242 33331333311133.
605 5187 644 5243 tx,
665 5172 722 5245 ll).
748 5173 821 5231 Ecce
838 5174 916 5230 enim
970 5185 1071 5245 qnam,
1086 5172 1139 5244 qni
1154 5173 1189 5231 de
1200 5174 1352 5246 semetipso
1367 5173 1549 5247 postmodum
1568 5174 1607 5233 ait
1624 5189 1632 5231 :
1650 5197 1663 5228 ι
1683 5176 1817 5250 ilegnum

73 5264 211 5323 3333133
224 5268 390 5320 sanctorum
411 5260 517 5318 mulier
534 5259 660 5333 inungit,
675 5268 703 5319 et
722 5272 789 5318 eum
807 5259 917 5332 pariter
970 5274 1068 5319 meum
1093 5275 1152 5318 non
1172 5269 1215 5320 est
1240 5262 1275 5320 de
1293 5263 1348 5321 hoc
1364 5263 1476 5322 mundo
1498 5261 1591 5336 (1333.
1616 5277 1697 5334 xviri,
1722 5266 1777 5338 33).
1802 5288 1814 5318 s

71 5353 151 5411 hune
172 5364 232 5410 esse
253 5364 340 5425 quem
364 5348 466 5417 333311,
487 5356 515 5407 31
536 5362 624 5423 3333
644 5348 743 5408 verbis
773 5349 916 5424 propheta
968 5349 1136 5409 Gloriantur
1146 5350 1272 5424 episcopi
1286 5366 1355 5412 cum
1372 5350 1615 5425 applaudentibus
1632 5353 1747 5426 populis
1762 5362 1817 5414 ter·

69 5437 496 5515 animumanimumum
514 5436 683 5511 proclamat.
696 5437 824 5510 333331
846 5438 911 5510 ista,
968 5451 1054 5501 13333
1083 5437 1233 5514 inungunt
1262 5454 1354 5517 reges,
1387 5454 1456 5503 cum
1483 5441 1619 5507 33313133
1646 5456 1817 5548 33313333ί
