3804 5962
121 135 189 193 liet
385 132 488 191 erum
508 131 698 190 summum
716 131 792 189 OPP.
814 129 904 189 Plus
921 131 971 189 111.
987 160 1022 175 -·
1035 128 1257 189 ruuouodrca
1273 108 1319 186 'til'
1335 127 1599 189 rumosoeulca.
1807 134 1856 188 tttt
1883 74 1886 111 ἱ

115 262 289 328 initiaretur,
319 269 347 319 et
373 261 505 333 proxime
538 260 676 330 baptizari
699 274 729 318 se
751 275 769 317 a
788 274 833 317 me
863 258 1147 332 [velle1Aregnum
1171 259 1196 317 si
1215 258 1303 317 evitat
1317 258 1649 331 corporaleiucendlnm
1676 258 1857 316 etmitisaiua
1881 240 1886 299 ¹

115 351 289 424 significavit
303 359 331 408 et
350 351 412 407 ideo
430 363 488 420 praa
514 349 624 405 ceteris
649 349 744 406 causis
759 363 961 406 meaccersen-
1018 348 1208 420 parvulorum
1227 347 1342 405 ituatur
1380 361 1474 419 plena.
1508 347 1582 405 liena
1611 355 1715 406 autern
1753 347 1887 429 incuset

114 441 185 498 dum
200 440 255 512 (88)
286 441 409 511 putavit.
431 438 594 496 Ncnbabet
618 453 687 509 ergo
712 439 848 509 gratiam,
872 451 961 509 quam
1015 435 1160 508 spirituali
1174 437 1237 494 viro
1253 443 1400 493 ostensum
1427 443 1477 501 est,
1501 439 1555 494 boc
1581 437 1706 507 Traiani
1727 436 1856 508 justitian
1884 476 1888 563 ἱ

117 530 302 593 desideravit,
326 527 486 584 nonhabet
503 540 593 598 quarn
623 526 778 597 poposcit?
797 530 878 585 certe
892 528 963 598 quia
1015 534 1043 584 et
1057 525 1238 583 clementiam
1254 525 1403 594 meruisse,
1419 538 1486 582 oum
1503 539 1554 596 pro
1576 524 1856 596 retributiouejusti
1884 592 1887 611 Ι

116 617 252 688 poposcit,
281 616 399 687 accepit.
427 617 462 672 Et
492 616 568 673 unde
592 614 665 672 illud
682 623 745 672 est:
774 618 867 671 iustus
896 630 963 685 que·
1016 613 1061 672 tia
1078 615 1131 671 boc
1146 614 1205 684 ipse
1220 613 1319 670 iecisse
1332 620 1536 685 cognoscatur.
1556 612 1629 670 Cum
1656 614 1741 671 euim
1768 613 1856 684 predi
1884 618 1887 705 j

115 720 219 775 cunque
246 709 332 759 morte
352 709 508 774 preventus
527 705 624 772 tuerit,
645 705 807 774 enimeejue
825 706 855 759 ia
869 706 962 774 requie
1015 708 1068 758 cte
1089 701 1185 758 vidure
1197 700 1388 771 proclamanti
1412 702 1566 774 Traianus,
1580 702 1606 759 si
1627 715 1723 759 sauna
1746 709 1856 759 reverte

114 792 194 849 criti
209 793 286 863 (Sep.
304 809 341 860 ιν,
369 792 396 863 7)
416 792 494 849 solve
514 792 614 863 igitur,
638 801 719 863 pater
734 801 842 862 sancte,
857 806 962 848 manus
1016 797 1121 847 reture
1150 789 1258 861 prelio,
1287 789 1489 847 vindictamse
1517 789 1695 861 peremnia
1720 789 1857 847 lacturuu

114 895 196 938 servo
219 889 278 938 tuo.
297 883 392 936 item:
421 883 481 937 Nou
498 882 641 938 metuebat
669 880 837 938 bominibus
859 881 958 951 dispii·
1014 879 1218 949 responderet,
1249 877 1337 935 vidua
1351 877 1427 935 dixit
1442 893 1450 933 ι
1465 879 1498 933 si
1512 877 1706 948 temeratio
1719 880 1855 933 moritum

115 983 188 1038 cere,
219 977 250 1027 ut
270 969 322 1027 tibi
352 969 405 1026 soli
421 970 546 1040 placeret
570 970 600 1025 iu
627 969 748 1027 cbristo.
778 970 835 1038 Qui
860 970 962 1026 babuit
1016 967 1085 1038 (88),
1098 968 1163 1038 fillis
1179 969 1241 1037 quie
1255 967 1322 1021 mibi
1348 967 1666 1038 prestabit,'lrajeuns
1693 966 1853 1037 respoudit:
1883 952 1887 1053 j

114 1058 250 1131 spiritum
265 1066 360 1124 tunm,
372 1058 516 1128 quomodo
532 1059 840 1129 ucnaccepitgratiam
854 1056 962 1114 tuam‘l
1015 1056 1068 1111 Itle
1081 1057 1130 1125 qui
1146 1060 1210 1125 poet
1234 1071 1275 1110 mc
1302 1056 1463 1125 imperabit.
1494 1055 1590 1113 Vidua
1616 1055 1720 1112 dixit:
1747 1056 1784 1112 Et
1805 1054 1858 1121 qru‘l
1884 1056 1887 1093 ²

115 1149 173 1204 Aut
187 1146 211 1202 si
226 1148 298 1217 quia
326 1146 491 1203 solemniter
517 1160 575 1203 non
600 1154 668 1203 sunt
691 1147 835 1203 celebrata
854 1154 963 1217 myste-
1016 1145 1069 1199 tibi
1078 1143 1215 1214 proderit,
1229 1146 1255 1199 si
1268 1145 1501 1213 clterjuctitiem,
1532 1145 1601 1198 milri
1614 1143 1747 1210 feceriti
1772 1143 1855 1213 Traja-

116 1235 170 1295 ria,
186 1235 240 1290 boc
255 1241 444 1305 movet:ergo
473 1248 527 1291 nec
542 1243 692 1306 martyres,
712 1235 735 1290 si
762 1233 963 1291 catechumeni
1016 1247 1074 1289 nus
1088 1232 1258 1303 respondit:
1277 1234 1385 1300 Utique,
1414 1232 1496 1287 nibil.
1520 1232 1554 1288 Et
1581 1231 1685 1294 vidua,
1709 1233 1816 1298 Nonne,
1829 1232 1857 1286 iu-

116 1322 243 1391 tueruut,
271 1330 466 1393 coronantur3
493 1324 571 1395 quod
586 1324 609 1380 si
634 1338 686 1380 suo
707 1323 871 1380 ablnuntur
898 1335 964 1378 sau·
1017 1321 1092 1394 qrrit,
1109 1321 1160 1376 tibi
1175 1322 1269 1376 melius
1285 1326 1329 1376 est
1345 1325 1377 1376 ut
1391 1326 1422 1375 te
1440 1321 1779 1391 mibijmtitiemtecice,
1794 1324 1819 1375 et
1837 1326 1857 1372 u

116 1413 206 1483 quine
224 1418 251 1469 et
272 1411 407 1469 biucsua
428 1413 520 1482 pietas
546 1411 637 1469 abluit
655 1420 682 1469 et
710 1412 855 1469 voluutas.
871 1413 961 1468 ltcm:
1015 1425 1067 1482 pro
1097 1409 1145 1465 boc
1162 1410 1311 1465 mercedem
1332 1414 1408 1465 tecm
1428 1411 1557 1480 recipies,
1583 1424 1670 1479 quom
1694 1409 1782 1464 citeri
1803 1407 1857 1463 iere
1888 1468 1890 1473 ,

116 1499 152 1555 lit
166 1499 235 1556 bulo
258 1500 355 1557 adbuc
376 1500 609 1557 intercessionem
639 1501 777 1568 adscisco,
791 1501 839 1558 cui
867 1514 962 1557 remu·
979 1543 1001 1599 Β
1018 1497 1220 1555 transmittes?
1248 1499 1330 1556 Tunc
1356 1499 1525 1570 Traianus,
1566 1497 1683 1555 ratione
1707 1497 1858 1568 pietateque
1888 1486 1891 1497 '

115 1588 295 1645 ucratiouem
310 1602 454 1658 presumo
473 1587 479 1643 Ι
511 1590 559 1646 Pio
574 1590 703 1659 requiem
724 1590 788 1660 ejus
809 1602 964 1660 poseamus
1018 1596 1190 1655 commotus,
1206 1601 1282 1658 equo
1296 1587 1441 1644 descendit
1459 1594 1486 1645 ct
1502 1587 1649 1658 judicium
1667 1587 1794 1657 pererit.
1807 1589 1856 1642 uie

117 1677 231 1734 ellectu.
247 1677 312 1733 ltem
325 1693 333 1731 ε
347 1677 434 1734 Doleo
453 1677 483 1734 iu
499 1686 533 1743 te,
554 1678 591 1734 lili
607 1677 753 1746 Gratiano,
780 1678 862 1735 doleo
877 1678 963 1736 etiam
1019 1691 1148 1746 roeqmaa
1162 1675 1200 1731 ed
1227 1677 1392 1731 limticum:
1421 1675 1616 1747 Nequaquam
1645 1674 1769 1747 gentilis
1788 1673 1856 1746 pluu-

116 1767 148 1823 in
163 1773 199 1834 te,
217 1765 258 1822 lili
277 1765 500 1825 Valentiniauel
516 1768 560 1823 'lu
574 1781 681 1838 perure
701 1768 823 1838 putabas
839 1775 865 1823 te
890 1767 964 1837 eripi
1021 1765 1132 1839 gendos
1158 1773 1202 1821 cst
1229 1771 1281 1820 aut
1295 1764 1427 1833 iudeus,
1453 1764 1506 1834 qui
1531 1763 1561 1820 in
1576 1762 1709 1820 Ecclesia
1735 1777 1794 1820 nou
1807 1762 1856 1819 lue·

116 1854 290 1926 pericnlum,
302 1862 333 1912 tu
348 1868 394 1912 me
413 1869 473 1912 nou
487 1855 581 1913 solum
603 1863 635 1912 ut
648 1860 796 1927 parentem
812 1855 964 1927 diligebas,
1020 1861 1090 1912 runt
1103 1861 1130 1911 et
1144 1852 1231 1909 semel
1245 1852 1353 1908 mortui
1367 1859 1446 1919 suut,
1468 1852 1503 1908 de
1528 1852 1639 1924 quibus
1653 1851 1793 1909 salrator
1803 1850 1853 1906 ait:

117 1944 165 2001 sed
196 1951 228 2001 ut
255 1943 463 2015 redemptorem
487 1946 529 2002 tni
553 1953 581 2002 et
606 1945 789 2002 liberatorem
815 1946 962 2016 sperabas.
1020 1945 1143 2010 dimitte,
1170 1946 1202 1996 at
1223 1943 1358 2012 sepelient
1385 1946 1505 1997 mortuos
1533 1955 1606 2008 euos,
1625 1940 1676 1997 sed
1691 1940 1726 1996 hi
1756 1939 1857 2012 quipe

117 2033 162 2089 lu
176 2032 290 2090 dicebas
305 2049 313 2088 ε
330 2040 464 2104 putasne,
494 2033 594 2090 ridebo
617 2032 867 2091 patremmeum?
899 2034 965 2105 Spe·
1020 2033 1127 2092 scelera
1146 2032 1336 2104 egrediuntur
1358 2031 1393 2088 de
1411 2030 1540 2087 Ecclesia
1551 2037 1579 2087 et
1601 2029 1712 2087 uolunt
1739 2028 1857 2087 ultrure

117 2121 196 2177 oiosa
211 2121 246 2177 de
263 2122 455 2178 meroluntas
470 2130 539 2191 tua;
555 2123 605 2178 sed
621 2137 678 2179 nen
699 2122 802 2179 ellleax
826 2136 963 2193 praesum·
1021 2122 1093 2179 verti
1120 2121 1240 2178 adeam
1269 2119 1484 2176 damnationem
1511 2118 1662 2175 vitiorum.
1696 2119 1857 2186 Auqmtiuut
1888 2110 1891 2121 '

118 2208 187 2279 ptio.
199 2209 330 2265 lieimilri
346 2223 422 2265 vaua
436 2224 500 2280 spes
515 2211 544 2265 iu
560 2210 770 2267 homineillei
798 2211 964 2282 mildquod
1021 2211 1093 2266 lib.l
1125 2213 1165 2265 De
1188 2209 1323 2278 baptismo
1356 2210 1560 2278 pomulorum:
1588 2206 1671 2263 Sicut
1706 2218 1857 2278 per‘uuuu

118 2297 297 2354 uoluntatem
312 2305 392 2353 tuam
420 2312 477 2353 non
502 2306 568 2354 ante
583 2299 715 2369 cognovi.
740 2299 868 2363 Domine,
895 2300 965 2371 quia
1020 2313 1120 2356 omnes
1138 2297 1175 2353 ad
1202 2296 1484 2362 condemnationem,
1500 2297 1541 2351 sic
1564 2308 1617 2366 per
1650 2308 1750 2352 unum
1772 2305 1856 2350 omues

119 2396 203 2439 nemo
218 2383 304 2440 babet
316 2385 394 2454 quod
419 2384 482 2441 aliis
497 2384 562 2455 plus
577 2385 694 2453 deierat,
715 2400 804 2456 quaro
820 2388 897 2457 quod
908 2388 965 2444 sibi
1020 2388 1057 2444 ad
1070 2385 1317 2458 justificationem.
1337 2385 1394 2440 Nec
1406 2391 1449 2441 est
1464 2383 1543 2441 ullus
1568 2382 1622 2439 ulli
1637 2382 1755 2439 medius
1781 2382 1856 2445 locut,

119 2479 207 2541 optat,
230 2487 266 2527 ue
281 2486 325 2527 me
340 2472 380 2528 ab
404 2472 460 2530 illis
478 2481 672 2544 postmortem
700 2488 824 2545 separes,
850 2476 965 2547 quasin
1020 2475 1073 2532 ubi
1087 2481 1179 2546 potest
1193 2487 1253 2530 esse
1275 2487 1335 2529 nou
1356 2486 1423 2529 cum
1449 2471 1573 2540 diabolo,
1595 2471 1728 2542 quinon
1750 2478 1856 2527 estcun

120 2558 249 2616 haovita
275 2559 459 2616 charissimos
486 2561 574 2616 sensi.
601 2561 731 2627 Domine,
755 2569 827 2631 peto,
855 2569 897 2629 ut,
914 2563 966 2619 ubi
1021 2563 1144 2622 Cbristo.
1175 2562 1251 2618 idem
1275 2563 1305 2617 iu
1329 2561 1398 2616 libro
1419 2563 1458 2616 lle
1483 2559 1736 2630 tdechetrum:
1763 2558 1859 2615 Firmis

119 2662 172 2719 ego
192 2647 284 2713 luere,
308 2655 335 2704 et
361 2648 402 2704 illi
431 2649 488 2705 sint
509 2663 631 2705 meeum.
656 2650 705 2715 Te,
721 2662 828 2719 queso,
854 2664 966 2708 summe
1020 2653 1091 2711 sime
1110 2659 1216 2709 teueet
1244 2650 1411 2707 nullatenus
1424 2649 1547 2717 dubites,
1577 2662 1638 2705 uon
1665 2647 1764 2705 solum
1782 2646 1857 2704 noui·

121 2738 208 2806 Deris,
225 2744 257 2793 ut
269 2737 454 2793 charissimes
474 2739 598 2809 juvenes
614 2746 728 2793 matura
756 2739 967 2795 resurrectione
1022 2756 1073 2800 nes
1088 2741 1200 2798 ratione
1212 2740 1272 2811 jam
1289 2745 1413 2804 utentes,
1427 2751 1531 2794 varum
1546 2738 1634 2794 etiarn
1649 2735 1801 2807 parvulos,
1818 2734 1859 2805 qui

120 2826 282 2893 resuscites,
300 2834 332 2882 ut
352 2826 539 2883 immaturum
567 2827 648 2882 hunc
661 2826 727 2882 vitae
741 2827 824 2883 istius
847 2840 966 2882 cursum
1024 2830 1086 2888 sive
1105 2830 1136 2886 in
1151 2829 1241 2885 uteris
1269 2835 1397 2883 matrum
1416 2827 1516 2883 vivere
1540 2825 1685 2895 incipiunt
1712 2833 1743 2883 et
1759 2825 1799 2883 ibi
1812 2836 1859 2879 mu·
1897 2886 1899 2895 ¹

121 2923 236 2971 matura
265 2916 475 2971 resurrectione
500 2928 675 2985 compenses.
713 2917 758 2970 Ee
786 2919 846 2969 vite
879 2917 969 2970 suncti
985 2889 1006 2944 ⁰
1023 2919 1153 2985 riuntur,
1177 2917 1238 2973 sive
1250 2917 1313 2988 jam
1326 2916 1388 2972 nati
1403 2915 1465 2972 sinc
1479 2922 1659 2970 sacramento
1679 2912 1859 2984 baptismatis

121 3003 247 3071 erepere
261 3001 329 3073 (ill,
344 3004 391 3057 lib.
406 3019 436 3068 u,
453 3019 513 3073 cop.
535 3004 704 3071 recepitur:
721 3002 908 3060 beatissimus
923 3002 969 3059 ille
1024 3007 1102 3078 quod
1130 3005 1217 3062 datur
1238 3005 1268 3061 iu
1297 3003 1413 3060 uomina
1445 3002 1538 3059 Patris
1568 3010 1597 3058 et
1616 3001 1682 3059 ritu
1703 3010 1734 3059 et
1753 3001 1861 3072 Spiritus

122 3104 198 3162 papa
211 3092 339 3146 animam
354 3090 473 3158 Traiani
497 3090 677 3161 imperatoris
701 3091 814 3161 gentilis
841 3091 968 3147 defuncti
1023 3094 1126 3161 sancti,
1141 3093 1176 3150 de
1188 3092 1242 3149 hoc
1257 3091 1386 3165 [seculo]
1413 3097 1574 3154 transeunt,
1596 3090 1674 3162 iguis
1687 3092 1791 3147 aeterni
1804 3101 1861 3156 sup

121 3179 259 3251 precibus
283 3181 343 3235 suis
377 3180 555 3249 etlaerymis
589 3180 626 3234 ab
659 3179 764 3235 interni
791 3180 969 3236 cruciatibus
1025 3181 1110 3253 plicio
1139 3181 1314 3250 sempiterno
1349 3178 1521 3250 puniendos,
1557 3178 1608 3250 qui
1643 3179 1697 3236 etsi
1723 3185 1860 3249 peccatum

123 3266 266 3333 liberavit,
281 3275 308 3321 et
321 3266 397 3336 qnod
415 3267 475 3336 ipsc
494 3274 609 3336 propter
630 3268 880 3325 mansuetudinem
897 3283 969 3339 prae-
1024 3271 1146 3341 proprie
1165 3270 1289 3326 actionis
1302 3268 1416 3325 nullum
1448 3267 1625 3336 babuerunt,
1651 3267 1804 3340 originalis
1827 3272 1863 3320 ta-

123 3354 192 3410 dicti
217 3354 324 3423 judicis
350 3354 385 3409 ad
401 3353 497 3410 Sancti
525 3355 599 3410 Petri
624 3355 771 3411 basilicam
797 3359 967 3426 pervenerit,
1026 3372 1092 3414 men
1118 3358 1227 3428 peccati
1256 3357 1468 3414 damnationem
1499 3355 1609 3412 carnali
1633 3355 1860 3426 conceptinueet

123 3442 223 3512 ibique
248 3442 347 3498 tandiu
376 3455 465 3512 super
501 3456 629 3499 errorem
669 3451 727 3499 tam
755 3444 970 3501 clementissimi
1024 3447 1176 3503 nativitate
1186 3452 1351 3503 traxerunt.
1370 3446 1456 3500 item:
1475 3441 1859 3500 firmissimerenaetnutta·

123 3530 262 3601 principis
277 3529 447 3598 deflevisset,
477 3545 633 3602 quousque
657 3546 826 3604 responsum
839 3535 970 3605 sequenti
1025 3543 1109 3592 tenus
1131 3534 1255 3600 dubites,
1267 3533 1395 3604 exceptis
1418 3531 1476 3589 illis
1500 3532 1552 3604 qui
1570 3545 1621 3602 pre
1634 3532 1758 3588 nomine
1770 3527 1861 3589 cousi

124 3627 206 3675 nocte
222 3618 386 3688 accepisset,
414 3632 444 3674 sc
471 3633 522 3689 pro
542 3620 666 3691 Traiano
695 3623 912 3688 esseauditum,
934 3624 971 3679 ad
1025 3621 1235 3693 suosanguiue
1255 3622 1450 3692 baptizantur,
1479 3620 1596 3677 nullum
1624 3619 1775 3677 homiuem
1797 3629 1862 3674 acce

13 3704 18 3722 '
124 3721 211 3780 quern
224 3707 341 3778 quidem
356 3707 496 3763 orationis
508 3722 612 3764 ausum
635 3710 787 3780 predictus
801 3725 874 3781 papa
891 3726 971 3767 com·
1026 3719 1145 3781 ptururn
1159 3717 1295 3767 aeternam
1323 3709 1424 3777 vitam,
1441 3708 1493 3779 qui
1521 3721 1579 3764 non
1601 3707 1652 3765 bic
1677 3706 1862 3764 amalisso'u

125 3804 220 3855 motus
234 3795 323 3853 tuisse
344 3796 451 3853 ibidem
479 3798 648 3867 perhibetur
678 3813 728 3869 pro
747 3814 792 3869 eo,
813 3800 873 3868 ubi,
901 3801 971 3858 dum
1024 3799 1113 3856 tuerit
1129 3812 1180 3868 per
1202 3798 1403 3869 poeuitantiam
1431 3796 1577 3867 iidemque
1596 3803 1794 3854 couversnset
1811 3805 1861 3865 per,

126 3887 252 3958 quodam
277 3893 401 3955 tempore
435 3885 471 3941 ad
493 3886 670 3943 imminentis
698 3887 763 3943 belli
793 3889 970 3957 procinctum
1026 3886 1321 3944 sacramentumildei
1335 3894 1362 3942 et
1387 3885 1551 3956 ponitonuae
1573 3891 1601 3941 et
1624 3899 1678 3955 per
1699 3884 1864 3955 baptismum

124 3975 547 4041 uehementissimelestiuaret,
567 3976 763 4046 proclamante
788 3975 878 4033 vidua
897 3990 971 4047 qna·
1025 3973 1174 4032 liberatus.
1202 3974 1239 4030 lit
1263 3973 1425 4045 majoribus
1456 3973 1574 4043 quidem
1601 3972 1864 4029 necessariumeese

126 4062 193 4119 darn
208 4076 259 4132 pro
275 4063 402 4120 vindicta
418 4063 468 4118 lilii
491 4064 536 4120 sui
565 4062 703 4120 interlecti
719 4077 796 4134 equo
825 4063 972 4120 descendit
1026 4070 1053 4120 et
1068 4063 1269 4134 penitentiam
1293 4063 1329 4118 de
1347 4061 1502 4119 malissuis
1520 4074 1606 4133 agere
1619 4070 1649 4118 et
1674 4060 1763 4117 tidem
1777 4058 1868 4117 Carbo

125 4166 179 4208 nec
193 4161 277 4207 autea
301 4151 440 4218 discessit,
458 4166 546 4222 quam
560 4151 704 4222 judicium
728 4152 826 4208 riduae
849 4165 898 4222 per
922 4166 971 4208 se·
986 4176 1009 4230 Ι)
1026 4150 1111 4208 licam
1126 4152 1286 4209 seeundum
1312 4150 1444 4222 regulam
1471 4149 1603 4207 ueritatis
1617 4157 1717 4206 tenere
1738 4157 1768 4206 et
1781 4158 1867 4205 sum·

127 4241 281 4309 metipsum
304 4240 405 4310 egerit.
435 4240 471 4296 Et
501 4240 659 4296 notandum
677 4241 754 4310 quod
771 4256 830 4297 non
854 4240 970 4313 legitur,
1026 4248 1157 4297 mentum
1173 4239 1309 4310 baptismi
1323 4239 1622 4310 accipere;parvulis
1645 4251 1730 4304 vero,
1746 4237 1799 4309 qui
1823 4247 1868 4291 net

126 4327 243 4398 Traiani
270 4328 398 4383 animam
425 4328 454 4383 in
471 4327 604 4398 paradiso
620 4326 707 4384 luisse
720 4329 883 4399 repositam,
904 4345 973 4385 cum
1027 4331 1144 4401 propria
1167 4329 1325 4385 voluntate·
1348 4328 1474 4397 credere,
1507 4341 1560 4384 neo
1589 4327 1793 4398 penitentiam
1826 4336 1868 4395 pru

126 4416 265 4485 scriptun
292 4417 347 4472 sit:
370 4418 433 4472 Nisi
461 4419 522 4485 quis
543 4421 654 4470 retectus
683 4418 771 4483 fuerit
801 4433 835 4472 ea
856 4434 930 4488 eque
947 4424 974 4472 et
1027 4426 1143 4490 peccato
1166 4417 1247 4488 quod
1274 4417 1456 4488 originaliter
1480 4415 1601 4472 trahunt
1628 4428 1717 4486 agere
1746 4418 1866 4485 ment

127 4507 234 4575 Spiritu
260 4510 363 4571 sencio,
390 4520 444 4559 uon
465 4509 555 4574 potest
575 4507 689 4560 introire
712 4510 741 4560 in
767 4522 881 4575 ecquem
903 4508 973 4563 dioi-
1027 4513 1242 4564 sacramentum
1269 4505 1346 4574 ndei,
1373 4505 1453 4576 quod
1488 4512 1530 4561 est
1559 4511 1692 4561 sanetum
1723 4503 1865 4576 baptism.

127 4609 203 4659 num,
220 4592 269 4648 sed
293 4592 459 4663 simpliciter
478 4592 588 4650 dieitur
613 4593 648 4649 ab
666 4593 771 4649 interni
799 4595 976 4652 cruciatibus
1029 4595 1162 4667 quandiu
1179 4595 1299 4651 rationis
1320 4601 1389 4650 aetas
1414 4606 1514 4651 eorum
1537 4606 1630 4664 capax
1663 4606 1727 4649 esse
1753 4607 1813 4649 uon
1830 4601 1866 4660 pu

130 4695 180 4752 per
196 4681 245 4736 liei
261 4680 485 4737 misericordiam
501 4695 559 4736 uon
576 4683 691 4749 sentire,
708 4683 791 4739 sicuti
809 4682 885 4755 ignis
898 4698 976 4740 unus
1029 4692 1094 4749 test,
1113 4681 1247 4740 sulficere
1265 4682 1302 4738 ad
1317 4681 1449 4739 salutem.
1472 4685 1513 4737 Ee
1534 4682 1652 4752 epistole
1680 4681 1778 4737 siritii
1798 4690 1866 4753 pepe

128 4769 268 4842 gebennen
296 4769 372 4825 valet
408 4782 507 4825 omnes
533 4778 696 4840 peccatores
705 4772 814 4840 pariter
836 4772 973 4840 detinere,
1028 4788 1088 4843 cap.
1108 4775 1160 4828 li:
1178 4770 1234 4837 Oui
1252 4772 1281 4827 in
1304 4771 1374 4827 vino
1390 4770 1523 4841 proxima
1545 4769 1617 4841 (88)
1636 4771 1809 4826 necessitate
1825 4769 1865 4824 br·

129 4859 179 4916 sed
194 4873 252 4915 non
267 4857 416 4928 equaliter
428 4871 561 4924 exurere,
579 4865 620 4926 ut,
650 4869 797 4930 quantum
819 4861 975 4931 unusquis
1030 4861 1128 4933 plicat,
1143 4867 1176 4918 ut
1191 4874 1269 4932 eger
1296 4873 1355 4916 nou
1370 4859 1558 4931 periclitetur,
1569 4872 1622 4929 pro
1634 4858 1685 4914 tali
1708 4871 1742 4914 re
1758 4852 1865 4914 nullsei

129 4963 187 5020 que
204 4947 340 5004 meruerit
352 4946 448 5018 culpa,
476 4954 587 5002 tanturn
603 4947 745 5004 sentiatur
759 4956 787 5005 et
800 4948 894 5020 culpa.
911 4947 980 5028 Non,
1029 4949 1186 5007 ascribitur
1200 4948 1300 5019 culpa.
1319 4947 1348 5004 Si
1362 4961 1431 5005 vero
1453 4961 1532 5019 aqua
1554 4947 1663 5012 aderat,
1687 4945 1738 5019 [et]
1756 4942 1866 5003 necmi-
1897 4926 1899 5007 ἶ

120 5036 386 5108 itaqneTrajanus
401 5035 522 5105 adeptus
543 5042 584 5091 est
613 5037 749 5106 gratiam,
777 5037 829 5093 etsi
853 5037 977 5095 evaserit
1029 5047 1074 5096 tas
1088 5037 1153 5095 talis
1168 5051 1227 5094 non
1244 5037 1376 5108 urgebat,
1404 5036 1453 5092 bic
1473 5036 1679 5091 commuuione
1704 5035 1866 5104 priveturet
1897 5022 1899 5029 '

130 5123 305 5196 corporalem
328 5124 466 5195 gebennen
491 5137 616 5193 pennam,
647 5139 701 5181 uec
723 5126 812 5183 intrat
838 5126 976 5184 emiorum
1030 5126 1203 5199 poenitentiae
1215 5125 1411 5182 submittatur.
1436 5127 1526 5182 liomo
1542 5122 1599 5194 (89)
1623 5136 1695 5180 vero
1711 5122 1761 5179 ille
1783 5121 1865 5193 quiiu

178 5248 224 5316 at)
239 5247 350 5304 llonac.
368 5247 583 5316 :accipiendum
1067 5248 1133 5321 (88)
1144 5249 1236 5306 blansi
1251 5247 1314 5305 coll.
1325 5262 1404 5304 conc.
1419 5247 1470 5318 ΙΙΙ,
1497 5262 1525 5318 p.
1542 5249 1594 5302 878
1609 5264 1616 5302 :
1629 5251 1760 5317 procimc
1769 5264 1781 5311 ;
1800 5241 1864 5316 apud

178 5321 222 5384 87)
238 5320 370 5374 Auctore.
387 5319 496 5373 loanne
512 5317 641 5375 diacono.
1030 5320 1232 5378 liarduinum:
1247 5321 1439 5389 promceime.

168 5390 224 5457 (88)
244 5389 352 5443 Menae.
369 5403 375 5442 :
393 5395 557 5443 ruereturus.
1068 5391 1126 5464 (89)
1137 5391 1229 5448 blansi
1245 5393 1371 5446 :lustaus
1386 5389 1493 5462 [inserts
1508 5387 1545 5460 il.
