3804 5962
576 182 703 241 ululet
722 182 787 243 SEU
807 181 903 241 sciro
922 184 968 243 te
987 184 1103 242 result.
1656 188 1709 247 042

79 318 111 362 ns
134 311 187 373 est,
209 304 276 376 quis
290 318 343 363 nos
371 305 402 363 in
429 305 484 365 hoc
513 309 632 379 peccati,
658 315 763 384 arguat
777 306 801 367 si
816 311 841 364 A
856 307 1050 367 damnationis
1068 306 1202 380 exculpe
1219 308 1404 381 propriorum
1419 317 1573 381 parentum
1598 325 1628 369 se
1642 326 1707 371 con·

79 391 148 451 ionis
163 399 269 450 metam
291 409 349 452 non
363 396 558 454 excedamus?
858 397 950 468 spexit
969 411 1030 454 esse
1049 394 1232 468 subiectum3
1248 411 1302 453 neo
1315 404 1375 454 tam
1394 398 1430 455 ad
1446 397 1593 469 proximos
1605 413 1709 472 paren·

83 496 204 540 rursum
235 482 375 554 inquiunt
397 485 468 557 quia
494 485 658 559 coniugalis
685 487 806 560 quidem
859 495 901 544 tes
915 500 1003 556 quam
1019 485 1055 542 ad
1067 487 1175 556 priores
1189 485 1249 542 bcec
1259 484 1361 542 delicta
1376 487 1501 544 retorsit.

79 571 280 629 tdelectabilis
295 571 351 628 cibi
365 587 433 630 esus
460 573 501 630 ita
514 589 668 633 concessus
695 584 748 643 est,
773 582 806 633 ut
895 575 975 641 Quod
989 588 1057 631 vero
1080 574 1233 645 Apostolus
1247 573 1460 646 indulgentiam
1482 574 1565 645 dixit,
1582 591 1640 634 non
1657 577 1707 643 ita,

80 659 108 717 io
129 660 192 731 ipsa
213 673 271 716 non
290 661 472 731 concedatur,
501 662 551 719 sed
566 670 598 721 ut
613 664 667 721 ista
689 664 805 722 omuino
861 671 893 720 ut
918 662 1030 729 volunt,
1061 669 1103 719 cst
1129 662 1340 732 accipiendum,
1357 670 1390 719 ut
1415 663 1625 736 indulgentiam
1640 681 1708 738 per-

79 747 233 805 lectatione
260 756 397 820 agantur.
426 749 479 806 sed
495 750 629 822 protecto,
654 753 677 809 si
696 753 735 810 ita
752 761 805 822 est,
861 751 1015 819 missionis,
1033 752 1147 807 reniam
1162 736 1269 807 dixerit
1292 751 1412 821 peccati.
1432 751 1501 809 l'ale
1529 753 1640 826 quippe
1663 760 1708 813 est

84 844 308 904 suutconcessa,
329 838 475 908 quomodo
500 854 534 895 eo
548 840 716 898 nullatcnus
744 839 806 897 lieri
861 840 939 911 quod
961 838 1015 896 ait:
1031 839 1193 897 secundum
1216 839 1439 911 indulgentiam,
1468 854 1527 897 non
1544 843 1706 901 secuudum

89 940 105 996 ;,
129 938 182 983 nec
213 925 394 982 rationabilis
416 926 471 985 tuit
487 929 646 999 permissio,
675 944 742 1001 quae
768 929 808 986 ita
862 927 1034 998 imperium3
1055 940 1089 983 ac
1107 926 1273 984 sidieeret:
1300 927 1460 984 secundum
1478 928 1708 1000 permissionem,

79 1011 191 1080 acessit,
207 1014 352 1084 quomodo
372 1026 437 1071 eam
466 1026 577 1074 certum
597 1025 638 1074 est
654 1033 712 1075 non
726 1032 807 1089 posse
860 1031 919 1073 uon
933 1016 1095 1073 secundum
1118 1017 1309 1072 coactionem.
1330 1015 1359 1072 Si
1377 1017 1454 1073 enim
1480 1016 1583 1075 volunt
1605 1019 1709 1092 conju·

79 1115 110 1159 ta
123 1102 242 1172 iusuper
256 1103 368 1160 ratione
383 1103 429 1160 lox
444 1104 480 1161 ad
504 1105 722 1164 matrimonium
740 1107 807 1164 olim
864 1119 913 1178 ges
934 1111 961 1163 et
980 1103 1044 1175 pari
1065 1118 1206 1161 consensu
1226 1103 1415 1173 decreverint,
1429 1105 1575 1165 abstinero
1589 1114 1709 1178 possunt

80 1230 89 1256 ,
128 1197 160 1247 ut
189 1193 393 1263 unusquisque
428 1207 525 1250 semen
565 1194 743 1266 relinqueret
776 1195 807 1252 in
861 1193 976 1261 penitus
995 1192 1104 1250 abusu
1122 1193 1218 1249 carnis
1247 1207 1301 1250 nec
1324 1207 1375 1264 per
1403 1193 1559 1265 imperium
1589 1195 1709 1254 adeum

90 1277 137 1335 rol
163 1277 317 1348 Apostolus
349 1282 489 1353 conjuges
514 1281 645 1339 debitum
680 1284 806 1341 invicem
862 1289 931 1338 sunt
958 1280 1088 1350 cogendi.
1114 1280 1234 1349 Quodsi
1250 1296 1308 1338 nou
1334 1282 1525 1351 decreverint,
1550 1282 1710 1356 induigen-

81 1367 234 1437 compellit,
255 1367 279 1424 si
294 1368 354 1425 baec
373 1370 540 1428 nullatenus
559 1372 670 1444 absque
692 1381 807 1444 peccato
863 1370 932 1427 tiam
947 1370 1063 1440 habent,
1085 1370 1138 1427 boo
1156 1377 1220 1427 est:
1244 1370 1463 1442 permissionem
1479 1380 1510 1428 ut
1532 1373 1626 1429 avita
1649 1386 1711 1444 per·

79 1453 174 1512 eunti
197 1453 344 1521 Quomodo
372 1455 403 1512 in
431 1457 484 1515 boo
503 1458 632 1516 debitum
649 1460 727 1528 dicit,
758 1458 809 1516 ubi
863 1458 980 1527 tectiore
992 1459 1023 1517 in
1049 1472 1137 1517 usum
1152 1459 1297 1516 declinent
1312 1459 1434 1517 laxioris
1462 1460 1540 1517 vitae.
1557 1459 1620 1517 Non
1641 1475 1711 1534 ergo

79 1544 259 1601 cessartoest
290 1546 461 1614 peccatum?
486 1546 545 1604 Aut
573 1548 717 1618 quomodo
739 1550 807 1620 quis
863 1545 1017 1616 Apostolus
1044 1546 1099 1602 boc
1122 1546 1182 1603 loco
1198 1546 1411 1619 indulgentiam
1437 1547 1578 1605 intellexit
1593 1549 1710 1607 veniam

79 1632 222 1704 egendum
238 1639 281 1688 est
293 1634 450 1705 cogendus,
472 1634 501 1690 iu
517 1650 577 1707 quo
590 1637 702 1708 agendo
716 1637 808 1694 Deum
826 1601 845 1656 Β
864 1633 984 1705 peccati,
1004 1635 1053 1692 sed
1070 1634 1288 1706 permissionem
1312 1635 1434 1693 laxioris
1457 1637 1525 1693 rita
1540 1651 1591 1708 pro
1615 1637 1709 1694 evita·

79 1719 203 1778 usurus?
230 1720 275 1776 Ex
290 1720 345 1787 his,
378 1729 411 1780 ut
430 1722 565 1791 arbitror,
593 1724 740 1796 liquidum
767 1731 810 1782 est
862 1721 940 1778 tione
955 1721 1166 1788 fornicatiouis,
1192 1728 1223 1780 ut
1248 1722 1367 1780 interior
1382 1723 1443 1779 vita
1469 1725 1579 1796 pcccati
1594 1723 1707 1797 magui-

94 1809 258 1866 naturalem
306 1811 403 1866 carnis
444 1811 661 1870 delectationem
692 1804 826 1884 peccato‘
863 1808 993 1867 tudinem
1022 1811 1192 1882 preveniret
1206 1818 1234 1868 et
1260 1811 1355 1868 minor
1382 1820 1455 1870 esset
1479 1813 1650 1883 inmeritis,
1674 1828 1711 1871 nc

79 1897 159 1954 udam
184 1911 245 1954 esse
272 1912 326 1955 nec
349 1899 441 1970 culpae
457 1900 643 1958 tribuendum
665 1903 695 1958 in
715 1917 747 1959 eo
761 1917 809 1961 eos
863 1899 956 1970 major
971 1899 1051 1956 lieret
1065 1899 1095 1955 in
1115 1899 1246 1971 peccatis.
1263 1899 1329 1957 llaee
1353 1909 1453 1971 autem
1471 1901 1507 1958 ad
1522 1902 1575 1959 boo
1591 1901 1707 1960 induxi·

79 1985 104 2054 ι,
129 1999 189 2057 quo
214 2001 281 2043 cum
311 1997 483 2056 perventum
510 1990 557 2058 sit,
592 1989 808 2047 delectationem
862 2001 979 2044 mosne
1006 1987 1186 2060 quisvolens
1209 1989 1409 2047 lorteomnem
1432 1991 1529 2047 carnis
1548 1991 1711 2048 delectatio·

86 2082 130 2131 est
157 2075 275 2132 sentiri:
307 2074 397 2133 veluti
411 2075 435 2134 si
463 2077 529 2147 quis
560 2076 728 2149 religiosum
753 2077 808 2134 ali·
861 2084 1179 2146 nemcssepeccatum,
1204 2077 1310 2135 diceret
1337 2091 1374 2134 ex
1387 2079 1501 2136 actione
1529 2079 1626 2150 ipsum
1642 2094 1706 2151 pec·

79 2162 201 2220 uinculis
228 2163 416 2221 constrictum
448 2165 523 2221 inter
552 2165 674 2223 reminas
708 2165 805 2236 jacere
862 2165 1087 2238 catnmaugeri,
1104 2179 1171 2223 cum
1190 2166 1258 2238 quis
1277 2166 1596 2226 videlicetoonsensum
1613 2169 1708 2239 ipsum

79 2260 122 2320 at,
148 2259 176 2309 et
200 2251 248 2309 ille
276 2252 395 2310 mollitio
414 2252 479 2310 lecti
502 2261 530 2311 et
557 2253 808 2311 circumstantium
862 2251 952 2306 animi
976 2251 1006 2309 in
1029 2253 1200 2310 exercitium
1224 2255 1343 2311 duceret
1372 2255 1556 2326 operationis,
1591 2263 1623 2313 nt
1650 2269 1709 2313 uon

79 2353 135 2397 um
162 2348 298 2397 contactu
313 2341 342 2395 in
357 2339 584 2411 delectationem,
600 2355 659 2397 non
683 2345 714 2398 in
738 2357 806 2399 con·
862 2339 1042 2398 solummodo
1070 2356 1213 2400 consensu
1252 2343 1454 2415 turpitudinis,
1491 2358 1594 2402 rerum
1621 2343 1711 2401 etiam

101 2427 245 2493 trahatur,
262 2428 329 2500 quis
366 2428 442 2486 banc
464 2429 689 2497 delectationem,
719 2445 810 2502 quam
863 2429 984 2486 maculis
1005 2430 1253 2488 contaminaretur
1281 2431 1412 2500 actionis,
1446 2439 1586 2503 tanquam
1602 2432 1627 2489 si
1648 2430 1711 2488 ani·

95 2515 163 2574 iacit
187 2517 392 2585 necessariam,
419 2518 536 2589 culpam
563 2519 710 2590 appellare
737 2534 809 2592 prae·
862 2529 940 2574 mam
955 2518 1154 2577 contaminare
1168 2527 1273 2591 posset,
1298 2521 1375 2592 quod
1395 2522 1522 2578 exterius
1546 2521 1576 2577 in
1591 2533 1710 2592 corpore

864 2604 952 2662 iteret.
982 2605 1066 2663 Nihil
1093 2622 1161 2679 ergo
1187 2608 1224 2665 ad
1251 2615 1441 2680 augmentum
1462 2610 1570 2680 peccati
1586 2610 1710 2680 pertinet

101 2694 125 2752 si
141 2695 271 2768 objicias,
288 2704 321 2754 ut
341 2695 520 2769 quibusdam
546 2696 808 2764 videtur,delecta·
862 2694 1078 2767 qualiscunque
1102 2710 1221 2766 operum
1248 2697 1393 2753 exsecutio
1422 2705 1450 2754 et
1466 2698 1537 2754 nibil
1569 2699 1709 2767 animam,

92 2784 189 2842 carnis
204 2787 234 2841 in
256 2785 413 2843 concubitu
429 2799 547 2857 quoque
561 2784 687 2856 legitimo
705 2797 807 2855 pecca·
862 2782 920 2839 uisi
935 2782 1013 2854 quod
1029 2783 1123 2854 ipsius
1138 2792 1192 2852 est,
1218 2786 1392 2856 coinquinat
1416 2786 1470 2842 boo
1484 2792 1525 2843 cst
1541 2800 1708 2858 consensus,

79 2872 197 2944 putari3
226 2887 294 2929 oum
309 2874 400 2930 barin
426 2873 522 2930 dicat:
538 2877 606 2930 Ecce
620 2876 693 2929 enim
707 2876 738 2928 in
753 2875 806 2928 ini·
863 2885 950 2941 quem
962 2869 1143 2929 solummodo
1166 2881 1317 2944 peccatum
1343 2888 1404 2932 esse
1417 2873 1547 2931 diximus
1559 2876 1588 2930 in
1603 2860 1710 2933 volun·

79 2976 115 3017 aas
144 2967 284 3033 conceptus
300 2977 360 3018 sum
376 2963 463 3033 (Psoi.
489 2977 516 3030 n,
534 2965 580 3034 7);
600 2970 628 3020 et
656 2963 809 3033 Apostolus
826 2941 847 2997 (ἶ
864 2966 924 3016 tate
950 2973 1015 3018 eam
1036 2961 1252 3031 precedentem,
1279 2961 1324 3019 rel
1341 2962 1483 3019 actionem
1497 2962 1593 3033 operis
1607 2962 1707 3020 subse·

80 3049 183 3107 xisset:
204 3050 306 3105 lterum
334 3053 504 3106 revertimini
526 3053 557 3106 tn
584 3051 615 3106 td
634 3053 736 3120 ipsum,
751 3058 806 3108 otc.
862 3055 1012 3120 quantem.
1028 3048 1090 3106 Etsi
1104 3049 1182 3107 enim
1197 3050 1321 3107 velimus
1336 3051 1380 3108 vel
1393 3050 1532 3108 iaciamus
1545 3051 1624 3122 quod
1650 3063 1708 3108 non

79 3153 128 3209 ru,
149 3138 496 3212 at,tande111adjungat;
520 3140 568 3196 boc
593 3144 684 3195 cutem
713 3155 806 3195 secun·
863 3137 1007 3206 convenit,
1032 3152 1090 3195 non
1114 3137 1176 3195 ideo
1196 3146 1293 3196 tamen
1308 3153 1469 3211 peccamus,
1486 3153 1553 3196 cum
1568 3140 1630 3196 haeo
1652 3139 1706 3196 ire·

79 3227 253 3297 dulgentiam
291 3230 359 3294 dico,
396 3244 451 3283 ooo
486 3229 635 3284 *secundum
663 3231 808 3299 imperium
863 3233 985 3295 quenter
999 3224 1061 3282 sine
1089 3233 1206 3296 peccato
1221 3226 1400 3300 contingant.
1430 3227 1510 3284 Sicut
1535 3242 1708 3287 econverso

79 3316 122 3387 tl:
139 3317 233 3390 magis
260 3331 314 3375 nos
327 3319 498 3375 auctoritate
517 3331 605 3389 quam
630 3317 743 3374 ratione
764 3317 806 3374 ri·
829 3329 831 3333 ³
863 3325 1019 3369 consensus
1034 3314 1096 3370 sine
1111 3314 1186 3383 istis,
1202 3316 1278 3373 sicut
1291 3317 1352 3388 jam
1366 3330 1403 3373 ex
1428 3323 1509 3388 parto
1537 3317 1709 3374 monstravi-

79 3407 287 3478 constringere,
300 3415 333 3463 ut
349 3407 439 3478 ipsam
449 3407 556 3464 scilicet
571 3407 668 3463 carnis
688 3406 809 3463 deiecta·
863 3413 947 3456 mus:
963 3400 998 3457 dc
1027 3401 1175 3459 voluntate
1205 3404 1323 3474 quidem
1352 3404 1414 3462 sine
1442 3419 1585 3463 consensu
1608 3405 1638 3463 in
1664 3420 1709 3477 eo,

101 3503 250 3567 peceatum
279 3496 444 3567 saladinum
462 3510 522 3552 non
545 3495 808 3552 eniminfopnica-
864 3487 915 3559 qui
940 3489 1039 3547 incidit
1069 3489 1099 3546 in
1115 3493 1380 3562 conduplscelliiam
1396 3494 1464 3550 visae
1489 3493 1632 3562 mulieris,
1647 3493 1710 3552 sive

79 3583 120 3641 Ad
143 3583 173 3640 in
192 3583 376 3641 matrimonio
406 3585 497 3640 David
523 3592 693 3655 conceptum
721 3584 808 3641 tuisse
863 3577 949 3633 alieni
964 3577 1085 3646 tructus,
1110 3593 1163 3636 nec
1177 3586 1274 3637 tamen
1289 3581 1326 3638 ad
1349 3595 1524 3639 consensum
1547 3589 1710 3654 pertractus

79 3686 159 3742 ;nec
186 3671 377 3744 indulgentia,
412 3672 467 3729 hoc
495 3680 538 3730 est
564 3672 660 3741 venia,
685 3680 718 3730 ut
733 3687 808 3731 asse·
863 3673 923 3734 cst;
940 3665 975 3722 de
991 3680 1133 3723 consensu
1148 3682 1217 3725 roro
1238 3668 1313 3726 malo
1328 3669 1391 3726 sine
1411 3668 1487 3727 mala
1506 3670 1706 3741 coucupiscen-

79 3761 219 3830 poercedn,
235 3761 286 3819 upt
309 3762 525 3833 culpapenttus
550 3761 671 3819 absistit,
697 3762 808 3828 Quam.
863 3752 913 3822 tia,
942 3754 973 3811 iu
1003 3754 1061 3824 illo,
1078 3755 1129 3827 qui
1160 3755 1273 3814 inritus
1300 3757 1562 3831 dominumgsuum
1591 3758 1708 3817 interte-

79 3850 184 3908 omibi
205 3851 322 3908 videtur
335 3851 413 3923 quod
432 3851 472 3907 ait
488 3852 580 3907 David
607 3853 636 3905 tu
650 3851 806 3921 iniquitati·
863 3844 912 3901 cit.
1014 3862 1018 3870 ’

106 3940 227 4010 peccatis
254 3938 345 3996 tuisse
372 3953 402 3995 se
429 3942 588 4010 conceptum
616 3952 670 3995 neo
698 3937 808 3995 addidit
898 3935 938 3991 Do
955 3933 1114 3991 bisantem
1130 3948 1198 4007 quae
1225 3933 1287 3992 deri
1312 3934 1502 4003 nondebcnt‚
1528 3946 1707 4006 quamsaepe

79 4042 100 4096 t,
125 4027 287 4100 generalem
317 4028 470 4099 originalis
495 4027 602 4099 peccati
632 4026 806 4084 maledictio·
862 4022 974 4094 absque
1001 4031 1117 4094 peccato
1140 4023 1220 4093 liant,
1248 4038 1316 4081 cum
1348 4026 1483 4096 pervim
1512 4022 1629 4094 seilicet,
1659 4030 1711 4081 aut

79 4113 245 4187 luxitque
271 4114 403 4172 videlicet
428 4115 631 4187 unusquisque
657 4128 693 4171 ex
721 4114 808 4186 culpa
863 4111 1059 4183 ignorantiam
1088 4113 1316 4183 committantur,
1340 4113 1485 4170 neminem
1510 4113 1598 4170 latere
1633 4111 1710 4169 arbi-

79 4217 145 4263 rum
161 4211 312 4274 parentum
339 4204 518 4261 damnationi
532 4203 699 4276 suincitur,
720 4203 807 4276 juxta
863 4207 939 4257 tror:
970 4200 1062 4258 veluti
1089 4201 1114 4258 si
1130 4202 1270 4273 quavim
1297 4217 1381 4275 passa
1406 4216 1474 4260 eum
1501 4201 1564 4260 rito
1590 4201 1711 4258 alterius

79 4293 145 4365 [uod
174 4293 244 4350 alibi
278 4293 496 4365 scriptumest:
539 4293 620 4349 Nemo
648 4293 767 4348 mundos
792 4285 1075 4373 choncubucritp
1096 4290 1141 4348 rel
1174 4291 1281 4364 aliquis
1311 4292 1540 4365 quoquomodo
1573 4292 1710 4363 deceptus

79 4399 110 4440 ec
131 4383 227 4452 ictam
248 4385 330 4439 unius
346 4384 402 4439 diet
417 4385 441 4439 si
455 4385 563 4439 sttuite
577 4383 736 4454 ejossaper
752 4385 803 4438 ter-
863 4394 930 4438 cum
945 4394 979 4437 ca
994 4380 1157 4449 dormierit,
1172 4394 1263 4453 quam
1288 4395 1411 4439 uxorem
1426 4380 1559 4453 putarit3
1578 4381 1625 4438 vel
1643 4394 1711 4437 eum

79 4473 94 4530 't
116 4473 195 4530 enim
211 4473 312 4531 beatus
328 4473 460 4530 meminit
479 4472 673 4544 Hieronymus
699 4479 728 4529 et
747 4484 807 4528 ma·
863 4481 1055 4541 penetrarem
1073 4469 1220 4538 occiderit,
1236 4484 1324 4542 quem
1339 4482 1357 4525 a
1372 4484 1402 4526 se
1423 4474 1565 4541 tanquam
1586 4467 1712 4540 ajudice

83 4560 161 4619 ratio
187 4562 283 4631 babet,
312 4561 553 4634 quandiuanima
579 4558 704 4618 intantili
726 4567 811 4618 aetato
862 4557 1053 4615 occidendum
1091 4557 1225 4615 credidit.
1258 4558 1323 4616 Non
1357 4564 1399 4615 cst
1432 4557 1533 4630 itaquo
1560 4561 1711 4628 peccatum

79 4656 117 4708 tta
144 4657 197 4719 est,
228 4659 346 4722 peceato
369 4658 456 4708 caret.
488 4650 515 4707 sl
543 4663 611 4722 ergo
646 4662 664 4705 a
692 4656 809 4722 peccato
862 4646 1119 4705 uxoremalterius
1145 4647 1347 4717 concupiscere
1362 4646 1407 4703 rel
1428 4661 1498 4703 cum
1517 4659 1551 4703 ea
1574 4656 1711 4702 concum-

96 4745 150 4808 cst,
180 4740 324 4811 quomodo
351 4739 484 4797 sordibus
519 4739 628 4810 peceati
657 4738 810 4796 immunda
862 4735 940 4804 bere,
969 4736 1019 4793 sed
1046 4735 1141 4808 magis
1165 4735 1235 4793 ltuic
1264 4734 1507 4807 concupiscentia
1533 4733 1579 4792 vel
1604 4731 1711 4789 actioni

79 4827 178 4901 iunia
203 4828 303 4886 lrocde
330 4828 424 4900 eulpa,
441 4828 513 4886 illud
534 4827 751 4900 intelligendum
767 4834 811 4885 est
863 4825 1036 4891 consentire,
1050 4841 1138 4897 quem
1180 4826 1304 4897 protecto
1356 4838 1528 4882 consensum
1569 4819 1711 4891 concupi·

79 4916 136 4974 ta?
150 4915 273 4987 Culpam
288 4917 396 4989 quippe
410 4931 470 4974 non
492 4916 624 4974 babetex
639 4922 807 4986 contemptu
863 4914 980 4971 scentiae
1008 4915 1055 4972 lex
1075 4915 1341 4985 concupiscentiam
1364 4913 1459 4981 vocat,
1479 4926 1548 4969 cum
1570 4911 1627 4967 ait:
1650 4910 1712 4966 Noa

79 5004 92 5062 i
106 5004 226 5078 quidem
240 5006 311 5078 quid
331 5020 417 5078 agero
432 5005 533 5063 debeat
547 5005 676 5062 nondum
699 5003 810 5061 ratione
863 5006 1040 5075 concupisces,
1073 5002 1163 5076 (beet.
1197 5019 1225 5072 s,
1255 5003 1317 5076 tt);
1344 5018 1402 5061 non
1430 5001 1508 5059 enim
1528 5000 1710 5070 concupisces,

87 5113 100 5171 3
125 5097 241 5154 asorde
269 5104 365 5153 tamen
379 5095 487 5165 peccati
503 5096 632 5167 priorum
654 5101 810 5166 parentum
863 5093 942 5164 quod
957 5093 1049 5150 vitare
1067 5106 1126 5149 non
1146 5106 1302 5162 possumus
1323 5091 1369 5150 rel
1398 5092 1429 5148 iu
1449 5103 1518 5162 quo,
1538 5095 1572 5147 ut
1600 5088 1712 5146 dietum

79 5187 276 5253 labeneste
299 5184 431 5258 gualam
456 5199 572 5254 poenam
586 5182 741 5252 contrabit,
757 5181 811 5239 etsi
863 5189 916 5249 est,
933 5195 994 5237 non
1023 5193 1186 5252 peccamus,
1202 5178 1352 5251 prohiberi
1373 5178 1485 5248 debuit,
1502 5178 1551 5236 sed
1574 5175 1713 5234 assentire

79 5272 176 5348 lpam,
195 5282 223 5332 et
239 5274 362 5334 sustinet
378 5274 409 5331 in
436 5286 521 5345 prena
541 5272 620 5347 quod
641 5270 811 5330 illicommi·
863 5269 915 5327 illi.
933 5269 981 5328 Sic
996 5276 1024 5328 ot
1047 5269 1120 5327 illud
1150 5268 1372 5342 intelligendum
1395 5275 1436 5327 est
1463 5266 1541 5341 quod
1556 5267 1597 5326 ait
1613 5263 1712 5322 Domi-

79 5377 105 5423 m
124 5362 222 5437 culpa.
238 5361 284 5422 Sic
298 5377 366 5421 oum
382 5361 535 5430 aitliarid,
551 5360 583 5421 in
594 5358 809 5434 iniquitatibus,
863 5373 936 5419 nus:
968 5359 1024 5428 Qui
1048 5357 1150 5440 viderit
1162 5357 1305 5415 molimus
1332 5357 1371 5416 cd
1397 5355 1639 5431 concupiscendam
1653 5366 1713 5411 com

79 5452 156 5515 cotis
169 5466 200 5513 so
221 5466 282 5512 csse
305 5458 488 5524 conceptum,
509 5449 639 5524 generali
662 5447 811 5509 ιιιιιοιιιιιι
865 5447 1091 5522 (ιιιιιι.ι,2ι);
1105 5445 1162 5508 boc
1179 5447 1298 5520 ost,qui
1323 5445 1429 5509 viderit
1449 5445 1502 5520 sto,
1529 5452 1564 5505 nt
1586 5443 1619 5506 in
1644 5453 1712 5501 con·
