3804 5962
109 189 159 247 071
401 181 503 238 earm
520 180 707 238 mamam
726 181 802 240 OPP.
821 183 968 243 ratisb.

981 211 1017 229 ·-
1029 179 1211 259 snauonns
1228 183 1273 241 nr
1292 182 1415 240 ceusu.
1434 184 1553 243 asnar.

1806 190 1860 244 672

108 317 137 368 et
150 321 208 375 ecs,
224 305 277 378 qui
291 304 510 373 confessisunt,
528 305 557 360 in
573 303 702 375 pericula
716 317 823 377 magna
846 305 948 363 consti·
965 307 990 362 Δ
1006 306 1128 363 nitentia
1142 307 1210 374 Deo,
1228 313 1261 363 ut
1278 306 1418 373 diximus,
1443 307 1689 378 reconciliaverat,
1706 311 1789 382 prius
1802 313 1857 369 sci·

108 404 206 456 tuunt.
235 394 316 452 Unde
344 394 395 465 qui
422 407 474 463 pro
504 393 549 449 bis
573 393 861 451 incommoditatibus
885 409 956 465 prae-

108 485 182 545 latos
211 498 279 543 suos
309 485 401 540 vitare
424 484 625 549 decreverunt,
649 489 677 539 et
698 483 770 539 alios
794 482 825 540 in
849 484 956 543 talibus

107 574 223 647 eligere,
239 588 313 645 quos
335 573 371 628 ad
395 573 448 628 isra
463 572 671 629 commodiores
693 572 821 640 credant,
842 587 955 645 nequa-

110 679 200 736 quam
231 672 299 719 suut
325 661 521 731 improbandi,
549 661 598 717 sed
630 661 725 733 potius
748 663 956 733 comprobandi

107 753 186 825 quod
212 752 248 808 ad
272 750 447 807 solertiorem
472 751 616 806 medicum
645 750 810 818 declinant3
839 750 868 806 iu
897 764 956 821 quo

108 849 206 899 tamen
246 840 389 907 iaciendo,
416 838 441 895 si
468 852 617 896 assensum
648 839 830 909 prelatorum
867 839 954 910 impe·

107 938 185 987 trare
210 935 340 1000 possunt,
357 936 390 984 ut
413 919 456 984 ab'
473 927 514 984 eis
530 928 565 984 ad
582 928 653 984 alios
676 928 851 1001 dirigantur,
875 935 954 985 tanto

108 1018 368 1077 inconvenientius
394 1024 497 1088 agunt,
522 1024 630 1086 quanto
655 1016 794 1072 humilius
810 1030 860 1088 per
887 1017 952 1073 obe·

107 1106 245 1165 dientiam
272 1106 326 1162 boc
351 1105 470 1163 laniunt.
498 1104 548 1161 Sin
576 1113 673 1162 autem
701 1105 812 1176 praelati
836 1104 954 1176 superbi

107 1195 213 1254 bcceis
227 1194 404 1252 interdicunt
425 1203 563 1266 tanquam
585 1209 614 1250 se
635 1194 749 1251 viliores
774 1195 952 1264 estimando,

107 1284 131 1342 sl
146 1284 277 1341 meliores
303 1283 406 1339 medici
431 1284 630 1354 requirantur,
656 1293 784 1355 aegrctus
804 1292 900 1341 tamen
919 1285 954 1341 de

106 1372 199 1431 salute
218 1385 271 1428 sua
292 1371 438 1440 sollicitus,
474 1373 552 1443 quod
576 1373 679 1429 melius
711 1372 801 1429 credit
830 1374 953 1429 medica-

105 1470 248 1526 mentum,
279 1461 382 1532 majori
414 1460 604 1518 sollicitudine
629 1462 769 1534 requirat,
800 1468 828 1519 et
852 1462 954 1518 melior

1011 394 1075 453 licet
1102 409 1190 467 quarn
1215 396 1251 451 ad
1278 393 1486 454 ceulessiouem
1512 398 1644 454 venirent
1671 400 1715 455 rel
1744 399 1856 456 satissa-

1010 485 1112 542 ctionis
1131 484 1338 541 institutionem
1359 486 1548 556 susciperent.
1565 486 1593 543 Si
1616 489 1687 558 quid
1704 496 1799 545 tamen
1823 490 1857 546 de

1009 586 1095 644 poeua
1130 573 1332 630 satisfactionis
1365 576 1462 630 minus
1491 582 1534 632 est
1567 576 1732 634 institutum
1767 593 1858 649 quam

1010 668 1147 732 oporteat,
1174 663 1261 728 Deus,
1285 661 1337 734 qui
1366 663 1480 718 nullurn
1506 672 1653 733 peccatum
1680 666 1857 736 impunitum

1010 746 1139 819 dimittit,
1153 755 1181 807 et
1194 750 1310 823 singula
1324 758 1470 820 quantum
1480 750 1564 808 debet
1580 753 1674 821 punit,
1695 768 1746 825 pro
1761 769 1854 825 quau·

1009 835 1091 894 titate
1107 841 1214 910 peccati
1239 839 1444 896 satisfactionis
1458 841 1624 910 equitatem
1649 844 1796 914 servabit3
1815 843 1855 913 ip·

1009 938 1055 981 sos
1076 925 1207 983 videlicet
1228 927 1397 996 poenitentes
1420 941 1478 983 non
1501 929 1618 985 eternis
1639 931 1788 1001 suppliciis
1813 944 1855 986 re·

1009 1015 1177 1082 serrandus,
1197 1016 1245 1071 sed
1260 1016 1290 1070 in
1305 1016 1359 1071 bac
1372 1016 1441 1082 vita,
1461 1017 1505 1072 vel
1521 1017 1664 1087 iniutura
1681 1020 1772 1089 poenis
1787 1033 1855 1089 pur·

1009 1102 1128 1173 gateriis
1146 1101 1310 1174 albigcudc.
1334 1101 1361 1158 Si
1376 1117 1438 1170 nos,
1464 1103 1595 1174 inquam,
1613 1104 1753 1161 innostra
1775 1105 1856 1162 satis

1008 1186 1133 1246 factione
1157 1190 1335 1262 negligentes
1355 1189 1505 1247 luerimus.
1535 1191 1616 1248 Unde
1635 1192 1807 1261 Apostolus:
1826 1194 1858 1248 Si

1008 1293 1058 1333 nes
1084 1281 1186 1349 inquil,
1221 1279 1446 1348 dijudicaremus,
1481 1296 1536 1334 non
1564 1284 1658 1350 utique
1690 1281 1857 1350 dijudicare·

1008 1368 1105 1439 marli
1129 1369 1189 1424 dor.
1205 1382 1246 1436 ιιι,
1274 1369 1338 1439 31);
1365 1368 1443 1440 quod
1467 1375 1510 1424 est
1535 1368 1649 1425 dicere:
1671 1369 1699 1425 Si
1724 1385 1776 1427 nos
1803 1371 1857 1441 ipsi

1008 1464 1109 1515 nostra
1132 1458 1314 1528 puniremus,
1344 1455 1389 1512 ιιι
1413 1457 1626 1528 corrigeremus
1654 1465 1781 1528 peccata,
1808 1474 1855 1516 ne·

105 1550 225 1609 consilio
248 1549 330 1606 cedat
353 1549 523 1619 plurimum.
550 1549 639 1607 Nemo
661 1550 740 1606 enim
761 1549 866 1605 ducem
898 1550 953 1606 sibi
1009 1559 1159 1618 quaquam
1186 1545 1223 1602 ab
1246 1545 1304 1615 ipso
1321 1544 1441 1616 gravius
1463 1553 1557 1601 essent
1572 1546 1729 1616 punienda.
1750 1547 1857 1619 Magna

107 1640 256 1711 abaliquo
283 1638 478 1708 commissum,
494 1639 518 1695 si
540 1653 608 1695 eum
625 1652 736 1696 cacum
756 1638 953 1709 deprehende·
1009 1634 1133 1704 prolecto
1156 1632 1353 1690 misericordia
1376 1632 1436 1698 bei,
1460 1647 1526 1689 curn
1552 1648 1604 1690 nos
1629 1642 1727 1691 nostro
1746 1634 1857 1705 judicio

21 1772 24 1779 .
106 1731 154 1799 ιιι,
179 1728 210 1786 in
237 1727 350 1785 lorcam
374 1728 458 1798 sequi
478 1727 561 1784 debet
569 1744 579 1800 ;
602 1731 630 1784 et
652 1727 755 1784 melius
778 1735 821 1785 est
846 1726 953 1799 eligere
1008 1721 1136 1789 dimittit,
1153 1735 1189 1776 116
1205 1721 1264 1797 ipse
1287 1719 1388 1789 puniat
1403 1719 1540 1790 ι1ἓ111011·
1567 1721 1857 1791 113131181119121135

106 1832 173 1875 cum
203 1817 360 1885 videntem,
386 1825 419 1872 ut
444 1830 503 1886 quo
537 1816 637 1879 tendit,
670 1816 828 1887 perveniat,
864 1831 954 1887 quam
1007 1808 1075 1866 vitae
1104 1809 1263 1879 praesentis,
1300 1807 1409 1879 quibus
1442 1808 1476 1863 de
1502 1811 1623 1878 peccatis
1651 1810 1854 1876 satislacimns,

105 1906 181 1964 male
208 1905 263 1962 sibi
293 1905 432 1962 traditum
468 1904 542 1961 male
576 1905 659 1977 sequi
683 1904 720 1961 ad
749 1905 952 1983 praecipitiunr.
1005 1895 1365 1968 J'ejunando,velorandc,
1387 1895 1605 1968 vigilandc‚rel
1627 1897 1856 1970 quibuscunque

106 1996 215 2066 Quippe
250 1995 303 2066 qui
331 1995 355 2050 θῇ
395 1993 482 2051 tatem
519 1994 624 2051 ducem
657 1995 773 2052 [radidit
813 2002 954 2066 tanquam
1007 1985 1229 2042 modiscnruem
1260 1986 1443 2049 macerando,
1460 1986 1502 2043 vel
1519 2002 1585 2056 quae
1606 1988 1686 2045 nobis
1707 1989 1854 2045 subtrabi-

105 2083 184 2143 viam
206 2091 403 2152 ostensurum,
420 2090 472 2140 aut
491 2084 615 2140 scienter
639 2084 693 2141 noc
710 2084 773 2140 tecit
796 2097 846 2155 per
870 2082 953 2138 matt·
1008 2088 1083 2140 ntus,
1112 2075 1211 2145 egenis
1234 2074 1436 2144 inpendendo.
1462 2075 1687 2145 satisfactionem
1706 2090 1854 2139 vocamus:

105 2170 186 2239 tiam,
203 2178 253 2227 aut
278 2170 444 2227 innccenter
465 2184 515 2240 per
536 2171 751 2243 ignorantiam?
772 2172 802 2228 Si
825 2185 876 2243 per
890 2183 952 2226 ma.
1008 2176 1082 2234 quas
1108 2162 1164 2217 alie
1187 2162 1302 2218 nomine
1318 2162 1354 2217 in
1379 2163 1534 2235 Evangelio
1556 2164 1666 2230 fructus
1688 2167 1856 2234 poenitentia

107 2258 208 2324 liliam,
225 2259 390 2315 cavendum
413 2258 479 2325 luit,
495 2274 532 2316 ne
554 2260 663 2316 malitia
681 2262 744 2332 ejus
764 2261 952 2332 impleretur;
1007 2249 1143 2305 novimus
1165 2248 1313 2319 lbbellasb
1342 2250 1394 2308 Ubi
1422 2251 1554 2307 Videlissttl
1585 2254 1641 2308 ait:
1671 2254 1764 2308 Facite
1794 2254 1855 2320 (ru-

105 2346 203 2415 siper
231 2345 437 2417 ignorantiam,
459 2361 646 2418 nequaquam
677 2357 779 2405 contra
812 2350 875 2421 eius
901 2362 953 2405 ιο-
1008 2344 1066 2394 ctus
1092 2337 1188 2405 didimi
1207 2341 1373 2407 poenitentia
1398 2339 1511 2410 (Metti.
1536 2340 1689 2412 1¹1‚⁸);³⁰
1711 2342 1734 2396 si
1759 2351 1855 2412 aperte

106 2432 246 2491 luntatem
257 2433 363 2505 agitur,
386 2441 414 2491 et
430 2434 512 2491 illum
536 2450 594 2492 non
609 2439 762 2508 sequimur
782 2437 819 2495 ad
837 2438 952 2509 pericu·
1008 2425 1163 2481 diceretur:
1208 2422 1297 2496 digna
1329 2426 1524 2483 satislacticne
1566 2429 1645 2498 quod
1683 2427 1854 2498 deliquistis,

106 2520 179 2589 lum,
203 2536 291 2593 quern
312 2523 372 2592 ipse
401 2523 516 2581 dederat
537 2526 620 2583 nohis
643 2527 679 2583 aq
707 2528 857 2584 ducatum,
879 2526 953 2584 Uspe
1007 2513 1188 2571 emendando
1210 2514 1250 2570 ita
1265 2513 1313 2570 bic
1335 2515 1562 2572 reconciliamini
1587 2517 1655 2584 Deo,
1672 2523 1704 2573 ut
1720 2517 1855 2587 deinceps

105 2615 378 2679 succedaneos
399 2614 526 2683 primum
549 2616 745 2684 consulamus,
771 2616 880 2687 quibus
893 2616 954 2672 aui·
1008 2603 1086 2675 quod
1107 2602 1280 2674 ipseruniat
1305 2617 1494 2674 nequaquam
1517 2604 1664 2673 inveniat;
1689 2615 1716 2663 et
1737 2608 1856 2678 &sailli-

106 2713 169 2757 mas
198 2707 311 2757 nostras
342 2703 482 2760 committi
513 2703 632 2773 scimus,
658 2710 811 2764 eteorum
835 2705 953 2762 consilio
1008 2714 1054 2757 res
1083 2711 1183 2771 poenas
1211 2697 1375 2755 mitioribus
1402 2699 1565 2768 praevenite.
1599 2696 1634 2758 Ut
1657 2702 1732 2757 enirn
1756 2702 1857 2759 beatus

106 2787 206 2847 audito
229 2788 387 2862 salubrius,
418 2792 443 2849 si
470 2793 548 2864 quod
571 2808 732 2866 speramus,
758 2796 952 2851 medicamen·
1008 2789 1109 2846 asserit
1141 2787 1344 2859 Augustinus:
1367 2789 1454 2842 Poenae
1487 2791 1551 2844 cita
1574 2791 1685 2859 futura,
1715 2794 1767 2846 etsi
1788 2805 1855 2861 pur·

106 2885 171 2935 tum
186 2890 243 2933 uon
266 2878 406 2948 deserere,
432 2881 579 2948 maxime;
596 2896 663 2938 cum
688 2896 737 2938 eos
762 2882 853 2954 legem
870 2882 952 2953 igno-
1008 2882 1123 2948 pctoriae
1137 2881 1204 2946 sint,
1225 2880 1365 2948 grauiores
1388 2882 1453 2932 sunt
1466 2877 1528 2933 istis
1552 2879 1675 2934 omnibus
1698 2882 1762 2935 rita
1782 2896 1856 2950 pra·

106 2979 173 3024 rare
196 2966 358 3033 credamus,
388 2975 416 3024 et
438 2981 495 3024 non
530 2967 625 3024 solum
650 2970 720 3040 quid
748 2977 847 3040 agant,
872 2968 952 3041 (nou)
971 2948 992 3004 C
1010 2969 1106 3022 sentis.
1141 2967 1247 3039 Magna
1265 2967 1491 3036 itaquecautela
1511 2976 1553 3025 est
1575 2968 1616 3024 eis
1637 2967 1812 3036 adhibenda,
1834 2974 1862 3023 et

107 3061 220 3122 curent,
244 3053 292 3110 sed
314 3053 385 3125 quid
407 3054 522 3111 doleant
547 3056 701 3127 ignorent;
723 3057 875 3114 deteriores
904 3059 955 3115 ba·
1010 3069 1118 3128 magua
1140 3070 1227 3127 opora
1253 3057 1359 3122 danda,
1389 3065 1422 3113 ut
1449 3057 1608 3113 mcuudum
1637 3058 1768 3113 instituta
1790 3071 1855 3113 sau-

105 3141 193 3199 bendi
212 3141 266 3207 bis,
281 3139 316 3196 de
340 3140 448 3211 quibus
475 3142 587 3200 Veritas
609 3145 667 3200 ait:
689 3146 778 3215 Super
796 3147 955 3202 cathedram
1010 3152 1126 3201 clerum
1159 3145 1278 3200 Patrum
1308 3142 1373 3199 talis
1397 3142 1459 3200 baec
1485 3144 1640 3200 satisfactio
1668 3145 1856 3214 suscipiatur,

108 3231 196 3301 dlopsi
230 3229 358 3285 sederam
401 3231 502 3287 Scriba
528 3237 554 3287 et
585 3235 739 3291 Pharisaei:
787 3251 956 3306 quacunque
1010 3241 1044 3291 ut
1059 3233 1132 3290 nibil
1145 3232 1184 3289 ibi
1199 3232 1387 3305 purgandum
1407 3240 1501 3290 restet.
1518 3233 1589 3288 Curn
1616 3247 1685 3305 ergo
1708 3233 1856 3290 indiscreti

107 3333 171 3387 erpo
186 3317 309 3373 dicerint
327 3316 414 3383 cobis,
438 3323 545 3375 serente
562 3324 588 3375 et
611 3322 714 3390 (ocite;
739 3323 887 3378 secundnm
905 3341 953 3379 on·
1011 3323 1118 3381 luerint
1154 3322 1325 3390 sacerdotes,
1366 3323 1417 3394 qui
1448 3322 1509 3378 baec
1545 3322 1676 3378 instituta
1711 3333 1856 3378 sanonum

109 3411 161 3463 tem
173 3420 358 3475 οριιοιοιοιι
380 3405 463 3460 nolite
485 3411 576 3474 facee
592 3406 700 3480 (Metti.
722 3424 803 3478 xxrn,
822 3413 861 3483 ι).
880 3412 954 3467 Tau·
1012 3416 1160 3486 ignorant,
1184 3421 1216 3469 ut
1235 3413 1332 3469 minus
1356 3411 1392 3467 de
1411 3410 1604 3467 satislacticne
1626 3425 1715 3481 quam
1734 3415 1856 3481 opertet,

109 3510 198 3570 quam
220 3495 375 3554 sidiceret:
402 3497 603 3569 magisterium
628 3498 699 3573 legis
724 3501 794 3558 tales
815 3503 955 3572 obtinent,
1010 3503 1177 3575 injungant,
1203 3514 1342 3572 magnum
1363 3500 1432 3556 binc
1455 3499 1667 3556 incommodum
1690 3501 1859 3570 poenitentes

109 3597 236 3659 quorum
261 3597 348 3653 opera
383 3599 451 3642 cum
478 3586 537 3643 sint
560 3588 647 3656 mala,
670 3596 698 3645 et
721 3589 757 3646 ob
775 3590 829 3648 boc
856 3607 954 3663 respu·
1011 3592 1178 3659 incurrunt,
1202 3604 1268 3646 curn
1296 3588 1371 3645 male
1397 3589 1432 3645 de
1457 3588 1524 3659 ipsis
1548 3589 1645 3644 conlisi
1672 3587 1858 3660 gravioribus

108 3672 194 3739 enda,
223 3672 311 3730 rerba
334 3680 430 3730 tamen
455 3675 515 3743 Dei,
541 3690 608 3746 quse
637 3678 672 3734 de
697 3679 834 3736 cathedra
857 3681 955 3753 Moysi,
1011 3681 1103 3752 poenis
1118 3679 1298 3750 postmodum
1320 3677 1489 3748 plectentur,
1513 3677 1591 3733 unde
1607 3677 1655 3732 bic
1672 3691 1722 3748 per
1737 3677 1858 3733 leviores

109 3762 164 3820 boc
198 3767 241 3824 est
269 3760 304 3817 de
343 3763 508 3834 magisterio
543 3763 624 3837 legis,
665 3765 825 3836 proferunt,
863 3772 956 3826 susci·
1011 3768 1353 3838 satislacerepotuerunt.

109 3849 215 3923 pianda
237 3859 317 3920 sunt,
347 3859 380 3908 ut
407 3850 496 3909 simul
529 3868 595 3926 qua
619 3853 746 3926 ipsorum
772 3866 841 3916 sunt
869 3873 957 3931 spera
1047 3856 1121 3913 Sunt
1153 3854 1286 3912 nonnulli
1322 3853 1502 3910 sacerdotum
1531 3867 1589 3909 uon
1614 3861 1672 3910 tam
1700 3865 1751 3922 pcr
1779 3865 1858 3908 erro-

109 3938 284 4011 rejiclamus,
321 3948 349 3998 et
381 3956 448 4012 quae
491 3943 541 3999 Dei
582 3954 651 4003 suut
696 3946 793 4015 verba,
834 3948 953 4006 retinea-
1011 3959 1083 4015 rem,
1109 3958 1198 4016 quarn
1227 3943 1415 4013 cupiditatem
1437 3941 1580 4012 subjectos
1613 3940 1794 4010 decipientes,
1827 3947 1859 3995 ιιι

108 4041 185 4084 mus.
1012 4049 1063 4106 pre
1091 4045 1278 4091 nummorum
1311 4030 1454 4087 oblatione
1489 4029 1694 4085 satislactionis
1719 4027 1859 4100 iniunctae

145 4117 207 4174 Non
233 4123 276 4172 est
293 4131 362 4189 ergo
386 4116 488 4174 talium
503 4119 641 4182 'doctriua
664 4126 873 4183 contemnenda
903 4128 956 4197 qui
1012 4137 1112 4194 poenas
1134 4120 1295 4178 condonent
1320 4119 1364 4176 rel
1384 4119 1534 4190 relaxent;
1558 4132 1615 4174 non
1633 4127 1688 4175 tam
1708 4117 1856 4174 attenden-

110 4207 183 4264 beue
207 4204 373 4276 predicant,
395 4204 460 4263 licet
475 4208 549 4266 male
565 4211 675 4282 vivant,
698 4221 725 4271 et
740 4215 791 4286 qui
817 4216 956 4274 erudiunt
971 4231 994 4286 ι)
1011 4219 1052 4268 tes
1074 4210 1144 4283 quid
1167 4209 1233 4265 velit
1261 4208 1411 4274 pominus,
1448 4221 1536 4278 quam
1563 4207 1632 4278 1111111
1659 4207 1755 4263 131931
1778 4221 1858 4262 111111·

109 4292 207 4360 verbo,
224 4292 361 4349 licetnon
384 4294 693 4373 aedilrcentexempl03
718 4311 746 4358 et
768 4302 844 4359 viam
861 4313 953 4362 osten·
1010 4315 1086 4368 mus,
1107 4300 1141 4356 de
1161 4299 1270 4370 quibus
1288 4300 1346 4368 ipse
1370 4297 1510 4353 Dominus
1527 4310 1578 4367 per
1598 4296 1764 4366 prophetam
1786 4310 1857 4352 cou—

111 4381 184 4437 dunt
207 4394 297 4452 quam
320 4381 402 4452 sequi
434 4382 547 4454 nolunt,
587 4402 645 4445 non
680 4398 739 4446 tam
766 4391 801 4449 de
830 4393 956 4450 caecitate
1009 4403 1135 4462 querens
1154 4388 1214 4444 ait:
1239 4388 1396 4444 Sacerdotes
1416 4388 1468 4439 mei
1492 4400 1550 4441 non
1568 4384 1720 4438 timeant:
1747 4384 1800 4440 Ubi
1817 4388 1857 4439 est

111 4470 291 4544 ignorantia,
317 4484 405 4543 quam
429 4473 463 4530 de
480 4474 566 4547 culpa
584 4478 768 4551 negligentia
785 4482 953 4551 judicando.

110 4558 247 4625 univero
268 4574 322 4617 uec
346 4562 422 4618 riam
445 4563 583 4636 subjectis
603 4569 752 4626 ostendere
775 4569 881 4638 valent,
904 4572 955 4641 qui

110 4646 229 4704 ducatui
251 4661 352 4704 eorum
372 4652 550 4710 committere
575 4669 605 4712 se
621 4654 734 4723 debent,
757 4665 784 4713 et
800 4656 891 4714 abeis
913 4672 953 4714 re·

111 4736 227 4807 quirere
263 4736 479 4808 documentum,
511 4743 563 4813 qui
592 4741 693 4800 docere
721 4744 864 4801 nesciunt.
902 4747 957 4801 ileo

111 4829 205 4880 tamen
232 4823 445 4894 desperandum
467 4835 508 4885 est
543 4829 681 4902 subiectis
715 4843 732 4886 a
762 4832 956 4888 misericordia

110 4912 169 4982 bei,
199 4926 267 4970 cum
292 4912 328 4969 ad
350 4913 573 4974 satisfactionem
608 4919 725 4975 omnino
763 4920 856 4991 parati
883 4935 956 4993 pra·

109 4997 235 5058 latorum
262 5017 395 5071 sucrum,
426 5008 562 5078 quamvis
590 5022 744 5079 caecorum,
777 5010 898 5068 arbitrio
927 5026 957 5070 se

109 5088 240 5157 tradunt,
256 5098 283 5147 et
298 5093 377 5164 quod
394 5092 434 5150 illi
455 5109 506 5166 per
520 5108 647 5154 errorem
669 5099 768 5156 miuus
787 5099 955 5170 instituunt,

109 5174 157 5233 isti
175 5190 226 5247 per
247 5178 441 5240 obedientiam
458 5183 612 5256 diligenter
632 5199 680 5242 ecs
695 5195 869 5258 sequuntur.
892 5189 956 5246 Nou

109 5263 187 5320 enirn
207 5280 289 5322 error
307 5271 493 5338 prelatorum
517 5272 660 5346 subjectos
685 5275 813 5346 damnat,
847 5290 901 5333 nec
920 5277 952 5333 il·

109 5350 204 5407 lorum
225 5353 331 5413 vitium
354 5358 422 5416 istos
447 5370 583 5430 accusat;
605 5374 659 5418 uec
678 5363 740 5434 jam
765 5363 796 5420 in
818 5363 957 5436 subiectis

108 5436 198 5520 culpa
214 5451 343 5502 remanet
362 5459 423 5518 qua
444 5448 619 5517 moriantur,
633 5464 707 5522 quos
717 5450 780 5524 jam
793 5458 880 5535 ιιιιιι
892 5465 956 5525 ρι-

1012 4475 1166 4534 Dominus?
1195 4477 1262 4546 (Jer.
1289 4490 1309 4529 ιι
1340 4475 1378 4545 d.)
1414 4473 1565 4544 Tanquam
1594 4473 1618 4528 si
1648 4472 1773 4528 diceret:
1805 4472 1857 4528 Sed

1009 4567 1059 4624 ubi
1083 4574 1124 4623 est
1143 4563 1305 4621 nummus?
1333 4563 1391 4620 Nec
1428 4562 1521 4618 solum
1553 4561 1724 4630 sacerdotes,
1755 4575 1859 4617 rerum

1009 4654 1095 4712 etiam
1119 4656 1195 4725 ipsos
1218 4652 1361 4725 principes
1383 4653 1575 4719 sacerdotum,
1601 4652 1655 4707 boc
1675 4659 1718 4706 est
1742 4651 1850 4719 episco-

1010 4756 1061 4814 pcs
1099 4740 1334 4811 ltairnpudeuter
1367 4739 1396 4794 in
1425 4738 1502 4795 banc
1528 4738 1712 4808 cupiditatem
1736 4737 1858 4793 exarde-

1010 4845 1088 4889 scere
1123 4829 1275 4899 norimus;
1308 4836 1340 4885 ut
1366 4842 1432 4884 cum
1457 4828 1486 4884 in
1514 4828 1742 4884 dedicationibus
1766 4826 1859 4882 eccle·

1011 4919 1133 4988 siarum,
1168 4916 1214 4974 vel
1254 4917 1283 4972 iu
1320 4914 1586 4977 consecrationibus
1631 4913 1777 4982 altarium,
1810 4912 1858 4971 vel

1010 5005 1258 5064 benedictionibus
1292 5005 1532 5068 coemeteriorum,
1569 5004 1614 5061 rel
1651 5005 1680 5060 iu
1706 5004 1859 5075 aliquibus

1010 5095 1239 5154 solemnitatibus
1268 5094 1429 5166 populares
1446 5094 1554 5150 babent
1583 5101 1752 5160 conventus,
1778 5093 1858 5151 uude

1010 5185 1155 5255 copiosam
1179 5182 1352 5240 oblationem
1367 5190 1544 5253 exspectant,
1560 5182 1589 5238 iu
1611 5182 1778 5239 relaxandis
1797 5198 1853 5254 pue-

1010 5273 1141 5330 uitentiis
1165 5270 1276 5343 prodigi
1299 5278 1387 5341 sunt;
1411 5271 1495 5327 modo
1517 5271 1643 5338 tertiam,
1664 5271 1747 5327 modo
1768 5285 1856 5341 quar-

1010 5370 1069 5420 tam
1098 5360 1275 5432 poenitentiae
1296 5369 1405 5431 partem
1431 5361 1568 5418 omnibus
1589 5361 1783 5416 communiter
1814 5360 1856 5415 iu·

1011 5448 1366 5525 dulgentessubquadam
1376 5448 1862 5525 scilieetspeciecbaritatis3sedin
