3804 5962
120 218 172 274 963
389 215 491 272 PETRI
511 214 697 273 trutanni
717 215 794 273 OPP.
814 214 904 273 PARS
924 217 972 274 lll.
990 215 1261 275 -rrlretoctca
1280 215 1323 271 ET
1342 214 1608 274 enitescerent.
1814 215 1868 270 964

118 362 214 416 suam,
237 343 295 403 nisi
309 344 387 419 quod
402 357 555 415 nunquam
570 343 655 401 bomo
682 344 722 402 illl
737 355 904 419 assumptus
915 346 965 405 ali·
983 346 1006 400 ι
1022 343 1108 401 bimas
1131 346 1167 412 (ll
1185 346 1254 399 Tim.
1277 360 1308 414 ιι,
1336 343 1388 417 lt),
1412 348 1438 400 et
1451 347 1481 400 io
1496 345 1634 415 patientia
1660 346 1755 400 oestro
1771 344 1865 416 possi·

13 460 16 473 ·
119 437 191 512 quid
207 436 300 494 lacere
315 432 454 506 appetivit
469 433 548 504 quod
563 433 609 490 liic
634 433 689 491 sibi
712 449 802 495 suave
815 452 876 496 esse
906 451 967 509 spe
1023 435 1122 492 debitis
1140 435 1336 508 animositate.
1359 449 1419 504 ιιι,
1436 433 1490 505 ιι).
1519 434 1586 492 llaec
1612 442 1709 493 autem
1736 447 1802 506 spes
1817 433 1865 492 rlla

118 529 205 597 ravit,
234 527 282 585 sed
305 525 374 597 quia
401 523 455 581 boc
487 522 544 580 Deo
563 523 677 596 placere
703 525 847 584 credidit?
861 528 966 584 Omnes
1021 532 1073 593 est,
1093 525 1127 581 dc
1156 539 1216 597 qua
1241 525 1380 596 superius
1403 523 1589 582 dictumest:
1615 512 1864 595 spes'ooromaoo

115 632 185 677 vero
215 616 264 672 alii
288 621 552 687 quantumcunque
567 614 625 670 sint
637 616 741 682 sancti,
757 616 828 687 quia
849 617 966 673 omuino
1021 614 1178 682 contundit.
1203 615 1277 671 Bene
1300 622 1397 672 aulem
1413 628 1479 671 cnm
1494 614 1529 671 de
1539 613 1765 670 adversitatibus
1788 627 1863 684 prae·

118 712 250 778 expertes
265 703 384 775 peccati,
401 701 430 758 id
455 708 497 760 est
510 716 569 758 non
588 711 666 773 sunt,
681 705 821 762 nonnulla
833 720 870 764 ex
884 705 964 763 intir-
1020 703 1151 773 misisset,
1181 705 1302 761 dicens:
1338 706 1511 775 improperio
1537 706 1792 774 improperantium,
1810 711 1862 760 etc.
1898 738 1900 755 .

118 795 218 852 mitate
237 793 282 851 vel
308 790 496 864 passibilitate
519 792 615 849 caruis
644 801 795 864 appetunt,
822 809 880 851 non
908 794 965 851 alia
1020 795 1188 867 patientiam
1216 801 1318 852 contra
1333 793 1384 851 illa
1408 793 1516 850 scilicet
1534 791 1726 850 necessariam
1754 799 1783 850 et
1803 805 1864 849 cou-

118 884 256 943 decausa
281 881 338 939 nisi
367 889 400 939 ut
431 881 485 952 ipsi
521 880 681 939 infirmitati
718 884 905 954 satisfaciant,
938 891 966 941 et
1019 883 1186 942 solationem
1209 882 1425 955 Scripturarum
1455 883 1599 954 apposuit.
1623 881 1696 939 Cum
1717 888 1816 939 autem
1834 881 1862 939 in

118 981 289 1048 presentem
302 971 464 1044 passionem
490 969 868 1031 velaitlictionemevitent.
884 972 966 1041 Quod
1018 972 1137 1030 exordio
1165 972 1255 1044 bujus
1277 970 1412 1043 Epistola
1437 970 1617 1042 praedixisset
1645 983 1760 1027 omnem
1771 967 1862 1041 scrip
1899 960 1901 972 '

117 1063 238 1138 guidem
257 1060 367 1119 estsibi
381 1060 504 1132 placere,
520 1066 553 1116 ut
567 1061 838 1118 suamvoluntatem
861 1061 964 1128 tacere,
1018 1070 1115 1120 turam
1144 1061 1274 1118 divinam
1291 1068 1342 1118 aut
1365 1061 1466 1117 docere
1492 1068 1543 1117 aut
1564 1073 1679 1117 movere
1703 1059 1859 1128 intendere,

117 1153 147 1211 ιι
160 1162 202 1212 ιιι
216 1153 253 1210 ιι
268 1158 382 1210 tantum
397 1149 442 1207 vel
457 1149 600 1221 praecipue
616 1163 711 1222 agere,
728 1150 798 1222 quia
823 1150 877 1208 sibi
900 1165 964 1208 cre·
1019 1151 1165 1225 quomodo
1197 1165 1277 1208 nunc
1295 1150 1363 1208 dicit
1392 1164 1576 1222 quaecunque
1604 1148 1711 1220 scripta
1734 1155 1804 1206 sunt
1827 1148 1861 1205 ad

116 1244 166 1304 dat
187 1242 261 1301 illud
291 1257 351 1300 esse
366 1255 466 1308 suave,
496 1239 527 1297 in
546 1239 647 1311 seipsis
672 1239 778 1298 scilicet
801 1242 890 1311 hujus
912 1255 963 1298 ac·
1018 1249 1147 1299 nostram
1174 1240 1335 1298 doctrinam
1364 1241 1470 1312 scripta
1492 1239 1575 1297 esset
1603 1239 1652 1296 sed
1681 1237 1809 1310 prolecto
1828 1251 1861 1297 ea

117 1333 204 1392 tionis
232 1347 294 1391 ιιι
331 1332 416 1388 iidem
454 1330 668 1400 constituentes,
699 1330 818 1402 quoda
850 1330 963 1387 cbristo
1018 1331 1106 1389 etiam
1130 1331 1377 1403 quaeadmoneret
1397 1330 1433 1387 ad
1462 1329 1623 1387 doctrinam
1655 1329 1763 1398 scripta
1783 1335 1860 1395 snut,

116 1423 202 1496 longe
221 1423 336 1497 penitus
360 1421 425 1479 tuit.
452 1420 520 1477 Tale
543 1433 622 1491 ergo,
649 1419 783 1481 cbristus
814 1434 873 1477 non
898 1421 963 1492 pla·
1017 1435 1075 1478 uon
1092 1421 1208 1493 quidem
1224 1427 1257 1478 ut
1280 1421 1400 1479 doceant
1428 1420 1505 1492 quod
1525 1419 1585 1489 siat,
1613 1418 1662 1475 sed
1684 1425 1718 1475 ut
1732 1415 1860 1475 doctrina

116 1512 253 1583 cuitsibi,
270 1512 319 1570 sed
333 1510 465 1570 videlicet
476 1511 532 1567 Deo
549 1509 638 1576 Patri,
651 1509 722 1581 quia
744 1509 785 1566 nil
813 1510 898 1567 bomo
914 1510 972 1568 ille·
1017 1510 1173 1568 eilicaciam
1185 1511 1320 1574 babeant,
1348 1511 1432 1568 idest
1454 1517 1487 1567 ut
1501 1508 1621 1580 implere
1646 1507 1772 1566 velimus
1786 1507 1860 1580 quod

117 1604 256 1679 appetivit
275 1601 353 1675 quod
368 1614 458 1658 suave
477 1599 531 1670 ipsi
546 1606 629 1667 esset,
644 1599 694 1655 sed
714 1598 783 1670 quia
799 1598 852 1656 boc
871 1601 962 1656 Deum
978 1631 1001 1690 Β
1017 1600 1108 1658 edocti
1123 1615 1234 1658 sumus.
1252 1604 1321 1657 beas
1332 1605 1433 1669 autem,
1460 1599 1544 1658 idest
1569 1599 1644 1656 sicut
1660 1597 1795 1656 Christus
1806 1612 1861 1655 nou

116 1692 279 1765 approbare
303 1689 399 1752 sciret,
426 1685 472 1745 vel
486 1687 550 1758 ejus
565 1685 595 1742 in
624 1685 679 1742 boc
707 1693 884 1759 praeceptum
909 1687 961 1743 ha·
1019 1689 1128 1762 placuit
1150 1690 1216 1761 sibi,
1243 1691 1292 1748 sed
1307 1691 1372 1760 lieo,
1396 1704 1449 1746 uec
1475 1687 1623 1761 propriam
1647 1687 1782 1760 gloriam,
1815 1687 1860 1745 sed

115 1782 204 1841 berei.
228 1780 282 1839 Cui
306 1785 334 1836 ιι
359 1780 478 1850 ipsemet
493 1775 533 1832 ait
554 1792 562 1830 ι
585 1777 701 1846 Propter
718 1776 799 1831 aerbo
827 1776 962 1833 lubiorum
1017 1779 1111 1837 Patris
1125 1780 1272 1852 quaesivit,
1294 1780 1333 1836 ιιι
1349 1781 1408 1851 ipse
1423 1779 1510 1845 Deus,
1535 1778 1676 1850 cujusest
1700 1785 1729 1836 ιι
1756 1776 1860 1850 patien-

116 1879 227 1934 tuorum
241 1886 289 1940 ego
305 1867 511 1925 eustodioioios
526 1864 610 1920 dares
627 1865 713 1937 (Psoi.
728 1878 788 1934 rvr,
804 1866 843 1938 4).
868 1865 962 1931 Quam
1017 1869 1087 1928 tiam
1110 1877 1137 1927 et
1160 1869 1383 1927 consolationem
1408 1869 1487 1937 dare,
1509 1869 1555 1924 det
1569 1867 1651 1925 vobis
1677 1866 1797 1938 idipsun
1819 1882 1859 1922 so·

114 1962 234 2037 quidem
254 1957 397 2032 passionis
411 1962 463 2014 ant
475 1955 583 2013 laboris
607 1969 722 2027 poenam
756 1963 873 2028 propter
895 1956 959 2013 obe·
1014 1965 1118 2033 pereto
1138 1961 1315 2030 ultaatrara,
1332 1958 1360 2016 id
1386 1966 1428 2016 est
1440 1959 1577 2017 intervos
1601 1957 1655 2014 boc
1672 1965 1858 2030 quererent

113 2050 253 2112 dientiam
278 2054 441 2118 susceptam
466 2043 620 2116 Apostolus
644 2045 742 2102 statim
767 2045 912 2117 adiunxit,
930 2053 962 2104 ut
1016 2049 1180 2109 atrei-altari
1205 2048 1357 2122 piaeeaoin
1381 2048 1491 2107 honum
1511 2048 1660 2105 secondum
1678 2051 1772 2104 rosum
1786 2048 1859 2106 ciet-

113 2141 251 2202 videlicet
274 2153 325 2212 per
340 2136 535 2195 hocostendat
551 2149 617 2191 eum
647 2134 726 2192 Patri
754 2136 846 2208 magis
872 2150 962 2208 quam
1015 2145 1098 2208 stura,
1115 2140 1143 2196 id
1161 2147 1203 2197 est
1217 2141 1291 2212 ejus,
1305 2147 1337 2197 ut
1358 2139 1534 2207 dictumest,
1551 2137 1692 2209 exemplo,
1713 2140 1746 2192 ut
1759 2138 1860 2192 cacai-

114 2230 170 2290 sibi
192 2229 344 2303 placuisse,
372 2225 420 2283 sed
450 2224 524 2282 sicut
559 2223 700 2295 scriptum
732 2225 823 2281 estin
852 2225 961 2296 psalmo
1015 2246 1078 2295 roes,
1096 2229 1383 2287 idestccmmuuiter
1400 2237 1458 2286 tam
1482 2227 1636 2285 iufirmiin
1655 2225 1860 2299 lidequamlir·

115 2335 255 2378 cxxviii:
281 2317 464 2388 lmproperic,
496 2320 550 2370 etc.
587 2313 726 2385 Quisquis
752 2314 830 2370 enim
857 2329 959 2386 expro·
1015 2319 1066 2386 mi,
1105 2318 1240 2376 concordi
1260 2336 1306 2374 ore
1319 2319 1444 2376 laudetis
1473 2322 1568 2388 Deam,
1597 2318 1632 2375 de
1665 2314 1860 2374 misericordia

114 2410 180 2470 brat
194 2408 297 2467 nuntio
311 2406 448 2476 alicujus
461 2403 585 2460 veleum
601 2403 630 2458 in
646 2402 746 2473 aliquo
760 2402 895 2475 deturpat
909 2420 961 2462 seu
1015 2409 1122 2467 scilicet
1154 2409 1358 2480 redemptionis
1379 2412 1483 2466 ncslrrc
1499 2422 1548 2480 per
1568 2407 1674 2464 Filium
1702 2419 1792 2465 suum
1814 2419 1860 2462 ue

114 2500 246 2568 honorat,
264 2510 324 2555 non
343 2503 400 2551 tam
412 2493 438 2550 ei
454 2492 505 2563 qui
519 2490 654 2561 mittitur,
669 2504 758 2562 quam
767 2492 793 2548 ei
808 2492 859 2565 qui
874 2492 961 2552 mittit
1014 2498 1060 2556 bis
1078 2497 1215 2556 exhibita.
1239 2498 1320 2556 Unde
1348 2504 1376 2555 et
1405 2512 1473 2554 cum
1494 2497 1614 2554 dixisset
1639 2496 1755 2565 Deum,
1783 2493 1859 2552 addit

115 2588 320 2663 imputandum
344 2592 397 2642 081·
431 2582 511 2640 Unde
539 2587 566 2638 θῑ
599 2577 686 2637 531110
711 2580 838 2664 dicitur:
866 2582 959 2653 Saule,
1014 2588 1150 2646 eumdem
1163 2595 1190 2644 el
1218 2588 1330 2643 Patrem
1344 2589 1453 2642 Domini
1480 2589 1569 2642 nostri
1588 2589 1652 2642 lesu
1680 2585 1795 2655 Christi,
1811 2583 1859 2656 qui

114 2680 207 2750 siole
224 2675 517 2751 guidmeperseqarris
531 2670 545 2726 ‘l
561 2670 635 2742 (Act.
653 2676 741 2742 apost·
755 2685 795 2741 lx,
812 2671 839 2743 i)
855 2672 958 2736 mein·
1015 2693 1073 2735 non
1090 2676 1184 2734 solum
1201 2677 1236 2733 ad
1253 2676 1375 2750 gloriam
1394 2690 1488 2744 suam,
1504 2675 1552 2733 sed
1568 2676 1604 2733 ad
1630 2682 1760 2732 nostram
1775 2673 1860 2732 etiam

114 2782 215 2844 quam,
240 2768 438 2840 potiusquam
465 2774 553 2828 meos,
578 2760 648 2831 quia
664 2769 779 2832 propter
794 2775 839 2817 me
864 2763 960 2833 potius
1014 2766 1203 2823 salvationem
1228 2765 1335 2823 babere
1361 2765 1447 2823 talem
1472 2764 1577 2821 Filium
1593 2762 1746 2836 gloriatur,
1762 2769 1796 2822 ut
1811 2775 1860 2834 per

114 2874 204 2934 quam
219 2864 336 2930 propter
350 2855 434 2925 ipsos.
452 2850 526 2919 Quid
541 2855 637 2906 autem
665 2850 829 2921 improbare
852 2850 887 2923 [s-
906 2850 959 2907 im·
1014 2870 1081 2913 eum
1098 2855 1185 2913 etiam
1210 2863 1307 2912 noster
1322 2854 1358 2911 sit
1374 2854 1468 2921 Pater,
1484 2855 1534 2926 qui
1555 2853 1700 2911 descendit
1729 2866 1861 2925 quarere

114 2947 281 3023 properare]
318 2946 374 3001 lieo
403 2941 491 3009 Patri,
520 2939 577 2996 nisi
602 2938 723 2996 irridere
745 2940 958 3010 generationem
976 2921 997 2978 C
1013 2945 1127 3003 tratres.
1148 2946 1265 3016 Propter
1292 2944 1374 3013 ortod,
1392 2952 1425 3001 ut
1449 2943 1582 3002 videlicet
1601 2944 1641 3000 ita
1668 2942 1862 3000 communiter

114 3053 175 3098 esse
193 3038 224 3096 ιι
245 3035 407 3099 divinitate,
436 3043 525 3102 quam
551 3027 707 3084 carnaliter
726 3042 825 3085 eorum
853 3028 959 3087 intelli·
1013 3035 1049 3092 ab
1065 3035 1200 3092 omnibus
1220 3033 1428 3091 honorificetur
1450 3035 1536 3100 Deus,
1566 3034 1762 3103 susepitevos
1786 3030 1860 3090 inri-

114 3129 213 3203 gentia
227 3139 328 3198 capere
343 3137 403 3180 non
417 3125 529 3193 poterat
543 3117 557 3172 t
573 3117 640 3174 llaec
654 3131 723 3190 ergo
751 3117 846 3175 irrisio
872 3133 961 3191 super
1013 3139 1086 3193 cem,
1112 3125 1140 3182 id
1155 3132 1267 3182 estnon
1281 3123 1399 3195 abjiciat
1414 3123 1459 3180 ιιι
1469 3132 1619 3194 exasperet
1634 3122 1707 3179 alter
1721 3120 1858 3190 alterum,

114 3217 261 3276 Christum
275 3212 387 3280 cecidit,
401 3209 470 3281 quia
485 3208 554 3265 dum
571 3207 648 3264 banc
662 3207 876 3278 generationem
887 3222 957 3279 ιιι·
1014 3215 1063 3272 sed
1086 3214 1138 3286 qui
1160 3214 1270 3271 tirmior
1290 3212 1377 3270 estin
1399 3212 1453 3270 tide
1482 3220 1570 3284 atque
1591 3211 1743 3285 porrectior
1771 3209 1855 3268 indr-

113 3306 232 3370 dicaret,
260 3303 306 3360 tel
338 3315 367 3358 ιθ
393 3298 497 3356 Filium
523 3296 574 3354 1)θί
588 3296 706 3366 diceret,
732 3297 824 3354 Patris
848 3297 879 3353 in
905 3297 959 3355 boc
1012 3318 1094 3361 mum
1113 3303 1334 3375 toleretlitboc
1354 3301 1485 3374 exemplo
1504 3301 1610 3359 christi
1627 3301 1719 3370 tacite,
1739 3300 1861 3373 quinos

114 3394 247 3469 gloriam,
263 3406 321 3449 non
335 3389 481 3462 propriam
511 3387 677 3460 querendo,
703 3401 761 3444 non
776 3386 871 3444 solum
895 3387 958 3444 irri·
1012 3391 1115 3449 ridens
1128 3399 1156 3449 et
1179 3391 1260 3449 duras
1278 3391 1399 3449 cervicis
1427 3405 1486 3448 non
1509 3391 1604 3448 solum
1634 3388 1765 3447 intirmos
1793 3389 1860 3459 tide,

113 3483 188 3542 sioni
213 3481 281 3539 inda
305 3486 347 3537 est
368 3477 493 3547 babitus,
518 3478 567 3535 sed
582 3478 618 3535 ad
632 3484 754 3534 mortem
768 3489 885 3548 quoque
905 3485 959 3533 tra·
1012 3482 1062 3539 sed
1089 3488 1218 3539 mortuos
1239 3481 1270 3539 iu
1299 3480 1465 3537 infidelitate
1480 3495 1538 3537 non
1554 3479 1668 3551 repulit,
1692 3479 1741 3537 sed
1758 3493 1860 3536 susce-

113 3574 201 3643 ditus,
233 3568 462 3640 sicutscriptum
486 3572 544 3623 est:
569 3568 653 3622 Βιιιι
673 3580 701 3620 se
724 3566 834 3621 Putrem
860 3565 959 3621 bebere
1011 3559 1395 3644 pi13im0'eriamtrarirad
1412 3569 1633 3641 generandum
1659 3569 1752 3626 Deum
1780 3567 1857 3625 spiri.

111 3665 259 3736 glorietur,
273 3659 414 3717 videamus
428 3659 456 3713 si
471 3671 606 3713 semones
627 3655 704 3711 itlius
726 3657 786 3710 veti
811 3657 878 3723 sint,
903 3663 956 3712 etc.
1012 3669 1056 3719 cet
1068 3668 1095 3717 et
1108 3659 1289 3718 laudandum
1305 3668 1365 3717 tam
1380 3659 1415 3717 de
1440 3666 1539 3717 nostra
1553 3657 1660 3716 scilicet
1672 3657 1860 3718 conversione

113 3754 189 3826 lsai·
210 3769 243 3822 ιι,
275 3753 316 3822 ¹⁶)
339 3751 376 3807 Εῑ
403 3749 433 3805 ῘΠ
452 3747 612 3820 Evangelii)
628 3760 634 3802 ²
650 3746 765 3817 Cecidit
791 3746 821 3800 ia
835 3747 900 3813 1³³⁰,
923 3744 956 3799 lt'·
1012 3765 1101 3824 quam
1117 3751 1151 3809 de
1173 3749 1296 3808 aliorum
1314 3763 1363 3822 per
1391 3762 1453 3818 nos,
1469 3750 1627 3805 ministram
1642 3749 1860 3818 [ιιιιιιιιιιιιιι-

112 3844 185 3901 beret
206 3856 365 3908 ιιιιιιιιι,
381 3841 406 3895 si
419 3839 478 3895 cult
493 3857 501 3906 t
515 3839 595 3893 llicit
612 3840 684 3893 raim
707 3839 775 3908 puio
800 3836 888 3892 Filias
909 3836 958 3891 liei
1011 3843 1134 3909 ιιιιοιῑι,
1156 3841 1185 3898 ιι
1213 3847 1254 3898 ιιι
1269 3840 1437 3898 ludaeorum
1457 3839 1565 3911 quibus
1590 3836 1657 3896 solis
1675 3852 1728 3911 per
1754 3845 1857 3897 seruet·

110 3949 172 3991 sum
191 3931 301 4007 (aetra.
315 3945 403 3995 xiib,
421 3928 488 4000 ib).
1011 3933 1107 4004 ipsum
1121 3929 1305 4003 praedicando
1319 3929 1444 3987 verbum
1460 3929 1525 3987 ritae
1537 3928 1724 3997 ministravit,
1739 3928 1817 3987 sicut
1829 3935 1858 3986 et

146 4023 317 4093 dwcuoeue
341 4023 445 4092 seriola
467 4023 543 4073 soor.
559 4018 601 4074 ao
629 4016 652 4073 si
668 4016 773 4073 dicerer
793 4029 799 4071 ε
817 4013 891 4082 Quid
919 4013 956 4070 aa
1009 4023 1129 4095 ipsomet
1145 4021 1184 4079 au
1202 4038 1208 4076 :
1228 4022 1289 4079 noa
1303 4036 1365 4076 som
1379 4021 1479 4075 messos
1498 4021 1555 4075 ιιι
1578 4018 1616 4074 ao
1638 4035 1698 4075 eoos
1712 4035 1773 4091 que
1788 4035 1859 4090 per-

110 4129 163 4175 ιιιι
187 4120 270 4172 novae
298 4110 369 4184 legis
401 4107 573 4179 professores
615 4106 811 4163 testimonium
845 4103 955 4163 Veteris
1009 4113 1101 4168 terum
1126 4111 1223 4166 domm
1244 4109 1332 4166 lsrael
1360 4109 1737 4180 (Marra,1v‚24)‚pmprer
1754 4111 1857 4166 emm.

109 4201 296 4270 Testamenti,
321 4199 446 4256 maxime
473 4213 539 4255 cum
560 4197 624 4270 ejus
637 4209 724 4267 opera
752 4192 954 4266 respuamus?
1010 4207 1063 4259 tem
1076 4203 1136 4270 Dei,
1162 4201 1256 4258 idest
1283 4205 1316 4255 ιι
1341 4198 1490 4271 promissio
1516 4198 1565 4256 liei
1594 4198 1771 4270 consisteret,
1804 4199 1858 4272 qui

109 4293 271 4366 Respondet
290 4289 361 4363 tillia
384 4287 696 4360 llud³⁰1¹¹1t¹10issril)ta
719 4292 810 4354 suut,
837 4291 896 4342 ¹³¹1]
923 4283 954 4340 in
970 4277 992 4333 ὓ
1008 4290 1170 4364 specialiter
1193 4297 1220 4347 et
1234 4289 1401 4362 frequenter
1424 4289 1465 4347 eis
1484 4303 1514 4346 se
1542 4287 1656 4346 mittere
1683 4288 1859 4346 salvatorem

108 4381 324 4444 veteriscilicet
343 4392 432 4452 quam
457 4377 487 4435 in
514 4377 594 4436 Novo
608 4377 800 4442 Testamenta,
830 4374 867 4431 ιι
889 4388 954 4432 nos·
1009 4380 1189 4454 promiserat.
1210 4379 1246 4437 Et
1268 4378 1321 4434 hoc
1344 4385 1386 4436 est
1413 4379 1491 4450 quod
1510 4378 1608 4436 subdit
1626 4378 1664 4434 cd
1688 4379 1859 4450 conamen.

109 4482 186 4535 tram
213 4473 241 4530 id
266 4475 310 4529 ιιι
324 4470 566 4541 Christianorum,
591 4477 644 4528 etc.
662 4469 726 4526 Non
748 4467 826 4525 enim
853 4466 896 4524 illi
924 4467 953 4523 in
1008 4470 1069 4536 dos,
1086 4468 1115 4525 id
1134 4474 1176 4526 est
1189 4475 1221 4524 ut
1232 4467 1322 4523 firmae
1332 4475 1360 4525 et
1374 4469 1552 4526 inconcussae
1573 4475 1762 4540 permaneant
1788 4482 1858 4539 pro-

107 4564 205 4627 Vetari
228 4565 409 4621 Testameuto
434 4561 585 4632 docentur,
610 4561 660 4618 ιιι
690 4566 875 4628 excaecantur
899 4557 953 4629 qui
1007 4557 1161 4617 missiones
1182 4556 1238 4613 illae
1268 4555 1398 4628 antiquis
1424 4557 1559 4627 patribus
1581 4556 1663 4614 iactae
1682 4556 1717 4614 de
1743 4555 1858 4616 Christo

107 4656 233 4715 litteram
258 4654 433 4712 occidentem
458 4651 498 4709 ibi
512 4658 687 4725 sequuntur,
704 4649 753 4707 sed
773 4647 813 4706 illi
828 4646 953 4705 maxime
1006 4647 1047 4706 eis
1068 4645 1216 4704 mittendo.
1231 4645 1325 4704 Voluit
1342 4646 1420 4703 enim
1435 4646 1594 4704 debitorem
1617 4660 1648 4704 se
1674 4646 1765 4704 teneri
1788 4660 1854 4719 pro·

107 4746 160 4820 qui
187 4745 353 4818 lrangentes
380 4742 554 4800 exteriorem
573 4749 700 4801 crustam
717 4738 791 4796 mica
817 4737 953 4795 interiore
1006 4736 1206 4804 mittendam
1227 4735 1337 4793 solutor
1356 4735 1435 4793 lieret
1458 4735 1650 4808 propitiando.

80 4834 292 4908 saginantur,
321 4832 417 4890 sedet
444 4831 595 4889 saeculares
622 4830 733 4888 litteras
755 4826 888 4885 nonnisi
916 4827 953 4884 ad
1043 4829 1254 4886 Gratescutom.
1271 4828 1312 4882 Ac
1339 4825 1363 4882 si
1385 4825 1513 4883 diceret:
1546 4825 1613 4883 Dico
1634 4824 1784 4883 Christum
1802 4823 1858 4882 mi·

106 4925 270 4986 doctrinam
285 4921 415 4996 aliquam
431 4922 476 4981 vel
506 4935 620 4978 morum
641 4919 688 4978 vel
712 4918 890 4987 litteraturae,
906 4916 952 4974 vel
1006 4916 1144 4984 nistrum,
1169 4925 1234 4985 etc,
1249 4914 1298 4972 sed
1328 4923 1356 4973 et
1369 4922 1467 4988 gentes
1487 4915 1560 4984 dico,
1590 4915 1733 4973 subaudis
1771 4929 1856 4988 super

105 5023 139 5074 ut
154 5015 184 5073 iu
198 5015 297 5087 aliquo
309 5027 398 5071 sacrse
410 5012 565 5083 scripturae
577 5009 759 5082 opitulentur
771 5009 849 5066 Deus
865 5005 953 5065 scribi
1005 5006 1195 5063 misericordie
1217 5004 1270 5063 sibi
1289 5019 1306 5061 a
1326 5005 1382 5062 lieo
1396 5004 1537 5076 impensa,
1554 5005 1699 5076 praecipua
1713 5018 1794 5063 nunc
1808 5007 1856 5063 lio·

106 5104 338 5180 permisissem
365 5104 419 5161 hoc
443 5102 559 5160 illarum
590 5101 743 5173 scriptores
768 5099 947 5171 ignorarent.
1004 5111 1103 5153 acrore
1130 5098 1226 5152 beura.
1255 5094 1310 5160 Qui
1333 5093 1466 5151 videlicet
1497 5102 1607 5167 qllanto
1636 5093 1764 5166 amplius
1784 5095 1854 5154 olim

108 5196 144 5254 tir
154 5211 217 5267 per.
229 5194 274 5252 ild
289 5194 354 5261 boc,
367 5193 500 5264 inquam,
518 5191 559 5248 eis
572 5189 753 5256 instruimur,
764 5196 792 5246 ιι
802 5190 949 5258 docemur,
1006 5198 1057 5258 per
1079 5184 1300 5242 idololatriama
1315 5186 1371 5242 lieo
1395 5183 1498 5242 remoti
1514 5184 1638 5253 luerent,
1669 5191 1750 5242 tanto
1773 5200 1855 5245 nunc

106 5294 141 5345 ut
156 5300 208 5358 per
231 5286 395 5358 patientiam
423 5281 555 5340 videlicet
570 5279 600 5337 in
630 5279 771 5348 adversis,
786 5283 812 5335 et
829 5279 950 5336 corsola·
1005 5275 1042 5332 ad
1059 5273 1173 5330 cultum
1200 5273 1249 5330 liei
1273 5273 1377 5345 majori
1401 5273 1484 5344 copia
1509 5274 1794 5346 propinquaverunt,
1823 5284 1856 5334 ut

106 5382 206 5435 ttooem
223 5356 253 5431 iri
267 5371 425 5446 scripturis
457 5369 607 5428 iactamda
623 5368 728 5427 bravio
751 5367 884 5425 videlicet
911 5381 947 5423 ι·
1004 5364 1056 5422 ιιι
1070 5363 1232 5421 abundavit
1256 5370 1405 5434 peccatum
1426 5363 1677 5434 superabundaret
1695 5371 1723 5421 et
1748 5364 1853 5438 gratia.

105 5474 196 5528 terne
223 5461 419 5531 beatitudinis,
455 5472 504 5531 spe
528 5473 579 5531 per
605 5458 703 5516 omnia
730 5457 952 5515 corroboremur
1004 5455 1037 5512 Et
1050 5461 1119 5511 nota
1132 5453 1211 5526 quod
1234 5453 1368 5525 superius
1382 5460 1499 5524 propter
1514 5453 1733 5525 promissionem
1746 5455 1853 5514 ludaeis

104 5555 136 5616 ln
161 5555 230 5625 lieo,
259 5550 384 5612 scientes
409 5547 531 5623 quiae
550 5548 733 5619 ampoemar
751 5549 779 5604 et
801 5559 949 5616 coarcere-
1002 5543 1183 5604 tactamnon
1201 5548 1261 5600 tarn
1274 5534 1500 5603 misericordiam
1520 5541 1596 5602 dixit
1609 5554 1701 5617 quain
1720 5542 1853 5607 debitum
