3804 5962
126 141 196 195 tlte
391 134 492 189 PETRI
512 112 700 188 numtau'ttt
720 130 793 186 OPP.
813 128 904 186 Plus
922 128 1236 185 tlt-taidelotttca
1256 129 1297 183 ut
1316 127 1577 186 Puttosopttlett.
1800 130 1896 192 (Μ

124 264 279 325 secundum
302 259 355 331 (ll)
379 260 434 317 lroc
454 257 531 329 qnod
561 255 668 313 dictum
695 262 737 312 est
751 270 798 323 eqo
813 255 891 310 laodic
917 268 967 321 ge·
982 253 1007 307 A
1021 253 1127 311 loturae
1152 255 1248 311 carnis
1278 253 1411 321 ostendit,
1425 266 1458 309 eo
1476 251 1556 325 quod
1582 253 1740 311 deldaria'
1754 255 1856 329 virgin·

126 359 178 411 uui
200 360 249 424 te;
275 366 333 422 quo
349 348 551 418 sempiternam
585 345 798 415 generationem
820 343 968 414 sapientia
1021 358 1115 414 nuper
1128 352 1214 400 natus
1228 352 1280 400 est.
1297 344 1368 400 Nam
1384 342 1418 399 de
1446 342 1611 413 equalitate
1625 343 1790 401 divinitatis
1807 343 1896 417 ejulo

124 433 690 514 llei,quae(45)estunigenitusl'ilius‚
712 433 780 490 fides
810 432 921 489 sincera
940 440 967 489 et
1021 432 1467 489 cuml‘atrenondlcitzllodie
1490 434 1622 500 genuite,
1658 433 1852 500 sedantem

125 532 271 590 catholica
286 524 433 598 predicat.
450 523 523 577 ldem
540 524 570 576 in
582 523 650 577 lilro
670 523 799 578 Vcoutrn
825 521 964 577 lraereses:
1020 524 1133 589 rismum
1157 524 1240 590 genui
1261 526 1286 577 tc
1301 523 1385 592 (Paul.
1409 520 1478 592 cir),
1496 521 1603 578 scilicet
1625 528 1790 593 antequam
1808 524 1853 582 dia

124 621 199 678 Audi
215 614 384 685 adltnc,qui
399 626 487 681 negas
509 612 601 667 ileum
615 610 748 682 genuisse
767 610 880 677 Filium,
897 609 965 666 atidi
1019 610 1063 666 vel
1080 611 1176 681 angeli
1205 610 1314 666 tierent.
1349 610 1510 665 Ambrosius
1535 612 1572 665 lle
1599 613 1853 678 somnolentiam.

125 709 180 779 (46)
191 706 261 778 quid
278 704 361 759 Pater
383 700 459 756 dicat
474 713 523 769 per
537 699 641 754 isaiam
659 715 665 752 :
682 700 814 770 Numquid
837 714 894 767 ego,
917 700 966 767 qui
1020 700 1059 754 lll
1073 698 1118 770 (ll,
1142 701 1206 770 361)
1223 717 1229 753 :
1246 699 1320 766 Quid
1342 706 1383 755 ost
1398 700 1576 770 regeneratio
1595 697 1609 753 i
1628 699 1722 756 habes
1734 691 1736 693 ’
1747 699 1780 757 in
1796 702 1855 758 Acti

125 801 193 854 otios
209 809 307 866 perere
329 793 484 860 tucioipse
507 804 560 844 unu
578 787 962 859 portemidicitllominns.
1019 788 1074 844 bns
1097 789 1303 859 apostolorum,
1333 790 1410 860 qnod
1430 788 1476 845 ille
1505 787 1669 846 versiculus
1686 790 1716 846 iu
1737 790 1855 861 psaltim
1892 806 1896 815 ’

122 890 152 945 Si
167 902 214 955 eqo
229 887 277 950 qui
290 882 493 951 generationem
522 881 624 932 caeteris
648 877 712 931 aliis
737 877 837 943 triduo,
861 877 963 931 sterilis
1018 880 1104 934 Filius
1126 893 1200 933 meus
1214 894 1240 933 es
1266 884 1319 934 tu:
1344 893 1391 943 ego
1414 877 1492 931 lodie
1507 881 1590 945 geniti
1606 882 1642 945 te,
1660 878 1701 934 ad
1722 892 1856 937 resurree-
1885 893 1896 933 ο

119 974 278 1031 oroidictt
302 972 432 1024 Dominus
467 965 544 1036 (lsai.
568 964 654 1035 cavi).
688 963 740 1021 Cui
763 965 871 1020 dictum
895 972 961 1019 est:
1017 967 1140 1023 ctionem
1152 973 1280 1037 spectare
1294 965 1437 1021 videatur.
1450 965 1581 1036 Namque
1602 966 1632 1021 in
1655 965 1783 1024 Actibus
1799 980 1857 1038 apu-

120 1066 339 1120 Filiusmeuses
360 1061 473 1123 tu;ego
494 1054 573 1108 lodie
596 1057 677 1121 quint
699 1057 732 1107 te.
756 1052 870 1120 irrides,
895 1066 962 1107 cum
1017 1055 1155 1111 stolorum
1184 1056 1287 1110 Petrus
1318 1054 1463 1124 apostolus
1492 1056 1534 1110 sio
1572 1053 1786 1125 interpretatus
1814 1065 1855 1119 ert,

118 1149 296 1209 audislrodie
316 1141 962 1217 3apndlleumnunquamcrastinaqunun·
1018 1143 1093 1215 quod
1125 1150 1205 1211 tunc,
1230 1142 1349 1213 quando
1383 1144 1538 1199 resurrexit
1564 1142 1654 1200 l'ilius
1681 1157 1700 1199 a
1735 1146 1856 1213 mortuis,

118 1255 208 1312 quatu
237 1238 387 1294 hesternus
406 1232 468 1287 dies
494 1238 546 1296 θεῖ,
571 1230 619 1285 sed
651 1243 764 1299 Slfflllssr
785 1229 961 1284 hodierrum
1016 1247 1074 1288 vox
1097 1232 1190 1287 Patris
1214 1230 1424 1288 resultaverit:
1445 1231 1534 1285 Filius
1570 1247 1646 1287 meus
1679 1248 1709 1287 es
1737 1239 1778 1302 tu,
1811 1241 1853 1291 etr,
1885 1246 1896 1297 r

118 1334 147 1385 m
161 1325 329 1391 anchorato,
359 1338 418 1392 cap.
442 1321 547 1375 Xllll:
573 1319 636 1375 lion
667 1319 746 1375 enim
771 1318 960 1374 renasceban·
1016 1321 1096 1378 Unde
1110 1329 1139 1377 et
1154 1320 1364 1392 primogenitus
1384 1333 1401 1375 a
1420 1321 1544 1376 mortuis
1566 1320 1703 1378 dieitur:
1733 1336 1851 1380 resume·

117 1427 166 1473 tur
180 1415 231 1486 qni
247 1410 418 1481 baptismate
442 1405 804 1474 toanntsnaptizabamur,
821 1405 869 1463 sed
889 1419 961 1476 quo·
1015 1408 1411 1480 ctioestquandodomorte
1434 1409 1471 1464 ad
1500 1409 1589 1465 vitam
1624 1409 1796 1467 transimus.
1820 1410 1854 1469 Sia
1890 1449 1896 1459 a

117 1504 183 1560 cam
207 1498 392 1572 eraecuuorio
424 1494 592 1561 ministerio,
619 1495 669 1565 qur
701 1495 835 1550 dicebat:
861 1495 961 1549 Parate
1014 1506 1043 1555 et
1065 1498 1094 1554 tn
1119 1498 1299 1567 capitenata,
1323 1497 1462 1567 quoniam
1491 1497 1651 1554 similitudo
1693 1499 1794 1556 morto
1819 1507 1851 1557 er

116 1596 189 1648 ciem
217 1593 339 1647 Domino.
363 1585 446 1654 lluic,
463 1585 491 1641 in
516 1599 574 1655 quo
594 1585 652 1639 solo
682 1583 791 1640 renasci
817 1591 959 1653 poterant,
1015 1587 1086 1643 dum
1108 1585 1226 1658 mergis,
1250 1586 1319 1643 qum
1344 1586 1471 1657 resurgis
1495 1586 1655 1643 similitudo
1684 1586 1717 1644 fit
1743 1601 1854 1646 mum„

117 1681 306 1754 parabantur.
320 1677 411 1748 lluJ'us
425 1675 503 1732 onim
519 1674 661 1743 baptisma
675 1680 717 1729 est
730 1687 787 1728 uun
813 1672 841 1727 in
861 1671 960 1744 aliqua
1014 1676 1127 1732 ctionis.
1157 1677 1242 1732 Recte
1275 1675 1376 1747 itaque
1396 1675 1555 1731 meandum
1589 1665 1848 1747 interpretationem

117 1778 241 1837 tantum,
258 1768 334 1824 sicut
362 1765 416 1822 tuit
444 1763 572 1827 loannis,
589 1761 790 1818 verumetiam
808 1761 960 1831 inSpiritu
1015 1764 1136 1835 apostoli
1159 1764 1243 1831 Petri,
1261 1763 1336 1820 sieut
1358 1763 1407 1820 illa
1430 1765 1603 1821 resurrectio
1629 1765 1780 1836 generatio
1799 1763 1852 1834 luit,

115 1868 227 1926 sancto,
258 1863 291 1913 ut
331 1854 365 1909 de
406 1852 455 1909 illo
489 1850 597 1921 Spiritu
641 1857 739 1906 sancto
772 1859 960 1921 regeneratur
1016 1854 1056 1910 ita
1076 1860 1104 1910 et
1122 1853 1176 1909 ista
1203 1852 1374 1909 resurrectio
1407 1853 1554 1924 generatio
1577 1861 1629 1910 est.
1667 1855 1794 1909 rrum
1813 1870 1848 1910 u.

115 1947 250 2021 quisquis
278 1945 307 2001 in
331 1942 477 1999 Christum
493 1939 603 2007 credit;
628 1939 663 1995 de
690 1952 748 2008 quo
767 1938 898 1994 Christus
914 1953 960 2009 ge·
1011 1958 1064 2013 per
1077 1941 1187 2008 lluttl„
1199 1956 1259 2011 cop.
1277 1941 1312 2008 tl,
1326 1940 1360 1995 de
1373 1942 1484 2018 domiuo
1499 1941 1644 2012 baptizato
1658 1958 1667 1998 ε
1679 1942 1755 1999 llam
1775 1943 1852 2014 nepti

114 2030 462 2104 neratusregeueratione
481 2043 538 2085 non
562 2028 652 2100 eguit.
669 2027 747 2083 Unde
772 2027 957 2084 voxtttara-
1013 2038 1077 2087 rato
1100 2043 1143 2096 oo,
1168 2029 1301 2085 reseratis
1328 2029 1465 2086 coelorum
1492 2030 1631 2100 aditibus,
1648 2029 1776 2103 Spiritus
1795 2045 1851 2090 rau·
1893 2062 1896 2084 2

114 2126 168 2184 tris
185 2138 250 2196 (lllae
264 2134 352 2191 snper
374 2118 549 2189 baptizatum
564 2117 639 2173 taeta
663 2123 704 2172 ³⁸¹
721 2130 727 2171 ³
743 2131 790 2184 e9⁰
811 2116 891 2170 liidie
915 2133 959 2184 ue·
1013 2117 1266 2187 etnsemlttiturjet
1288 2119 1379 2189 specie
1398 2118 1541 2175 columbae
1566 2119 1693 2177 visibilis
1708 2120 1853 2192 mgnorni·
1891 2135 1896 2189 r

114 2215 166 2268 erui
180 2217 216 2279 te,
240 2224 298 2267 non
323 2222 415 2264 unum
431 2206 513 2262 illum
530 2206 666 2276 temporis
687 2205 762 2261 diem
784 2219 842 2276 quo
867 2205 959 2276 bapti·
1015 2216 1073 2276 tur,
1089 2214 1117 2262 et
1141 2206 1224 2262 istius
1247 2206 1323 2261 modi
1355 2215 1482 2277 paterne
1508 2208 1624 2278 pietatis
1640 2209 1781 2266 unctione
1797 2223 1896 2283 per-„1

112 2305 269 2363 natusest,
296 2297 342 2352 sed
365 2293 610 2352 incommutabilis
630 2293 799 2350 aeternitatis
823 2295 956 2363 ostendit,
1014 2295 1147 2354 tunditur
1162 2312 1168 2362 ;
1184 2309 1241 2350 voa
1265 2295 1368 2352 deinde
1382 2295 1416 2352 de
1440 2296 1511 2353 coelo
1534 2297 1573 2352 ila
1593 2296 1752 2368 loquitur:
1775 2298 1854 2353 Bitiae
1892 2314 1896 2354 r

112 2384 406 2452 utiliumliominem
428 2383 465 2438 ad
488 2382 631 2452 unigeniti
656 2383 957 2453 personamlltlper·
1012 2400 1099 2449 meus,
1124 2392 1178 2441 etc.
1210 2384 1327 2438 ldemr‘c
1357 2385 1382 2440 ll
1398 2386 1497 2454 psalm.
1527 2401 1534 2440 τ
1567 2386 1660 2443 Natus
1685 2394 1730 2443 est
1743 2399 1852 2443 rursum

113 2478 205 2534 tinere
225 2479 406 2531 monstraret.
430 2471 485 2528 Uiri
508 2471 585 2527 enlm
601 2469 660 2527 dies
688 2484 740 2526 nec
758 2469 885 2527 hesterni
902 2470 958 2527 lruo
1012 2487 1049 2530 ex
1072 2473 1214 2544 baptismo
1251 2480 1279 2529 et
1300 2472 1354 2529 luit
1382 2479 1443 2529 tum
1468 2474 1519 2530 Dei
1548 2473 1647 2541 Filius,
1672 2480 1752 2531 utet
1778 2474 1807 2530 in
1827 2472 1851 2530 id
1892 2491 1896 2527 r

114 2566 278 2627 inchoatur,
307 2576 360 2618 nec
386 2559 468 2616 initio
495 2558 612 2616 crastini
636 2558 820 2626 terminatur,
844 2573 958 2630 semper
1012 2563 1108 2632 ipsum
1124 2569 1152 2618 et
1177 2561 1207 2617 iu
1224 2560 1252 2617 id
1279 2561 1357 2617 aliud
1374 2569 1552 2618 nasceretur.
1580 2561 1729 2632 Scriptum
1756 2570 1851 2619 eatan·
1886 2568 1896 2617 l

115 2654 272 2712 hodiernus
307 2659 359 2708 est.
395 2650 426 2706 ln
456 2663 534 2720 aqua
554 2662 623 2720 ergo
648 2648 786 2719 baptizari
820 2647 912 2705 voluit
940 2661 958 2703 a
1011 2656 1163 2717 tem‚cun1
1188 2648 1360 2706 ascendisset
1386 2650 1420 2706 de
1442 2663 1543 2721 aqna:
1568 2651 1849 2712 Filiuemeusestur
1892 2669 1896 2701 ε

111 2747 231 2807 loanne,
260 2750 293 2800 ut
317 2754 423 2811 magna
443 2739 507 2810 ejus
527 2738 778 2795 commendaretur
796 2737 955 2794 humilitas.
1012 2754 1059 2806 ego
1078 2738 1156 2793 ludia
1182 2741 1267 2807 genui
1283 2751 1335 2805 re3
1372 2738 1421 2795 sed
1444 2739 1602 2795 secundnm
1641 2739 1848 2811 generationem

66 2830 69 2835 '
111 2832 231 2888 ldemin
254 2830 411 2885 sermonell
442 2827 679 2896 seriaposelmlis,
698 2825 749 2896 qui
768 2826 809 2881 sic
833 2825 1136 2932 incipit:chominis
1161 2826 1347 2895 renascentis,
1372 2835 1442 2884 tune
1468 2842 1586 2899 quoque
1610 2829 1671 2899 ipse
1696 2830 1849 2887 Deorena·
1893 2892 1895 2896 7

111 2924 171 2977 llon
196 2920 293 2976 minus
308 2918 395 2975 etiam
410 2930 489 2973 nunc
507 2916 595 2971 laetari
618 2915 765 2982 debemus,
791 2927 880 2984 quam
908 2913 957 2969 no—
1010 2915 1147 2973 scebatur
1168 2915 1197 2972 in
1218 2915 1332 2972 Filium.
1360 2915 1412 2973 Sed
1436 2916 1464 2972 id
1487 2917 1565 2987 quod
1583 2931 1664 2973 nnnc
1688 2918 1719 2974 iu
1747 2915 1850 2975 Psalmo
1893 2919 1896 2971 ζ

110 3004 647 3066 sternodielaetatisumus.Christus
668 3004 718 3073 qui
742 3001 955 3058 nosillumina-
1010 3005 1172 3060 est2Fr'lius
1187 3020 1261 3059 meus
1290 3009 1375 3071 estu,
1400 3013 1467 3072 etc.,
1487 3019 1546 3061 non
1570 3005 1605 3061 ad
1631 3005 1764 3078 Virginis
1788 3019 1848 3077 par-
1893 3051 1896 3058 .

110 3099 153 3154 vit
168 3097 250 3156 nobis
279 3096 339 3152 dies
366 3095 461 3150 laetus
474 3100 539 3163 est3
566 3092 625 3163 ipse
643 3106 694 3162 pro
709 3090 792 3146 nobis
812 3088 896 3146 hodie
907 3104 952 3161 ge·
1010 3099 1082 3161 tum,
1099 3107 1194 3164 neque
1215 3093 1252 3148 ad
1277 3093 1383 3149 lavacri
1407 3094 1665 3164 regenerationem,
1680 3094 1732 3150 sed
1754 3093 1848 3164 adpri·
1893 3120 1896 3146 r

111 3187 190 3243 nitus
217 3191 270 3252 est,
294 3182 454 3239 secundum
475 3183 551 3251 quod
575 3179 664 3234 David
694 3191 729 3233 cx
755 3191 879 3248 persona
907 3178 955 3234 llei
1010 3181 1187 3249 mogauitum
1213 3196 1250 3239 ex
1272 3182 1394 3239 mortuis
1416 3182 1560 3252 pertinere
1579 3180 1737 3253 apostoliea
1762 3189 1846 3240 aucto

111 3275 205 3330 Patris
218 3273 283 3328 ait:
312 3269 489 3324 Filiusmeus
507 3284 533 3322 es
554 3273 603 3335 tu3
634 3282 681 3335 ego
710 3268 789 3323 lodic
815 3269 896 3334 qenai
919 3272 953 3322 te.
1010 3270 1079 3327 ritas
1099 3273 1160 3341 lest.
1189 3271 1322 3343 Namque
1352 3272 1382 3328 in
1411 3270 1483 3327 libro
1510 3272 1637 3329 Aetnam
1664 3271 1846 3342 apostolorum

111 3364 175 3418 tlon
197 3358 273 3433 quod
302 3358 332 3415 in
358 3358 403 3414 die
430 3358 480 3414 illa
504 3358 637 3428 genuerit
660 3356 773 3424 l'ilinm,
797 3356 847 3413 sed
878 3354 956 3427 quod
1011 3357 1051 3416 ita
1065 3358 1174 3415 dictum
1189 3367 1255 3416 est:
1285 3360 1434 3417 Suscitans
1463 3360 1617 3417 Dominum
1647 3367 1783 3417 nostrum
1808 3359 1846 3415 le·
1893 3395 1896 3443 t

114 3451 209 3521 ipsum
224 3448 339 3515 Filium,
355 3446 429 3502 diem
455 3445 608 3516 lucemque
636 3446 777 3516 genuerit,
802 3444 879 3516 qnod
902 3445 957 3501 lul·
1009 3461 1085 3515 snm,
1114 3448 1188 3506 sicut
1212 3448 1241 3505 in
1257 3449 1367 3520 psalmo
1391 3449 1485 3521 primo
1506 3450 1647 3520 seriptum
1675 3456 1742 3506 est:
1771 3448 1844 3504 lliliu
1888 3436 1893 3527 ῑ

111 3545 176 3610 geat
197 3536 319 3604 cunctis,
347 3535 441 3591 luceat
460 3533 615 3591 universis.
638 3533 724 3588 llodie
739 3540 836 3590 autem
851 3533 956 3590 dicitur
1007 3553 1094 3606 meus,
1110 3543 1175 3605 etc,
1190 3552 1257 3594 cum
1277 3537 1427 3595 suscitavit
1448 3552 1550 3596 eurua
1572 3537 1707 3606 mortuis,
1732 3537 1843 3608 amplius
1889 3534 1893 3581 t

111 3626 190 3699 quod
218 3625 298 3682 velut
330 3638 456 3695 praesens
482 3632 509 3680 et
536 3622 702 3679 indeliciens
726 3621 823 3679 lumen
846 3623 881 3679 de
894 3622 956 3692 ipsa
1007 3640 1065 3681 non
1081 3639 1280 3699 regressurum
1299 3627 1327 3684 in
1339 3627 1498 3685 interitum.
1525 3628 1610 3688 Idem.
1627 3628 1658 3681 in
1686 3626 1738 3684 tto.
1764 3627 1845 3684 lxm
1890 3644 1894 3665 1

113 3714 303 3788 perpetuitate
324 3712 446 3784 fulgoris
468 3727 528 3768 una
550 3711 610 3768 dies
624 3725 684 3768 esse
698 3710 850 3768 ridebatur
870 3711 952 3782 (l8l;
1010 3716 1130 3771 Triuia:
1161 3716 1243 3772 lesus
1253 3717 1501 3786 quemadmodum
1530 3717 1559 3772 in
1573 3716 1682 3772 virtute
1697 3722 1727 3773 et
1753 3715 1845 3789 spiritu

111 3803 190 3875 quod
213 3817 280 3861 eum
303 3801 358 3874 (te)
386 3816 440 3858 neo
462 3809 576 3858 vetusta
611 3801 784 3872 antiquitate
808 3799 952 3857 subterlu·
1008 3802 1058 3860 llei
1075 3811 1181 3860 unctus
1191 3804 1236 3874 sit,
1253 3819 1311 3861 non
1327 3806 1498 3878 ambiguum
1513 3814 1557 3863 est
1578 3814 1657 3871 tunc,
1679 3819 1846 3865 cunraseen·

111 3893 195 3965 giunt
209 3883 262 3949 nec
274 3892 373 3949 lutura
386 3891 567 3962 ignoratione
583 3896 766 3960 praetereunt.
789 3890 855 3943 item
871 3902 878 3944 :
893 3886 954 3954 Quo
1007 3892 1092 3949 dente
1110 3906 1143 3949 eo
1157 3892 1192 3950 de
1214 3895 1338 3951 lordane
1360 3908 1418 3951 vox
1439 3894 1532 3951 Patris
1556 3895 1658 3952 audita
1672 3903 1717 3953 est
1735 3911 1742 3952 :
1770 3896 1848 3951 Fidus

110 3990 208 4039 autem
222 3990 347 4052 tempore
367 3980 476 4037 dictum
490 3979 526 4036 sit
546 3978 640 4035 Filio:
667 3994 714 4047 eqo
728 3977 808 4032 hodie
820 3979 903 4045 penui
918 3981 952 4042 te,
1006 3996 1081 4035 meus
1105 3997 1132 4036 es
1155 3986 1196 4050 tu,
1224 3991 1289 4052 etc„
1311 3991 1343 4040 ut
1372 3997 1422 4055 por
1446 3984 1499 4041 1100
1514 3983 1714 4042 testimonium
1731 3981 1849 4042 gangen.

109 4071 181 4128 scire
196 4071 334 4127 debemus
346 4084 405 4126 nou
419 4069 466 4126 illo
482 4083 541 4140 quo
556 4083 592 4125 aa
608 4067 696 4123 llaria
707 4065 871 4123 secundum
889 4078 953 4130 car·
1008 4077 1078 4125 cata
1091 4069 1119 4125 in
1148 4084 1180 4127 eo
1208 4073 1305 4127 carnis
1325 4072 1423 4128 unctio
1450 4072 1590 4142 spiritalis
1617 4072 1739 4130 virtutis
1753 4086 1853 4146 cogno·

109 4173 174 4216 nem
190 4166 341 4227 natusest,
371 4173 423 4215 nec
439 4158 486 4214 illo
512 4172 570 4228 qno
586 4156 745 4213 secundum
771 4154 951 4211 divinitatem
967 4181 992 4239 D
1008 4166 1144 4216 sceretur.
1167 4160 1256 4215 item:
1276 4161 1406 4232 lienique
1431 4159 1477 4217 ille
1502 4160 1660 4232 propnetiae
1686 4176 1786 4220 sermo
1810 4175 1855 4234 pq
1894 4180 1896 4205 !

108 4262 143 4304 ex
160 4249 207 4306 llei
234 4250 328 4305 Patris
350 4261 398 4305 ore
420 4247 566 4318 processit,
584 4244 632 4301 sed
656 4244 704 4300 illo
721 4251 847 4314 tempore
862 4255 954 4314 quoa
1009 4248 1156 4305 steriorem
1175 4249 1341 4306 unctionem
1367 4250 1451 4317 hanc,
1477 4264 1542 4320 quae
1566 4252 1597 4306 in
1626 4255 1756 4322 tempore
1774 4258 1854 4319 esset,

109 4336 230 4394 mortuis
255 4337 423 4395 resurrexit.
463 4335 542 4391 Sicut
572 4334 648 4391 enim
672 4333 819 4406 apostolus
844 4331 953 4389 Paulus
1007 4337 1132 4394 ostendit
1154 4337 1252 4395 dicens
1276 4355 1284 4393 ε
1309 4338 1438 4395 llileaista'
1462 4339 1614 4408 justitium,
1647 4346 1673 4396 er
1692 4341 1781 4397 casser
1802 4341 1855 4397 rm:

107 4427 161 4483 ait:
194 4429 366 4483 nesure-itone
400 4428 543 4479 Dominum
574 4426 675 4491 lesum,
722 4427 792 4478 sicut
820 4424 953 4491 scriptum
1007 4426 1151 4495 quitatem,
1178 4433 1231 4482 etc.
1255 4426 1340 4498 (Paul.
1361 4427 1452 4499 xciv.)
1485 4428 1622 4485 lleruisse
1637 4431 1783 4500 posterius
1815 4437 1855 4487 est

108 4521 147 4570 est
156 4516 187 4569 in
201 4515 338 4570 Psalmo:
368 4515 453 4570 Filios
468 4528 590 4568 meuses
617 4517 665 4581 ta;
698 4528 746 4581 eqo
766 4511 845 4566 hodie
869 4511 952 4579 genui
1007 4527 1181 4584 quamesse.
1206 4515 1234 4571 Si
1258 4515 1348 4589 igitur
1362 4517 1507 4574 nativitati
1519 4517 1663 4591 unigeniti
1686 4520 1854 4577 unctionem

109 4609 134 4657 te
158 4603 230 4674 (Act.
268 4603 343 4673 xiii).
383 4603 468 4659 llecte
491 4617 559 4675 ergo
584 4609 654 4659 tune
687 4601 765 4656 hodie
794 4600 951 4669 vocitatur,
1005 4599 1054 4657 Dei
1068 4599 1252 4672 deputamus,
1270 4618 1336 4674 quae
1352 4605 1450 4661 unctio
1462 4605 1498 4661 ob
1521 4606 1659 4663 meritum
1682 4606 1796 4664 dilectae
1808 4607 1853 4679 lu·

107 4693 225 4764 quando
238 4692 273 4749 de
297 4691 455 4749 interorum
479 4696 551 4747 tetra
575 4697 658 4747 nocte
674 4689 710 4746 ad
733 4702 865 4760 superos,
880 4702 951 4758 prae·
1005 4689 1091 4746 stitiae
1116 4697 1144 4746 et
1177 4705 1286 4761 perosae
1305 4692 1469 4764 iniqnitatis
1492 4694 1605 4752 indulta
1628 4697 1676 4764 sit,
1698 4704 1855 4767 provectus

105 4779 481 4845 clarumlumememicuit.
506 4778 624 4833 latomia
657 4779 787 4833 tractatu
809 4776 843 4830 de
865 4779 952 4830 incor-
1005 4777 1100 4848 potius
1115 4793 1164 4849 per
1183 4779 1350 4837 unctionem
1376 4783 1637 4855 unigenituslleus
1660 4798 1752 4857 qnam
1778 4784 1855 4858 geni·

104 4871 215 4925 notione
235 4870 343 4925 Domini
360 4883 366 4924 :
385 4869 425 4925 lle
453 4882 486 4925 eo
517 4867 594 4938 quod
627 4867 722 4923 minor
748 4873 791 4923 est
820 4872 901 4936 patre
923 4873 952 4922 et
1005 4872 1053 4923 tus
1068 4867 1245 4941 intelligetur
1264 4886 1271 4936 ;
1291 4868 1411 4940 iamque
1433 4885 1484 4942 per
1512 4872 1690 4933 incrementa
1712 4881 1743 4931 et
1765 4873 1854 4946 perle-

105 4957 362 5016 consubstantialis
383 4956 536 5023 calmutii,
556 4956 698 5028 Propheta
713 4954 817 5012 cecinit
831 4954 950 5011 dicens:
1004 4961 1068 5011 ctus
1081 4957 1136 5026 (51)
1149 4956 1225 5014 Deus
1237 4959 1498 5026 consummabitur,
1512 4960 1563 5033 qui
1587 4975 1644 5017 non
1671 4969 1762 5020 natus
1779 4963 1853 5020 Dens

106 5048 164 5117 llqo
178 5048 257 5104 lodie
271 5049 396 5116 genuite.
413 5047 498 5102 Item:
518 5043 570 5101 llla
592 5044 741 5116 prophetia
767 5043 949 5104 nativitatem
1004 5044 1051 5112 sit,
1068 5044 1161 5102 sedin
1185 5048 1278 5104 Deum
1293 5047 1330 5103 sit
1351 5055 1468 5118 unctus,
1484 5063 1521 5106 ea
1548 5049 1649 5107 merito
1663 5064 1672 5120 ;
1687 5050 1791 5123 etjam
1805 5063 1855 5124 per

140 5191 188 5316 (ἐξ
212 5191 377 5318 ξίοοεοοω..
1040 5187 1097 5326 geg)
1112 5188 1196 5317 ggus'
1215 5190 1373 5291 toleratur.

139 5263 201 5473 (ἃς)
211 5276 290 5459 (iffi
305 5277 435 5459 :33:322
1039 5328 1084 5403 (50
1110 5275 1196 5389 conl}
1206 5277 1375 5404 spernot'getus.
