3804 5962
472 219 711 279 mrnobncrto
731 221 779 277 AD
797 219 1031 281 rnnototitntl.
1047 250 1082 261 -
1094 220 1160 280 ΗΒ.
1180 221 1215 278 ll.

1651 223 1719 281 l082

79 359 107 408 r,
127 359 158 400 oc
184 343 323 414 paulatim
343 344 483 412 redipmte
501 349 653 414 respectum
680 345 712 398 in
734 342 822 411 sobn-
835 343 861 399 Α
874 341 1034 414 intelligere
1058 341 1167 399 dictum
1189 356 1260 408 esse,
1285 342 1365 414 quod
1378 341 1555 413 quibusdam
1578 343 1719 414 gradibus

79 448 195 504 eperum
208 435 369 503 incorporeo
392 435 453 503 ipso
473 434 627 501 deponeret.
649 431 746 490 Creari
767 446 819 488 au·

79 522 207 579 renasci
223 523 275 578 boc
291 522 355 579 loco
375 523 538 579 Macrobius
552 523 673 580 abusive
691 522 818 592 protulit,

83 620 91 668 t
104 612 134 668 in
149 613 243 682 primo
263 612 337 668 libro
352 613 619 681 determinavimus,
638 627 705 668 cnm
719 612 821 669 rideli-

79 716 93 756 n
118 710 233 758 menten
258 702 349 771 ipsam
367 716 455 772 quarn
476 701 604 757 animam
626 703 718 772 ipsam
740 715 820 758 crea-

80 791 133 847 xit.
151 791 272 848 Mentem
289 791 407 860 quidem
426 805 462 847 ex
487 792 555 857 Deo,
579 791 632 846 boc
651 798 693 846 est
714 789 820 846 Filium

79 895 116 947 re,
134 889 162 935 et
175 880 303 936 animam
317 894 353 935 ex
369 888 474 947 mente,
498 880 550 935 boc
565 886 608 936 cst
622 880 762 950 Spiritum
783 892 821 934 ex

79 969 124 1024 nbi
145 976 174 1024 et
192 977 284 1024 utram
303 977 400 1024 natam
415 984 476 1025 esse
496 971 635 1036 insinuat,
661 982 727 1025 cum
748 966 820 1023 utri-

79 1065 160 1113 ttrem
184 1060 321 1127 assignat,
339 1058 427 1112 Deum
444 1057 563 1127 quidem
587 1057 684 1122 rbenti,
711 1063 739 1112 et
754 1069 820 1112 rur·

79 1157 181 1201 tentem
197 1147 287 1215 ipsam
311 1146 426 1203 animae.
442 1145 540 1202 Creari
557 1146 655 1215 itaque
668 1144 728 1200 sivo
741 1142 820 1199 nasci

79 1235 200 1305 :aliquo
215 1236 399 1306 intelligitur,
419 1244 452 1292 ut
469 1236 523 1292 tale
538 1236 576 1290 sit
593 1235 672 1306 quod
695 1234 746 1300 ait,
768 1233 821 1290 boc

79 1340 85 1379 t
109 1324 187 1380 nasci
213 1323 273 1379 sive
292 1325 394 1392 creari,
417 1323 501 1395 quasi
524 1323 690 1393 simpliciter
714 1322 821 1379 diceret

79 1460 81 1468 .
98 1413 145 1468 illo
160 1427 229 1469 esse.
244 1411 356 1468 Sufficit
380 1421 475 1469 autem
492 1412 661 1483 pbilosopbo
675 1411 712 1467 ad
727 1418 819 1468 osten·

79 1516 98 1558 n
114 1502 242 1557 animam
260 1502 350 1573 ipsam
367 1504 564 1572 tamexgl‘atre
583 1515 672 1572 piram
688 1515 725 1558 ex
736 1501 818 1570 Filio,

79 1604 148 1648 asse
160 1591 255 1647 solum
274 1591 403 1648 hocloco
423 1591 541 1659 Filium,
557 1592 628 1662 quia
644 1605 712 1648 cum
733 1590 823 1647 Filius

876 447 926 504 per
942 431 1095 489 intervalla
1108 439 1280 502 temporum,
1298 432 1415 489 animus
1433 432 1468 488 ad
1487 433 1616 489 maxima
1632 433 1717 505 spiri-

875 530 922 578 tus
942 535 1011 578 suos
1030 521 1126 578 fideles
1143 528 1319 591 promoveat,
1340 535 1393 576 nec
1409 535 1462 577 sua
1486 521 1572 578 simul
1591 521 1719 579 conlerat

875 610 961 666 dona.
982 611 1162 682 Degenerare
1176 610 1281 666 dicitur
1296 609 1394 665 anima
1416 610 1445 665 in
1466 610 1525 679 ipso
1544 624 1604 667 snae
1616 624 1717 681 opera-

876 697 963 755 tionis
977 699 1091 767 ellectu,
1112 713 1148 757 ex
1166 714 1224 771 qun
1240 699 1338 755 anima
1354 700 1429 755 dicta
1443 706 1495 767 est,
1517 712 1584 754 cum
1600 713 1657 754 non
1682 698 1719 755 sit

876 787 931 844 boc
945 796 1096 856 aternum,
1116 789 1164 845 sed
1182 789 1336 859 temporale
1351 790 1430 871 quod
1448 796 1595 858 operatur,
1612 788 1646 843 de
1660 801 1719 858 quc

875 877 906 933 ni
928 878 1023 946 lallor,
1049 877 1119 934 illud
1142 878 1225 934 lacile
1246 886 1289 935 est
1310 877 1431 946 absolvi,
1456 876 1533 948 quod
1558 877 1637 932 Plato
1657 875 1717 931 ani-

876 981 952 1023 mam
970 968 1073 1023 muudi
1089 968 1237 1038 incoepisse
1252 966 1387 1034 voluerit,
1410 981 1463 1022 neo
1476 974 1648 1023 coaeternam
1662 966 1720 1021 lieo

875 1063 903 1112 et
926 1056 1026 1112 menti.
1055 1056 1128 1111 Cum
1149 1057 1226 1112 enim
1256 1057 1395 1126 Spiritum
1429 1064 1562 1113 sanctum
1591 1055 1719 1110 animam

876 1145 968 1217 magis
994 1158 1083 1216 quam
1109 1145 1244 1216 spiritum
1266 1146 1462 1216 appellaverit,
1488 1145 1572 1216 quasi
1596 1144 1633 1199 ab
1656 1143 1720 1199 ani·

876 1234 991 1301 mando,
1020 1234 1073 1289 boc
1091 1241 1133 1290 est
1156 1234 1328 1290 vivificando
1352 1248 1404 1290 nos
1427 1234 1512 1290 donis
1536 1246 1597 1289 suae
1618 1232 1719 1304 gratias

875 1335 926 1391 per
950 1322 1126 1380 incrementa
1148 1324 1300 1391 virtutum,
1317 1337 1375 1379 non
1395 1336 1507 1393 semper
1527 1321 1575 1378 ille
1597 1322 1718 1392 spiritus

875 1411 973 1469 anima
995 1411 1061 1478 luit,
1081 1411 1109 1467 id
1131 1420 1175 1468 est
1195 1411 1358 1479 vivificans,
1386 1412 1467 1482 quia,
1496 1411 1566 1468 dum
1588 1412 1718 1468 nondum

874 1510 1014 1559 creaturae
1033 1508 1137 1569 essent,
1164 1502 1273 1572 quibus
1300 1501 1376 1558 dona
1401 1513 1455 1557 sua
1470 1501 1664 1569 distribuerat,
1690 1501 1721 1558 ln

875 1589 939 1646 illas
961 1590 1103 1647 bonorum
1127 1604 1247 1648 suornm
1271 1590 1503 1647 distributionem
1523 1604 1582 1647 non
1605 1604 1719 1648 exerce·

79 1695 99 1735 o
118 1680 200 1736 Patre
223 1680 267 1743 sit,
288 1688 316 1736 et
340 1680 463 1751 Spiritus
487 1681 557 1750 ipse,
581 1680 635 1736 boc
657 1687 699 1736 cst
722 1679 822 1735 anima
839 1669 859 1723 Β
877 1678 936 1736 bat.
960 1678 1041 1735 Sicut
1067 1692 1138 1750 ergo
1162 1679 1302 1748 Spiritum
1332 1686 1476 1746 sanctum,
1500 1678 1552 1750 qui
1575 1677 1605 1734 in
1626 1692 1656 1734 se
1679 1685 1721 1735 est

79 1782 89 1824 ι
111 1767 182 1824 Filio
204 1783 265 1824 esse
287 1770 462 1840 assignatur,
484 1770 574 1840 liquet
589 1768 714 1839 prolecto
729 1767 821 1839 ipsam

79 1871 95 1913 e
120 1871 157 1914 ex
191 1858 360 1922 pausasse,
384 1858 490 1915 scilicet
518 1858 596 1929 cuod
619 1865 647 1914 et
670 1857 732 1927 ipsa
758 1870 820 1913 eam

79 1947 164 2016 ipbns
183 1961 200 2001 a
226 1948 281 2002 Deo
304 1955 331 2004 et
352 1953 396 2000 Νῶ
410 1948 496 2018 juxta
519 1949 662 2017 sapientes
676 1945 822 2003 nominari

82 2035 220 2091 inductus
234 2036 346 2094 asserit.
369 2036 450 2100 Quod
470 2051 538 2093 vero
560 2037 601 2091 alt
623 2043 748 2091 mentem
762 2047 823 2090 esso

79 2124 206 2181 nuditate
222 2126 389 2196 majestatis,
406 2128 461 2182 tale
475 2133 517 2182 est
540 2139 574 2181 ac
594 2125 618 2180 sl
639 2125 754 2191 diceret,
773 2137 823 2179 sa-

79 2229 114 2270 tm
129 2229 166 2270 cx
181 2214 244 2284 ipsa
263 2216 470 2284 omnipotentia
491 2229 553 2272 esse
575 2222 683 2282 natam,
710 2213 824 2283 proprie

79 2317 104 2358 ιε
120 2304 253 2374 maiestas
277 2318 310 2360 ac
326 2305 489 2361 reverentia
512 2305 645 2374 potentiae
661 2301 764 2359 ascribi
779 2315 824 2358 so·

79 2391 122 2448 rod
138 2406 207 2448 vero
222 2392 302 2461 dicit,
324 2408 413 2462 mens,
431 2407 489 2463 qua
505 2394 617 2449 Patrem
638 2390 762 2461 inspicit,
783 2391 821 2446 si·

79 2480 170 2536 linem
189 2491 285 2538 serrat
307 2482 442 2548 auctoris,
464 2482 503 2538 ita
523 2481 632 2537 dictum
648 2488 729 2551 puto,
749 2480 822 2535 acsi

86 2568 162 2626 dicat
179 2570 282 2626 Filium
299 2571 392 2640 ipsum
408 2571 438 2626 in
459 2571 539 2626 omni
555 2585 585 2625 re
603 2570 631 2625 ln
648 2582 708 2639 qua
722 2566 824 2625 similis

79 2658 126 2726 tri,
148 2660 291 2730 aequalem
316 2661 434 2715 omnino
451 2659 491 2714 illi
505 2672 577 2715 esse.
598 2658 700 2715 Potens
716 2659 824 2728 quippe

79 2753 118 2803 :ut
132 2754 161 2804 et
183 2749 277 2815 Pater,
299 2757 327 2804 et
348 2749 526 2804 tantumdem
551 2757 652 2819 potens
678 2748 823 2803 bonusest

82 2842 93 2892 t
116 2846 197 2906 pater
218 2845 246 2894 et
267 2852 348 2908 aque
363 2839 465 2894 bonus.
491 2837 537 2893 Sic
561 2837 636 2894 etin
657 2837 777 2905 caeteris,
793 2835 824 2891 in

877 1767 995 1824 omnino
1022 1766 1154 1838 simplex,
1185 1767 1373 1838 multiplicem
1403 1774 1499 1823 tamen
1530 1765 1664 1833 dicimus,
1694 1773 1721 1823 ot

878 1863 985 1928 septem
1000 1857 1119 1928 spiritus
1134 1856 1326 1927 appellamus,
1348 1856 1509 1913 secundum
1527 1854 1720 1912 diversitatem

877 1946 1030 2015 donorum,
1052 1947 1091 2003 ita
1108 1953 1136 2003 ct
1155 1945 1343 2017 philosophus
1357 1946 1491 2002 eumdem
1515 1946 1567 2017 qui
1584 1945 1615 2001 in
1628 1958 1722 2000 essen-

877 2037 918 2092 tia
933 2036 1049 2106 propria
1063 2034 1237 2091 aeternaliter
1252 2035 1390 2103 subsistit,
1412 2035 1561 2105 incoepisse
1576 2037 1722 2105 quantum

878 2125 912 2180 ad
929 2123 1029 2182 allecta
1043 2112 1096 2180 sna
1108 2124 1210 2189 voluit,
1227 2137 1265 2181 ex
1284 2125 1473 2195 quibuscum
1488 2125 1615 2180 animam
1630 2123 1723 2194 magis

877 2228 968 2285 qnam
988 2213 1121 2284 spiritum
1144 2212 1308 2284 appellavit.
1337 2214 1462 2284 Spiritus
1483 2212 1591 2284 quippe
1616 2226 1720 2269 nornen

877 2310 920 2359 cst
939 2309 1061 2369 naturae,
1084 2301 1182 2358 anima
1201 2315 1268 2360 vero
1291 2301 1389 2368 olllcii,
1411 2302 1449 2359 ab
1470 2301 1627 2358 animando
1647 2300 1721 2357 scili·

878 2398 931 2447 cet.
958 2389 1036 2447 Sicut
1051 2404 1119 2461 ergo
1142 2389 1218 2461 ipsos
1245 2389 1373 2447 coelestes
1394 2390 1514 2461 spiritus
1528 2404 1640 2461 semper
1653 2390 1721 2461 qui·

879 2479 944 2536 dem
958 2479 1087 2550 spiritns,
1114 2480 1237 2536 sednon
1261 2493 1374 2550 semper
1395 2479 1513 2551 angelos
1530 2493 1591 2536 esse
1607 2478 1722 2549 profite-

878 2582 956 2637 mur,
974 2581 1007 2624 eo
1026 2567 1104 2639 quod
1119 2569 1240 2640 angelus
1265 2582 1370 2624 nornen
1393 2569 1430 2625 sit
1444 2568 1540 2636 olficli,
1557 2583 1615 2624 non
1641 2576 1725 2626 natu·

878 2671 925 2726 rae,
941 2664 969 2714 et
984 2656 1136 2713 bominum
1152 2664 1283 2714 nostrum
1297 2659 1394 2714 lesum
1405 2655 1552 2714 Christum
1562 2657 1723 2713 secundum

878 2745 1088 2803 humanitatom
1116 2745 1277 2816 incepisse,
1305 2747 1467 2803 secundum
1493 2759 1561 2803 vero
1585 2746 1723 2803 divinita·

879 2844 935 2893 tem
961 2842 1101 2892 aeternum
1130 2849 1191 2892 esse
1219 2835 1429 2905 predicamus:
1462 2833 1502 2891 ita
1530 2843 1559 2892 et
1583 2834 1722 2905 Spiritum

79 2924 186 2980 sbabot
201 2926 423 2982 similitudinem
437 2940 504 2982 cum
523 2926 620 2993 Patre,
635 2934 662 2983 et
677 2926 1012 2998 aquatile-esanctnm
1059 2926 1219 2981 secundnm
1263 2925 1455 2981 substantiam
1497 2925 1627 2981 essentiae
1663 2937 1724 2982 sua

79 3014 150 3082 abet,
168 3029 225 3070 non
239 3023 336 3071 autem
350 3015 380 3070 in
395 3015 530 3072 omnibus
539 3015 758 3073 similitudinem
774 3017 823 3072 ba·

878 3023 1031 3081 aeternnm,
1067 3013 1229 3070 secundum
1263 3012 1363 3070 allecta
1393 3027 1462 3071 rero
1500 3013 1650 3083 incoepisse
1683 3014 1726 3070 di-

79 3103 225 3175 tmlPatrc,
246 3118 312 3160 cum
334 3105 392 3173 ipse
414 3105 493 3160 solus
513 3105 549 3160 sit
573 3106 699 3177 genitus,
721 3115 749 3162 et
766 3106 825 3175 ipsa
878 3118 989 3169 camus,
1005 3105 1082 3174 quod
1104 3111 1147 3159 est
1167 3103 1261 3159 dicere
1281 3100 1382 3160 ellecta
1401 3103 1494 3173 potins
1517 3116 1608 3174 quam
1630 3105 1724 3172 ipsum

86 3189 124 3247 sit
147 3193 269 3262 genitor.
304 3192 385 3256 Quod
410 3194 529 3263 quidem
554 3196 589 3249 ad
612 3193 825 3250 distinctionem
878 3194 1095 3264 incepissem
1118 3194 1197 3250 bunc
1211 3193 1329 3264 quidem
1344 3192 1504 3264 philosophi
1524 3205 1640 3248 sensum
1664 3207 1725 3249 esse

79 3291 167 3335 arum
189 3280 300 3348 attinet,
327 3282 486 3338 secundum
510 3283 698 3352 proprietates
711 3296 823 3351 earum,
878 3283 1015 3352 arbitror,
1030 3283 1085 3340 snb
1105 3282 1153 3339 illo
1175 3282 1280 3339 animae
1295 3289 1371 3351 typo,
1388 3281 1467 3351 quod
1481 3294 1545 3337 earn
1561 3288 1724 3337 creaturam

78 3368 138 3424 lum
160 3382 212 3424 nos
227 3369 313 3424 etiam
328 3371 380 3441 qui
402 3370 496 3426 solum
514 3370 619 3427 Filium
641 3372 826 3427 incarnatum
877 3371 994 3439 essm-id
1011 3378 1052 3428 est
1066 3371 1216 3442 incoepisse
1237 3370 1378 3441 perbibet,
1398 3378 1426 3426 et
1441 3369 1524 3440 quasi
1540 3369 1725 3439 temporalem

79 3471 131 3526 tus,
170 3458 208 3514 ιιι
222 3459 277 3514 boc
302 3473 360 3514 uno
384 3459 455 3516 Filio
477 3461 621 3517 minorem
645 3461 739 3528 Patre,
767 3472 824 3515 non
878 3473 949 3526 esse,
965 3468 1183 3518 nonaeternam.
1204 3463 1294 3518 iuxta
1308 3459 1385 3531 quod
1404 3467 1432 3516 et
1446 3459 1609 3516 llacrobius
1622 3459 1728 3515 animas

79 3559 118 3602 sm
143 3547 280 3603 dicemus.
304 3553 373 3609 Νοῦς
399 3549 557 3619 posteriora
572 3548 733 3618 respiciens,
761 3548 825 3603 ani·
879 3550 934 3619 ipsi
949 3556 1008 3606 tam
1024 3550 1113 3606 licum
1130 3563 1220 3620 quarn
1235 3554 1305 3602 Νοῦν
1319 3548 1447 3619 prolerre
1471 3562 1529 3604 non
1545 3549 1724 3606 abhorreret.

79 3643 160 3702 creat,
186 3637 256 3708 quia
276 3636 399 3707 Spiritus
418 3646 536 3700 sanctus
559 3639 609 3708 qui
625 3652 662 3694 ex
687 3638 758 3694 Filio
771 3645 825 3704 est,
880 3637 968 3698 Vocet
992 3637 1091 3708 itaque
1112 3638 1192 3694 Plato
1220 3637 1358 3707 Spiritum
1379 3645 1511 3694 sanctum
1531 3639 1658 3694 animam
1682 3652 1727 3695 se·

79 3738 244 3796 uaecunque
263 3728 361 3781 anima
380 3727 417 3783 ab
442 3728 502 3796 ipso
529 3727 681 3783 conditore
704 3740 758 3783 suo
772 3727 825 3783 du·
879 3726 1009 3783 cundum
1024 3725 1158 3782 ellectum
1177 3740 1307 3796 operum.
1329 3727 1385 3783 Nos
1405 3740 1473 3783 vero
1494 3726 1625 3783 dicamus
1639 3726 1726 3797 Spiri-

79 3813 219 3878 rordium,
236 3815 289 3870 boc
307 3814 402 3884 ipsum
424 3816 502 3886 quod
527 3816 625 3871 anima
640 3823 691 3883 εει,
709 3816 762 3871 boc
784 3824 827 3872 est
880 3822 942 3872 tum
966 3814 1127 3871 secundum
1148 3815 1310 3871 naturalem
1333 3829 1394 3872 sum
1422 3815 1557 3873 bonitatis
1580 3815 1725 3883 allectum,

79 3908 215 3958 satarum
234 3917 332 3959 rernm
348 3917 385 3959 ex
401 3913 531 3974 respectu
547 3905 624 3976 quod
639 3904 730 3974 ipsius
744 3905 827 3960 Crea-
880 3918 968 3974 quem
988 3903 1029 3959 ita
1048 3904 1084 3959 ab
1107 3911 1213 3960 aeterno
1234 3902 1370 3961 babuerit
1389 3912 1420 3960 ut
1433 3917 1471 3960 ex
1488 3917 1572 3974 opere
1591 3917 1658 3959 eum
1676 3905 1728 3958 im-

79 3990 167 4058 tabet,
190 3992 242 4047 boc
264 4002 306 4049 est
324 4006 361 4049 ex
387 3993 525 4049 bertelirio
548 3994 655 4050 diviuae
678 3993 827 4063 sapientia

79 4079 284 4150 tdisponentis,
310 4091 341 4138 ut
357 4083 386 4138 in
402 4083 463 4153 ipso
479 4083 677 4152 respectabat
693 4082 827 4139 divinum

79 4175 158 4240 ratur
169 4170 350 4227 beneficium.

79 4270 118 4313 na
140 4259 247 4328 quippe
268 4261 304 4314 ab
319 4259 487 4328 animando,
510 4261 564 4316 boc
587 4258 824 4330 estvirillcandc,

79 4354 137 4404 est.
166 4348 433 4420 Spiritusaquidem
461 4357 589 4415 sanctus,
615 4359 647 4407 ut
674 4349 704 4404 in
732 4351 826 4420 primo

79 4436 271 4504 distinximus,
294 4441 378 4508 quasi
395 4440 493 4495 anima
506 4447 558 4507 est,
579 4440 633 4496 boc
651 4447 693 4495 est
714 4439 825 4495 anima·

79 4533 246 4593 nostrarum,
275 4534 303 4582 et
327 4535 431 4584 nostrae
455 4528 560 4583 animas
582 4529 667 4599 quasi
692 4528 826 4599 quadam

79 4628 177 4684 rrpora
191 4624 269 4680 sunt,
287 4617 399 4687 abipso
420 4616 528 4673 scilicet
542 4617 625 4673 donis
643 4632 703 4674 suae
727 4618 828 4688 gratiae

79 4714 120 4760 ta.
142 4703 221 4768 Quas
244 4719 347 4761 rursus
366 4705 520 4761 animalem
547 4706 636 4762 vitam
662 4705 744 4762 nobis
768 4720 827 4762 cer·

79 4800 103 4848 st
126 4793 273 4862 impertire
294 4794 406 4850 Patrem
431 4808 529 4862 suum,
554 4795 581 4850 id
605 4804 647 4851 est
665 4799 734 4847 Νοῦν
757 4794 827 4852 dicit

81 4895 107 4936 m
125 4881 206 4938 indui
223 4883 254 4939 in
269 4896 303 4938 ea
326 4896 381 4939 sua
400 4897 460 4954 qua
483 4885 623 4952 intuetur,
645 4885 698 4940 boc
719 4890 762 4939 est
781 4897 827 4938 ra·

79 4970 179 5038 utitur,
204 4971 275 5042 quia
299 4987 335 5028 ex
352 4974 463 5029 ratione
489 4987 577 5043 quam
603 4973 709 5029 babent
733 4972 825 5028 maxi-

79 5058 289 5117 timilitudinem
304 5076 371 5117 cum
388 5063 488 5118 divina
504 5062 642 5131 sapientia
657 5069 744 5130 tenet,
760 5075 827 5118 curn

79 5148 206 5205 maxime
235 5150 272 5206 sit
304 5152 474 5207 ascribenda
498 5151 657 5221 sapientiae,
684 5151 827 5224 paulatim

92 5236 265 5308 incorpora
288 5240 412 5310 respicit,
433 5241 503 5311 quia
527 5241 563 5295 ad
585 5241 827 5310 comparationem

79 5324 168 5381 rdinis
185 5325 263 5383 illius
282 5328 390 5384 summi
410 5328 487 5397 boni,
509 5328 654 5385 modicum
677 5337 719 5386 est
742 5329 827 5402 quid

81 5411 234 5483 babemus,
258 5425 487 5488 quantacunque
519 5417 595 5473 dona
620 5417 764 5475 virtutum
791 5417 829 5476 ab

80 5505 254 5575 usmpimm.
283 5505 439 5564 Possumus
462 5506 551 5563 etiam
574 5506 606 5562 in
630 5520 663 5564 eo
686 5505 888 5576 paulatim

882 3993 970 4063 pleret
985 3991 1102 4063 quando
1124 4006 1190 4048 eum
1214 3992 1393 4062 implendum
1414 4007 1474 4049 esse
1489 3992 1623 4062 providit.
1647 3992 1728 4054 Dicat

880 4083 928 4138 ille
942 4081 1069 4138 animam
1091 4082 1242 4153 incoepisse
1263 4082 1423 4139 secundum
1452 4081 1563 4151 allecta,
1589 4095 1641 4137 nos
1660 4095 1728 4138 vero

880 4171 1017 4243 spiritum
1040 4171 1069 4226 in
1089 4169 1195 4227 affectu
1212 4185 1273 4228 suaa
1289 4171 1425 4228 bonitatis
1444 4171 1619 4228 eternaliter
1635 4184 1731 4241 perse·

881 4275 993 4319 vorare.
1015 4260 1096 4317 Dicat
1119 4260 1166 4317 ille
1190 4261 1319 4317 animam
1338 4259 1497 4331 incepisse,
1525 4274 1578 4317 nos
1591 4260 1728 4331 spiritum

881 4350 998 4408 omnino
1021 4356 1161 4407 aeternmn
1181 4363 1252 4406 esse.
1277 4349 1317 4406 Sit
1332 4349 1472 4420 processio
1489 4349 1607 4419 spiritus
1621 4364 1729 4406 secun-

881 4441 951 4496 dum
965 4436 1099 4496 adactum
1124 4445 1243 4505 aeterna,
1269 4439 1339 4509 quia
1367 4439 1474 4495 scilicet
1496 4438 1533 4495 ab
1555 4446 1663 4497 aeterno
1687 4438 1728 4495 sic

880 4528 983 4586 voluit.
999 4527 1041 4585 Sit
1057 4528 1198 4598 processio
1215 4527 1320 4584 animae
1332 4529 1491 4585 secundum
1504 4527 1638 4586 ellectum
1654 4536 1729 4585 tem-

883 4617 1019 4687 poralem,
1043 4624 1200 4688 utramque
1223 4618 1342 4687 spiritus
1363 4619 1583 4687 processionem,
1604 4627 1662 4674 tam
1681 4630 1729 4673 se-

881 4705 1011 4764 cundnm
1041 4705 1199 4763 cllicaciam
1221 4706 1339 4774 scilicet,
1369 4719 1458 4776 qnam
1482 4707 1643 4763 secundum
1661 4704 1728 4763 elic-

882 4804 943 4852 tum
970 4809 988 4851 a
1015 4795 1122 4852 sanctis
1150 4793 1285 4852 Patribus
1310 4795 1475 4852 distinctam
1503 4809 1564 4852 esse
1592 4795 1729 4867 cognovi·

881 4897 957 4940 mus.
989 4884 1028 4940 De
1064 4887 1243 4954 processione
1283 4885 1402 4956 quidem
1431 4884 1566 4942 eldoaciae
1599 4885 1675 4940 Beda
1700 4884 1730 4941 ln

882 4973 1002 5029 bomilia
1033 4974 1189 5030 dominicae
1218 4974 1319 5044 primae
1349 4982 1412 5045 post
1442 4975 1653 5043 llscensionem,
1690 4974 1731 5032 ita

882 5060 1035 5133 loquitur:
1050 5063 1117 5119 Gom
1139 5064 1254 5131 spiritns
1269 5065 1361 5131 prolia
1375 5063 1461 5119 datur
1474 5064 1637 5131 horninibus,
1664 5079 1730 5134 pro-

882 5154 951 5220 fecto
971 5151 1092 5220 Spiritus
1116 5152 1238 5206 mittitur
1259 5168 1277 5206 o
1296 5153 1388 5219 Putre,
1409 5155 1531 5207 mittitur
1549 5157 1575 5208 et
1596 5169 1614 5208 o
1636 5154 1729 5208 Filio:

878 5240 1003 5311 procedit
1027 5256 1044 5294 a
1072 5241 1161 5307 Patre,
1189 5239 1314 5310 procedit
1340 5245 1366 5295 et
1388 5256 1406 5296 o
1427 5243 1509 5309 Filio,
1529 5245 1596 5313 puio
1619 5248 1644 5297 ει
1670 5242 1730 5312 ejus

881 5331 974 5385 missio
997 5331 1061 5399 ipso
1081 5331 1218 5400 processio
1246 5335 1297 5400 est,
1327 5332 1441 5437 priora
1463 5333 1544 5386 Putre
1566 5333 1689 5402 procedit
1705 5339 1731 5389 et

884 5420 960 5474 Filio.

917 5508 981 5578 lpse
1011 5514 1107 5565 autem
1135 5509 1317 5582 Augustinus
1351 5517 1511 5582 utrumque
1540 5512 1730 5583 processionis
