3804 5962
492 218 689 277 indoleam
711 217 933 277 cflhtsrmrta.
947 247 981 261 -
1000 218 1065 275 titt.
1086 219 1121 274 ll.
1612 217 1679 271 itte

80 345 158 405 rium
173 357 268 402 unum
283 344 320 401 ad
338 340 513 412 naturalem,
529 341 653 401 alterum
678 344 713 401 ad
729 357 775 402 ra·
791 344 816 399 A
831 337 909 406 cata,
930 348 962 398 ut
976 354 1037 397 moa
1049 346 1101 409 est,
1123 337 1153 394 in
1170 336 1314 395 auxilium
1326 335 1494 393 Divinitate.
1511 356 1525 385 »
1536 338 1651 394 Τιιιιι
1669 354 1677 393 t

102 434 220 492 tertium
241 432 278 489 ad
301 431 440 490 moralem
459 431 599 490 intellexit
625 433 694 503 (30),
712 446 779 503 per·
836 452 848 483 ι
869 429 1045 503 Veranio
1066 428 1208 498 Socrates3
1225 441 1293 483 nam
1312 440 1379 483 cum
1399 424 1536 482 omnihus
1551 440 1612 482 mos
1629 426 1678 496 sit,

85 522 163 580 enim
182 523 268 580 hemo
284 522 322 578 ita
337 529 379 578 ιιι
399 529 524 588 ιιιιιιι,
539 529 572 579 ιι
592 521 684 592 perid
700 521 779 593 quod
832 528 860 578 et
873 520 1007 592 quaedam
1028 517 1111 589 quasi
1136 517 1245 588 religio,
1262 514 1340 587 quod
1364 513 1399 570 de
1413 514 1550 570 maximis
1575 516 1622 572 vel
1644 516 1679 572 de

79 611 183 680 euellit,
201 611 325 681 attingat
339 610 376 667 ad
393 609 465 667 illud
486 610 565 682 quod
584 619 690 667 cuncta
705 625 778 682 prae·
832 609 960 665 minimis
987 609 1075 666 rebus
1101 605 1194 662 acturi
1215 604 1336 675 aliquid,
1364 610 1433 659 sunt
1459 603 1609 673 praedicari
1641 605 1677 676 [ι.

96 706 139 757 eet
154 714 258 766 unum,
282 712 396 767 verum,
420 697 565 769 optimum
589 699 692 769 Deum,
717 699 778 756 siue
833 697 1029 768 praedicaturi]
1051 696 1088 753 ad
1102 694 1247 752 auxilium
1272 692 1468 759 divinitatem,
1493 701 1678 764 quantenus

78 788 105 844 la
121 795 228 845 natura
242 785 382 854 subsistit,
399 786 481 843 nulla
495 794 628 844 creatura
648 786 777 854 instruit,
832 787 956 859 aequius,
995 787 1046 858 qui
1076 783 1273 842 universitatis
1301 790 1414 838 naturae
1446 782 1678 861 substantiaque

79 890 118 934 us
139 877 263 946 expetit:
288 875 348 946 ipse
370 883 531 945 queratur,
557 876 609 933 uhi
630 875 713 932 nohis
734 890 778 932 se·
833 876 973 933 rationem
986 874 1143 946 praestituri
1160 887 1272 939 sumus,
1289 873 1425 929 invocare
1440 871 1569 937 divinam
1584 886 1680 942 opem,

79 973 97 1023 ιι
122 963 316 1036 emnia31ipse
343 972 488 1032 cernatur,
517 964 567 1021 ubi
593 964 674 1022 nohis
702 972 779 1022 certa
834 965 890 1022 nisi
909 965 993 1036 plane
1017 978 1093 1020 saevo
1117 962 1244 1033 quodam
1266 960 1365 1023 lurore
1390 968 1478 1032 atque
1505 960 1681 1031 implacabili

78 1053 135 1123 uia,
163 1055 223 1124 ipse
247 1053 397 1124 diligatur,
424 1053 476 1109 ubi
502 1053 584 1110 uehis
607 1062 689 1110 recta
712 1063 780 1111 suut
834 1063 984 1125 raptemur
998 1051 1143 1109 amentia?
1166 1050 1207 1108 Sit
1221 1064 1289 1123 ergo
1309 1050 1379 1106 meis
1399 1049 1532 1120 precihus
1551 1063 1680 1120 compre·
1769 1096 1778 1109 .

79 1143 93 1200 ti
107 1157 176 1215 ergo
193 1141 272 1199 Plato
287 1142 338 1198 Dei
364 1142 452 1213 thus
469 1135 655 1211 imitatorem,
678 1144 778 1215 cogni·
834 1143 968 1213 hemum,
994 1142 1119 1198 manime
1143 1139 1260 1212 quidem
1286 1145 1320 1196 ut
1345 1153 1379 1195 ea
1402 1139 1538 1197 dicautur
1559 1152 1577 1194 a
1598 1139 1682 1197 nohis

79 1240 222 1299 notorem,
238 1230 313 1287 dixit
328 1245 388 1288 esse
403 1230 572 1300 sapientem,
589 1230 675 1301 cujus
691 1233 779 1302 parti·
834 1248 901 1305 quae
917 1232 1048 1304 placeant
1064 1232 1130 1298 Deo,
1157 1237 1219 1287 tum
1235 1237 1268 1287 ut
1290 1229 1374 1286 nohis
1389 1243 1506 1300 quoque
1525 1228 1595 1299 ipsis
1609 1243 1682 1284 con-

100 1320 132 1376 dt
152 1320 263 1389 heatus,
289 1319 361 1389 quid
386 1333 457 1389 opus
481 1326 523 1375 est
544 1326 680 1377 excutere
694 1328 780 1378 caete-
833 1329 986 1394 sequenter
1003 1312 1204 1392 propositoque
1218 1319 1299 1392 operi
1313 1318 1447 1374 decenter
1462 1317 1652 1389 proleramus.
1666 1338 1681 1368 ι

79 1423 148 1466 em:
166 1430 181 1459 ιι
205 1408 347 1467 Viderunt
369 1421 441 1479 ergo
456 1407 502 1464 isti
520 1407 692 1479 philosophi,
707 1424 781 1480 quos
834 1411 903 1480 Quis
929 1413 1014 1468 etiam
1030 1409 1109 1466 illam
1142 1408 1312 1480 Pythagorae
1331 1422 1388 1464 ιιι
1417 1407 1487 1464 satis
1517 1407 1682 1464 admiretur

79 1513 115 1556 un
141 1498 283 1555 immerito
306 1498 383 1554 lama
398 1505 485 1568 atque
500 1497 594 1568 gratia
616 1496 683 1569 (31),
705 1511 780 1568 prae-
834 1496 1039 1566 humilitatem,
1056 1495 1148 1566 quise
1164 1508 1243 1551 mere
1255 1495 1444 1564 antiquorum
1461 1507 1518 1550 nou
1533 1492 1682 1549 sustinue-

79 1602 163 1657 imus,
188 1586 304 1644 nullum
325 1600 433 1656 corpus
455 1599 516 1641 esse
540 1587 649 1652 Deum;
675 1593 703 1641 ιι
718 1584 780 1641 ideo
796 1628 820 1688 B
837 1588 873 1644 rit
885 1585 1022 1657 appellari
1037 1585 1171 1655 sophum,
1188 1584 1242 1640 hoc
1266 1591 1308 1639 est
1329 1584 1498 1654 sapientem,
1519 1582 1568 1638 sed
1587 1582 1682 1654 magia

79 1690 189 1748 orpora
217 1675 458 1733 transcendemnt
495 1683 656 1745 querentes
688 1675 781 1731 Deum

87 1765 232 1838 quidquid
255 1762 395 1820 mutabile
418 1770 461 1819 est
475 1777 533 1819 neu
556 1776 617 1819 esse
632 1776 780 1820 summum

79 1853 154 1910 ideo
169 1852 299 1908 animam
316 1865 431 1909 omnem
454 1849 667 1921 mutabilesque
682 1865 781 1908 omnes

79 1941 780 2011 rauseenderunt,quaerentessummumlleum.a

79 2029 266 2102 philosophis:
283 2050 297 2079 ι
318 2028 353 2085 lli
367 2042 446 2097 vero,
469 2043 542 2100 quos
556 2029 657 2086 merito
671 2029 783 2086 ceteris

79 2133 147 2187 uus,
172 2118 370 2175 discreverunt
393 2130 427 2174 ea
455 2132 520 2188 quae
549 2125 643 2174 mente
666 2118 780 2189 censpi-

84 2208 122 2265 ιι
141 2206 187 2264 hia
207 2222 273 2278 quae
292 2206 425 2263 sensibus
439 2207 632 2278 attinguntur,
649 2220 701 2263 uec
715 2221 782 2264 sen·

79 2297 197 2354 inientes
212 2295 291 2367 quod
315 2302 446 2366 possunt,
461 2309 513 2352 nec
527 2296 568 2352 eis
591 2296 692 2353 dantes
706 2296 783 2353 ultra

79 2392 185 2442 assunt.
211 2386 321 2440 Lumen
336 2392 432 2441 autem
456 2383 596 2440 mentium
620 2398 681 2442 esse
701 2384 782 2443 dixe·

79 2473 294 2531 discernenda
322 2473 379 2544 (32)
411 2473 518 2540 omnia,
551 2473 653 2538 Deum,
679 2488 697 2530 a
725 2490 783 2545 quo

79 2572 99 2621 ιι
112 2564 218 2620 omnia.
244 2561 369 2632 Reliqua
390 2568 433 2618 est
454 2574 522 2632 pars
543 2561 669 2632 moralis,
694 2576 784 2634 qnam

79 2651 198 2710 ucahulo
218 2651 321 2708 dicunt
348 2651 483 2719 ethicam,
506 2650 558 2707 uhi
581 2651 726 2722 quaeritur
749 2650 784 2707 de

838 1675 1052 1748 philosophum,
1064 1675 1128 1744 lhoc
1154 1680 1195 1729 est
1221 1680 1378 1728 amatorem
1408 1670 1567 1741 sapientie,
1597 1669 1682 1742 quasi

837 1778 896 1821 nou
924 1764 954 1820 iu
979 1762 1106 1830 homine,
1129 1761 1230 1818 sedin
1255 1759 1313 1817 solo
1338 1762 1395 1817 Deo
1421 1774 1487 1817 vere
1510 1759 1682 1829 sapientiam

837 1851 889 1906 Dei
906 1851 1083 1921 praedicaret,
1106 1849 1191 1922 ouius
1206 1864 1235 1906 se
1251 1848 1469 1921 participatione
1487 1847 1613 1905 desidem
1628 1861 1681 1919 po·

838 1939 895 1996 tius
913 1953 1003 2011 quam
1018 1939 1143 1997 hahilem
1163 1937 1368 2010 profiteretur?
1385 1939 1456 1994 llinc
1471 1945 1513 1995 est
1538 1936 1610 1994 illud
1624 1941 1681 1993 Αι·

838 2028 948 2100 gustini
963 2028 994 2085 in
1018 2043 1069 2085 viu
1092 2030 1261 2084 decivitate
1283 2029 1351 2083 Dei:
1376 2048 1391 2077 «
1416 2027 1479 2084 Duo
1502 2025 1683 2098 philosopho·

838 2130 904 2175 rum
926 2131 1033 2190 genera
1056 2119 1226 2188 traduntur;
1251 2130 1345 2172 uuum
1375 2116 1508 2172 Italicum
1541 2130 1578 2172 ex
1603 2121 1683 2186 parte

838 2206 938 2273 ltaliae,
954 2221 1019 2278 ιιι
1035 2207 1181 2278 quondam
1194 2220 1301 2279 magna
1316 2205 1425 2263 Gracia
1440 2211 1609 2275 nuncupata
1621 2211 1680 2271 est;
1726 2257 1733 2266 .

839 2293 962 2352 alterum
978 2294 1121 2362 lonicum,
1142 2296 1173 2351 in
1196 2294 1236 2351 eis
1256 2295 1349 2363 terris,
1374 2293 1424 2350 uhi
1437 2300 1464 2350 et
1479 2307 1559 2350 nunc
1573 2292 1684 2349 Graecia

838 2383 1015 2441 nominatur.
1037 2383 1168 2440 italicum
1188 2398 1280 2456 genus
1295 2390 1440 2440 auctorem
1456 2383 1559 2440 habuit
1575 2381 1684 2452 Pytha-

839 2487 939 2545 goram
962 2474 1101 2541 Samium‚
1126 2488 1143 2529 a
1160 2489 1218 2545 quo
1233 2482 1261 2530 et
1275 2474 1367 2530 lertur
1386 2472 1481 2544 ipsum
1498 2470 1684 2543 philosophiae

840 2575 945 2618 nomen
959 2572 1104 2619 exortum.
1120 2563 1194 2620 Nam
1209 2577 1276 2620 cum
1290 2570 1375 2619 antea
1389 2563 1532 2633 sapientes
1558 2559 1685 2631 appella·

840 2659 952 2721 rentur,
969 2651 1021 2722 qui
1037 2650 1119 2707 modo
1136 2651 1261 2721 quodam
1277 2649 1432 2708 laudabilis
1446 2651 1514 2707 vitae
1529 2649 1593 2706 aliis
1608 2663 1676 2719 prae·

79 2738 163 2808 hono,
194 2752 254 2809 quo
273 2737 428 2794 relerentes
455 2737 552 2794 omnia
577 2751 642 2808 quae
657 2736 782 2809 agimus,
839 2746 915 2796 stare
941 2739 1124 2809 videbantur,
1151 2740 1203 2796 iste
1222 2741 1415 2811 interrogatus
1437 2737 1511 2810 quid
1538 2737 1682 2809 prolitare-

79 2833 253 2897 eapropter
282 2825 361 2882 aliud
392 2834 507 2897 propter
539 2826 667 2895 seipsum
700 2839 785 2896 appe·
841 2835 898 2898 tur,
924 2826 1126 2900 philosophum
1149 2843 1180 2885 se
1202 2842 1262 2885 esse
1281 2828 1436 2899 respondit,
1462 2828 1490 2883 id
1515 2827 1682 2885 esistudio·

79 2915 154 2987 dque
178 2914 380 2986 adipiscentes,
405 2914 479 2971 nihil
507 2929 566 2986 quo
594 2913 785 2972 beatisimae
839 2933 906 2975 sum
930 2917 975 2975 vel
998 2925 1156 2973 amatorem
1186 2918 1353 2989 sapientia:
1381 2917 1500 2988 quaudo
1523 2916 1683 2986 sapientem

79 3003 276 3077 requiramus,
292 3003 353 3060 ideo
373 3003 482 3075 quippe
498 3011 526 3061 et
540 3003 607 3060 duis
620 3011 662 3061 est
677 3003 781 3069 dictus,
801 3028 824 3085 ρ
841 3006 1257 3078 proliteriarrcgantissimum,
1270 3005 1432 3063 videbatur.
1448 3027 1462 3056 ι
1476 3004 1683 3076 lluicproiecto

79 3098 150 3164 apter
174 3091 254 3148 hunc
280 3099 382 3147 caetera
401 3091 548 3161 volumus,
572 3091 668 3163 ipsum
688 3099 786 3150 autem
840 3095 959 3152 minime
983 3098 1143 3153 necessario
1166 3095 1321 3154 videbatur
1353 3095 1401 3151 illa
1424 3094 1559 3153 Veritatis
1587 3093 1685 3150 admo-

79 3183 180 3252 iropter
195 3181 300 3251 ipsum.
316 3201 327 3230 »
346 3181 433 3236 item:
450 3202 464 3231 «
480 3180 565 3238 Nunc
579 3181 648 3238 satis
662 3195 784 3239 comme·
840 3185 912 3243 nitio
924 3201 931 3240 :
944 3187 985 3243 Νι
1003 3187 1134 3241 υιιιιιιιι·
1149 3187 1285 3254 magistri,
1306 3200 1377 3240 onus
1397 3188 1438 3240 ιιι
1460 3186 1532 3239 enim
1548 3185 1684 3252 magister

79 3269 212 3328 ’latonam
227 3269 431 3327 determinasse
446 3269 532 3327 finem
546 3270 615 3327 honi
635 3284 695 3327 esse
717 3284 786 3342 pro·
840 3279 926 3329 vester
952 3278 1000 3344 qai
1019 3276 1051 3329 ιι
1071 3276 1143 3330 celis
1167 3280 1206 3330 ιιι
1231 3274 1338 3346 (llotth.
1364 3288 1445 3340 xxiii,
1474 3271 1514 3340 ιι)
1540 3272 1605 3342 (33).
1631 3270 1683 3329 lli·

79 3367 152 3416 utem
174 3358 282 3425 virere,
304 3366 331 3414 ιι
350 3358 377 3414 ιι
401 3358 453 3414 soli
477 3360 602 3427 evenire,
629 3373 710 3430 posse
735 3359 785 3431 qui
840 3377 896 3419 nus
914 3363 1022 3435 quippe
1036 3365 1061 3420 ei
1076 3368 1149 3421 esset
1163 3365 1300 3436 sapientis
1322 3378 1426 3422 nomeu
1445 3377 1534 3435 quam
1550 3359 1684 3432 magistri

81 3445 138 3517 ,Ilei
153 3445 258 3503 haheat
279 3453 307 3503 ιι
325 3446 516 3504 mutationem
541 3460 594 3503 uec
616 3461 676 3504 esse
699 3447 786 3505 aliam
840 3450 895 3507 sihi
911 3465 1056 3524 arrogare.

79 3549 112 3592 ,ιι
133 3534 259 3600 beatum,
287 3534 409 3611 ideoque
434 3549 494 3592 ιιι
517 3534 630 3592 ιιιιιιι
653 3537 707 3593 ιιι
725 3551 786 3594 ιιιι
875 3539 1009 3597 Notauda
1031 3549 1100 3597 sunt
1127 3542 1188 3611 ipsa
1202 3540 1359 3612 Augustini
1382 3539 1483 3609 verba,
1505 3539 1614 3611 quibus
1639 3552 1685 3594 so·

79 3621 136 3680 nari
150 3636 248 3680 aurare
263 3623 365 3680 Deum.
383 3623 464 3680 Unde
479 3623 620 3696 colligunt
635 3632 705 3681 tunc
726 3626 786 3682 lore
840 3629 930 3699 phum
952 3629 1013 3685 sive
1036 3629 1238 3700 philosophum
1265 3629 1354 3686 solere
1380 3627 1519 3699 appellari
1542 3628 1620 3698 dicit,
1648 3641 1685 3684 ex

79 3711 236 3770 studiosum
259 3711 416 3782 sapientiae,
449 3711 477 3767 id
504 3719 546 3768 est
569 3712 785 3784 philosophum,
840 3717 926 3774 laude
944 3718 1011 3774 vite
1032 3720 1229 3790 potiusquam
1244 3717 1379 3774 scientiae.
1397 3717 1568 3772 sicutenim
1595 3729 1685 3781 nunc,

79 3799 164 3859 »ιιι
191 3801 317 3871 coeperit.
353 3800 490 3872 Quisquis
517 3814 586 3873 ergo
618 3800 726 3859 iruitur
752 3816 786 3859 eo
840 3806 1197 3877 ait‚quim0doquodam
1224 3805 1368 3862 laudahlis
1390 3804 1686 3875 vitealiispraestare

79 3898 128 3958 ιιι,
143 3904 246 3947 verum
264 3896 291 3946 et
306 3904 454 3948 summum
478 3891 589 3948 honum
613 3899 701 3960 amat,
718 3891 785 3964 quis
840 3894 1025 3952 videbantur.
1052 3894 1131 3952 Unde
1147 3902 1175 3951 et
1199 3895 1314 3951 Boetius
1334 3895 1363 3950 in
1389 3893 1513 3950 editione
1539 3896 1567 3947 ll
1598 3905 1686 3975 snper

79 3987 136 4036 tum
150 3979 205 4036 uisi
221 3979 398 4036 miserrimus
413 3981 518 4052 negati
841 3983 1034 4054 Porphyrium
1058 3983 1266 4054 philosophiam
1290 3982 1453 4040 describens
1476 3981 1565 4039 dicit:
1587 4003 1601 4032 ιι
1619 3980 1685 4037 Phi-

78 4082 186 4139 tuoquo
214 4068 341 4124 Platonis
364 4067 539 4125 documento
566 4066 721 4124 didicimus
749 4081 785 4123 ex
830 4073 969 4142 ‘losophia
987 4075 1030 4129 est
1049 4086 1149 4129 rerum
1171 4073 1368 4129 humanarum
1389 4071 1617 4140 divinarumque
1640 4083 1686 4125 oo·

79 4157 218 4229 losephiai
231 4156 343 4226 studiis,
360 4166 387 4214 ιι
402 4157 623 4230 investigatione
639 4156 785 4214 rationum
841 4162 932 4234 gnitio
946 4176 1014 4219 cum
1028 4162 1122 4218 studio
1138 4162 1209 4218 bene
1230 4161 1346 4218 vivendi
1361 4161 1525 4231 conjuncta.
1549 4177 1563 4211 ι
1580 4158 1616 4214 Et
1629 4156 1686 4213 lsi-

79 4248 199 4320 osophos
223 4256 254 4305 ιι
269 4250 327 4305 Deo
347 4248 478 4319 placeant
501 4248 661 4305 intendere.
683 4252 708 4304 h
726 4262 784 4320 quo
800 4259 822 4312 ι)
839 4252 928 4308 dorus
942 4250 1190 4322 Etymelogiarum
1214 4251 1278 4307 lihri
1304 4265 1352 4305 vm
1379 4249 1472 4320 capite
1494 4251 1533 4304 ιι
1562 4247 1651 4315 «Est,
1670 4264 1684 4294 a

82 4337 230 4408 premissa
257 4351 341 4407 prece
371 4338 400 4392 in
423 4336 603 4408 quibuslibet
625 4337 787 4394 rationibus
841 4340 975 4411 iuquit«
992 4339 1179 4410 philosophus
1193 4339 1245 4411 qui
1260 4339 1426 4396 divinarum
1445 4345 1473 4394 et
1487 4337 1685 4393 humanarum

82 4433 138 4484 tem
164 4427 310 4497 percipere
329 4440 363 4483 ιι
389 4425 528 4482 disserere
551 4435 675 4497 possent,
699 4435 787 4498 atque
841 4443 939 4487 rerum
954 4427 1102 4486 scientiam
1117 4429 1213 4496 habet,
1229 4436 1257 4484 et
1271 4442 1384 4485 omnem
1408 4427 1479 4483 hena
1493 4425 1609 4483 vivendi
1630 4432 1687 4481 tra·

80 4529 108 4572 m
127 4514 182 4585 ipsi
202 4515 313 4585 placere
333 4514 454 4584 supplici
473 4514 670 4572 obsecratione
686 4523 787 4585 postu·
840 4519 938 4575 mitem
953 4525 1038 4576 tenet.
1055 4539 1066 4568 ι
1084 4518 1146 4576 Nou
1159 4517 1257 4588 itaque
1271 4525 1322 4574 aut
1336 4517 1444 4586 sophus
1461 4515 1489 4571 id
1504 4523 1546 4572 est
1559 4513 1684 4585 sapiens,

86 4604 116 4661 iu
146 4611 258 4661 tantum
278 4610 311 4660 ut
338 4617 386 4660 eos
412 4617 512 4659 omnes
537 4617 589 4673 pro
615 4603 730 4661 luriosis
760 4607 788 4660 et
840 4614 891 4664 aut
907 4606 1272 4678 philosophusdiochatur,
1296 4620 1333 4661 ex
1348 4612 1577 4676 quantacunque
1596 4601 1687 4658 scien-

78 4693 124 4750 dia
147 4693 297 4758 haberent,
322 4691 373 4764 qui
407 4691 542 4748 omnihus
568 4699 643 4748 recte
668 4692 788 4764 agendis
840 4697 891 4763 tia,
906 4695 930 4752 si
954 4696 1062 4753 deesset
1076 4697 1144 4753 vitae
1158 4695 1312 4752 munditia.
1330 4693 1416 4750 Aliud
1432 4693 1537 4764 quippe
1550 4698 1593 4748 est
1606 4698 1687 4747 astu·

83 4796 143 4839 non
167 4783 302 4839 invocent
317 4795 409 4852 opem.
432 4781 478 4836 Ex
500 4795 559 4852 quo
585 4781 744 4852 plurimum
758 4790 787 4839 ιι
840 4783 880 4841 tia
895 4784 955 4841 sive
978 4784 1119 4842 calliditas
1135 4785 1163 4841 in
1183 4783 1243 4841 sola
1265 4782 1427 4854 cognitione
1441 4780 1577 4848 scientiae,
1606 4778 1686 4837 aliud

79 4871 173 4930 alentio
189 4870 442 4939 manilestatur,et
464 4870 614 4927 humilitas
641 4884 786 4927 commen·
839 4873 979 4943 sapientia
1003 4874 1033 4930 iu
1057 4873 1231 4930 rectitudine
1246 4872 1333 4928 etiarn
1352 4870 1430 4927 vitae.
1452 4869 1543 4936 Quam
1566 4867 1685 4940 quidem

79 4975 117 5018 ιιι
131 4968 159 5017 ιι
174 4969 292 5032 propter
307 4961 399 5016 Deum
415 4960 514 5017 omnia
527 4966 602 5015 recte
621 4960 669 5031 agi
684 4959 785 5026 velint,
839 4963 1009 5033 sapientiam
1033 4961 1144 5018 Tullius
1159 4962 1189 5017 in
1205 4960 1357 5019 Rhetorica
1376 4958 1546 5029 eloquentiae
1561 4957 1687 5028 coujun-

79 5049 103 5106 ιι
116 5049 297 5120 suppleatur,
313 5057 341 5105 ιι
362 5049 389 5105 ιι
405 5049 502 5105 omnia
524 5048 655 5105 tribuant
677 5048 786 5105 honae
839 5052 962 5124 gendam
991 5049 1069 5117 dicit,
1099 5056 1132 5107 ιι
1166 5051 1298 5121 prodesse
1330 5047 1497 5105 civitatibus
1521 5044 1687 5116 eloquentia

79 5136 159 5193 ulam
181 5137 328 5194 universa.
346 5136 419 5194 ilinc
433 5144 476 5193 est
491 5137 563 5194 illud
583 5136 719 5205 Platonis,
734 5136 785 5194 uhi
840 5139 918 5207 velit,
943 5138 1104 5195 secuudum
1122 5139 1200 5209 quod
1223 5147 1319 5194 orator
1342 5151 1360 5193 a
1380 5135 1524 5193 Victorino
1547 5133 1684 5191 describi·

79 5237 102 5282 ta
116 5225 239 5282 Socratis
257 5233 285 5283 ιι
299 5227 399 5284 Τιιιιι
417 5239 548 5298 ιιιιοιι,
563 5227 703 5298 scriptum
719 5234 761 5284 est
776 5242 782 5281 :
839 5234 888 5283 tur
903 5249 917 5277 ιι
930 5226 978 5282 Vir
988 5225 1082 5282 bonus
1097 5224 1209 5281 dicendi
1224 5225 1344 5295 peritos,
1359 5232 1439 5281 etc.»
1457 5223 1553 5280 Bonus
1567 5221 1685 5294 quidem

94 5328 101 5371 :
125 5335 136 5364 ι
154 5314 230 5386 Ergo
254 5329 317 5386 age,
342 5316 446 5373 Timaeo
461 5315 554 5372 deliba
576 5324 713 5387 coeptum,
734 5329 785 5373 vo·
838 5313 1011 5372 rectitudine
1024 5314 1181 5386 sapientiae,
1198 5321 1231 5371 ut
1243 5313 1317 5371 hene
1331 5313 1409 5382 velit,
1436 5312 1544 5384 peritus
1558 5311 1685 5369 scientiae

79 5420 132 5492 pud
145 5423 221 5494 Aug.
237 5423 413 5490 intelligitur.

79 5492 141 5564 ¹tud.
154 5493 243 5566 Aug,
258 5494 358 5564 ιιιιιι.

886 5421 930 5492 32)
945 5420 1029 5492 Apud
1039 5421 1127 5504 Aug„
1137 5420 1175 5475 ad
1187 5419 1329 5503 discenda.
1570 5442 1573 5446 ·

887 5494 919 5549 33
936 5491 1035 5566 linig,
1050 5506 1117 5559 quta
1136 5493 1268 5561 blaptster
1285 5495 1374 5549 cester
1393 5504 1464 5547 anas
1483 5494 1530 5556 cel,
1549 5491 1683 5550 Christus.
