<?xml version="1.0" encoding="UTF-8"?>
<!DOCTYPE html PUBLIC "-//W3C//DTD XHTML 1.0 Transitional//EN"
    "http://www.w3.org/TR/xhtml1/DTD/xhtml1-transitional.dtd">
<html xmlns="http://www.w3.org/1999/xhtml" xml:lang="en" lang="en">
 <head>
  <title>
</title>
<meta http-equiv="Content-Type" content="text/html;charset=utf-8" />
  <meta name='ocr-system' content='tesseract 3.04.00' />
  <meta name='ocr-capabilities' content='ocr_page ocr_carea ocr_par ocr_line ocrx_word'/>
</head>
<body>
  <div class='ocr_page' id='page_1' title='image "./patrologiaecurs53unkngoog_0101.png"; bbox 0 0 3804 5962; ppageno 0'>
   <div class='ocr_carea' id='block_1_1' title="bbox 77 160 1825 242">
    <p class='ocr_par' dir='ltr' id='par_1_1' title="bbox 77 160 1825 242">
     <span class='ocr_line' id='line_1_1' title="bbox 77 160 1825 242; baseline -0.005 -6"><span class='ocrx_word' id='word_1_1' title='bbox 77 160 131 236; x_wconf 80' lang='lat' dir='ltr'><strong>sei</strong></span> <span class='ocrx_word' id='word_1_2' title='bbox 334 161 339 172; x_wconf 85' lang='lat'><em>&#39;</em></span> <span class='ocrx_word' id='word_1_3' title='bbox 536 177 636 236; x_wconf 84' lang='lat' dir='ltr'><strong>verer</strong></span> <span class='ocrx_word' id='word_1_4' title='bbox 653 179 841 239; x_wconf 80' lang='lat' dir='ltr'><strong>mummi</strong></span> <span class='ocrx_word' id='word_1_5' title='bbox 859 180 936 240; x_wconf 83' lang='lat' dir='ltr'><strong>ora.</strong></span> <span class='ocrx_word' id='word_1_6' title='bbox 955 174 1047 242; x_wconf 74' lang='lat' dir='ltr'><strong>enus</strong></span> <span class='ocrx_word' id='word_1_7' title='bbox 1065 184 1088 239; x_wconf 87' lang='lat'><strong>1.</strong></span> <span class='ocrx_word' id='word_1_8' title='bbox 1107 211 1142 223; x_wconf 92' lang='lat'><em>-</em></span> <span class='ocrx_word' id='word_1_9' title='bbox 1160 178 1347 238; x_wconf 82' lang='lat' dir='ltr'><strong>svrsronn.</strong></span> <span class='ocrx_word' id='word_1_10' title='bbox 1774 176 1825 230; x_wconf 74' lang='lat' dir='ltr'><strong>rec</strong></span> 
     </span>
    </p>
   </div>
   <div class='ocr_carea' id='block_1_2' title="bbox 17 301 1825 4212">
    <p class='ocr_par' dir='ltr' id='par_1_2' title="bbox 17 301 1825 3946">
     <span class='ocr_line' id='line_1_2' title="bbox 73 301 1819 383; baseline -0.003 -21"><span class='ocrx_word' id='word_1_11' title='bbox 73 301 174 362; x_wconf 88' lang='lat' dir='ltr'><strong>divina</strong></span> <span class='ocrx_word' id='word_1_12' title='bbox 192 302 354 376; x_wconf 71' lang='lat' dir='ltr'><strong>specialiter</strong></span> <span class='ocrx_word' id='word_1_13' title='bbox 375 305 508 367; x_wconf 79' lang='lat' dir='ltr'>exhibuit</span> <span class='ocrx_word' id='word_1_14' title='bbox 531 309 634 383; x_wconf 86' lang='lat' dir='ltr'><strong>gratia,</strong></span> <span class='ocrx_word' id='word_1_15' title='bbox 657 324 725 368; x_wconf 91' lang='lat' dir='ltr'><strong>cum</strong></span> <span class='ocrx_word' id='word_1_16' title='bbox 751 311 788 370; x_wconf 90' lang='lat' dir='ltr'><strong>ad</strong></span> <span class='ocrx_word' id='word_1_17' title='bbox 809 313 917 370; x_wconf 90' lang='lat' dir='ltr'><strong>oratic·</strong></span> <span class='ocrx_word' id='word_1_18' title='bbox 931 311 956 366; x_wconf 85' lang='lat' dir='ltr'><strong>tt</strong></span> <span class='ocrx_word' id='word_1_19' title='bbox 971 308 1093 366; x_wconf 81' lang='lat' dir='ltr'><strong>Preces:</strong></span> <span class='ocrx_word' id='word_1_20' title='bbox 1115 305 1234 365; x_wconf 87' lang='lat' dir='ltr'><strong>Salvum</strong></span> <span class='ocrx_word' id='word_1_21' title='bbox 1263 305 1308 363; x_wconf 88' lang='lat' dir='ltr'><strong>lae</strong></span> <span class='ocrx_word' id='word_1_22' title='bbox 1337 317 1456 364; x_wconf 89' lang='lat' dir='ltr'><strong>servum</strong></span> <span class='ocrx_word' id='word_1_23' title='bbox 1487 311 1584 372; x_wconf 92' lang='lat' dir='ltr'><strong>tuum,</strong></span> <span class='ocrx_word' id='word_1_24' title='bbox 1614 303 1690 361; x_wconf 89' lang='lat' dir='ltr'><strong>Deus</strong></span> <span class='ocrx_word' id='word_1_25' title='bbox 1724 313 1819 363; x_wconf 88' lang='lat' dir='ltr'><strong>meus,</strong></span> 
     </span>
     <span class='ocr_line' id='line_1_3' title="bbox 75 391 1819 475; baseline -0.003 -24"><span class='ocrx_word' id='word_1_26' title='bbox 75 407 142 451; x_wconf 91' lang='lat' dir='ltr'><strong>nem</strong></span> <span class='ocrx_word' id='word_1_27' title='bbox 155 393 287 452; x_wconf 89' lang='lat' dir='ltr'><strong>videlieet</strong></span> <span class='ocrx_word' id='word_1_28' title='bbox 297 395 397 453; x_wconf 89' lang='lat' dir='ltr'><strong>uxoris</strong></span> <span class='ocrx_word' id='word_1_29' title='bbox 412 398 504 471; x_wconf 90' lang='lat' dir='ltr'><strong>magis</strong></span> <span class='ocrx_word' id='word_1_30' title='bbox 515 413 604 470; x_wconf 92' lang='lat' dir='ltr'><strong>quam</strong></span> <span class='ocrx_word' id='word_1_31' title='bbox 618 399 653 456; x_wconf 89' lang='lat' dir='ltr'><strong>ad</strong></span> <span class='ocrx_word' id='word_1_32' title='bbox 668 407 832 459; x_wconf 90' lang='lat' dir='ltr'><strong>sanctorum</strong></span> <span class='ocrx_word' id='word_1_33' title='bbox 848 418 919 475; x_wconf 90' lang='lat' dir='ltr'><strong>prae·</strong></span> <span class='ocrx_word' id='word_1_34' title='bbox 972 405 1134 470; x_wconf 78' lang='lat' dir='ltr'><strong>sperantem</strong></span> <span class='ocrx_word' id='word_1_35' title='bbox 1151 397 1179 453; x_wconf 91' lang='lat' dir='ltr'><strong>in</strong></span> <span class='ocrx_word' id='word_1_36' title='bbox 1190 403 1226 453; x_wconf 83' lang='lat' dir='ltr'><strong>te.</strong></span> <span class='ocrx_word' id='word_1_37' title='bbox 1243 395 1322 455; x_wconf 82' lang='lat' dir='ltr'><strong>Mitte</strong></span> <span class='ocrx_word' id='word_1_38' title='bbox 1334 395 1371 463; x_wconf 89' lang='lat' dir='ltr'><strong>ei,</strong></span> <span class='ocrx_word' id='word_1_39' title='bbox 1395 393 1523 463; x_wconf 85' lang='lat' dir='ltr'><strong>Domine,</strong></span> <span class='ocrx_word' id='word_1_40' title='bbox 1541 391 1684 451; x_wconf 91' lang='lat' dir='ltr'><strong>auxilium</strong></span> <span class='ocrx_word' id='word_1_41' title='bbox 1702 391 1736 447; x_wconf 92' lang='lat' dir='ltr'><strong>de</strong></span> <span class='ocrx_word' id='word_1_42' title='bbox 1751 404 1819 446; x_wconf 92' lang='lat' dir='ltr'><strong>san·</strong></span> 
     </span>
     <span class='ocr_line' id='line_1_4' title="bbox 75 481 1823 559; baseline -0.001 -20"><span class='ocrx_word' id='word_1_43' title='bbox 75 481 256 553; x_wconf 81' lang='lat' dir='ltr'><strong>dicationem,</strong></span> <span class='ocrx_word' id='word_1_44' title='bbox 272 484 411 544; x_wconf 81' lang='lat' dir='ltr'><strong>clodoveo</strong></span> <span class='ocrx_word' id='word_1_45' title='bbox 425 501 491 559; x_wconf 88' lang='lat' dir='ltr'><strong>rege</strong></span> <span class='ocrx_word' id='word_1_46' title='bbox 506 489 541 544; x_wconf 90' lang='lat' dir='ltr'><strong>ad</strong></span> <span class='ocrx_word' id='word_1_47' title='bbox 558 489 642 546; x_wconf 90' lang='lat' dir='ltr'><strong>iidem</strong></span> <span class='ocrx_word' id='word_1_48' title='bbox 664 490 767 548; x_wconf 83' lang='lat' dir='ltr'><strong>Christi</strong></span> <span class='ocrx_word' id='word_1_49' title='bbox 780 506 919 550; x_wconf 87' lang='lat' dir='ltr'><strong>converso</strong></span> <span class='ocrx_word' id='word_1_50' title='bbox 972 494 1039 544; x_wconf 88' lang='lat' dir='ltr'><strong>eto:</strong></span> <span class='ocrx_word' id='word_1_51' title='bbox 1066 493 1094 545; x_wconf 87' lang='lat' dir='ltr'><strong>et</strong></span> <span class='ocrx_word' id='word_1_52' title='bbox 1119 487 1153 543; x_wconf 90' lang='lat' dir='ltr'><strong>de</strong></span> <span class='ocrx_word' id='word_1_53' title='bbox 1180 486 1247 543; x_wconf 87' lang='lat' dir='ltr'><strong>Sion</strong></span> <span class='ocrx_word' id='word_1_54' title='bbox 1273 492 1354 543; x_wconf 90' lang='lat' dir='ltr'><strong>tuere</strong></span> <span class='ocrx_word' id='word_1_55' title='bbox 1377 499 1454 542; x_wconf 90' lang='lat' dir='ltr'><strong>eum.</strong></span> <span class='ocrx_word' id='word_1_56' title='bbox 1471 485 1537 541; x_wconf 88' lang='lat' dir='ltr'><strong>Esto</strong></span> <span class='ocrx_word' id='word_1_57' title='bbox 1551 483 1587 553; x_wconf 90' lang='lat' dir='ltr'><strong>ei,</strong></span> <span class='ocrx_word' id='word_1_58' title='bbox 1614 483 1744 549; x_wconf 85' lang='lat' dir='ltr'><strong>Domine,</strong></span> <span class='ocrx_word' id='word_1_59' title='bbox 1762 489 1823 537; x_wconf 91' lang='lat' dir='ltr'><strong>tur·</strong></span> 
     </span>
     <span class='ocr_line' id='line_1_5' title="bbox 75 571 1820 654; baseline -0.005 -21"><span class='ocrx_word' id='word_1_60' title='bbox 75 587 199 647; x_wconf 89' lang='lat' dir='ltr'><strong>regnum</strong></span> <span class='ocrx_word' id='word_1_61' title='bbox 221 575 262 632; x_wconf 89' lang='lat' dir='ltr'><strong>sic</strong></span> <span class='ocrx_word' id='word_1_62' title='bbox 282 576 450 634; x_wconf 88' lang='lat' dir='ltr'><strong>universum</strong></span> <span class='ocrx_word' id='word_1_63' title='bbox 470 577 576 635; x_wconf 91' lang='lat' dir='ltr'><strong>divinis</strong></span> <span class='ocrx_word' id='word_1_64' title='bbox 600 578 713 652; x_wconf 90' lang='lat' dir='ltr'><strong>iegibus</strong></span> <span class='ocrx_word' id='word_1_65' title='bbox 734 583 917 654; x_wconf 85' lang='lat' dir='ltr'><strong>mancipare·</strong></span> <span class='ocrx_word' id='word_1_66' title='bbox 972 575 1012 634; x_wconf 92' lang='lat' dir='ltr'><strong>ris</strong></span> <span class='ocrx_word' id='word_1_67' title='bbox 1031 574 1207 632; x_wconf 82' lang='lat' dir='ltr'><strong>tortitudinis</strong></span> <span class='ocrx_word' id='word_1_68' title='bbox 1222 589 1239 631; x_wconf 91' lang='lat' dir='ltr'><strong>a</strong></span> <span class='ocrx_word' id='word_1_69' title='bbox 1253 574 1325 632; x_wconf 91' lang='lat' dir='ltr'><strong>lacie</strong></span> <span class='ocrx_word' id='word_1_70' title='bbox 1339 574 1459 630; x_wconf 89' lang='lat' dir='ltr'><strong>inimici.</strong></span> <span class='ocrx_word' id='word_1_71' title='bbox 1475 573 1606 640; x_wconf 85' lang='lat' dir='ltr'><strong>Domine,</strong></span> <span class='ocrx_word' id='word_1_72' title='bbox 1627 571 1733 629; x_wconf 91' lang='lat' dir='ltr'><strong>exaudi</strong></span> <span class='ocrx_word' id='word_1_73' title='bbox 1750 584 1820 627; x_wconf 87' lang='lat' dir='ltr'><strong>ora-</strong></span> 
     </span>
     <span class='ocr_line' id='line_1_6' title="bbox 75 660 1820 738; baseline -0.003 -18"><span class='ocrx_word' id='word_1_74' title='bbox 75 669 155 732; x_wconf 89' lang='lat' dir='ltr'><strong>runt,</strong></span> <span class='ocrx_word' id='word_1_75' title='bbox 180 671 213 721; x_wconf 92' lang='lat' dir='ltr'><strong>ut</strong></span> <span class='ocrx_word' id='word_1_76' title='bbox 228 666 359 735; x_wconf 90' lang='lat' dir='ltr'><strong>exemplo</strong></span> <span class='ocrx_word' id='word_1_77' title='bbox 380 665 506 723; x_wconf 88' lang='lat' dir='ltr'><strong>maxime</strong></span> <span class='ocrx_word' id='word_1_78' title='bbox 526 668 707 738; x_wconf 83' lang='lat' dir='ltr'><strong>superiorum</strong></span> <span class='ocrx_word' id='word_1_79' title='bbox 729 670 919 728; x_wconf 91' lang='lat' dir='ltr'><strong>adorationis</strong></span> <span class='ocrx_word' id='word_1_80' title='bbox 971 665 1079 722; x_wconf 87' lang='lat' dir='ltr'><strong>tionem</strong></span> <span class='ocrx_word' id='word_1_81' title='bbox 1098 678 1202 732; x_wconf 88' lang='lat' dir='ltr'><strong>meam,</strong></span> <span class='ocrx_word' id='word_1_82' title='bbox 1229 671 1256 721; x_wconf 92' lang='lat' dir='ltr'><strong>et</strong></span> <span class='ocrx_word' id='word_1_83' title='bbox 1284 664 1392 721; x_wconf 91' lang='lat' dir='ltr'><strong>elamor</strong></span> <span class='ocrx_word' id='word_1_84' title='bbox 1406 678 1488 720; x_wconf 90' lang='lat' dir='ltr'><strong>meus</strong></span> <span class='ocrx_word' id='word_1_85' title='bbox 1512 661 1549 718; x_wconf 89' lang='lat' dir='ltr'><strong>ad</strong></span> <span class='ocrx_word' id='word_1_86' title='bbox 1565 669 1592 719; x_wconf 95' lang='lat' dir='ltr'><strong>te</strong></span> <span class='ocrx_word' id='word_1_87' title='bbox 1616 660 1714 718; x_wconf 90' lang='lat' dir='ltr'><strong>veniat</strong></span> <span class='ocrx_word' id='word_1_88' title='bbox 1733 661 1820 731; x_wconf 85' lang='lat' dir='ltr'><strong>(Psoi.</strong></span> 
     </span>
     <span class='ocr_line' id='line_1_7' title="bbox 74 751 1819 832; baseline -0.003 -23"><span class='ocrx_word' id='word_1_89' title='bbox 74 751 243 809; x_wconf 82' lang='lat' dir='ltr'><strong>instantiam</strong></span> <span class='ocrx_word' id='word_1_90' title='bbox 260 753 408 812; x_wconf 91' lang='lat' dir='ltr'><strong>inleriores</strong></span> <span class='ocrx_word' id='word_1_91' title='bbox 423 764 660 827; x_wconf 86' lang='lat' dir='ltr'><strong>provocarentur.</strong></span> <span class='ocrx_word' id='word_1_92' title='bbox 677 757 720 815; x_wconf 86' lang='lat' dir='ltr'><strong>dd</strong></span> <span class='ocrx_word' id='word_1_93' title='bbox 740 775 829 831; x_wconf 87' lang='lat' dir='ltr'><strong>quarn</strong></span> <span class='ocrx_word' id='word_1_94' title='bbox 851 759 920 832; x_wconf 91' lang='lat' dir='ltr'><strong>qui·</strong></span> <span class='ocrx_word' id='word_1_95' title='bbox 973 752 1404 826; x_wconf 81' lang='lat' dir='ltr'><strong>c1‚5).0ratio[al.0remus]:</strong></span> <span class='ocrx_word' id='word_1_96' title='bbox 1430 771 1444 804; x_wconf 90' lang='lat'>«</span> <span class='ocrx_word' id='word_1_97' title='bbox 1462 753 1538 809; x_wconf 92' lang='lat' dir='ltr'><strong>Deus</strong></span> <span class='ocrx_word' id='word_1_98' title='bbox 1560 751 1611 823; x_wconf 94' lang='lat' dir='ltr'><strong>qui</strong></span> <span class='ocrx_word' id='word_1_99' title='bbox 1629 764 1679 820; x_wconf 91' lang='lat' dir='ltr'><strong>per</strong></span> <span class='ocrx_word' id='word_1_100' title='bbox 1702 763 1819 807; x_wconf 89' lang='lat' dir='ltr'><strong>servum</strong></span> 
     </span>
     <span class='ocr_line' id='line_1_8' title="bbox 75 839 1821 912; baseline 0.004 -15"><span class='ocrx_word' id='word_1_101' title='bbox 75 840 140 899; x_wconf 90' lang='lat' dir='ltr'><strong>dem</strong></span> <span class='ocrx_word' id='word_1_102' title='bbox 161 841 326 900; x_wconf 85' lang='lat' dir='ltr'><strong>instantiam</strong></span> <span class='ocrx_word' id='word_1_103' title='bbox 346 843 494 901; x_wconf 89' lang='lat' dir='ltr'><strong>Dominiea</strong></span> <span class='ocrx_word' id='word_1_104' title='bbox 516 860 568 903; x_wconf 91' lang='lat' dir='ltr'><strong>nos</strong></span> <span class='ocrx_word' id='word_1_105' title='bbox 588 847 771 906; x_wconf 86' lang='lat' dir='ltr'><strong>vehementer</strong></span> <span class='ocrx_word' id='word_1_106' title='bbox 792 848 919 906; x_wconf 91' lang='lat' dir='ltr'><strong>invitans</strong></span> <span class='ocrx_word' id='word_1_107' title='bbox 972 849 1059 901; x_wconf 89' lang='lat' dir='ltr'><strong>tuum</strong></span> <span class='ocrx_word' id='word_1_108' title='bbox 1075 842 1226 899; x_wconf 79' lang='lat' dir='ltr'><strong>ancillulas</strong></span> <span class='ocrx_word' id='word_1_109' title='bbox 1241 849 1306 899; x_wconf 90' lang='lat' dir='ltr'><strong>tuas</strong></span> <span class='ocrx_word' id='word_1_110' title='bbox 1321 841 1348 897; x_wconf 86' lang='lat' dir='ltr'><strong>in</strong></span> <span class='ocrx_word' id='word_1_111' title='bbox 1364 842 1480 898; x_wconf 70' lang='lat' dir='ltr'><strong>nomini</strong></span> <span class='ocrx_word' id='word_1_112' title='bbox 1502 847 1551 897; x_wconf 73' lang='lat'>1110</span> <span class='ocrx_word' id='word_1_113' title='bbox 1574 839 1712 912; x_wconf 86' lang='lat' dir='ltr'><strong>diguatus</strong></span> <span class='ocrx_word' id='word_1_114' title='bbox 1726 853 1756 895; x_wconf 72' lang='lat'><strong>08</strong></span> <span class='ocrx_word' id='word_1_115' title='bbox 1771 852 1821 909; x_wconf 71' lang='lat' dir='ltr'><strong>ag·</strong></span> 
     </span>
     <span class='ocr_line' id='line_1_9' title="bbox 76 927 1821 1008; baseline -0.002 -22"><span class='ocrx_word' id='word_1_116' title='bbox 76 927 236 1000; x_wconf 90' lang='lat' dir='ltr'><strong>parabola:</strong></span> <span class='ocrx_word' id='word_1_117' title='bbox 262 952 273 981; x_wconf 79' lang='grc' dir='ltr'>ι</span> <span class='ocrx_word' id='word_1_118' title='bbox 296 931 357 999; x_wconf 83' lang='lat' dir='ltr'><strong>ille,</strong></span> <span class='ocrx_word' id='word_1_119' title='bbox 378 930 482 1005; x_wconf 85' lang='lat' dir='ltr'><strong>iuquit,</strong></span> <span class='ocrx_word' id='word_1_120' title='bbox 502 934 525 990; x_wconf 92' lang='lat' dir='ltr'><strong>si</strong></span> <span class='ocrx_word' id='word_1_121' title='bbox 546 937 770 1005; x_wconf 81' lang='lat' dir='ltr'><strong>perseveraverit</strong></span> <span class='ocrx_word' id='word_1_122' title='bbox 787 937 916 1008; x_wconf 86' lang='lat' dir='ltr'><strong>pulsans,</strong></span> <span class='ocrx_word' id='word_1_123' title='bbox 973 944 1102 1004; x_wconf 87' lang='lat' dir='ltr'><strong>gregare,</strong></span> <span class='ocrx_word' id='word_1_124' title='bbox 1119 937 1146 988; x_wconf 96' lang='lat' dir='ltr'><strong>te</strong></span> <span class='ocrx_word' id='word_1_125' title='bbox 1161 945 1342 1003; x_wconf 76' lang='lat' dir='ltr'><strong>quaesumus,</strong></span> <span class='ocrx_word' id='word_1_126' title='bbox 1363 938 1397 987; x_wconf 92' lang='lat' dir='ltr'><strong>nt</strong></span> <span class='ocrx_word' id='word_1_127' title='bbox 1411 944 1478 987; x_wconf 91' lang='lat' dir='ltr'><strong>eum</strong></span> <span class='ocrx_word' id='word_1_128' title='bbox 1495 930 1540 987; x_wconf 86' lang='lat' dir='ltr'><strong>ab·</strong></span> <span class='ocrx_word' id='word_1_129' title='bbox 1551 928 1629 984; x_wconf 90' lang='lat' dir='ltr'><strong>omui</strong></span> <span class='ocrx_word' id='word_1_130' title='bbox 1647 927 1821 985; x_wconf 88' lang='lat' dir='ltr'><strong>adversitate</strong></span> 
     </span>
     <span class='ocr_line' id='line_1_10' title="bbox 75 1016 1822 1094; baseline -0.002 -20"><span class='ocrx_word' id='word_1_131' title='bbox 75 1017 417 1090; x_wconf 85' lang='lat' dir='ltr'><strong>dicovobisquiasinon</strong></span> <span class='ocrx_word' id='word_1_132' title='bbox 435 1021 514 1079; x_wconf 92' lang='lat' dir='ltr'><strong>dabit</strong></span> <span class='ocrx_word' id='word_1_133' title='bbox 535 1022 689 1094; x_wconf 91' lang='lat' dir='ltr'><strong>eieoquod</strong></span> <span class='ocrx_word' id='word_1_134' title='bbox 712 1024 823 1082; x_wconf 88' lang='lat' dir='ltr'><strong>amicus</strong></span> <span class='ocrx_word' id='word_1_135' title='bbox 841 1024 919 1082; x_wconf 91' lang='lat' dir='ltr'><strong>iliius</strong></span> <span class='ocrx_word' id='word_1_136' title='bbox 973 1029 1116 1093; x_wconf 90' lang='lat' dir='ltr'><strong>protegas,</strong></span> <span class='ocrx_word' id='word_1_137' title='bbox 1144 1027 1171 1077; x_wconf 90' lang='lat' dir='ltr'><strong>et</strong></span> <span class='ocrx_word' id='word_1_138' title='bbox 1200 1017 1312 1077; x_wconf 90' lang='lat' dir='ltr'><strong>ancillis</strong></span> <span class='ocrx_word' id='word_1_139' title='bbox 1340 1021 1398 1077; x_wconf 91' lang='lat' dir='ltr'><strong>tuis</strong></span> <span class='ocrx_word' id='word_1_140' title='bbox 1424 1018 1597 1075; x_wconf 90' lang='lat' dir='ltr'><strong>incolumem</strong></span> <span class='ocrx_word' id='word_1_141' title='bbox 1625 1017 1737 1075; x_wconf 85' lang='lat' dir='ltr'><strong>reddas.</strong></span> <span class='ocrx_word' id='word_1_142' title='bbox 1767 1016 1822 1072; x_wconf 85' lang='lat' dir='ltr'><strong>Per</strong></span> 
     </span>
     <span class='ocr_line' id='line_1_11' title="bbox 75 1105 1822 1187; baseline -0.004 -20"><span class='ocrx_word' id='word_1_143' title='bbox 75 1106 121 1178; x_wconf 91' lang='lat' dir='ltr'><strong>sit,</strong></span> <span class='ocrx_word' id='word_1_144' title='bbox 149 1115 264 1180; x_wconf 91' lang='lat' dir='ltr'><strong>propter</strong></span> <span class='ocrx_word' id='word_1_145' title='bbox 285 1109 497 1181; x_wconf 89' lang='lat' dir='ltr'><strong>improbitatem</strong></span> <span class='ocrx_word' id='word_1_146' title='bbox 529 1110 594 1182; x_wconf 87' lang='lat' dir='ltr'><strong>ejus</strong></span> <span class='ocrx_word' id='word_1_147' title='bbox 628 1127 751 1187; x_wconf 82' lang='lat' dir='ltr'><strong>surgens</strong></span> <span class='ocrx_word' id='word_1_148' title='bbox 784 1114 863 1171; x_wconf 90' lang='lat' dir='ltr'><strong>dabit</strong></span> <span class='ocrx_word' id='word_1_149' title='bbox 893 1114 918 1172; x_wconf 90' lang='lat' dir='ltr'><strong>ei</strong></span> <span class='ocrx_word' id='word_1_150' title='bbox 972 1110 1135 1179; x_wconf 88' lang='lat' dir='ltr'><strong>Dominum,</strong></span> <span class='ocrx_word' id='word_1_151' title='bbox 1153 1129 1168 1159; x_wconf 75' lang='lat' dir='ltr'><strong>a</strong></span> <span class='ocrx_word' id='word_1_152' title='bbox 1189 1116 1242 1167; x_wconf 89' lang='lat' dir='ltr'><strong>etc.</strong></span> <span class='ocrx_word' id='word_1_153' title='bbox 1266 1109 1347 1177; x_wconf 84' lang='lat' dir='ltr'><strong>Quod</strong></span> <span class='ocrx_word' id='word_1_154' title='bbox 1372 1109 1395 1166; x_wconf 91' lang='lat' dir='ltr'><strong>si</strong></span> <span class='ocrx_word' id='word_1_155' title='bbox 1419 1123 1464 1166; x_wconf 91' lang='lat' dir='ltr'><strong>me</strong></span> <span class='ocrx_word' id='word_1_156' title='bbox 1478 1107 1619 1165; x_wconf 89' lang='lat' dir='ltr'><strong>Dominus</strong></span> <span class='ocrx_word' id='word_1_157' title='bbox 1634 1107 1664 1164; x_wconf 89' lang='lat' dir='ltr'><strong>in</strong></span> <span class='ocrx_word' id='word_1_158' title='bbox 1685 1105 1822 1163; x_wconf 88' lang='lat' dir='ltr'><strong>manibus</strong></span> 
     </span>
     <span class='ocr_line' id='line_1_12' title="bbox 74 1194 1820 1276; baseline -0.001 -25"><span class='ocrx_word' id='word_1_159' title='bbox 74 1202 216 1268; x_wconf 84' lang='lat' dir='ltr'><strong>quotquot</strong></span> <span class='ocrx_word' id='word_1_160' title='bbox 250 1197 334 1255; x_wconf 91' lang='lat' dir='ltr'><strong>habet</strong></span> <span class='ocrx_word' id='word_1_161' title='bbox 365 1200 541 1258; x_wconf 91' lang='lat' dir='ltr'><strong>necessarios</strong></span> <span class='ocrx_word' id='word_1_162' title='bbox 570 1202 647 1272; x_wconf 77' lang='lat' dir='ltr'><strong>ilar.</strong></span> <span class='ocrx_word' id='word_1_163' title='bbox 678 1218 722 1273; x_wconf 90' lang='lat' dir='ltr'><strong>xr,</strong></span> <span class='ocrx_word' id='word_1_164' title='bbox 756 1202 794 1276; x_wconf 84' lang='grc'><strong>8).</strong></span> <span class='ocrx_word' id='word_1_165' title='bbox 826 1224 840 1253; x_wconf 77' lang='lat' dir='ltr'><strong>n</strong></span> <span class='ocrx_word' id='word_1_166' title='bbox 874 1204 918 1261; x_wconf 79' lang='lat' dir='ltr'><strong>iix</strong></span> <span class='ocrx_word' id='word_1_167' title='bbox 972 1198 1157 1256; x_wconf 91' lang='lat' dir='ltr'><strong>inimieorum</strong></span> <span class='ocrx_word' id='word_1_168' title='bbox 1182 1198 1341 1266; x_wconf 90' lang='lat' dir='ltr'><strong>tradiderit,</strong></span> <span class='ocrx_word' id='word_1_169' title='bbox 1366 1197 1472 1254; x_wconf 90' lang='lat' dir='ltr'><strong>scilicet</strong></span> <span class='ocrx_word' id='word_1_170' title='bbox 1494 1203 1526 1253; x_wconf 90' lang='lat' dir='ltr'><strong>ut</strong></span> <span class='ocrx_word' id='word_1_171' title='bbox 1551 1195 1604 1266; x_wconf 91' lang='lat' dir='ltr'><strong>ipsi</strong></span> <span class='ocrx_word' id='word_1_172' title='bbox 1628 1194 1820 1267; x_wconf 77' lang='lat' dir='ltr'><strong>prevalentes</strong></span> 
     </span>
     <span class='ocr_line' id='line_1_13' title="bbox 74 1284 1820 1365; baseline -0.001 -24"><span class='ocrx_word' id='word_1_173' title='bbox 74 1284 129 1342; x_wconf 92' lang='lat' dir='ltr'><strong>hac</strong></span> <span class='ocrx_word' id='word_1_174' title='bbox 151 1287 287 1356; x_wconf 88' lang='lat' dir='ltr'><strong>protecto,</strong></span> <span class='ocrx_word' id='word_1_175' title='bbox 311 1295 344 1345; x_wconf 90' lang='lat' dir='ltr'><strong>ut</strong></span> <span class='ocrx_word' id='word_1_176' title='bbox 375 1289 415 1346; x_wconf 89' lang='lat' dir='ltr'><strong>ita</strong></span> <span class='ocrx_word' id='word_1_177' title='bbox 442 1290 534 1347; x_wconf 88' lang='lat' dir='ltr'><strong>dicam</strong></span> <span class='ocrx_word' id='word_1_178' title='bbox 559 1291 696 1350; x_wconf 91' lang='lat' dir='ltr'><strong>orationis</strong></span> <span class='ocrx_word' id='word_1_179' title='bbox 726 1292 917 1365; x_wconf 86' lang='lat' dir='ltr'><strong>improbitate,</strong></span> <span class='ocrx_word' id='word_1_180' title='bbox 972 1302 1018 1345; x_wconf 91' lang='lat' dir='ltr'><strong>me</strong></span> <span class='ocrx_word' id='word_1_181' title='bbox 1032 1287 1214 1356; x_wconf 82' lang='lat' dir='ltr'><strong>interficiant,</strong></span> <span class='ocrx_word' id='word_1_182' title='bbox 1235 1295 1286 1345; x_wconf 90' lang='lat' dir='ltr'><strong>aut</strong></span> <span class='ocrx_word' id='word_1_183' title='bbox 1300 1300 1477 1358; x_wconf 92' lang='lat' dir='ltr'><strong>quocunque</strong></span> <span class='ocrx_word' id='word_1_184' title='bbox 1496 1298 1567 1342; x_wconf 91' lang='lat' dir='ltr'><strong>casu</strong></span> <span class='ocrx_word' id='word_1_185' title='bbox 1581 1285 1659 1342; x_wconf 91' lang='lat' dir='ltr'><strong>viam</strong></span> <span class='ocrx_word' id='word_1_186' title='bbox 1677 1286 1820 1342; x_wconf 81' lang='lat' dir='ltr'><strong>universae</strong></span> 
     </span>
     <span class='ocr_line' id='line_1_14' title="bbox 73 1374 1819 1456; baseline -0.001 -24"><span class='ocrx_word' id='word_1_187' title='bbox 73 1374 147 1432; x_wconf 92' lang='lat' dir='ltr'><strong>sicut</strong></span> <span class='ocrx_word' id='word_1_188' title='bbox 170 1389 262 1456; x_wconf 8' lang='lat' dir='ltr'><strong>supra*</strong></span> <span class='ocrx_word' id='word_1_189' title='bbox 277 1377 407 1446; x_wconf 85' lang='lat' dir='ltr'><strong>memini,</strong></span> <span class='ocrx_word' id='word_1_190' title='bbox 432 1379 541 1451; x_wconf 80' lang='lat' dir='ltr'><strong>Moyses</strong></span> <span class='ocrx_word' id='word_1_191' title='bbox 567 1381 673 1439; x_wconf 81' lang='lat' dir='ltr'><strong>divina</strong></span> <span class='ocrx_word' id='word_1_192' title='bbox 694 1381 815 1454; x_wconf 78' lang='lat' dir='ltr'><strong>iustitie</strong></span> <span class='ocrx_word' id='word_1_193' title='bbox 836 1397 918 1440; x_wconf 89' lang='lat' dir='ltr'><strong>seve·</strong></span> <span class='ocrx_word' id='word_1_194' title='bbox 972 1377 1069 1434; x_wconf 88' lang='lat' dir='ltr'><strong>carnis</strong></span> <span class='ocrx_word' id='word_1_195' title='bbox 1090 1377 1194 1435; x_wconf 87' lang='lat' dir='ltr'><strong>absens</strong></span> <span class='ocrx_word' id='word_1_196' title='bbox 1213 1392 1230 1434; x_wconf 91' lang='lat' dir='ltr'><strong>a</strong></span> <span class='ocrx_word' id='word_1_197' title='bbox 1252 1377 1333 1434; x_wconf 92' lang='lat' dir='ltr'><strong>vobis</strong></span> <span class='ocrx_word' id='word_1_198' title='bbox 1355 1376 1513 1448; x_wconf 87' lang='lat' dir='ltr'><strong>ingrediar,</strong></span> <span class='ocrx_word' id='word_1_199' title='bbox 1540 1374 1674 1445; x_wconf 90' lang='lat' dir='ltr'><strong>cadaver,</strong></span> <span class='ocrx_word' id='word_1_200' title='bbox 1691 1374 1819 1441; x_wconf 88' lang='lat' dir='ltr'><strong>ebsecro,</strong></span> 
     </span>
     <span class='ocr_line' id='line_1_15' title="bbox 72 1461 1819 1541; baseline 0.001 -24"><span class='ocrx_word' id='word_1_201' title='bbox 72 1461 186 1519; x_wconf 91' lang='lat' dir='ltr'><strong>ritatem</strong></span> <span class='ocrx_word' id='word_1_202' title='bbox 212 1465 360 1522; x_wconf 88' lang='lat' dir='ltr'><strong>enervavit</strong></span> <span class='ocrx_word' id='word_1_203' title='bbox 377 1465 475 1536; x_wconf 67' lang='lat' dir='ltr'><strong>(daed.</strong></span> <span class='ocrx_word' id='word_1_204' title='bbox 504 1483 595 1540; x_wconf 91' lang='lat' dir='ltr'><strong>xxxu,</strong></span> <span class='ocrx_word' id='word_1_205' title='bbox 620 1470 674 1541; x_wconf 82' lang='lat' dir='ltr'><strong>ii),</strong></span> <span class='ocrx_word' id='word_1_206' title='bbox 695 1478 723 1528; x_wconf 91' lang='lat' dir='ltr'><strong>et</strong></span> <span class='ocrx_word' id='word_1_207' title='bbox 747 1470 918 1528; x_wconf 90' lang='lat' dir='ltr'><strong>sententiam</strong></span> <span class='ocrx_word' id='word_1_208' title='bbox 972 1473 1104 1523; x_wconf 89' lang='lat' dir='ltr'><strong>nostrum</strong></span> <span class='ocrx_word' id='word_1_209' title='bbox 1120 1466 1288 1538; x_wconf 91' lang='lat' dir='ltr'><strong>ubicunque</strong></span> <span class='ocrx_word' id='word_1_210' title='bbox 1302 1465 1347 1523; x_wconf 92' lang='lat' dir='ltr'><strong>vel</strong></span> <span class='ocrx_word' id='word_1_211' title='bbox 1363 1465 1509 1537; x_wconf 91' lang='lat' dir='ltr'><strong>sepultum</strong></span> <span class='ocrx_word' id='word_1_212' title='bbox 1526 1463 1573 1521; x_wconf 92' lang='lat' dir='ltr'><strong>vel</strong></span> <span class='ocrx_word' id='word_1_213' title='bbox 1589 1464 1754 1535; x_wconf 90' lang='lat' dir='ltr'><strong>expositum</strong></span> <span class='ocrx_word' id='word_1_214' title='bbox 1774 1462 1819 1533; x_wconf 89' lang='lat' dir='ltr'><strong>ja·</strong></span> 
     </span>
     <span class='ocr_line' id='line_1_16' title="bbox 74 1549 1820 1630; baseline 0.001 -24"><span class='ocrx_word' id='word_1_215' title='bbox 74 1549 250 1609; x_wconf 89' lang='lat' dir='ltr'><strong>immutavit.</strong></span> <span class='ocrx_word' id='word_1_216' title='bbox 273 1553 365 1622; x_wconf 87' lang='lat' dir='ltr'><strong>Nosti,</strong></span> <span class='ocrx_word' id='word_1_217' title='bbox 389 1555 583 1627; x_wconf 88' lang='lat' dir='ltr'><strong>dilectissima,</strong></span> <span class='ocrx_word' id='word_1_218' title='bbox 602 1566 747 1630; x_wconf 89' lang='lat' dir='ltr'><strong>qnantum</strong></span> <span class='ocrx_word' id='word_1_219' title='bbox 769 1559 919 1616; x_wconf 87' lang='lat' dir='ltr'><strong>eharitatis</strong></span> <span class='ocrx_word' id='word_1_220' title='bbox 972 1555 1075 1623; x_wconf 89' lang='lat' dir='ltr'><strong>cuerit,</strong></span> <span class='ocrx_word' id='word_1_221' title='bbox 1091 1555 1127 1612; x_wconf 92' lang='lat' dir='ltr'><strong>ad</strong></span> <span class='ocrx_word' id='word_1_222' title='bbox 1152 1555 1346 1613; x_wconf 73' lang='lat' dir='ltr'><strong>caemeterium</strong></span> <span class='ocrx_word' id='word_1_223' title='bbox 1362 1562 1491 1612; x_wconf 89' lang='lat' dir='ltr'><strong>vestrum</strong></span> <span class='ocrx_word' id='word_1_224' title='bbox 1507 1553 1611 1611; x_wconf 91' lang='lat' dir='ltr'><strong>delerri</strong></span> <span class='ocrx_word' id='word_1_225' title='bbox 1633 1553 1754 1622; x_wconf 81' lang='lat' dir='ltr'><strong>laniatis,</strong></span> <span class='ocrx_word' id='word_1_226' title='bbox 1770 1552 1820 1610; x_wconf 91' lang='lat' dir='ltr'><strong>nbi</strong></span> 
     </span>
     <span class='ocr_line' id='line_1_17' title="bbox 74 1616 1820 1718; baseline 0.001 -22"><span class='ocrx_word' id='word_1_227' title='bbox 74 1637 208 1698; x_wconf 78' lang='lat' dir='ltr'><strong>affectum</strong></span> <span class='ocrx_word' id='word_1_228' title='bbox 229 1645 388 1717; x_wconf 78' lang='lat' dir='ltr'><strong>praesentiae</strong></span> <span class='ocrx_word' id='word_1_229' title='bbox 412 1660 482 1703; x_wconf 86' lang='lat' dir='ltr'><strong>meae</strong></span> <span class='ocrx_word' id='word_1_230' title='bbox 498 1656 657 1705; x_wconf 89' lang='lat' dir='ltr'><strong>conventus</strong></span> <span class='ocrx_word' id='word_1_231' title='bbox 683 1649 750 1705; x_wconf 92' lang='lat' dir='ltr'><strong>olim</strong></span> <span class='ocrx_word' id='word_1_232' title='bbox 769 1657 863 1705; x_wconf 91' lang='lat' dir='ltr'><strong>vester</strong></span> <span class='ocrx_word' id='word_1_233' title='bbox 888 1648 918 1703; x_wconf 92' lang='lat' dir='ltr'><strong>in</strong></span> <span class='ocrx_word' id='word_1_234' title='bbox 935 1616 956 1671; x_wconf 73' lang='lat' dir='ltr'>B</span> <span class='ocrx_word' id='word_1_235' title='bbox 974 1643 1040 1701; x_wconf 78' lang='lat' dir='ltr'><strong>filiae</strong></span> <span class='ocrx_word' id='word_1_236' title='bbox 1062 1652 1167 1701; x_wconf 76' lang='lat' dir='ltr'><strong>nostrae</strong></span> <span class='ocrx_word' id='word_1_237' title='bbox 1194 1645 1243 1716; x_wconf 80' lang='lat' dir='ltr'><strong>[al.</strong></span> <span class='ocrx_word' id='word_1_238' title='bbox 1272 1644 1395 1718; x_wconf 76' lang='lat' dir='ltr'><strong>vestrael,</strong></span> <span class='ocrx_word' id='word_1_239' title='bbox 1422 1645 1478 1700; x_wconf 85' lang='lat' dir='ltr'><strong>iuro</strong></span> <span class='ocrx_word' id='word_1_240' title='bbox 1506 1643 1535 1700; x_wconf 92' lang='lat' dir='ltr'><strong>in</strong></span> <span class='ocrx_word' id='word_1_241' title='bbox 1564 1642 1677 1701; x_wconf 85' lang='lat' dir='ltr'><strong>Christo</strong></span> <span class='ocrx_word' id='word_1_242' title='bbox 1698 1656 1820 1710; x_wconf 89' lang='lat' dir='ltr'><strong>sorores,</strong></span> 
     </span>
     <span class='ocr_line' id='line_1_18' title="bbox 74 1728 1821 1806; baseline 0.001 -21"><span class='ocrx_word' id='word_1_243' title='bbox 74 1728 204 1786; x_wconf 91' lang='lat' dir='ltr'><strong>oratione</strong></span> <span class='ocrx_word' id='word_1_244' title='bbox 242 1730 343 1789; x_wconf 91' lang='lat' dir='ltr'><strong>solitus</strong></span> <span class='ocrx_word' id='word_1_245' title='bbox 384 1733 419 1791; x_wconf 91' lang='lat' dir='ltr'><strong>sit</strong></span> <span class='ocrx_word' id='word_1_246' title='bbox 455 1736 601 1793; x_wconf 89' lang='lat' dir='ltr'><strong>exhibere.</strong></span> <span class='ocrx_word' id='word_1_247' title='bbox 646 1735 691 1794; x_wconf 82' lang='lat' dir='ltr'><strong>Ad</strong></span> <span class='ocrx_word' id='word_1_248' title='bbox 727 1736 919 1806; x_wconf 83' lang='lat' dir='ltr'><strong>expletionem</strong></span> <span class='ocrx_word' id='word_1_249' title='bbox 974 1732 1138 1804; x_wconf 90' lang='lat' dir='ltr'><strong>sepulcrum</strong></span> <span class='ocrx_word' id='word_1_250' title='bbox 1155 1741 1286 1791; x_wconf 90' lang='lat' dir='ltr'><strong>nostrum</strong></span> <span class='ocrx_word' id='word_1_251' title='bbox 1312 1734 1418 1803; x_wconf 87' lang='lat' dir='ltr'><strong>saepius</strong></span> <span class='ocrx_word' id='word_1_252' title='bbox 1432 1733 1573 1798; x_wconf 88' lang='lat' dir='ltr'><strong>videntes,</strong></span> <span class='ocrx_word' id='word_1_253' title='bbox 1596 1731 1632 1788; x_wconf 95' lang='lat' dir='ltr'><strong>ad</strong></span> <span class='ocrx_word' id='word_1_254' title='bbox 1653 1745 1749 1803; x_wconf 90' lang='lat' dir='ltr'><strong>preces</strong></span> <span class='ocrx_word' id='word_1_255' title='bbox 1772 1744 1821 1802; x_wconf 93' lang='lat' dir='ltr'><strong>pro</strong></span> 
     </span>
     <span class='ocr_line' id='line_1_19' title="bbox 73 1818 1819 1896; baseline 0.001 -22"><span class='ocrx_word' id='word_1_256' title='bbox 73 1831 202 1890; x_wconf 90' lang='lat' dir='ltr'><strong>namque</strong></span> <span class='ocrx_word' id='word_1_257' title='bbox 238 1820 365 1891; x_wconf 89' lang='lat' dir='ltr'><strong>quotidie</strong></span> <span class='ocrx_word' id='word_1_258' title='bbox 407 1823 590 1896; x_wconf 89' lang='lat' dir='ltr'><strong>singularum</strong></span> <span class='ocrx_word' id='word_1_259' title='bbox 627 1825 766 1882; x_wconf 83' lang='lat' dir='ltr'><strong>bererum</strong></span> <span class='ocrx_word' id='word_1_260' title='bbox 808 1818 919 1896; x_wconf 87' lang='lat' dir='ltr'><strong>specia-</strong></span> <span class='ocrx_word' id='word_1_261' title='bbox 974 1837 1019 1881; x_wconf 92' lang='lat' dir='ltr'><strong>me</strong></span> <span class='ocrx_word' id='word_1_262' title='bbox 1035 1823 1157 1879; x_wconf 90' lang='lat' dir='ltr'><strong>Domino</strong></span> <span class='ocrx_word' id='word_1_263' title='bbox 1176 1821 1339 1879; x_wconf 85' lang='lat' dir='ltr'><strong>tundendas</strong></span> <span class='ocrx_word' id='word_1_264' title='bbox 1362 1821 1487 1893; x_wconf 89' lang='lat' dir='ltr'><strong>amplios</strong></span> <span class='ocrx_word' id='word_1_265' title='bbox 1509 1821 1679 1878; x_wconf 89' lang='lat' dir='ltr'><strong>invitentur.</strong></span> <span class='ocrx_word' id='word_1_266' title='bbox 1703 1818 1819 1876; x_wconf 89' lang='lat' dir='ltr'><strong>Nullum</strong></span> 
     </span>
     <span class='ocr_line' id='line_1_20' title="bbox 74 1906 1820 1987; baseline -0.001 -23"><span class='ocrx_word' id='word_1_267' title='bbox 74 1906 130 1964; x_wconf 85' lang='lat' dir='ltr'><strong>lent</strong></span> <span class='ocrx_word' id='word_1_268' title='bbox 158 1921 210 1979; x_wconf 93' lang='lat' dir='ltr'><strong>pro</strong></span> <span class='ocrx_word' id='word_1_269' title='bbox 238 1924 283 1967; x_wconf 90' lang='lat' dir='ltr'><strong>me</strong></span> <span class='ocrx_word' id='word_1_270' title='bbox 311 1911 431 1969; x_wconf 91' lang='lat' dir='ltr'><strong>Domino</strong></span> <span class='ocrx_word' id='word_1_271' title='bbox 454 1915 692 1987; x_wconf 89' lang='lat' dir='ltr'><strong>supplicationem</strong></span> <span class='ocrx_word' id='word_1_272' title='bbox 719 1914 795 1971; x_wconf 90' lang='lat' dir='ltr'><strong>bane</strong></span> <span class='ocrx_word' id='word_1_273' title='bbox 818 1914 920 1972; x_wconf 89' lang='lat' dir='ltr'><strong>clierre</strong></span> <span class='ocrx_word' id='word_1_274' title='bbox 974 1913 1082 1984; x_wconf 76' lang='lat' dir='ltr'><strong>quiippe</strong></span> <span class='ocrx_word' id='word_1_275' title='bbox 1106 1911 1201 1968; x_wconf 89' lang='lat' dir='ltr'><strong>iocum</strong></span> <span class='ocrx_word' id='word_1_276' title='bbox 1227 1911 1332 1969; x_wconf 84' lang='lat' dir='ltr'><strong>animae</strong></span> <span class='ocrx_word' id='word_1_277' title='bbox 1355 1910 1462 1967; x_wconf 89' lang='lat' dir='ltr'><strong>dolenti</strong></span> <span class='ocrx_word' id='word_1_278' title='bbox 1486 1911 1522 1967; x_wconf 92' lang='lat' dir='ltr'><strong>de</strong></span> <span class='ocrx_word' id='word_1_279' title='bbox 1547 1917 1730 1980; x_wconf 87' lang='lat' dir='ltr'><strong>peccatorum</strong></span> <span class='ocrx_word' id='word_1_280' title='bbox 1756 1923 1820 1964; x_wconf 90' lang='lat' dir='ltr'><strong>suo-</strong></span> 
     </span>
     <span class='ocr_line' id='line_1_21' title="bbox 75 1997 1820 2076; baseline 0.001 -24"><span class='ocrx_word' id='word_1_281' title='bbox 75 1997 234 2067; x_wconf 89' lang='lat' dir='ltr'><strong>consuevit,</strong></span> <span class='ocrx_word' id='word_1_282' title='bbox 251 2005 283 2056; x_wconf 93' lang='lat' dir='ltr'><strong>ut</strong></span> <span class='ocrx_word' id='word_1_283' title='bbox 296 2013 431 2071; x_wconf 88' lang='lat' dir='ltr'><strong>responso</strong></span> <span class='ocrx_word' id='word_1_284' title='bbox 448 2002 560 2073; x_wconf 91' lang='lat' dir='ltr'><strong>proprio</strong></span> <span class='ocrx_word' id='word_1_285' title='bbox 580 2018 647 2061; x_wconf 92' lang='lat' dir='ltr'><strong>cum</strong></span> <span class='ocrx_word' id='word_1_286' title='bbox 662 2018 749 2061; x_wconf 89' lang='lat' dir='ltr'><strong>versu</strong></span> <span class='ocrx_word' id='word_1_287' title='bbox 768 2005 832 2076; x_wconf 88' lang='lat' dir='ltr'><strong>ejus</strong></span> <span class='ocrx_word' id='word_1_288' title='bbox 848 2017 919 2075; x_wconf 82' lang='lat' dir='ltr'><strong>prae-</strong></span> <span class='ocrx_word' id='word_1_289' title='bbox 974 2015 1041 2059; x_wconf 92' lang='lat' dir='ltr'><strong>rum</strong></span> <span class='ocrx_word' id='word_1_290' title='bbox 1054 2013 1149 2056; x_wconf 91' lang='lat' dir='ltr'><strong>errore</strong></span> <span class='ocrx_word' id='word_1_291' title='bbox 1171 2000 1303 2057; x_wconf 83' lang='lat' dir='ltr'><strong>desolatae</strong></span> <span class='ocrx_word' id='word_1_292' title='bbox 1328 2000 1463 2057; x_wconf 88' lang='lat' dir='ltr'><strong>tutiorem</strong></span> <span class='ocrx_word' id='word_1_293' title='bbox 1478 2013 1511 2057; x_wconf 94' lang='lat' dir='ltr'><strong>ac</strong></span> <span class='ocrx_word' id='word_1_294' title='bbox 1535 1999 1725 2055; x_wconf 86' lang='lat' dir='ltr'><strong>salubriorem</strong></span> <span class='ocrx_word' id='word_1_295' title='bbox 1743 1997 1820 2054; x_wconf 87' lang='lat' dir='ltr'><strong>arbi-</strong></span> 
     </span>
     <span class='ocr_line' id='line_1_22' title="bbox 75 2085 1822 2163; baseline 0.001 -21"><span class='ocrx_word' id='word_1_296' title='bbox 75 2085 168 2143; x_wconf 88' lang='lat' dir='ltr'><strong>missis</strong></span> <span class='ocrx_word' id='word_1_297' title='bbox 183 2093 210 2144; x_wconf 90' lang='lat' dir='ltr'><strong>et</strong></span> <span class='ocrx_word' id='word_1_298' title='bbox 224 2086 392 2159; x_wconf 80' lang='lat' dir='ltr'><strong>decantatis,</strong></span> <span class='ocrx_word' id='word_1_299' title='bbox 409 2105 506 2163; x_wconf 86' lang='lat' dir='ltr'><strong>preces</strong></span> <span class='ocrx_word' id='word_1_300' title='bbox 522 2092 566 2149; x_wconf 91' lang='lat' dir='ltr'><strong>bis</strong></span> <span class='ocrx_word' id='word_1_301' title='bbox 584 2100 611 2149; x_wconf 91' lang='lat' dir='ltr'><strong>et</strong></span> <span class='ocrx_word' id='word_1_302' title='bbox 630 2091 776 2150; x_wconf 88' lang='lat' dir='ltr'><strong>collectam</strong></span> <span class='ocrx_word' id='word_1_303' title='bbox 794 2094 821 2149; x_wconf 94' lang='lat' dir='ltr'><strong>in</strong></span> <span class='ocrx_word' id='word_1_304' title='bbox 843 2094 921 2149; x_wconf 88' lang='lat' dir='ltr'><strong>bunc</strong></span> <span class='ocrx_word' id='word_1_305' title='bbox 973 2098 1045 2160; x_wconf 90' lang='lat' dir='ltr'><strong>tror,</strong></span> <span class='ocrx_word' id='word_1_306' title='bbox 1062 2103 1150 2160; x_wconf 89' lang='lat' dir='ltr'><strong>quam</strong></span> <span class='ocrx_word' id='word_1_307' title='bbox 1164 2103 1232 2146; x_wconf 91' lang='lat' dir='ltr'><strong>eum</strong></span> <span class='ocrx_word' id='word_1_308' title='bbox 1256 2089 1306 2160; x_wconf 92' lang='lat' dir='ltr'><strong>qui</strong></span> <span class='ocrx_word' id='word_1_309' title='bbox 1322 2104 1390 2147; x_wconf 90' lang='lat' dir='ltr'><strong>vero</strong></span> <span class='ocrx_word' id='word_1_310' title='bbox 1414 2089 1573 2157; x_wconf 78' lang='lat' dir='ltr'><strong>paracleto,</strong></span> <span class='ocrx_word' id='word_1_311' title='bbox 1593 2088 1621 2144; x_wconf 92' lang='lat' dir='ltr'><strong>id</strong></span> <span class='ocrx_word' id='word_1_312' title='bbox 1636 2095 1678 2144; x_wconf 91' lang='lat' dir='ltr'><strong>est</strong></span> <span class='ocrx_word' id='word_1_313' title='bbox 1693 2086 1822 2144; x_wconf 86' lang='lat' dir='ltr'><strong>consola-</strong></span> 
     </span>
     <span class='ocr_line' id='line_1_23' title="bbox 35 2174 1822 2253; baseline 0 -20"><span class='ocrx_word' id='word_1_314' title='bbox 35 2212 39 2218; x_wconf 87' lang='lat'><strong>·</strong></span> <span class='ocrx_word' id='word_1_315' title='bbox 74 2174 193 2233; x_wconf 92' lang='lat' dir='ltr'><strong>modum</strong></span> <span class='ocrx_word' id='word_1_316' title='bbox 215 2177 413 2252; x_wconf 78' lang='lat' dir='ltr'><strong>subjungeret.</strong></span> <span class='ocrx_word' id='word_1_317' title='bbox 430 2182 608 2253; x_wconf 80' lang='lat' dir='ltr'><strong>Responsum</strong></span> <span class='ocrx_word' id='word_1_318' title='bbox 627 2198 634 2238; x_wconf 92' lang='lat'><strong>:</strong></span> <span class='ocrx_word' id='word_1_319' title='bbox 662 2206 673 2234; x_wconf 86' lang='lat'><strong>‹</strong></span> <span class='ocrx_word' id='word_1_320' title='bbox 696 2183 759 2240; x_wconf 90' lang='lat' dir='ltr'><strong>Non</strong></span> <span class='ocrx_word' id='word_1_321' title='bbox 774 2197 819 2239; x_wconf 93' lang='lat' dir='ltr'><strong>me</strong></span> <span class='ocrx_word' id='word_1_322' title='bbox 842 2183 921 2238; x_wconf 90' lang='lat' dir='ltr'><strong>dere·</strong></span> <span class='ocrx_word' id='word_1_323' title='bbox 974 2180 1029 2238; x_wconf 89' lang='lat' dir='ltr'><strong>tori</strong></span> <span class='ocrx_word' id='word_1_324' title='bbox 1045 2178 1160 2250; x_wconf 91' lang='lat' dir='ltr'><strong>proprie</strong></span> <span class='ocrx_word' id='word_1_325' title='bbox 1175 2186 1358 2235; x_wconf 90' lang='lat' dir='ltr'><strong>consecratus</strong></span> <span class='ocrx_word' id='word_1_326' title='bbox 1374 2186 1426 2245; x_wconf 92' lang='lat' dir='ltr'><strong>est,</strong></span> <span class='ocrx_word' id='word_1_327' title='bbox 1448 2186 1475 2234; x_wconf 90' lang='lat' dir='ltr'><strong>et</strong></span> <span class='ocrx_word' id='word_1_328' title='bbox 1495 2177 1529 2233; x_wconf 89' lang='lat' dir='ltr'><strong>de</strong></span> <span class='ocrx_word' id='word_1_329' title='bbox 1548 2177 1612 2249; x_wconf 85' lang='lat' dir='ltr'><strong>ejus</strong></span> <span class='ocrx_word' id='word_1_330' title='bbox 1626 2176 1742 2233; x_wconf 89' lang='lat' dir='ltr'><strong>nomine</strong></span> <span class='ocrx_word' id='word_1_331' title='bbox 1761 2191 1822 2247; x_wconf 92' lang='lat' dir='ltr'><strong>spe-</strong></span> 
     </span>
     <span class='ocr_line' id='line_1_24' title="bbox 75 2262 1820 2343; baseline -0.001 -22"><span class='ocrx_word' id='word_1_332' title='bbox 75 2262 201 2336; x_wconf 90' lang='lat' dir='ltr'><strong>linquas,</strong></span> <span class='ocrx_word' id='word_1_333' title='bbox 225 2279 278 2323; x_wconf 92' lang='lat' dir='ltr'><strong>nec</strong></span> <span class='ocrx_word' id='word_1_334' title='bbox 301 2268 461 2326; x_wconf 90' lang='lat' dir='ltr'><strong>discedasa</strong></span> <span class='ocrx_word' id='word_1_335' title='bbox 484 2285 539 2339; x_wconf 91' lang='lat' dir='ltr'><strong>me,</strong></span> <span class='ocrx_word' id='word_1_336' title='bbox 565 2271 682 2328; x_wconf 90' lang='lat' dir='ltr'><strong>Domine</strong></span> <span class='ocrx_word' id='word_1_337' title='bbox 702 2272 785 2343; x_wconf 85' lang='lat' dir='ltr'><strong>(Psoi.</strong></span> <span class='ocrx_word' id='word_1_338' title='bbox 808 2285 918 2339; x_wconf 82' lang='lat' dir='ltr'><strong>xxxvii,</strong></span> <span class='ocrx_word' id='word_1_339' title='bbox 974 2267 1265 2338; x_wconf 54' lang='lat' dir='ltr'><strong>cialiter&#39;qiusignitns.</strong></span> <span class='ocrx_word' id='word_1_340' title='bbox 1280 2268 1337 2324; x_wconf 89' lang='lat' dir='ltr'><strong>Neo</strong></span> <span class='ocrx_word' id='word_1_341' title='bbox 1361 2267 1532 2325; x_wconf 73' lang='lat' dir='ltr'><strong>Christianae</strong></span> <span class='ocrx_word' id='word_1_342' title='bbox 1555 2265 1711 2337; x_wconf 74' lang='lat' dir='ltr'><strong>sepulturae</strong></span> <span class='ocrx_word' id='word_1_343' title='bbox 1727 2266 1820 2322; x_wconf 91' lang='lat' dir='ltr'><strong>iocum</strong></span> 
     </span>
     <span class='ocr_line' id='line_1_25' title="bbox 74 2354 1822 2431; baseline 0.001 -23"><span class='ocrx_word' id='word_1_344' title='bbox 74 2354 132 2424; x_wconf 75' lang='lat' dir='ltr'><strong>ii).</strong></span> <span class='ocrx_word' id='word_1_345' title='bbox 151 2372 163 2404; x_wconf 74' lang='lat' dir='ltr'><strong>a</strong></span> <span class='ocrx_word' id='word_1_346' title='bbox 183 2354 401 2414; x_wconf 78' lang='lat' dir='ltr'><strong>Versus:·ln</strong></span> <span class='ocrx_word' id='word_1_347' title='bbox 425 2358 602 2431; x_wconf 73' lang='lat' dir='ltr'><strong>adiutorium</strong></span> <span class='ocrx_word' id='word_1_348' title='bbox 622 2374 719 2417; x_wconf 89' lang='lat' dir='ltr'><strong>meum</strong></span> <span class='ocrx_word' id='word_1_349' title='bbox 742 2374 853 2429; x_wconf 85' lang='lat' dir='ltr'><strong>semper</strong></span> <span class='ocrx_word' id='word_1_350' title='bbox 874 2360 919 2415; x_wconf 92' lang='lat' dir='ltr'><strong>iu·</strong></span> <span class='ocrx_word' id='word_1_351' title='bbox 975 2359 1082 2415; x_wconf 85' lang='lat' dir='ltr'><strong>rectius</strong></span> <span class='ocrx_word' id='word_1_352' title='bbox 1111 2356 1187 2427; x_wconf 88' lang='lat' dir='ltr'><strong>apud</strong></span> <span class='ocrx_word' id='word_1_353' title='bbox 1215 2357 1330 2428; x_wconf 89' lang='lat' dir='ltr'><strong>aliquos</strong></span> <span class='ocrx_word' id='word_1_354' title='bbox 1352 2356 1459 2425; x_wconf 84' lang='lat' dir='ltr'><strong>fideles,</strong></span> <span class='ocrx_word' id='word_1_355' title='bbox 1491 2369 1581 2427; x_wconf 89' lang='lat' dir='ltr'><strong>quam</strong></span> <span class='ocrx_word' id='word_1_356' title='bbox 1603 2354 1681 2426; x_wconf 91' lang='lat' dir='ltr'><strong>apud</strong></span> <span class='ocrx_word' id='word_1_357' title='bbox 1701 2354 1822 2411; x_wconf 83' lang='lat' dir='ltr'><strong>feminas</strong></span> 
     </span>
     <span class='ocr_line' id='line_1_26' title="bbox 74 2442 1820 2520; baseline -0.008 -8"><span class='ocrx_word' id='word_1_358' title='bbox 74 2442 168 2511; x_wconf 91' lang='lat' dir='ltr'><strong>tende,</strong></span> <span class='ocrx_word' id='word_1_359' title='bbox 184 2444 303 2502; x_wconf 76' lang='lat' dir='ltr'><strong>Domine</strong></span> <span class='ocrx_word' id='word_1_360' title='bbox 329 2447 414 2519; x_wconf 85' lang='lat' dir='ltr'><strong>(Psoi.</strong></span> <span class='ocrx_word' id='word_1_361' title='bbox 438 2463 514 2515; x_wconf 83' lang='lat' dir='ltr'><strong>sxrx,</strong></span> <span class='ocrx_word' id='word_1_362' title='bbox 530 2448 566 2520; x_wconf 81' lang='lat' dir='ltr'><strong>l).</strong></span> <span class='ocrx_word' id='word_1_363' title='bbox 593 2449 744 2507; x_wconf 80' lang='lat' dir='ltr'><strong>›Precesz</strong></span> <span class='ocrx_word' id='word_1_364' title='bbox 772 2449 920 2506; x_wconf 76' lang='lat' dir='ltr'><strong>«Salvum</strong></span> <span class='ocrx_word' id='word_1_365' title='bbox 974 2445 1087 2504; x_wconf 87' lang='lat' dir='ltr'><strong>Christo</strong></span> <span class='ocrx_word' id='word_1_366' title='bbox 1112 2445 1229 2502; x_wconf 90' lang='lat' dir='ltr'><strong>devotas</strong></span> <span class='ocrx_word' id='word_1_367' title='bbox 1246 2445 1400 2503; x_wconf 90' lang='lat' dir='ltr'><strong>consistere</strong></span> <span class='ocrx_word' id='word_1_368' title='bbox 1429 2444 1628 2513; x_wconf 68' lang='lat' dir='ltr'><strong>censentium</strong></span> <span class='ocrx_word' id='word_1_369' title='bbox 1650 2443 1684 2500; x_wconf 94' lang='lat' dir='ltr'><strong>de</strong></span> <span class='ocrx_word' id='word_1_370' title='bbox 1708 2443 1820 2499; x_wconf 90' lang='lat' dir='ltr'><strong>Domini</strong></span> 
     </span>
     <span class='ocr_line' id='line_1_27' title="bbox 75 2531 1821 2609; baseline -0.001 -21"><span class='ocrx_word' id='word_1_371' title='bbox 75 2531 120 2589; x_wconf 87' lang='lat' dir='ltr'><strong>lac</strong></span> <span class='ocrx_word' id='word_1_372' title='bbox 130 2545 247 2590; x_wconf 90' lang='lat' dir='ltr'><strong>servum</strong></span> <span class='ocrx_word' id='word_1_373' title='bbox 263 2541 358 2603; x_wconf 89' lang='lat' dir='ltr'><strong>tuum,</strong></span> <span class='ocrx_word' id='word_1_374' title='bbox 375 2538 450 2593; x_wconf 86' lang='lat' dir='ltr'><strong>Deus</strong></span> <span class='ocrx_word' id='word_1_375' title='bbox 466 2551 557 2602; x_wconf 83' lang='lat' dir='ltr'><strong>meus,</strong></span> <span class='ocrx_word' id='word_1_376' title='bbox 574 2546 735 2609; x_wconf 88' lang='lat' dir='ltr'><strong>sperantem</strong></span> <span class='ocrx_word' id='word_1_377' title='bbox 756 2539 785 2595; x_wconf 92' lang='lat' dir='ltr'><strong>iu</strong></span> <span class='ocrx_word' id='word_1_378' title='bbox 805 2547 840 2596; x_wconf 86' lang='lat' dir='ltr'><strong>te.</strong></span> <span class='ocrx_word' id='word_1_379' title='bbox 863 2540 921 2594; x_wconf 89' lang='lat' dir='ltr'><strong>Du·</strong></span> <span class='ocrx_word' id='word_1_380' title='bbox 974 2535 1041 2591; x_wconf 81' lang='lat' dir='ltr'><strong>iesu</strong></span> <span class='ocrx_word' id='word_1_381' title='bbox 1064 2532 1169 2590; x_wconf 89' lang='lat' dir='ltr'><strong>Christi</strong></span> <span class='ocrx_word' id='word_1_382' title='bbox 1190 2533 1341 2604; x_wconf 90' lang='lat' dir='ltr'><strong>sepultura</strong></span> <span class='ocrx_word' id='word_1_383' title='bbox 1364 2532 1492 2590; x_wconf 87' lang='lat' dir='ltr'><strong>sollicitae</strong></span> <span class='ocrx_word' id='word_1_384' title='bbox 1511 2533 1609 2603; x_wconf 84' lang='lat' dir='ltr'><strong>(blara</strong></span> <span class='ocrx_word' id='word_1_385' title='bbox 1630 2546 1689 2601; x_wconf 83' lang='lat' dir='ltr'><strong>xvi,</strong></span> <span class='ocrx_word' id='word_1_386' title='bbox 1708 2535 1743 2600; x_wconf 91' lang='lat' dir='ltr'><strong>i),</strong></span> <span class='ocrx_word' id='word_1_387' title='bbox 1759 2545 1821 2587; x_wconf 87' lang='lat' dir='ltr'><strong>earn</strong></span> 
     </span>
     <span class='ocr_line' id='line_1_28' title="bbox 17 2620 1823 2695; baseline 0.008 -20"><span class='ocrx_word' id='word_1_388' title='bbox 17 2685 21 2694; x_wconf 77' lang='lat'><strong>.</strong></span> <span class='ocrx_word' id='word_1_389' title='bbox 75 2620 152 2677; x_wconf 92' lang='lat' dir='ltr'><strong>mine</strong></span> <span class='ocrx_word' id='word_1_390' title='bbox 173 2623 281 2680; x_wconf 90' lang='lat' dir='ltr'><strong>exaudi</strong></span> <span class='ocrx_word' id='word_1_391' title='bbox 307 2625 464 2682; x_wconf 90' lang='lat' dir='ltr'><strong>orationem</strong></span> <span class='ocrx_word' id='word_1_392' title='bbox 480 2641 584 2694; x_wconf 89' lang='lat' dir='ltr'><strong>meam,</strong></span> <span class='ocrx_word' id='word_1_393' title='bbox 610 2635 637 2685; x_wconf 93' lang='lat' dir='ltr'><strong>et</strong></span> <span class='ocrx_word' id='word_1_394' title='bbox 659 2628 769 2686; x_wconf 92' lang='lat' dir='ltr'><strong>clamor</strong></span> <span class='ocrx_word' id='word_1_395' title='bbox 788 2642 869 2686; x_wconf 90' lang='lat' dir='ltr'><strong>meus</strong></span> <span class='ocrx_word' id='word_1_396' title='bbox 885 2629 921 2686; x_wconf 89' lang='lat' dir='ltr'><strong>ad</strong></span> <span class='ocrx_word' id='word_1_397' title='bbox 975 2622 1132 2695; x_wconf 88' lang='lat' dir='ltr'><strong>unguentis</strong></span> <span class='ocrx_word' id='word_1_398' title='bbox 1157 2621 1296 2692; x_wconf 81' lang='lat' dir='ltr'><strong>pretiosis,</strong></span> <span class='ocrx_word' id='word_1_399' title='bbox 1328 2628 1356 2677; x_wconf 91' lang='lat' dir='ltr'><strong>et</strong></span> <span class='ocrx_word' id='word_1_400' title='bbox 1383 2629 1586 2693; x_wconf 85' lang='lat' dir='ltr'><strong>praevenerunt</strong></span> <span class='ocrx_word' id='word_1_401' title='bbox 1611 2628 1637 2677; x_wconf 91' lang='lat' dir='ltr'><strong>et</strong></span> <span class='ocrx_word' id='word_1_402' title='bbox 1660 2620 1823 2677; x_wconf 68' lang='lat' dir='ltr'><strong>iubissiuiae</strong></span> 
     </span>
     <span class='ocr_line' id='line_1_29' title="bbox 73 2709 1821 2790; baseline -0.001 -24"><span class='ocrx_word' id='word_1_403' title='bbox 73 2717 101 2767; x_wconf 93' lang='lat' dir='ltr'><strong>te</strong></span> <span class='ocrx_word' id='word_1_404' title='bbox 126 2711 224 2768; x_wconf 90' lang='lat' dir='ltr'><strong>veniat</strong></span> <span class='ocrx_word' id='word_1_405' title='bbox 258 2714 339 2779; x_wconf 83' lang='lat' dir='ltr'><strong>(Psoi.</strong></span> <span class='ocrx_word' id='word_1_406' title='bbox 370 2730 405 2784; x_wconf 86' lang='lat' dir='ltr'><strong>av,</strong></span> <span class='ocrx_word' id='word_1_407' title='bbox 439 2715 478 2785; x_wconf 71' lang='lat' dir='ltr'><strong>a).</strong></span> <span class='ocrx_word' id='word_1_408' title='bbox 509 2739 522 2767; x_wconf 72' lang='lat' dir='ltr'><strong>s</strong></span> <span class='ocrx_word' id='word_1_409' title='bbox 553 2716 650 2775; x_wconf 86' lang='lat' dir='ltr'><strong>oratic</strong></span> <span class='ocrx_word' id='word_1_410' title='bbox 680 2718 728 2790; x_wconf 86' lang='lat' dir='ltr'><strong>[at.</strong></span> <span class='ocrx_word' id='word_1_411' title='bbox 762 2718 918 2789; x_wconf 87' lang='lat' dir='ltr'><strong>Oramus]:</strong></span> <span class='ocrx_word' id='word_1_412' title='bbox 974 2717 1054 2781; x_wconf 92' lang='lat' dir='ltr'><strong>sunt,</strong></span> <span class='ocrx_word' id='word_1_413' title='bbox 1077 2717 1106 2767; x_wconf 90' lang='lat' dir='ltr'><strong>et</strong></span> <span class='ocrx_word' id='word_1_414' title='bbox 1124 2711 1200 2767; x_wconf 88' lang='lat' dir='ltr'><strong>circa</strong></span> <span class='ocrx_word' id='word_1_415' title='bbox 1215 2710 1279 2783; x_wconf 85' lang='lat' dir='ltr'><strong>ejus</strong></span> <span class='ocrx_word' id='word_1_416' title='bbox 1292 2710 1457 2781; x_wconf 90' lang='lat' dir='ltr'><strong>sepulcrum</strong></span> <span class='ocrx_word' id='word_1_417' title='bbox 1476 2710 1602 2768; x_wconf 88' lang='lat' dir='ltr'><strong>studiose</strong></span> <span class='ocrx_word' id='word_1_418' title='bbox 1617 2709 1782 2782; x_wconf 85' lang='lat' dir='ltr'><strong>vigilantes,</strong></span> <span class='ocrx_word' id='word_1_419' title='bbox 1796 2715 1821 2764; x_wconf 92' lang='lat' dir='ltr'><strong>et</strong></span> 
     </span>
     <span class='ocr_line' id='line_1_30' title="bbox 77 2800 1822 2876; baseline 0.001 -20"><span class='ocrx_word' id='word_1_420' title='bbox 77 2800 181 2858; x_wconf 83' lang='lat' dir='ltr'><strong>«Deus</strong></span> <span class='ocrx_word' id='word_1_421' title='bbox 202 2802 254 2873; x_wconf 92' lang='lat' dir='ltr'><strong>qui</strong></span> <span class='ocrx_word' id='word_1_422' title='bbox 278 2818 328 2875; x_wconf 87' lang='lat' dir='ltr'><strong>per</strong></span> <span class='ocrx_word' id='word_1_423' title='bbox 348 2807 496 2863; x_wconf 88' lang='lat' dir='ltr'><strong>servulum</strong></span> <span class='ocrx_word' id='word_1_424' title='bbox 519 2813 603 2864; x_wconf 90' lang='lat' dir='ltr'><strong>tuum</strong></span> <span class='ocrx_word' id='word_1_425' title='bbox 627 2806 780 2863; x_wconf 90' lang='lat' dir='ltr'><strong>ancillulas</strong></span> <span class='ocrx_word' id='word_1_426' title='bbox 802 2814 866 2862; x_wconf 87' lang='lat' dir='ltr'><strong>tuas</strong></span> <span class='ocrx_word' id='word_1_427' title='bbox 892 2808 920 2862; x_wconf 95' lang='lat' dir='ltr'><strong>in</strong></span> <span class='ocrx_word' id='word_1_428' title='bbox 974 2805 1072 2876; x_wconf 89' lang='lat' dir='ltr'><strong>sponsi</strong></span> <span class='ocrx_word' id='word_1_429' title='bbox 1088 2811 1206 2861; x_wconf 89' lang='lat' dir='ltr'><strong>mortem</strong></span> <span class='ocrx_word' id='word_1_430' title='bbox 1222 2804 1446 2876; x_wconf 84' lang='lat' dir='ltr'><strong>lacrymabiliter</strong></span> <span class='ocrx_word' id='word_1_431' title='bbox 1460 2804 1637 2876; x_wconf 85' lang='lat' dir='ltr'><strong>plangentes,</strong></span> <span class='ocrx_word' id='word_1_432' title='bbox 1659 2802 1734 2859; x_wconf 89' lang='lat' dir='ltr'><strong>sieut</strong></span> <span class='ocrx_word' id='word_1_433' title='bbox 1749 2801 1822 2857; x_wconf 89' lang='lat' dir='ltr'><strong>scri·</strong></span> 
     </span>
     <span class='ocr_line' id='line_1_31' title="bbox 75 2887 1820 2966; baseline 0.002 -22"><span class='ocrx_word' id='word_1_434' title='bbox 75 2887 191 2946; x_wconf 91' lang='lat' dir='ltr'><strong>nomine</strong></span> <span class='ocrx_word' id='word_1_435' title='bbox 206 2897 256 2947; x_wconf 89' lang='lat' dir='ltr'><strong>tuo</strong></span> <span class='ocrx_word' id='word_1_436' title='bbox 270 2892 407 2964; x_wconf 90' lang='lat' dir='ltr'><strong>dignatus</strong></span> <span class='ocrx_word' id='word_1_437' title='bbox 419 2909 449 2950; x_wconf 94' lang='lat' dir='ltr'><strong>es</strong></span> <span class='ocrx_word' id='word_1_438' title='bbox 462 2908 630 2966; x_wconf 83' lang='lat' dir='ltr'><strong>aggregare,</strong></span> <span class='ocrx_word' id='word_1_439' title='bbox 647 2901 673 2950; x_wconf 90' lang='lat' dir='ltr'><strong>te</strong></span> <span class='ocrx_word' id='word_1_440' title='bbox 693 2908 873 2966; x_wconf 80' lang='lat' dir='ltr'><strong>quaesumus,</strong></span> <span class='ocrx_word' id='word_1_441' title='bbox 889 2901 921 2952; x_wconf 92' lang='lat' dir='ltr'><strong>ut</strong></span> <span class='ocrx_word' id='word_1_442' title='bbox 975 2902 1054 2965; x_wconf 94' lang='lat' dir='ltr'><strong>ptum</strong></span> <span class='ocrx_word' id='word_1_443' title='bbox 1070 2901 1128 2951; x_wconf 88' lang='lat' dir='ltr'><strong>est:</strong></span> <span class='ocrx_word' id='word_1_444' title='bbox 1158 2916 1172 2943; x_wconf 92' lang='lat'>«</span> <span class='ocrx_word' id='word_1_445' title='bbox 1190 2893 1334 2950; x_wconf 84' lang='lat' dir='ltr'><strong>Mollieres</strong></span> <span class='ocrx_word' id='word_1_446' title='bbox 1349 2893 1477 2950; x_wconf 90' lang='lat' dir='ltr'><strong>sedentes</strong></span> <span class='ocrx_word' id='word_1_447' title='bbox 1491 2893 1526 2949; x_wconf 94' lang='lat' dir='ltr'><strong>ad</strong></span> <span class='ocrx_word' id='word_1_448' title='bbox 1542 2899 1763 2950; x_wconf 88' lang='lat' dir='ltr'><strong>monumentum</strong></span> <span class='ocrx_word' id='word_1_449' title='bbox 1780 2891 1820 2947; x_wconf 92' lang='lat' dir='ltr'><strong>ia·</strong></span> 
     </span>
     <span class='ocr_line' id='line_1_32' title="bbox 74 2973 1821 3054; baseline -0.001 -22"><span class='ocrx_word' id='word_1_450' title='bbox 74 2983 134 3033; x_wconf 91' lang='lat' dir='ltr'><strong>tam</strong></span> <span class='ocrx_word' id='word_1_451' title='bbox 148 2976 200 3049; x_wconf 90' lang='lat' dir='ltr'><strong>ipsi</strong></span> <span class='ocrx_word' id='word_1_452' title='bbox 224 2994 324 3051; x_wconf 41' lang='lat' dir='ltr'><strong>quam„</strong></span> <span class='ocrx_word' id='word_1_453' title='bbox 336 2982 419 3037; x_wconf 90' lang='lat' dir='ltr'><strong>nobis</strong></span> <span class='ocrx_word' id='word_1_454' title='bbox 434 2983 463 3039; x_wconf 91' lang='lat' dir='ltr'><strong>in</strong></span> <span class='ocrx_word' id='word_1_455' title='bbox 479 2992 528 3039; x_wconf 88' lang='lat' dir='ltr'><strong>tua</strong></span> <span class='ocrx_word' id='word_1_456' title='bbox 544 2982 655 3040; x_wconf 89' lang='lat' dir='ltr'><strong>tribuas</strong></span> <span class='ocrx_word' id='word_1_457' title='bbox 670 2997 853 3054; x_wconf 89' lang='lat' dir='ltr'><strong>perseverare</strong></span> <span class='ocrx_word' id='word_1_458' title='bbox 869 2999 919 3041; x_wconf 91' lang='lat' dir='ltr'><strong>vo·</strong></span> <span class='ocrx_word' id='word_1_459' title='bbox 936 2973 957 3028; x_wconf 81' lang='lat' dir='ltr'>C</span> <span class='ocrx_word' id='word_1_460' title='bbox 975 2983 1180 3041; x_wconf 89' lang='lat' dir='ltr'><strong>mentabnntur</strong></span> <span class='ocrx_word' id='word_1_461' title='bbox 1194 2983 1295 3041; x_wconf 87' lang='lat' dir='ltr'><strong>dentes</strong></span> <span class='ocrx_word' id='word_1_462' title='bbox 1317 2983 1471 3039; x_wconf 90' lang='lat' dir='ltr'><strong>Dominum</strong></span> <span class='ocrx_word' id='word_1_463' title='bbox 1495 2982 1606 3053; x_wconf 72' lang='lat' dir='ltr'><strong>(Metti.</strong></span> <span class='ocrx_word' id='word_1_464' title='bbox 1633 2997 1717 3049; x_wconf 87' lang='lat' dir='ltr'><strong>xxvn,</strong></span> <span class='ocrx_word' id='word_1_465' title='bbox 1734 2979 1790 3050; x_wconf 78' lang='lat' dir='ltr'><strong>di).</strong></span> <span class='ocrx_word' id='word_1_466' title='bbox 1808 3002 1821 3030; x_wconf 70' lang='lat' dir='ltr'><strong>n</strong></span> 
     </span>
     <span class='ocr_line' id='line_1_33' title="bbox 74 3064 1822 3144; baseline 0.002 -23"><span class='ocrx_word' id='word_1_467' title='bbox 74 3064 194 3123; x_wconf 88' lang='lat' dir='ltr'><strong>luntate.</strong></span> <span class='ocrx_word' id='word_1_468' title='bbox 220 3067 274 3124; x_wconf 91' lang='lat' dir='ltr'><strong>Per</strong></span> <span class='ocrx_word' id='word_1_469' title='bbox 287 3068 451 3135; x_wconf 86' lang='lat' dir='ltr'><strong>Dominum,</strong></span> <span class='ocrx_word' id='word_1_470' title='bbox 480 3078 561 3128; x_wconf 70' lang='lat' dir='ltr'><strong>nete.</strong></span> <span class='ocrx_word' id='word_1_471' title='bbox 586 3071 671 3128; x_wconf 88' lang='lat' dir='ltr'><strong>Nunc</strong></span> <span class='ocrx_word' id='word_1_472' title='bbox 693 3078 789 3128; x_wconf 90' lang='lat' dir='ltr'><strong>autern</strong></span> <span class='ocrx_word' id='word_1_473' title='bbox 809 3072 919 3129; x_wconf 90' lang='lat' dir='ltr'><strong>absenti</strong></span> <span class='ocrx_word' id='word_1_474' title='bbox 974 3073 1069 3130; x_wconf 89' lang='lat' dir='ltr'><strong>Primo</strong></span> <span class='ocrx_word' id='word_1_475' title='bbox 1093 3071 1198 3129; x_wconf 91' lang='lat' dir='ltr'><strong>ibidem</strong></span> <span class='ocrx_word' id='word_1_476' title='bbox 1221 3072 1256 3128; x_wconf 89' lang='lat' dir='ltr'><strong>de</strong></span> <span class='ocrx_word' id='word_1_477' title='bbox 1273 3073 1483 3129; x_wconf 90' lang='lat' dir='ltr'><strong>resurrectione</strong></span> <span class='ocrx_word' id='word_1_478' title='bbox 1497 3074 1560 3143; x_wconf 85' lang='lat' dir='ltr'><strong>ejus</strong></span> <span class='ocrx_word' id='word_1_479' title='bbox 1582 3071 1712 3144; x_wconf 90' lang='lat' dir='ltr'><strong>angelica</strong></span> <span class='ocrx_word' id='word_1_480' title='bbox 1732 3084 1822 3140; x_wconf 90' lang='lat' dir='ltr'><strong>appa-</strong></span> 
     </span>
     <span class='ocr_line' id='line_1_34' title="bbox 74 3156 1825 3238; baseline 0.003 -29"><span class='ocrx_word' id='word_1_481' title='bbox 74 3156 146 3210; x_wconf 90' lang='lat' dir='ltr'><strong>mibi</strong></span> <span class='ocrx_word' id='word_1_482' title='bbox 167 3162 246 3212; x_wconf 92' lang='lat' dir='ltr'><strong>tanto</strong></span> <span class='ocrx_word' id='word_1_483' title='bbox 266 3157 389 3227; x_wconf 91' lang='lat' dir='ltr'><strong>amplius</strong></span> <span class='ocrx_word' id='word_1_484' title='bbox 414 3159 578 3216; x_wconf 91' lang='lat' dir='ltr'><strong>orationum</strong></span> <span class='ocrx_word' id='word_1_485' title='bbox 597 3168 761 3218; x_wconf 88' lang='lat' dir='ltr'><strong>vestrarum</strong></span> <span class='ocrx_word' id='word_1_486' title='bbox 783 3177 856 3232; x_wconf 92' lang='lat' dir='ltr'><strong>opus</strong></span> <span class='ocrx_word' id='word_1_487' title='bbox 878 3169 920 3219; x_wconf 92' lang='lat' dir='ltr'><strong>est</strong></span> <span class='ocrx_word' id='word_1_488' title='bbox 975 3162 1076 3219; x_wconf 90' lang='lat' dir='ltr'><strong>ritione</strong></span> <span class='ocrx_word' id='word_1_489' title='bbox 1095 3168 1123 3217; x_wconf 90' lang='lat' dir='ltr'><strong>et</strong></span> <span class='ocrx_word' id='word_1_490' title='bbox 1137 3160 1311 3238; x_wconf 83' lang='lat' dir='ltr'><strong>allocutione</strong></span> <span class='ocrx_word' id='word_1_491' title='bbox 1333 3167 1402 3218; x_wconf 90' lang='lat' dir='ltr'><strong>sunt</strong></span> <span class='ocrx_word' id='word_1_492' title='bbox 1426 3161 1588 3227; x_wconf 77' lang='lat' dir='ltr'><strong>consolatae,</strong></span> <span class='ocrx_word' id='word_1_493' title='bbox 1615 3167 1643 3217; x_wconf 93' lang='lat' dir='ltr'><strong>et</strong></span> <span class='ocrx_word' id='word_1_494' title='bbox 1663 3160 1760 3217; x_wconf 90' lang='lat' dir='ltr'><strong>statim</strong></span> <span class='ocrx_word' id='word_1_495' title='bbox 1785 3160 1825 3229; x_wconf 83' lang='lat' dir='ltr'><strong>ip</strong></span> 
     </span>
     <span class='ocr_line' id='line_1_35' title="bbox 74 3242 1822 3322; baseline 0.002 -22"><span class='ocrx_word' id='word_1_496' title='bbox 74 3242 224 3315; x_wconf 89' lang='lat' dir='ltr'><strong>suliragio,</strong></span> <span class='ocrx_word' id='word_1_497' title='bbox 255 3253 364 3316; x_wconf 88' lang='lat' dir='ltr'><strong>quanto</strong></span> <span class='ocrx_word' id='word_1_498' title='bbox 391 3248 506 3320; x_wconf 89' lang='lat' dir='ltr'><strong>majoris</strong></span> <span class='ocrx_word' id='word_1_499' title='bbox 535 3247 680 3307; x_wconf 86' lang='lat' dir='ltr'><strong>anxietate</strong></span> <span class='ocrx_word' id='word_1_500' title='bbox 708 3252 827 3321; x_wconf 86' lang='lat' dir='ltr'><strong>periculi</strong></span> <span class='ocrx_word' id='word_1_501' title='bbox 851 3266 938 3307; x_wconf 89' lang='lat' dir='ltr'><strong>con-.</strong></span> <span class='ocrx_word' id='word_1_502' title='bbox 974 3251 1034 3306; x_wconf 89' lang='lat' dir='ltr'><strong>sius</strong></span> <span class='ocrx_word' id='word_1_503' title='bbox 1062 3250 1281 3307; x_wconf 85' lang='lat' dir='ltr'><strong>resurrectionis</strong></span> <span class='ocrx_word' id='word_1_504' title='bbox 1309 3250 1428 3322; x_wconf 84' lang='lat' dir='ltr'><strong>gaudia,</strong></span> <span class='ocrx_word' id='word_1_505' title='bbox 1458 3264 1491 3306; x_wconf 89' lang='lat' dir='ltr'><strong>eo</strong></span> <span class='ocrx_word' id='word_1_506' title='bbox 1521 3250 1565 3306; x_wconf 90' lang='lat' dir='ltr'><strong>bis</strong></span> <span class='ocrx_word' id='word_1_507' title='bbox 1591 3249 1632 3305; x_wconf 92' lang='lat' dir='ltr'><strong>eis</strong></span> <span class='ocrx_word' id='word_1_508' title='bbox 1656 3255 1822 3319; x_wconf 83' lang='lat' dir='ltr'><strong>apparente,</strong></span> 
     </span>
     <span class='ocr_line' id='line_1_36' title="bbox 74 3332 1823 3411; baseline 0.002 -22"><span class='ocrx_word' id='word_1_509' title='bbox 74 3332 210 3404; x_wconf 86' lang='lat' dir='ltr'><strong>stringor.</strong></span> <span class='ocrx_word' id='word_1_510' title='bbox 234 3332 427 3404; x_wconf 84' lang='lat' dir='ltr'><strong>supplicando</strong></span> <span class='ocrx_word' id='word_1_511' title='bbox 448 3337 547 3411; x_wconf 91' lang='lat' dir='ltr'><strong>itaque</strong></span> <span class='ocrx_word' id='word_1_512' title='bbox 567 3339 689 3409; x_wconf 81' lang='lat' dir='ltr'><strong>postulo.</strong></span> <span class='ocrx_word' id='word_1_513' title='bbox 706 3347 733 3396; x_wconf 92' lang='lat' dir='ltr'><strong>et</strong></span> <span class='ocrx_word' id='word_1_514' title='bbox 749 3340 919 3411; x_wconf 84' lang='lat' dir='ltr'><strong>postulando</strong></span> <span class='ocrx_word' id='word_1_515' title='bbox 975 3340 1118 3410; x_wconf 90' lang='lat' dir='ltr'><strong>percipere</strong></span> <span class='ocrx_word' id='word_1_516' title='bbox 1140 3345 1317 3404; x_wconf 83' lang='lat' dir='ltr'><strong>meruerunt,</strong></span> <span class='ocrx_word' id='word_1_517' title='bbox 1331 3349 1359 3395; x_wconf 93' lang='lat' dir='ltr'><strong>et</strong></span> <span class='ocrx_word' id='word_1_518' title='bbox 1382 3336 1518 3395; x_wconf 89' lang='lat' dir='ltr'><strong>manibus</strong></span> <span class='ocrx_word' id='word_1_519' title='bbox 1536 3345 1722 3395; x_wconf 87' lang='lat' dir='ltr'><strong>contrectare.</strong></span> <span class='ocrx_word' id='word_1_520' title='bbox 1748 3336 1823 3393; x_wconf 92' lang='lat' dir='ltr'><strong>illud</strong></span> 
     </span>
     <span class='ocr_line' id='line_1_37' title="bbox 74 3421 1824 3501; baseline 0.002 -23"><span class='ocrx_word' id='word_1_521' title='bbox 74 3421 214 3492; x_wconf 89' lang='lat' dir='ltr'><strong>supplico,</strong></span> <span class='ocrx_word' id='word_1_522' title='bbox 239 3432 385 3496; x_wconf 90' lang='lat' dir='ltr'><strong>quatenus</strong></span> <span class='ocrx_word' id='word_1_523' title='bbox 400 3427 544 3499; x_wconf 78' lang='lat' dir='ltr'><strong>precipue</strong></span> <span class='ocrx_word' id='word_1_524' title='bbox 567 3443 647 3486; x_wconf 90' lang='lat' dir='ltr'><strong>nunc</strong></span> <span class='ocrx_word' id='word_1_525' title='bbox 663 3428 765 3486; x_wconf 87' lang='lat' dir='ltr'><strong>absens</strong></span> <span class='ocrx_word' id='word_1_526' title='bbox 785 3431 920 3501; x_wconf 86' lang='lat' dir='ltr'><strong>experiar</strong></span> <span class='ocrx_word' id='word_1_527' title='bbox 973 3435 1071 3485; x_wconf 88' lang='lat' dir='ltr'><strong>autern</strong></span> <span class='ocrx_word' id='word_1_528' title='bbox 1095 3428 1211 3484; x_wconf 89' lang='lat' dir='ltr'><strong>demum</strong></span> <span class='ocrx_word' id='word_1_529' title='bbox 1231 3427 1437 3498; x_wconf 89' lang='lat' dir='ltr'><strong>superomnia</strong></span> <span class='ocrx_word' id='word_1_530' title='bbox 1460 3426 1583 3497; x_wconf 91' lang='lat' dir='ltr'><strong>postulo,</strong></span> <span class='ocrx_word' id='word_1_531' title='bbox 1600 3434 1632 3481; x_wconf 91' lang='lat' dir='ltr'><strong>ut</strong></span> <span class='ocrx_word' id='word_1_532' title='bbox 1656 3440 1723 3496; x_wconf 79' lang='lat' dir='ltr'><strong>quae</strong></span> <span class='ocrx_word' id='word_1_533' title='bbox 1743 3440 1824 3481; x_wconf 94' lang='lat' dir='ltr'><strong>nunc</strong></span> 
     </span>
     <span class='ocr_line' id='line_1_38' title="bbox 74 3513 1824 3589; baseline 0.001 -21"><span class='ocrx_word' id='word_1_534' title='bbox 74 3524 163 3582; x_wconf 88' lang='lat' dir='ltr'><strong>quam</strong></span> <span class='ocrx_word' id='word_1_535' title='bbox 185 3527 254 3570; x_wconf 91' lang='lat' dir='ltr'><strong>vera</strong></span> <span class='ocrx_word' id='word_1_536' title='bbox 268 3514 394 3572; x_wconf 88' lang='lat' dir='ltr'><strong>ebaritas</strong></span> <span class='ocrx_word' id='word_1_537' title='bbox 408 3523 503 3572; x_wconf 91' lang='lat' dir='ltr'><strong>vestra</strong></span> <span class='ocrx_word' id='word_1_538' title='bbox 518 3531 587 3589; x_wconf 91' lang='lat' dir='ltr'><strong>erga</strong></span> <span class='ocrx_word' id='word_1_539' title='bbox 606 3518 752 3574; x_wconf 90' lang='lat' dir='ltr'><strong>absentem</strong></span> <span class='ocrx_word' id='word_1_540' title='bbox 768 3518 918 3585; x_wconf 90' lang='lat' dir='ltr'><strong>exstiterit,</strong></span> <span class='ocrx_word' id='word_1_541' title='bbox 974 3518 1009 3573; x_wconf 91' lang='lat' dir='ltr'><strong>de</strong></span> <span class='ocrx_word' id='word_1_542' title='bbox 1031 3515 1158 3588; x_wconf 86' lang='lat' dir='ltr'><strong>corporis</strong></span> <span class='ocrx_word' id='word_1_543' title='bbox 1172 3515 1228 3572; x_wconf 89' lang='lat' dir='ltr'><strong>mei</strong></span> <span class='ocrx_word' id='word_1_544' title='bbox 1260 3514 1388 3586; x_wconf 86' lang='lat' dir='ltr'><strong>periculo</strong></span> <span class='ocrx_word' id='word_1_545' title='bbox 1413 3515 1503 3572; x_wconf 91' lang='lat' dir='ltr'><strong>nimia</strong></span> <span class='ocrx_word' id='word_1_546' title='bbox 1527 3514 1720 3572; x_wconf 89' lang='lat' dir='ltr'><strong>sollicitudine</strong></span> <span class='ocrx_word' id='word_1_547' title='bbox 1746 3513 1824 3570; x_wconf 90' lang='lat' dir='ltr'><strong>labo-</strong></span> 
     </span>
     <span class='ocr_line' id='line_1_39' title="bbox 74 3601 1822 3678; baseline 0.002 -21"><span class='ocrx_word' id='word_1_548' title='bbox 74 3601 342 3674; x_wconf 83' lang='lat' dir='ltr'><strong>singulisvidelicet</strong></span> <span class='ocrx_word' id='word_1_549' title='bbox 360 3604 439 3661; x_wconf 90' lang='lat' dir='ltr'><strong>boris</strong></span> <span class='ocrx_word' id='word_1_550' title='bbox 460 3605 829 3676; x_wconf 88' lang='lat' dir='ltr'><strong>expletisbunaorationis</strong></span> <span class='ocrx_word' id='word_1_551' title='bbox 854 3622 918 3678; x_wconf 92' lang='lat' dir='ltr'><strong>pro·</strong></span> <span class='ocrx_word' id='word_1_552' title='bbox 973 3605 1053 3672; x_wconf 88' lang='lat' dir='ltr'><strong>ratis,</strong></span> <span class='ocrx_word' id='word_1_553' title='bbox 1081 3606 1158 3675; x_wconf 70' lang='lat' dir='ltr'><strong>{tuna</strong></span> <span class='ocrx_word' id='word_1_554' title='bbox 1190 3603 1334 3675; x_wconf 73' lang='lat' dir='ltr'><strong>praecipue</strong></span> <span class='ocrx_word' id='word_1_555' title='bbox 1363 3605 1397 3660; x_wconf 92' lang='lat' dir='ltr'><strong>de</strong></span> <span class='ocrx_word' id='word_1_556' title='bbox 1430 3604 1524 3662; x_wconf 89' lang='lat' dir='ltr'><strong>salute</strong></span> <span class='ocrx_word' id='word_1_557' title='bbox 1552 3605 1655 3660; x_wconf 83' lang='lat' dir='ltr'><strong>animae</strong></span> <span class='ocrx_word' id='word_1_558' title='bbox 1682 3603 1822 3670; x_wconf 86' lang='lat' dir='ltr'><strong>sollicitae,</strong></span> 
     </span>
     <span class='ocr_line' id='line_1_40' title="bbox 73 3690 1822 3768; baseline 0.002 -23"><span class='ocrx_word' id='word_1_559' title='bbox 73 3690 144 3761; x_wconf 81' lang='lat' dir='ltr'><strong>prim</strong></span> <span class='ocrx_word' id='word_1_560' title='bbox 158 3691 275 3748; x_wconf 90' lang='lat' dir='ltr'><strong>modum</strong></span> <span class='ocrx_word' id='word_1_561' title='bbox 299 3692 462 3750; x_wconf 89' lang='lat' dir='ltr'><strong>adnectens.</strong></span> <span class='ocrx_word' id='word_1_562' title='bbox 489 3695 686 3768; x_wconf 62' lang='lat' dir='ltr'><strong>Responsuml:</strong></span> <span class='ocrx_word' id='word_1_563' title='bbox 713 3695 783 3753; x_wconf 90' lang='lat' dir='ltr'><strong>«Ne</strong></span> <span class='ocrx_word' id='word_1_564' title='bbox 800 3696 919 3754; x_wconf 89' lang='lat' dir='ltr'><strong>derelin-</strong></span> <span class='ocrx_word' id='word_1_565' title='bbox 974 3701 1118 3766; x_wconf 90' lang='lat' dir='ltr'><strong>quantum</strong></span> <span class='ocrx_word' id='word_1_566' title='bbox 1150 3692 1307 3751; x_wconf 81' lang='lat' dir='ltr'><strong>dilexeritis</strong></span> <span class='ocrx_word' id='word_1_567' title='bbox 1342 3693 1441 3751; x_wconf 83' lang='lat' dir='ltr'><strong>virum</strong></span> <span class='ocrx_word' id='word_1_568' title='bbox 1478 3692 1639 3751; x_wconf 82' lang='lat' dir='ltr'><strong>exhibeatis</strong></span> <span class='ocrx_word' id='word_1_569' title='bbox 1675 3693 1822 3762; x_wconf 88' lang='lat' dir='ltr'><strong>deiuncto,</strong></span> 
     </span>
     <span class='ocr_line' id='line_1_41' title="bbox 74 3780 1822 3855; baseline 0.002 -20"><span class='ocrx_word' id='word_1_570' title='bbox 74 3792 150 3851; x_wconf 90' lang='lat' dir='ltr'><strong>quas</strong></span> <span class='ocrx_word' id='word_1_571' title='bbox 164 3794 218 3847; x_wconf 85' lang='lat' dir='ltr'><strong>nie,</strong></span> <span class='ocrx_word' id='word_1_572' title='bbox 238 3780 367 3851; x_wconf 90' lang='lat' dir='ltr'><strong>Domine,</strong></span> <span class='ocrx_word' id='word_1_573' title='bbox 384 3789 465 3852; x_wconf 90' lang='lat' dir='ltr'><strong>pater</strong></span> <span class='ocrx_word' id='word_1_574' title='bbox 479 3789 506 3839; x_wconf 89' lang='lat' dir='ltr'><strong>et</strong></span> <span class='ocrx_word' id='word_1_575' title='bbox 521 3783 683 3841; x_wconf 88' lang='lat' dir='ltr'><strong>dominator</strong></span> <span class='ocrx_word' id='word_1_576' title='bbox 697 3785 773 3854; x_wconf 87' lang='lat' dir='ltr'><strong>vitae,</strong></span> <span class='ocrx_word' id='word_1_577' title='bbox 791 3799 871 3852; x_wconf 86' lang='lat' dir='ltr'><strong>mese,</strong></span> <span class='ocrx_word' id='word_1_578' title='bbox 888 3794 920 3844; x_wconf 91' lang='lat' dir='ltr'><strong>ut</strong></span> <span class='ocrx_word' id='word_1_579' title='bbox 973 3783 1138 3841; x_wconf 91' lang='lat' dir='ltr'><strong>orationum</strong></span> <span class='ocrx_word' id='word_1_580' title='bbox 1158 3782 1292 3841; x_wconf 90' lang='lat' dir='ltr'><strong>videlieet</strong></span> <span class='ocrx_word' id='word_1_581' title='bbox 1312 3791 1478 3841; x_wconf 90' lang='lat' dir='ltr'><strong>vestrarum</strong></span> <span class='ocrx_word' id='word_1_582' title='bbox 1503 3780 1618 3855; x_wconf 91' lang='lat' dir='ltr'><strong>speciali</strong></span> <span class='ocrx_word' id='word_1_583' title='bbox 1640 3782 1767 3854; x_wconf 91' lang='lat' dir='ltr'><strong>quodam</strong></span> <span class='ocrx_word' id='word_1_584' title='bbox 1795 3789 1822 3838; x_wconf 90' lang='lat' dir='ltr'><strong>et</strong></span> 
     </span>
     <span class='ocr_line' id='line_1_42' title="bbox 73 3868 1253 3946; baseline 0.007 -25"><span class='ocrx_word' id='word_1_585' title='bbox 73 3880 132 3923; x_wconf 91' lang='lat' dir='ltr'><strong>non</strong></span> <span class='ocrx_word' id='word_1_586' title='bbox 146 3880 280 3923; x_wconf 87' lang='lat' dir='ltr'><strong>corruam</strong></span> <span class='ocrx_word' id='word_1_587' title='bbox 296 3868 324 3923; x_wconf 93' lang='lat' dir='ltr'><strong>in</strong></span> <span class='ocrx_word' id='word_1_588' title='bbox 344 3876 498 3940; x_wconf 89' lang='lat' dir='ltr'><strong>conspectu</strong></span> <span class='ocrx_word' id='word_1_589' title='bbox 515 3870 749 3930; x_wconf 90' lang='lat' dir='ltr'><strong>adversariorum</strong></span> <span class='ocrx_word' id='word_1_590' title='bbox 765 3887 894 3930; x_wconf 89' lang='lat' dir='ltr'><strong>meorum</strong></span> <span class='ocrx_word' id='word_1_591' title='bbox 911 3890 917 3927; x_wconf 93' lang='lat'><strong>:</strong></span> <span class='ocrx_word' id='word_1_592' title='bbox 972 3872 1090 3944; x_wconf 91' lang='lat' dir='ltr'><strong>proprio</strong></span> <span class='ocrx_word' id='word_1_593' title='bbox 1104 3871 1253 3946; x_wconf 74' lang='lat' dir='ltr'><strong>suffragio.</strong></span> 
     </span>
    </p>

    <p class='ocr_par' dir='ltr' id='par_1_3' title="bbox 73 3957 1823 4212">
     <span class='ocr_line' id='line_1_43' title="bbox 74 3957 1750 4041; baseline 0.004 -29"><span class='ocrx_word' id='word_1_594' title='bbox 74 3970 110 4012; x_wconf 90' lang='lat' dir='ltr'><strong>ne</strong></span> <span class='ocrx_word' id='word_1_595' title='bbox 132 3957 257 4029; x_wconf 85' lang='lat' dir='ltr'><strong>gaudeat</strong></span> <span class='ocrx_word' id='word_1_596' title='bbox 272 3957 306 4013; x_wconf 91' lang='lat' dir='ltr'><strong>de</strong></span> <span class='ocrx_word' id='word_1_597' title='bbox 321 3971 365 4014; x_wconf 91' lang='lat' dir='ltr'><strong>me</strong></span> <span class='ocrx_word' id='word_1_598' title='bbox 381 3958 516 4017; x_wconf 88' lang='lat' dir='ltr'><strong>inimicus</strong></span> <span class='ocrx_word' id='word_1_599' title='bbox 532 3976 613 4018; x_wconf 90' lang='lat' dir='ltr'><strong>meus</strong></span> <span class='ocrx_word' id='word_1_600' title='bbox 628 3961 724 4032; x_wconf 76' lang='lat' dir='ltr'><strong>(ticeli.</strong></span> <span class='ocrx_word' id='word_1_601' title='bbox 740 3977 821 4030; x_wconf 83' lang='lat' dir='ltr'><strong>xxiii,</strong></span> <span class='ocrx_word' id='word_1_602' title='bbox 848 3964 884 4032; x_wconf 75' lang='lat' dir='ltr'><strong>ii.</strong></span> <span class='ocrx_word' id='word_1_603' title='bbox 905 3981 917 4011; x_wconf 81' lang='grc' dir='ltr'>ι</span> <span class='ocrx_word' id='word_1_604' title='bbox 997 3961 1090 4041; x_wconf 69' lang='lat' dir='ltr'><strong>Vive,</strong></span> <span class='ocrx_word' id='word_1_605' title='bbox 1110 3962 1184 4030; x_wconf 90' lang='lat' dir='ltr'><strong>vale,</strong></span> <span class='ocrx_word' id='word_1_606' title='bbox 1201 3963 1362 4034; x_wconf 89' lang='lat' dir='ltr'><strong>vivantque</strong></span> <span class='ocrx_word' id='word_1_607' title='bbox 1377 3969 1435 4020; x_wconf 83' lang='lat' dir='ltr'><strong>tua</strong></span> <span class='ocrx_word' id='word_1_608' title='bbox 1449 3961 1625 4033; x_wconf 88' lang='lat' dir='ltr'><strong>valeantque</strong></span> <span class='ocrx_word' id='word_1_609' title='bbox 1638 3975 1750 4018; x_wconf 89' lang='lat' dir='ltr'><strong>sorores</strong></span> 
     </span>
     <span class='ocr_line' id='line_1_44' title="bbox 73 4043 1823 4124; baseline 0.004 -24"><span class='ocrx_word' id='word_1_610' title='bbox 73 4043 199 4101; x_wconf 86' lang='lat' dir='ltr'><strong>Versus:</strong></span> <span class='ocrx_word' id='word_1_611' title='bbox 220 4046 406 4117; x_wconf 84' lang='lat' dir='ltr'><strong>apprehende</strong></span> <span class='ocrx_word' id='word_1_612' title='bbox 432 4062 513 4105; x_wconf 84' lang='lat' dir='ltr'><strong>arura</strong></span> <span class='ocrx_word' id='word_1_613' title='bbox 541 4058 568 4107; x_wconf 91' lang='lat' dir='ltr'><strong>et</strong></span> <span class='ocrx_word' id='word_1_614' title='bbox 585 4051 717 4123; x_wconf 70' lang='lat' dir='ltr'><strong>[scutum</strong></span> <span class='ocrx_word' id='word_1_615' title='bbox 743 4058 770 4107; x_wconf 91' lang='lat' dir='ltr'><strong>et</strong></span> <span class='ocrx_word' id='word_1_616' title='bbox 795 4064 920 4122; x_wconf 88' lang='lat' dir='ltr'><strong>exsurge</strong></span> <span class='ocrx_word' id='word_1_617' title='bbox 1009 4048 1115 4119; x_wconf 81' lang='lat' dir='ltr'><strong>vivire,</strong></span> <span class='ocrx_word' id='word_1_618' title='bbox 1131 4051 1180 4108; x_wconf 89' lang='lat' dir='ltr'><strong>sed</strong></span> <span class='ocrx_word' id='word_1_619' title='bbox 1195 4051 1371 4124; x_wconf 78' lang='lat' dir='ltr'><strong>Christolal.</strong></span> <span class='ocrx_word' id='word_1_620' title='bbox 1396 4051 1533 4124; x_wconf 76' lang='lat' dir='ltr'><strong>Dominol,</strong></span> <span class='ocrx_word' id='word_1_621' title='bbox 1558 4066 1665 4124; x_wconf 86' lang='lat' dir='ltr'><strong>quaeso,</strong></span> <span class='ocrx_word' id='word_1_622' title='bbox 1694 4051 1748 4105; x_wconf 91' lang='lat' dir='ltr'><strong>mei</strong></span> <span class='ocrx_word' id='word_1_623' title='bbox 1765 4065 1823 4107; x_wconf 90' lang='lat' dir='ltr'><strong>me·</strong></span> 
     </span>
     <span class='ocr_line' id='line_1_45' title="bbox 74 4133 1768 4212; baseline 0.003 -23"><span class='ocrx_word' id='word_1_624' title='bbox 74 4133 104 4189; x_wconf 93' lang='lat' dir='ltr'><strong>in</strong></span> <span class='ocrx_word' id='word_1_625' title='bbox 117 4134 295 4206; x_wconf 91' lang='lat' dir='ltr'><strong>adjutorium</strong></span> <span class='ocrx_word' id='word_1_626' title='bbox 316 4136 396 4194; x_wconf 88' lang='lat' dir='ltr'><strong>mibi.</strong></span> <span class='ocrx_word' id='word_1_627' title='bbox 414 4137 456 4195; x_wconf 82' lang='lat' dir='ltr'><strong>lle</strong></span> <span class='ocrx_word' id='word_1_628' title='bbox 474 4139 599 4211; x_wconf 85' lang='lat' dir='ltr'><strong>gaudeat</strong></span> <span class='ocrx_word' id='word_1_629' title='bbox 619 4139 708 4212; x_wconf 86' lang='lat' dir='ltr'><strong>(Psoi.</strong></span> <span class='ocrx_word' id='word_1_630' title='bbox 732 4156 822 4209; x_wconf 80' lang='lat' dir='ltr'><strong>xxxiv,</strong></span> <span class='ocrx_word' id='word_1_631' title='bbox 847 4141 881 4211; x_wconf 83' lang='lat' dir='ltr'><strong>l).</strong></span> <span class='ocrx_word' id='word_1_632' title='bbox 904 4161 919 4190; x_wconf 88' lang='lat'>»</span> <span class='ocrx_word' id='word_1_633' title='bbox 1179 4152 1180 4156; x_wconf 46' lang='lat'>¹</span> <span class='ocrx_word' id='word_1_634' title='bbox 1654 4139 1768 4212; x_wconf 86' lang='lat' dir='ltr'><strong>[mores.</strong></span> 
     </span>
    </p>
   </div>
   <div class='ocr_carea' id='block_1_3' title="bbox 805 4382 1088 4452">
    <p class='ocr_par' dir='ltr' id='par_1_4' title="bbox 805 4382 1088 4452">
     <span class='ocr_line' id='line_1_46' title="bbox 805 4382 1088 4452; baseline 0.014 -4"><span class='ocrx_word' id='word_1_635' title='bbox 805 4382 1007 4452; x_wconf 71' lang='lat' dir='ltr'><strong>uersauit</strong></span> <span class='ocrx_word' id='word_1_636' title='bbox 1032 4383 1088 4452; x_wconf 85' lang='lat' dir='ltr'><strong>lv.</strong></span> 
     </span>
    </p>
   </div>
   <div class='ocr_carea' id='block_1_4' title="bbox 560 4526 1332 4614">
    <p class='ocr_par' dir='ltr' id='par_1_5' title="bbox 560 4526 1332 4614">
     <span class='ocr_line' id='line_1_47' title="bbox 560 4526 1332 4614; baseline -0.001 -20"><span class='ocrx_word' id='word_1_637' title='bbox 560 4526 641 4605; x_wconf 80' lang='lat' dir='ltr'><strong>oue</strong></span> <span class='ocrx_word' id='word_1_638' title='bbox 658 4531 712 4594; x_wconf 87' lang='lat' dir='ltr'><strong>est</strong></span> <span class='ocrx_word' id='word_1_639' title='bbox 727 4530 931 4614; x_wconf 88' lang='lat' dir='ltr'><strong>rescriptum</strong></span> <span class='ocrx_word' id='word_1_640' title='bbox 942 4529 1107 4596; x_wconf 81' lang='lat' dir='ltr'><strong>Heloissae</strong></span> <span class='ocrx_word' id='word_1_641' title='bbox 1122 4529 1165 4594; x_wconf 93' lang='lat' dir='ltr'><strong>ad</strong></span> <span class='ocrx_word' id='word_1_642' title='bbox 1182 4527 1332 4594; x_wconf 85' lang='lat' dir='ltr'><strong>Petrum.</strong></span> 
     </span>
    </p>
   </div>
   <div class='ocr_carea' id='block_1_5' title="bbox 63 4773 1823 5346">
    <p class='ocr_par' dir='ltr' id='par_1_6' title="bbox 63 4773 1823 5346">
     <span class='ocr_line' id='line_1_48' title="bbox 108 4773 1818 4850; baseline -0.002 -19"><span class='ocrx_word' id='word_1_643' title='bbox 108 4777 311 4832; x_wconf 74' lang='lat' dir='ltr'><strong>decursarunt.</strong></span> <span class='ocrx_word' id='word_1_644' title='bbox 332 4775 472 4840; x_wconf 84' lang='lat' dir='ltr'><strong>-Pleno,</strong></span> <span class='ocrx_word' id='word_1_645' title='bbox 496 4774 654 4844; x_wconf 82' lang='lat' dir='ltr'><strong>planctibus</strong></span> <span class='ocrx_word' id='word_1_646' title='bbox 668 4779 695 4831; x_wconf 88' lang='lat' dir='ltr'><strong>et</strong></span> <span class='ocrx_word' id='word_1_647' title='bbox 713 4776 851 4835; x_wconf 87' lang='lat' dir='ltr'><strong>doloribus</strong></span> <span class='ocrx_word' id='word_1_648' title='bbox 867 4784 907 4835; x_wconf 88' lang='lat' dir='ltr'><strong>est</strong></span> <span class='ocrx_word' id='word_1_649' title='bbox 928 4778 1053 4850; x_wconf 69' lang='lat' dir='ltr'><strong>epbtola.</strong></span> <span class='ocrx_word' id='word_1_650' title='bbox 1070 4775 1180 4844; x_wconf 86' lang='lat' dir='ltr'><strong>Planqit</strong></span> <span class='ocrx_word' id='word_1_651' title='bbox 1194 4776 1267 4829; x_wconf 85' lang='lat' dir='ltr'><strong>enim</strong></span> <span class='ocrx_word' id='word_1_652' title='bbox 1290 4773 1417 4831; x_wconf 84' lang='lat' dir='ltr'><strong>Heleissa</strong></span> <span class='ocrx_word' id='word_1_653' title='bbox 1429 4777 1553 4842; x_wconf 85' lang='lat' dir='ltr'><strong>etenum,</strong></span> <span class='ocrx_word' id='word_1_654' title='bbox 1576 4777 1602 4830; x_wconf 88' lang='lat' dir='ltr'><strong>el</strong></span> <span class='ocrx_word' id='word_1_655' title='bbox 1623 4776 1818 4830; x_wconf 75' lang='lat' dir='ltr'><strong>monacharum</strong></span> 
     </span>
     <span class='ocr_line' id='line_1_49' title="bbox 71 4846 1823 4917; baseline -0.002 -15"><span class='ocrx_word' id='word_1_656' title='bbox 71 4862 195 4912; x_wconf 74' lang='lat' dir='ltr'><strong>suarum,</strong></span> <span class='ocrx_word' id='word_1_657' title='bbox 226 4851 307 4916; x_wconf 83' lang='lat' dir='ltr'><strong>atque</strong></span> <span class='ocrx_word' id='word_1_658' title='bbox 339 4848 429 4915; x_wconf 85' lang='lat' dir='ltr'><strong>ipsius</strong></span> <span class='ocrx_word' id='word_1_659' title='bbox 461 4846 601 4901; x_wconf 82' lang='lat' dir='ltr'><strong>Abaelardi</strong></span> <span class='ocrx_word' id='word_1_660' title='bbox 626 4850 755 4902; x_wconf 84' lang='lat' dir='ltr'><strong>miseram</strong></span> <span class='ocrx_word' id='word_1_661' title='bbox 791 4849 981 4917; x_wconf 85' lang='lat' dir='ltr'><strong>conditionem,</strong></span> <span class='ocrx_word' id='word_1_662' title='bbox 1018 4850 1130 4915; x_wconf 85' lang='lat' dir='ltr'><strong>accepta</strong></span> <span class='ocrx_word' id='word_1_663' title='bbox 1160 4848 1288 4916; x_wconf 84' lang='lat' dir='ltr'><strong>planatus</strong></span> <span class='ocrx_word' id='word_1_664' title='bbox 1315 4848 1452 4902; x_wconf 85' lang='lat' dir='ltr'><strong>occasione</strong></span> <span class='ocrx_word' id='word_1_665' title='bbox 1484 4863 1518 4901; x_wconf 82' lang='lat' dir='ltr'><strong>en</strong></span> <span class='ocrx_word' id='word_1_666' title='bbox 1554 4851 1692 4916; x_wconf 82' lang='lat' dir='ltr'><strong>postrema</strong></span> <span class='ocrx_word' id='word_1_667' title='bbox 1723 4860 1823 4915; x_wconf 78' lang='lat' dir='ltr'><strong>prace-</strong></span> 
     </span>
     <span class='ocr_line' id='line_1_50' title="bbox 71 4917 1816 4989; baseline -0.002 -17"><span class='ocrx_word' id='word_1_668' title='bbox 71 4918 160 4972; x_wconf 87' lang='lat' dir='ltr'><strong>dentis</strong></span> <span class='ocrx_word' id='word_1_669' title='bbox 181 4919 300 4985; x_wconf 77' lang='lat' dir='ltr'><strong>epistota</strong></span> <span class='ocrx_word' id='word_1_670' title='bbox 345 4923 412 4984; x_wconf 88' lang='lat' dir='ltr'><strong>arte,</strong></span> <span class='ocrx_word' id='word_1_671' title='bbox 438 4917 539 4972; x_wconf 79' lang='lat' dir='ltr'><strong>rabide</strong></span> <span class='ocrx_word' id='word_1_672' title='bbox 561 4932 612 4973; x_wconf 89' lang='lat' dir='ltr'><strong>sua</strong></span> <span class='ocrx_word' id='word_1_673' title='bbox 635 4934 670 4973; x_wconf 80' lang='lat' dir='ltr'><strong>ea·</strong></span> <span class='ocrx_word' id='word_1_674' title='bbox 685 4919 734 4974; x_wconf 87' lang='lat' dir='ltr'><strong>baa</strong></span> <span class='ocrx_word' id='word_1_675' title='bbox 756 4922 815 4974; x_wconf 86' lang='lat' dir='ltr'><strong>nita</strong></span> <span class='ocrx_word' id='word_1_676' title='bbox 830 4923 992 4989; x_wconf 77' lang='lat' dir='ltr'><strong>migratione</strong></span> <span class='ocrx_word' id='word_1_677' title='bbox 1009 4919 1132 4974; x_wconf 84' lang='lat' dir='ltr'><strong>meminit</strong></span> <span class='ocrx_word' id='word_1_678' title='bbox 1150 4917 1322 4973; x_wconf 79' lang='lat' dir='ltr'><strong>Abaelardus.</strong></span> <span class='ocrx_word' id='word_1_679' title='bbox 1347 4919 1442 4974; x_wconf 83' lang='lat' dir='ltr'><strong>blattis</strong></span> <span class='ocrx_word' id='word_1_680' title='bbox 1465 4919 1554 4972; x_wconf 86' lang='lat' dir='ltr'><strong>utitur</strong></span> <span class='ocrx_word' id='word_1_681' title='bbox 1577 4917 1731 4986; x_wconf 68' lang='lat' dir='ltr'><strong>affectibus,</strong></span> <span class='ocrx_word' id='word_1_682' title='bbox 1749 4917 1816 4984; x_wconf 84' lang='lat' dir='ltr'><strong>qui-</strong></span> 
     </span>
     <span class='ocr_line' id='line_1_51' title="bbox 74 4989 1813 5061; baseline -0.002 -17"><span class='ocrx_word' id='word_1_683' title='bbox 74 4989 123 5044; x_wconf 85' lang='lat' dir='ltr'><strong>bua</strong></span> <span class='ocrx_word' id='word_1_684' title='bbox 148 4989 269 5042; x_wconf 87' lang='lat' dir='ltr'><strong>lectorem</strong></span> <span class='ocrx_word' id='word_1_685' title='bbox 295 5004 312 5041; x_wconf 92' lang='lat' dir='ltr'><strong>a</strong></span> <span class='ocrx_word' id='word_1_686' title='bbox 354 4991 564 5058; x_wconf 85' lang='lat' dir='ltr'><strong>compassionem</strong></span> <span class='ocrx_word' id='word_1_687' title='bbox 586 5004 698 5046; x_wconf 85' lang='lat' dir='ltr'><strong>suarum</strong></span> <span class='ocrx_word' id='word_1_688' title='bbox 722 4995 748 5045; x_wconf 86' lang='lat' dir='ltr'><strong>et</strong></span> <span class='ocrx_word' id='word_1_689' title='bbox 773 4991 915 5058; x_wconf 64' lang='lat' dir='ltr'><strong>abelardi</strong></span> <span class='ocrx_word' id='word_1_690' title='bbox 936 4996 1033 5057; x_wconf 87' lang='lat' dir='ltr'><strong>mouet,</strong></span> <span class='ocrx_word' id='word_1_691' title='bbox 1055 4993 1086 5044; x_wconf 84' lang='lat' dir='ltr'><strong>ut</strong></span> <span class='ocrx_word' id='word_1_692' title='bbox 1109 4991 1181 5056; x_wconf 69' lang='lat' dir='ltr'><strong>torte</strong></span> <span class='ocrx_word' id='word_1_693' title='bbox 1208 4992 1291 5045; x_wconf 83' lang='lat' dir='ltr'><strong>etiem</strong></span> <span class='ocrx_word' id='word_1_694' title='bbox 1316 4990 1454 5061; x_wconf 79' lang='lat' dir='ltr'><strong>lacrymas</strong></span> <span class='ocrx_word' id='word_1_695' title='bbox 1484 4991 1617 5042; x_wconf 71' lang='lat' dir='ltr'><strong>excutiat.</strong></span> <span class='ocrx_word' id='word_1_696' title='bbox 1651 4989 1760 5055; x_wconf 83' lang='lat' dir='ltr'><strong>Planqit</strong></span> <span class='ocrx_word' id='word_1_697' title='bbox 1788 4994 1813 5041; x_wconf 90' lang='lat' dir='ltr'><strong>et</strong></span> 
     </span>
     <span class='ocr_line' id='line_1_52' title="bbox 71 5057 1822 5133; baseline -0.002 -18"><span class='ocrx_word' id='word_1_698' title='bbox 71 5061 158 5130; x_wconf 82' lang='lat' dir='ltr'><strong>ipsius</strong></span> <span class='ocrx_word' id='word_1_699' title='bbox 178 5057 319 5113; x_wconf 75' lang='lat' dir='ltr'><strong>ribaimdi</strong></span> <span class='ocrx_word' id='word_1_700' title='bbox 342 5061 465 5129; x_wconf 78' lang='lat' dir='ltr'><strong>pmqam.</strong></span> <span class='ocrx_word' id='word_1_701' title='bbox 486 5062 574 5115; x_wconf 83' lang='lat' dir='ltr'><strong>linita</strong></span> <span class='ocrx_word' id='word_1_702' title='bbox 601 5064 683 5116; x_wconf 87' lang='lat' dir='ltr'><strong>etiam</strong></span> <span class='ocrx_word' id='word_1_703' title='bbox 708 5061 741 5116; x_wconf 85' lang='lat' dir='ltr'><strong>de</strong></span> <span class='ocrx_word' id='word_1_704' title='bbox 767 5065 837 5132; x_wconf 89' lang='lat' dir='ltr'><strong>ipsis</strong></span> <span class='ocrx_word' id='word_1_705' title='bbox 856 5069 885 5119; x_wconf 86' lang='lat' dir='ltr'><strong>in</strong></span> <span class='ocrx_word' id='word_1_706' title='bbox 904 5077 1013 5133; x_wconf 86' lang='lat' dir='ltr'><strong>corpore</strong></span> <span class='ocrx_word' id='word_1_707' title='bbox 1044 5062 1201 5117; x_wconf 85' lang='lat' dir='ltr'><strong>carnalibus</strong></span> <span class='ocrx_word' id='word_1_708' title='bbox 1230 5061 1373 5116; x_wconf 85' lang='lat' dir='ltr'><strong>desideriis</strong></span> <span class='ocrx_word' id='word_1_709' title='bbox 1400 5059 1643 5123; x_wconf 85' lang='lat' dir='ltr'><strong>inardescentibus,</strong></span> <span class='ocrx_word' id='word_1_710' title='bbox 1669 5075 1730 5129; x_wconf 78' lang='lat' dir='ltr'><strong>qua</strong></span> <span class='ocrx_word' id='word_1_711' title='bbox 1763 5059 1822 5113; x_wconf 88' lang='lat' dir='ltr'><strong>uli·</strong></span> 
     </span>
     <span class='ocr_line' id='line_1_53' title="bbox 74 5129 1819 5206; baseline 0.001 -21"><span class='ocrx_word' id='word_1_712' title='bbox 74 5129 182 5201; x_wconf 87' lang='lat' dir='ltr'><strong>quando</strong></span> <span class='ocrx_word' id='word_1_713' title='bbox 210 5144 270 5184; x_wconf 88' lang='lat' dir='ltr'><strong>eum</strong></span> <span class='ocrx_word' id='word_1_714' title='bbox 296 5131 356 5199; x_wconf 88' lang='lat' dir='ltr'><strong>ipsu</strong></span> <span class='ocrx_word' id='word_1_715' title='bbox 384 5136 498 5200; x_wconf 78' lang='lat' dir='ltr'><strong>experta</strong></span> <span class='ocrx_word' id='word_1_716' title='bbox 522 5132 788 5203; x_wconf 72' lang='lat' dir='ltr'><strong>fumatfdbaeiordo,</strong></span> <span class='ocrx_word' id='word_1_717' title='bbox 814 5136 998 5206; x_wconf 84' lang='lat' dir='ltr'><strong>conqueritur.</strong></span> <span class='ocrx_word' id='word_1_718' title='bbox 1025 5132 1141 5188; x_wconf 87' lang='lat' dir='ltr'><strong>Proinde</strong></span> <span class='ocrx_word' id='word_1_719' title='bbox 1163 5134 1323 5188; x_wconf 78' lang='lat' dir='ltr'><strong>anteriorem</strong></span> <span class='ocrx_word' id='word_1_720' title='bbox 1348 5137 1374 5187; x_wconf 90' lang='lat' dir='ltr'><strong>et</strong></span> <span class='ocrx_word' id='word_1_721' title='bbox 1403 5134 1528 5186; x_wconf 83' lang='lat' dir='ltr'><strong>aeriam</strong></span> <span class='ocrx_word' id='word_1_722' title='bbox 1551 5131 1709 5198; x_wconf 85' lang='lat' dir='ltr'><strong>religionem</strong></span> <span class='ocrx_word' id='word_1_723' title='bbox 1737 5146 1819 5186; x_wconf 86' lang='lat' dir='ltr'><strong>suam</strong></span> 
     </span>
     <span class='ocr_line' id='line_1_54' title="bbox 72 5200 1818 5277; baseline 0.001 -20"><span class='ocrx_word' id='word_1_724' title='bbox 72 5217 126 5257; x_wconf 86' lang='lat' dir='ltr'><strong>nan</strong></span> <span class='ocrx_word' id='word_1_725' title='bbox 153 5203 299 5268; x_wconf 84' lang='lat' dir='ltr'><strong>inacnqrue</strong></span> <span class='ocrx_word' id='word_1_726' title='bbox 325 5203 465 5269; x_wconf 77' lang='lat' dir='ltr'><strong>extenuat,</strong></span> <span class='ocrx_word' id='word_1_727' title='bbox 491 5217 525 5261; x_wconf 88' lang='lat' dir='ltr'><strong>ac</strong></span> <span class='ocrx_word' id='word_1_728' title='bbox 554 5204 631 5259; x_wconf 88' lang='lat' dir='ltr'><strong>illam</strong></span> <span class='ocrx_word' id='word_1_729' title='bbox 653 5206 825 5262; x_wconf 84' lang='lat' dir='ltr'><strong>simulationi</strong></span> <span class='ocrx_word' id='word_1_730' title='bbox 849 5211 942 5277; x_wconf 83' lang='lat' dir='ltr'><strong>petius</strong></span> <span class='ocrx_word' id='word_1_731' title='bbox 970 5219 1053 5275; x_wconf 88' lang='lat' dir='ltr'><strong>quam</strong></span> <span class='ocrx_word' id='word_1_732' title='bbox 1074 5201 1174 5274; x_wconf 87' lang='lat' dir='ltr'><strong>pietati</strong></span> <span class='ocrx_word' id='word_1_733' title='bbox 1188 5204 1322 5271; x_wconf 88' lang='lat' dir='ltr'><strong>ascribit;</strong></span> <span class='ocrx_word' id='word_1_734' title='bbox 1355 5217 1383 5258; x_wconf 88' lang='lat' dir='ltr'><strong>se</strong></span> <span class='ocrx_word' id='word_1_735' title='bbox 1434 5200 1548 5258; x_wconf 80' lang='lat' dir='ltr'><strong>belardi</strong></span> <span class='ocrx_word' id='word_1_736' title='bbox 1573 5203 1620 5258; x_wconf 86' lang='lat' dir='ltr'><strong>sui</strong></span> <span class='ocrx_word' id='word_1_737' title='bbox 1645 5202 1818 5259; x_wconf 88' lang='lat' dir='ltr'><strong>orationibus</strong></span> 
     </span>
     <span class='ocr_line' id='line_1_55' title="bbox 63 5271 848 5346; baseline 0.005 -18"><span class='ocrx_word' id='word_1_738' title='bbox 63 5276 80 5346; x_wconf 83' lang='lat' dir='ltr'><strong><em>j</em></strong></span> <span class='ocrx_word' id='word_1_739' title='bbox 87 5275 169 5328; x_wconf 83' lang='lat' dir='ltr'><strong>avari</strong></span> <span class='ocrx_word' id='word_1_740' title='bbox 178 5271 309 5342; x_wconf 77' lang='lat' dir='ltr'><strong>postulm,</strong></span> <span class='ocrx_word' id='word_1_741' title='bbox 320 5277 402 5340; x_wconf 83' lang='lat' dir='ltr'><strong>atque</strong></span> <span class='ocrx_word' id='word_1_742' title='bbox 413 5287 478 5328; x_wconf 83' lang='lat' dir='ltr'><strong>snas</strong></span> <span class='ocrx_word' id='word_1_743' title='bbox 492 5274 586 5331; x_wconf 83' lang='lat' dir='ltr'><strong>laudes</strong></span> <span class='ocrx_word' id='word_1_744' title='bbox 599 5276 738 5332; x_wconf 81' lang='lat' dir='ltr'><strong>lumiliter</strong></span> <span class='ocrx_word' id='word_1_745' title='bbox 747 5277 848 5346; x_wconf 81' lang='lat' dir='ltr'><strong>rejicit.</strong></span> 
     </span>
    </p>
   </div>
   <div class='ocr_carea' id='block_1_6' title="bbox 111 5456 1823 5643">
    <p class='ocr_par' dir='ltr' id='par_1_7' title="bbox 111 5456 1823 5643">
     <span class='ocr_line' id='line_1_56' title="bbox 111 5456 1823 5552; baseline -0.002 -18"><span class='ocrx_word' id='word_1_746' title='bbox 111 5474 201 5534; x_wconf 90' lang='lat' dir='ltr'><strong>Unico</strong></span> <span class='ocrx_word' id='word_1_747' title='bbox 215 5489 269 5533; x_wconf 87' lang='lat' dir='ltr'><strong>sno</strong></span> <span class='ocrx_word' id='word_1_748' title='bbox 280 5481 344 5548; x_wconf 87' lang='lat' dir='ltr'><strong>post</strong></span> <span class='ocrx_word' id='word_1_749' title='bbox 359 5473 504 5534; x_wconf 88' lang='lat' dir='ltr'><strong>Christum</strong></span> <span class='ocrx_word' id='word_1_750' title='bbox 517 5477 605 5535; x_wconf 89' lang='lat' dir='ltr'><strong>unica</strong></span> <span class='ocrx_word' id='word_1_751' title='bbox 615 5493 669 5536; x_wconf 89' lang='lat' dir='ltr'><strong>sua</strong></span> <span class='ocrx_word' id='word_1_752' title='bbox 682 5479 713 5537; x_wconf 90' lang='lat' dir='ltr'><strong>in</strong></span> <span class='ocrx_word' id='word_1_753' title='bbox 727 5477 850 5537; x_wconf 87' lang='lat' dir='ltr'><strong>Christo.</strong></span> <span class='ocrx_word' id='word_1_754' title='bbox 936 5474 960 5531; x_wconf 94' lang='lat' dir='ltr'><strong>D</strong></span> <span class='ocrx_word' id='word_1_755' title='bbox 974 5472 1173 5552; x_wconf 88' lang='lat' dir='ltr'><strong>epistolarum,</strong></span> <span class='ocrx_word' id='word_1_756' title='bbox 1188 5475 1246 5536; x_wconf 90' lang='lat' dir='ltr'><strong>imo</strong></span> <span class='ocrx_word' id='word_1_757' title='bbox 1266 5482 1368 5537; x_wconf 87' lang='lat' dir='ltr'><strong>eontra</strong></span> <span class='ocrx_word' id='word_1_758' title='bbox 1389 5456 1483 5548; x_wconf 87' lang='lat' dir='ltr'><strong>ipsum</strong></span> <span class='ocrx_word' id='word_1_759' title='bbox 1502 5474 1634 5532; x_wconf 90' lang='lat' dir='ltr'><strong>ordinem</strong></span> <span class='ocrx_word' id='word_1_760' title='bbox 1657 5474 1823 5531; x_wconf 89' lang='lat' dir='ltr'><strong>naturalem</strong></span> 
     </span>
     <span class='ocr_line' id='line_1_57' title="bbox 119 5563 1823 5643; baseline -0.002 -20"><span class='ocrx_word' id='word_1_761' title='bbox 119 5565 218 5638; x_wconf 87' lang='lat' dir='ltr'><strong>liiror,</strong></span> <span class='ocrx_word' id='word_1_762' title='bbox 243 5565 328 5626; x_wconf 88' lang='lat' dir='ltr'><strong>unice</strong></span> <span class='ocrx_word' id='word_1_763' title='bbox 345 5579 436 5636; x_wconf 79' lang='lat' dir='ltr'><strong>mem,</strong></span> <span class='ocrx_word' id='word_1_764' title='bbox 464 5566 542 5639; x_wconf 92' lang='lat' dir='ltr'><strong>quod</strong></span> <span class='ocrx_word' id='word_1_765' title='bbox 556 5575 658 5640; x_wconf 83' lang='lat' dir='ltr'><strong>preter</strong></span> <span class='ocrx_word' id='word_1_766' title='bbox 680 5567 919 5628; x_wconf 84' lang='lat' dir='ltr'><strong>consuetudinem</strong></span> <span class='ocrx_word' id='word_1_767' title='bbox 973 5582 1084 5643; x_wconf 88' lang='lat' dir='ltr'><strong>rerum,</strong></span> <span class='ocrx_word' id='word_1_768' title='bbox 1102 5567 1134 5627; x_wconf 91' lang='lat' dir='ltr'><strong>iu</strong></span> <span class='ocrx_word' id='word_1_769' title='bbox 1164 5566 1228 5641; x_wconf 91' lang='lat' dir='ltr'><strong>ipsa</strong></span> <span class='ocrx_word' id='word_1_770' title='bbox 1250 5564 1345 5627; x_wconf 83' lang='lat' dir='ltr'><strong>trente</strong></span> <span class='ocrx_word' id='word_1_771' title='bbox 1372 5564 1552 5626; x_wconf 79' lang='lat' dir='ltr'><strong>saluntionis</strong></span> <span class='ocrx_word' id='word_1_772' title='bbox 1586 5563 1746 5636; x_wconf 89' lang='lat' dir='ltr'><strong>epistolaris</strong></span> <span class='ocrx_word' id='word_1_773' title='bbox 1777 5577 1823 5621; x_wconf 92' lang='lat' dir='ltr'><strong>me</strong></span> 
     </span>
    </p>
   </div>
   <div class='ocr_carea' id='block_1_7' title="bbox 0 0 1906 5962">
    <p class='ocr_par' dir='ltr' id='par_1_8' title="bbox 0 0 1906 5962">
     <span class='ocr_line' id='line_1_58' title="bbox 0 0 1906 5962; baseline 0 0"><span class='ocrx_word' id='word_1_774' title='bbox 0 0 1906 5962; x_wconf 95' lang='lat' dir='ltr'><strong> </strong></span> 
     </span>
    </p>
   </div>
  </div>
 </body>
</html>
