<?xml version="1.0" encoding="UTF-8"?>
<!DOCTYPE html PUBLIC "-//W3C//DTD XHTML 1.0 Transitional//EN"
    "http://www.w3.org/TR/xhtml1/DTD/xhtml1-transitional.dtd">
<html xmlns="http://www.w3.org/1999/xhtml" xml:lang="en" lang="en">
 <head>
  <title>
</title>
<meta http-equiv="Content-Type" content="text/html;charset=utf-8" />
  <meta name='ocr-system' content='tesseract 3.04.00' />
  <meta name='ocr-capabilities' content='ocr_page ocr_carea ocr_par ocr_line ocrx_word'/>
</head>
<body>
  <div class='ocr_page' id='page_1' title='image "./patrologiaecurs53unkngoog/patrologiaecurs53unkngoog_0009.png"; bbox 0 0 3804 5962; ppageno 0'>
   <div class='ocr_carea' id='block_1_1' title="bbox 722 62 1128 273">
    <p class='ocr_par' dir='ltr' id='par_1_1' title="bbox 722 62 1128 273">
     <span class='ocr_line' id='line_1_1' title="bbox 722 62 1128 273; baseline 0 -3"><span class='ocrx_word' id='word_1_1' title='bbox 722 62 1128 273; x_wconf 76' lang='lat' dir='ltr'><strong>annuemus</strong></span> 
     </span>
    </p>
   </div>
   <div class='ocr_carea' id='block_1_2' title="bbox 129 404 1744 489">
    <p class='ocr_par' dir='ltr' id='par_1_2' title="bbox 129 404 1744 489">
     <span class='ocr_line' id='line_1_2' title="bbox 129 404 1744 489; baseline -0.002 -4"><span class='ocrx_word' id='word_1_2' title='bbox 129 408 353 485; x_wconf 73' lang='lat' dir='ltr'><strong>UGTORUM</strong></span> <span class='ocrx_word' id='word_1_3' title='bbox 387 408 443 485; x_wconf 87' lang='grc' dir='ltr'><strong>ΕΤ</strong></span> <span class='ocrx_word' id='word_1_4' title='bbox 469 406 664 483; x_wconf 66' lang='grc' dir='ltr'><strong>ΟΡΕΗΙΙΜ</strong></span> <span class='ocrx_word' id='word_1_5' title='bbox 696 404 772 489; x_wconf 85' lang='lat' dir='ltr'><strong>ttut</strong></span> <span class='ocrx_word' id='word_1_6' title='bbox 802 405 847 478; x_wconf 86' lang='grc' dir='ltr'><strong>ΙΝ</strong></span> <span class='ocrx_word' id='word_1_7' title='bbox 880 404 974 479; x_wconf 80' lang='grc' dir='ltr'><strong>ΗΟΟ</strong></span> <span class='ocrx_word' id='word_1_8' title='bbox 1001 405 1134 481; x_wconf 80' lang='lat' dir='ltr'><strong>totto</strong></span> <span class='ocrx_word' id='word_1_9' title='bbox 1164 405 1374 481; x_wconf 82' lang='lat' dir='ltr'><strong>ctxxtttu</strong></span> <span class='ocrx_word' id='word_1_10' title='bbox 1410 407 1744 483; x_wconf 68' lang='lat' dir='ltr'><strong>continentum</strong></span> 
     </span>
    </p>
   </div>
   <div class='ocr_carea' id='block_1_3' title="bbox 818 603 1027 630">
    <p class='ocr_par' dir='ltr' id='par_1_3' title="bbox 818 603 1027 630">
     <span class='ocr_line' id='line_1_3' title="bbox 818 603 1027 630; baseline -0.005 -8"><span class='ocrx_word' id='word_1_11' title='bbox 818 603 1027 630; x_wconf 52' lang='lat'><strong>*-</strong></span> 
     </span>
    </p>
   </div>
   <div class='ocr_carea' id='block_1_4' title="bbox 696 802 1140 869">
    <p class='ocr_par' dir='ltr' id='par_1_4' title="bbox 696 802 1140 869">
     <span class='ocr_line' id='line_1_4' title="bbox 696 802 1140 869; baseline 0.009 -4"><span class='ocrx_word' id='word_1_12' title='bbox 696 802 846 866; x_wconf 85' lang='lat' dir='ltr'><strong>PETRUS</strong></span> <span class='ocrx_word' id='word_1_13' title='bbox 873 802 1140 869; x_wconf 81' lang='lat' dir='ltr'><strong>ABAELAUDUR.</strong></span> 
     </span>
    </p>
   </div>
   <div class='ocr_carea' id='block_1_5' title="bbox 108 963 672 1042">
    <p class='ocr_par' dir='ltr' id='par_1_5' title="bbox 108 963 672 1042">
     <span class='ocr_line' id='line_1_5' title="bbox 108 963 672 1042; baseline -0.005 -14"><span class='ocrx_word' id='word_1_14' title='bbox 108 965 229 1029; x_wconf 83' lang='lat' dir='ltr'><strong>Oenuuu</strong></span> <span class='ocrx_word' id='word_1_15' title='bbox 250 981 320 1027; x_wconf 83' lang='lat' dir='ltr'><strong>rans</strong></span> <span class='ocrx_word' id='word_1_16' title='bbox 340 981 439 1027; x_wconf 74' lang='lat' dir='ltr'><strong>rmus.</strong></span> <span class='ocrx_word' id='word_1_17' title='bbox 459 1000 499 1010; x_wconf 89' lang='lat'><em>-</em></span> <span class='ocrx_word' id='word_1_18' title='bbox 520 963 672 1042; x_wconf 81' lang='lat' dir='ltr'><strong>Epistulae.</strong></span> 
     </span>
    </p>
   </div>
   <div class='ocr_carea' id='block_1_6' title="bbox 69 1061 1096 1211">
    <p class='ocr_par' dir='ltr' id='par_1_6' title="bbox 69 1061 1096 1211">
     <span class='ocr_line' id='line_1_6' title="bbox 69 1061 1096 1208; baseline -0.004 -82"><span class='ocrx_word' id='word_1_19' title='bbox 69 1063 228 1208; x_wconf 79' lang='lat' dir='ltr'><strong>SeOrunuu</strong></span> <span class='ocrx_word' id='word_1_20' title='bbox 247 1079 319 1126; x_wconf 83' lang='lat' dir='ltr'><strong>rans</strong></span> <span class='ocrx_word' id='word_1_21' title='bbox 340 1080 479 1126; x_wconf 82' lang='lat' dir='ltr'><strong>seruum.</strong></span> <span class='ocrx_word' id='word_1_22' title='bbox 506 1097 545 1108; x_wconf 94' lang='lat'>-</span> <span class='ocrx_word' id='word_1_23' title='bbox 567 1061 725 1124; x_wconf 77' lang='lat' dir='ltr'>Sermones</span> <span class='ocrx_word' id='word_1_24' title='bbox 745 1071 773 1125; x_wconf 90' lang='lat' dir='ltr'><strong>et</strong></span> <span class='ocrx_word' id='word_1_25' title='bbox 793 1065 936 1139; x_wconf 88' lang='lat' dir='ltr'><strong>opnsoute</strong></span> <span class='ocrx_word' id='word_1_26' title='bbox 957 1064 1096 1124; x_wconf 86' lang='lat' dir='ltr'><strong>ascetioa.</strong></span> 
     </span>
     <span class='ocr_line' id='line_1_7' title="bbox 107 1164 240 1211; baseline 0.03 -5"><span class='ocrx_word' id='word_1_27' title='bbox 107 1164 240 1211; x_wconf 89' lang='lat' dir='ltr'><strong>rmones.</strong></span> 
     </span>
    </p>
   </div>
   <div class='ocr_carea' id='block_1_7' title="bbox 69 1239 1024 2496">
    <p class='ocr_par' dir='ltr' id='par_1_7' title="bbox 69 1239 593 1322">
     <span class='ocr_line' id='line_1_8' title="bbox 69 1239 593 1322; baseline -0.002 -19"><span class='ocrx_word' id='word_1_28' title='bbox 69 1240 225 1322; x_wconf 81' lang='lat' dir='ltr'><strong>Expositis</strong></span> <span class='ocrx_word' id='word_1_29' title='bbox 246 1243 395 1307; x_wconf 86' lang='lat' dir='ltr'><strong>Orationis</strong></span> <span class='ocrx_word' id='word_1_30' title='bbox 416 1239 593 1303; x_wconf 84' lang='lat' dir='ltr'><strong>Dominieae.</strong></span> 
     </span>
    </p>

    <p class='ocr_par' dir='ltr' id='par_1_8' title="bbox 71 1339 609 1419">
     <span class='ocr_line' id='line_1_9' title="bbox 71 1339 609 1419; baseline -0.004 -18"><span class='ocrx_word' id='word_1_31' title='bbox 71 1339 226 1418; x_wconf 84' lang='lat' dir='ltr'><strong>Expositio</strong></span> <span class='ocrx_word' id='word_1_32' title='bbox 242 1341 377 1419; x_wconf 78' lang='lat' dir='ltr'><strong>Symboli</strong></span> <span class='ocrx_word' id='word_1_33' title='bbox 391 1343 609 1417; x_wconf 86' lang='lat' dir='ltr'><strong>apostolorum.</strong></span> 
     </span>
    </p>

    <p class='ocr_par' dir='ltr' id='par_1_9' title="bbox 70 1435 750 1516">
     <span class='ocr_line' id='line_1_10' title="bbox 70 1435 750 1516; baseline -0.001 -18"><span class='ocrx_word' id='word_1_34' title='bbox 70 1435 226 1516; x_wconf 84' lang='lat' dir='ltr'><strong>Expositio</strong></span> <span class='ocrx_word' id='word_1_35' title='bbox 248 1441 315 1500; x_wconf 85' lang='lat' dir='ltr'><strong>fidei</strong></span> <span class='ocrx_word' id='word_1_36' title='bbox 337 1441 367 1499; x_wconf 93' lang='lat' dir='ltr'><strong>in</strong></span> <span class='ocrx_word' id='word_1_37' title='bbox 384 1437 560 1516; x_wconf 77' lang='lat' dir='ltr'><strong>Symbolum</strong></span> <span class='ocrx_word' id='word_1_38' title='bbox 581 1435 750 1500; x_wconf 78' lang='lat' dir='ltr'><strong>Athanasii.</strong></span> 
     </span>
    </p>

    <p class='ocr_par' dir='ltr' id='par_1_10' title="bbox 70 1533 749 1612">
     <span class='ocr_line' id='line_1_11' title="bbox 70 1533 749 1612; baseline 0 -16"><span class='ocrx_word' id='word_1_39' title='bbox 70 1533 176 1596; x_wconf 85' lang='lat' dir='ltr'><strong>Ethioa</strong></span> <span class='ocrx_word' id='word_1_40' title='bbox 197 1555 251 1598; x_wconf 90' lang='lat' dir='ltr'><strong>seu</strong></span> <span class='ocrx_word' id='word_1_41' title='bbox 271 1539 346 1598; x_wconf 86' lang='lat' dir='ltr'><strong>iiber</strong></span> <span class='ocrx_word' id='word_1_42' title='bbox 367 1539 463 1598; x_wconf 86' lang='lat' dir='ltr'><strong>dietus</strong></span> <span class='ocrx_word' id='word_1_43' title='bbox 483 1535 566 1597; x_wconf 89' lang='lat' dir='ltr'><strong>Soito</strong></span> <span class='ocrx_word' id='word_1_44' title='bbox 586 1545 615 1597; x_wconf 90' lang='lat' dir='ltr'><strong>te</strong></span> <span class='ocrx_word' id='word_1_45' title='bbox 636 1538 749 1612; x_wconf 90' lang='lat' dir='ltr'><strong>ipsum.</strong></span> 
     </span>
    </p>

    <p class='ocr_par' dir='ltr' id='par_1_11' title="bbox 70 1630 1024 1808">
     <span class='ocr_line' id='line_1_12' title="bbox 70 1630 1007 1698; baseline -0.003 -5"><span class='ocrx_word' id='word_1_46' title='bbox 70 1630 211 1695; x_wconf 80' lang='lat' dir='ltr'><strong>ileloissao</strong></span> <span class='ocrx_word' id='word_1_47' title='bbox 232 1633 416 1697; x_wconf 81' lang='lat' dir='ltr'>Problemata</span> <span class='ocrx_word' id='word_1_48' title='bbox 437 1653 505 1696; x_wconf 87' lang='lat' dir='ltr'><strong>oum</strong></span> <span class='ocrx_word' id='word_1_49' title='bbox 527 1634 603 1698; x_wconf 85' lang='lat' dir='ltr'><strong>Petri</strong></span> <span class='ocrx_word' id='word_1_50' title='bbox 625 1631 774 1695; x_wconf 79' lang='lat' dir='ltr'><strong>hbaelardi</strong></span> <span class='ocrx_word' id='word_1_51' title='bbox 794 1634 1007 1694; x_wconf 80' lang='lat' dir='ltr'><strong>solutionibus.</strong></span> 
     </span>
     <span class='ocr_line' id='line_1_13' title="bbox 110 1729 1024 1808; baseline -0.007 -14"><span class='ocrx_word' id='word_1_52' title='bbox 110 1729 230 1795; x_wconf 85' lang='lat' dir='ltr'><strong>Oranuu</strong></span> <span class='ocrx_word' id='word_1_53' title='bbox 245 1748 319 1798; x_wconf 70' lang='lat' dir='ltr'><strong>runs</strong></span> <span class='ocrx_word' id='word_1_54' title='bbox 339 1749 454 1796; x_wconf 83' lang='lat' dir='ltr'><strong>ranrra.</strong></span> <span class='ocrx_word' id='word_1_55' title='bbox 484 1767 523 1777; x_wconf 92' lang='lat'>-</span> <span class='ocrx_word' id='word_1_56' title='bbox 552 1732 730 1808; x_wconf 81' lang='lat' dir='ltr'><strong>Theologioa</strong></span> <span class='ocrx_word' id='word_1_57' title='bbox 752 1741 781 1792; x_wconf 88' lang='lat' dir='ltr'><strong>et</strong></span> <span class='ocrx_word' id='word_1_58' title='bbox 801 1732 1024 1808; x_wconf 84' lang='lat' dir='ltr'><strong>philosophica.</strong></span> 
     </span>
    </p>

    <p class='ocr_par' dir='ltr' id='par_1_12' title="bbox 70 1829 700 2007">
     <span class='ocr_line' id='line_1_14' title="bbox 70 1829 519 1910; baseline 0 -17"><span class='ocrx_word' id='word_1_59' title='bbox 70 1831 226 1910; x_wconf 81' lang='lat' dir='ltr'><strong>Expositio</strong></span> <span class='ocrx_word' id='word_1_60' title='bbox 246 1832 278 1892; x_wconf 93' lang='lat' dir='ltr'><strong>in</strong></span> <span class='ocrx_word' id='word_1_61' title='bbox 298 1829 519 1893; x_wconf 84' lang='lat' dir='ltr'><strong>Hexaemeron.</strong></span> 
     </span>
     <span class='ocr_line' id='line_1_15' title="bbox 130 1925 700 2007; baseline -0.004 -17"><span class='ocrx_word' id='word_1_62' title='bbox 130 1965 170 1974; x_wconf 94' lang='lat'>—</span> <span class='ocrx_word' id='word_1_63' title='bbox 251 1933 282 1990; x_wconf 91' lang='lat' dir='ltr'><strong>in</strong></span> <span class='ocrx_word' id='word_1_64' title='bbox 303 1928 467 2007; x_wconf 84' lang='lat' dir='ltr'><strong>Epistulam</strong></span> <span class='ocrx_word' id='word_1_65' title='bbox 481 1931 520 1991; x_wconf 87' lang='lat' dir='ltr'><strong>ad</strong></span> <span class='ocrx_word' id='word_1_66' title='bbox 534 1925 700 1991; x_wconf 86' lang='lat' dir='ltr'><strong>Romanos.</strong></span> 
     </span>
    </p>

    <p class='ocr_par' dir='ltr' id='par_1_13' title="bbox 71 2024 512 2108">
     <span class='ocr_line' id='line_1_16' title="bbox 71 2024 512 2108; baseline 0.005 -21"><span class='ocrx_word' id='word_1_67' title='bbox 71 2024 252 2089; x_wconf 80' lang='lat' dir='ltr'><strong>Introductis</strong></span> <span class='ocrx_word' id='word_1_68' title='bbox 266 2030 304 2088; x_wconf 86' lang='lat' dir='ltr'><strong>ad</strong></span> <span class='ocrx_word' id='word_1_69' title='bbox 317 2029 512 2108; x_wconf 82' lang='lat' dir='ltr'><strong>theologiam.</strong></span> 
     </span>
    </p>

    <p class='ocr_par' dir='ltr' id='par_1_14' title="bbox 71 2123 434 2203">
     <span class='ocr_line' id='line_1_17' title="bbox 71 2123 434 2203; baseline 0.003 -16"><span class='ocrx_word' id='word_1_70' title='bbox 71 2125 233 2203; x_wconf 82' lang='lat' dir='ltr'><strong>Theologia</strong></span> <span class='ocrx_word' id='word_1_71' title='bbox 253 2123 434 2188; x_wconf 86' lang='lat' dir='ltr'><strong>Christiana.</strong></span> 
     </span>
    </p>

    <p class='ocr_par' dir='ltr' id='par_1_15' title="bbox 73 2222 261 2285">
     <span class='ocr_line' id='line_1_18' title="bbox 73 2222 261 2285; baseline -0.011 -1"><span class='ocrx_word' id='word_1_72' title='bbox 73 2222 122 2285; x_wconf 85' lang='lat' dir='ltr'><strong>Sic</strong></span> <span class='ocrx_word' id='word_1_73' title='bbox 138 2234 166 2284; x_wconf 87' lang='lat' dir='ltr'><strong>et</strong></span> <span class='ocrx_word' id='word_1_74' title='bbox 180 2222 261 2284; x_wconf 91' lang='lat' dir='ltr'><strong>Non.</strong></span> 
     </span>
    </p>

    <p class='ocr_par' dir='ltr' id='par_1_16' title="bbox 73 2319 977 2397">
     <span class='ocr_line' id='line_1_19' title="bbox 73 2319 977 2397; baseline 0 -17"><span class='ocrx_word' id='word_1_75' title='bbox 73 2319 213 2397; x_wconf 82' lang='lat' dir='ltr'><strong>Dialogus</strong></span> <span class='ocrx_word' id='word_1_76' title='bbox 227 2324 305 2380; x_wconf 86' lang='lat' dir='ltr'><strong>inter</strong></span> <span class='ocrx_word' id='word_1_77' title='bbox 320 2322 547 2397; x_wconf 88' lang='lat' dir='ltr'><strong>philosophum,</strong></span> <span class='ocrx_word' id='word_1_78' title='bbox 561 2319 575 2381; x_wconf 84' lang='lat' dir='ltr'>J</span> <span class='ocrx_word' id='word_1_79' title='bbox 580 2321 699 2382; x_wconf 64' lang='lat' dir='ltr'><strong>udaium</strong></span> <span class='ocrx_word' id='word_1_80' title='bbox 714 2331 741 2382; x_wconf 92' lang='lat' dir='ltr'><strong>et</strong></span> <span class='ocrx_word' id='word_1_81' title='bbox 756 2319 977 2383; x_wconf 82' lang='lat' dir='ltr'><strong>Christianum.</strong></span> 
     </span>
    </p>

    <p class='ocr_par' dir='ltr' id='par_1_17' title="bbox 77 2414 591 2496">
     <span class='ocr_line' id='line_1_20' title="bbox 77 2414 591 2496; baseline 0.006 -18"><span class='ocrx_word' id='word_1_82' title='bbox 77 2416 212 2496; x_wconf 80' lang='lat' dir='ltr'><strong>Epitome</strong></span> <span class='ocrx_word' id='word_1_83' title='bbox 234 2420 387 2494; x_wconf 77' lang='lat' dir='ltr'><strong>theologiae</strong></span> <span class='ocrx_word' id='word_1_84' title='bbox 401 2414 591 2481; x_wconf 76' lang='lat' dir='ltr'><strong>Christiana.</strong></span> 
     </span>
    </p>
   </div>
   <div class='ocr_carea' id='block_1_8' title="bbox 72 2512 691 2712">
    <p class='ocr_par' dir='ltr' id='par_1_18' title="bbox 72 2512 691 2712">
     <span class='ocr_line' id='line_1_21' title="bbox 112 2512 691 2602; baseline -0.003 -6"><span class='ocrx_word' id='word_1_85' title='bbox 112 2531 232 2596; x_wconf 77' lang='lat' dir='ltr'><strong>Oranus</strong></span> <span class='ocrx_word' id='word_1_86' title='bbox 247 2549 319 2595; x_wconf 75' lang='lat' dir='ltr'><strong>rins</strong></span> <span class='ocrx_word' id='word_1_87' title='bbox 334 2549 463 2602; x_wconf 80' lang='lat' dir='ltr'><strong>ounnrr.</strong></span> <span class='ocrx_word' id='word_1_88' title='bbox 483 2568 523 2577; x_wconf 92' lang='lat'>—</span> <span class='ocrx_word' id='word_1_89' title='bbox 536 2512 691 2595; x_wconf 76' lang='lat' dir='ltr'><strong>Carmina.</strong></span> 
     </span>
     <span class='ocr_line' id='line_1_22' title="bbox 72 2646 468 2712; baseline 0.005 -2"><span class='ocrx_word' id='word_1_90' title='bbox 72 2646 183 2710; x_wconf 82' lang='lat' dir='ltr'><strong>Monita</strong></span> <span class='ocrx_word' id='word_1_91' title='bbox 197 2651 234 2709; x_wconf 89' lang='lat' dir='ltr'><strong>ad</strong></span> <span class='ocrx_word' id='word_1_92' title='bbox 249 2648 468 2712; x_wconf 79' lang='lat' dir='ltr'><strong>Astrolabium.</strong></span> 
     </span>
    </p>
   </div>
   <div class='ocr_carea' id='block_1_9' title="bbox 72 2744 841 3018">
    <p class='ocr_par' dir='ltr' id='par_1_19' title="bbox 72 2744 841 3018">
     <span class='ocr_line' id='line_1_23' title="bbox 123 2765 201 2810; baseline 0.038 -3"><span class='ocrx_word' id='word_1_93' title='bbox 123 2765 201 2810; x_wconf 84' lang='lat' dir='ltr'><strong>mni.</strong></span> 
     </span>
     <span class='ocr_line' id='line_1_24' title="bbox 72 2744 841 2922; baseline 0.001 -18"><span class='ocrx_word' id='word_1_94' title='bbox 72 2744 208 2922; x_wconf 51' lang='grc' dir='ltr'><strong>ἕξωηυε</strong></span> <span class='ocrx_word' id='word_1_95' title='bbox 223 2847 254 2904; x_wconf 94' lang='lat' dir='ltr'><strong>in</strong></span> <span class='ocrx_word' id='word_1_96' title='bbox 275 2843 511 2905; x_wconf 71' lang='lat' dir='ltr'><strong>annuntiatione</strong></span> <span class='ocrx_word' id='word_1_97' title='bbox 525 2842 563 2906; x_wconf 91' lang='lat' dir='ltr'><strong>B.</strong></span> <span class='ocrx_word' id='word_1_98' title='bbox 585 2841 685 2906; x_wconf 75' lang='lat' dir='ltr'><strong>Mariae</strong></span> <span class='ocrx_word' id='word_1_99' title='bbox 700 2842 841 2921; x_wconf 80' lang='lat' dir='ltr'><strong>Virginis.</strong></span> 
     </span>
     <span class='ocr_line' id='line_1_25' title="bbox 73 2938 543 3018; baseline 0 -16"><span class='ocrx_word' id='word_1_100' title='bbox 73 2939 244 3018; x_wconf 83' lang='lat' dir='ltr'><strong>Rhythmus</strong></span> <span class='ocrx_word' id='word_1_101' title='bbox 259 2943 294 3001; x_wconf 93' lang='lat' dir='ltr'><strong>de</strong></span> <span class='ocrx_word' id='word_1_102' title='bbox 310 2938 366 3001; x_wconf 89' lang='lat' dir='ltr'><strong>SS.</strong></span> <span class='ocrx_word' id='word_1_103' title='bbox 387 2939 543 3003; x_wconf 87' lang='lat' dir='ltr'><strong>Trinitate.</strong></span> 
     </span>
    </p>
   </div>
   <div class='ocr_carea' id='block_1_10' title="bbox 73 3035 718 3217">
    <p class='ocr_par' dir='ltr' id='par_1_20' title="bbox 73 3035 718 3217">
     <span class='ocr_line' id='line_1_26' title="bbox 73 3035 309 3099; baseline -0.004 -1"><span class='ocrx_word' id='word_1_104' title='bbox 73 3037 213 3099; x_wconf 85' lang='lat' dir='ltr'><strong>Planctus</strong></span> <span class='ocrx_word' id='word_1_105' title='bbox 230 3035 309 3097; x_wconf 85' lang='lat' dir='ltr'><strong>Varii</strong></span> 
     </span>
     <span class='ocr_line' id='line_1_27' title="bbox 114 3151 718 3217; baseline 0.002 -2"><span class='ocrx_word' id='word_1_106' title='bbox 114 3152 265 3217; x_wconf 71' lang='lat' dir='ltr'><strong>benenom</strong></span> <span class='ocrx_word' id='word_1_107' title='bbox 277 3169 313 3213; x_wconf 82' lang='lat' dir='ltr'><strong>nn</strong></span> <span class='ocrx_word' id='word_1_108' title='bbox 328 3151 427 3215; x_wconf 79' lang='lat' dir='ltr'><strong>Oeam</strong></span> <span class='ocrx_word' id='word_1_109' title='bbox 440 3152 531 3216; x_wconf 84' lang='lat' dir='ltr'><strong>Parni</strong></span> <span class='ocrx_word' id='word_1_110' title='bbox 545 3152 718 3216; x_wconf 74' lang='lat' dir='ltr'><strong>hamulum.</strong></span> 
     </span>
    </p>
   </div>
   <div class='ocr_carea' id='block_1_11' title="bbox 77 3267 435 3334">
    <p class='ocr_par' dir='ltr' id='par_1_21' title="bbox 77 3267 435 3334">
     <span class='ocr_line' id='line_1_28' title="bbox 77 3267 435 3334; baseline 0.011 -4"><span class='ocrx_word' id='word_1_111' title='bbox 77 3267 164 3330; x_wconf 89' lang='lat' dir='ltr'><strong>Liber</strong></span> <span class='ocrx_word' id='word_1_112' title='bbox 178 3278 280 3330; x_wconf 87' lang='lat' dir='ltr'><strong>eontra</strong></span> <span class='ocrx_word' id='word_1_113' title='bbox 294 3272 435 3334; x_wconf 76' lang='lat' dir='ltr'><strong>haereses.</strong></span> 
     </span>
    </p>
   </div>
   <div class='ocr_carea' id='block_1_12' title="bbox 18 3366 1323 3557">
    <p class='ocr_par' dir='ltr' id='par_1_22' title="bbox 18 3366 1323 3557">
     <span class='ocr_line' id='line_1_29' title="bbox 75 3366 1323 3447; baseline 0.002 -18"><span class='ocrx_word' id='word_1_114' title='bbox 75 3366 278 3429; x_wconf 90' lang='lat' dir='ltr'><strong>Romanorum</strong></span> <span class='ocrx_word' id='word_1_115' title='bbox 293 3369 468 3444; x_wconf 82' lang='lat' dir='ltr'><strong>pontificum</strong></span> <span class='ocrx_word' id='word_1_116' title='bbox 489 3369 643 3445; x_wconf 82' lang='lat' dir='ltr'><strong>privilegia</strong></span> <span class='ocrx_word' id='word_1_117' title='bbox 656 3387 710 3446; x_wconf 94' lang='lat' dir='ltr'><strong>pro</strong></span> <span class='ocrx_word' id='word_1_118' title='bbox 726 3367 952 3447; x_wconf 79' lang='lat' dir='ltr'><strong>parthenones.</strong></span> <span class='ocrx_word' id='word_1_119' title='bbox 974 3367 1101 3446; x_wconf 82' lang='lat' dir='ltr'><strong>Spiritus</strong></span> <span class='ocrx_word' id='word_1_120' title='bbox 1116 3369 1323 3434; x_wconf 83' lang='lat' dir='ltr'><strong>Paraolitensi.</strong></span> 
     </span>
     <span class='ocr_line' id='line_1_30' title="bbox 18 3464 1044 3557; baseline 0.001 -30"><span class='ocrx_word' id='word_1_121' title='bbox 18 3471 21 3477; x_wconf 85' lang='lat'>&#39;</span> <span class='ocrx_word' id='word_1_122' title='bbox 76 3464 173 3527; x_wconf 85' lang='lat' dir='ltr'><strong>Series</strong></span> <span class='ocrx_word' id='word_1_123' title='bbox 187 3466 405 3526; x_wconf 81' lang='lat' dir='ltr'><strong>abbatissarum</strong></span> <span class='ocrx_word' id='word_1_124' title='bbox 419 3468 611 3543; x_wconf 85' lang='lat' dir='ltr'><strong>parthenonis</strong></span> <span class='ocrx_word' id='word_1_125' title='bbox 625 3465 660 3529; x_wconf 91' lang='lat' dir='ltr'><strong>S.</strong></span> <span class='ocrx_word' id='word_1_126' title='bbox 680 3464 808 3544; x_wconf 84' lang='lat' dir='ltr'><strong>Spiritus</strong></span> <span class='ocrx_word' id='word_1_127' title='bbox 823 3465 1044 3557; x_wconf 66' lang='lat' dir='ltr'><strong>Paraoliteusis.</strong></span> 
     </span>
    </p>
   </div>
   <div class='ocr_carea' id='block_1_13' title="bbox 435 3620 1410 3690">
    <p class='ocr_par' dir='ltr' id='par_1_23' title="bbox 435 3620 1410 3690">
     <span class='ocr_line' id='line_1_31' title="bbox 435 3620 1410 3690; baseline -0.001 -3"><span class='ocrx_word' id='word_1_128' title='bbox 435 3622 619 3688; x_wconf 76' lang='lat' dir='ltr'><strong>urbanius</strong></span> <span class='ocrx_word' id='word_1_129' title='bbox 631 3623 681 3687; x_wconf 87' lang='grc' dir='ltr'><strong>ΕΤ</strong></span> <span class='ocrx_word' id='word_1_130' title='bbox 695 3622 970 3690; x_wconf 75' lang='lat' dir='ltr'><strong>BERENGARIUS</strong></span> <span class='ocrx_word' id='word_1_131' title='bbox 983 3621 1195 3689; x_wconf 79' lang='lat' dir='ltr'><strong>ABAELARDI</strong></span> <span class='ocrx_word' id='word_1_132' title='bbox 1208 3620 1410 3686; x_wconf 78' lang='lat' dir='ltr'><strong>buschum.</strong></span> 
     </span>
    </p>
   </div>
   <div class='ocr_carea' id='block_1_14' title="bbox 77 3747 979 4220">
    <p class='ocr_par' dir='ltr' id='par_1_24' title="bbox 77 3747 979 4220">
     <span class='ocr_line' id='line_1_32' title="bbox 77 3747 979 3838; baseline 0.002 -26"><span class='ocrx_word' id='word_1_133' title='bbox 77 3750 180 3838; x_wconf 66' lang='lat' dir='ltr'><strong>Hilarii</strong></span> <span class='ocrx_word' id='word_1_134' title='bbox 201 3747 302 3827; x_wconf 82' lang='lat' dir='ltr'><strong>Elegia</strong></span> <span class='ocrx_word' id='word_1_135' title='bbox 312 3753 347 3811; x_wconf 93' lang='lat' dir='ltr'><strong>de</strong></span> <span class='ocrx_word' id='word_1_136' title='bbox 359 3767 494 3811; x_wconf 89' lang='lat' dir='ltr'><strong>reoessus</strong></span> <span class='ocrx_word' id='word_1_137' title='bbox 503 3747 582 3810; x_wconf 85' lang='lat' dir='ltr'><strong>Petri</strong></span> <span class='ocrx_word' id='word_1_138' title='bbox 596 3747 744 3811; x_wconf 83' lang='lat' dir='ltr'><strong>hbaeiardi</strong></span> <span class='ocrx_word' id='word_1_139' title='bbox 759 3767 797 3811; x_wconf 85' lang='lat' dir='ltr'><strong>ex</strong></span> <span class='ocrx_word' id='word_1_140' title='bbox 811 3749 979 3815; x_wconf 82' lang='lat' dir='ltr'><strong>Paracleto.</strong></span> 
     </span>
     <span class='ocr_line' id='line_1_33' title="bbox 77 3845 783 3926; baseline -0.003 -16"><span class='ocrx_word' id='word_1_141' title='bbox 77 3848 246 3926; x_wconf 84' lang='lat' dir='ltr'><strong>Berengarii</strong></span> <span class='ocrx_word' id='word_1_142' title='bbox 266 3846 411 3925; x_wconf 79' lang='lat' dir='ltr'><strong>Apologia</strong></span> <span class='ocrx_word' id='word_1_143' title='bbox 431 3864 484 3923; x_wconf 92' lang='lat' dir='ltr'><strong>pro</strong></span> <span class='ocrx_word' id='word_1_144' title='bbox 505 3845 592 3908; x_wconf 91' lang='lat' dir='ltr'><strong>Petro</strong></span> <span class='ocrx_word' id='word_1_145' title='bbox 613 3846 783 3909; x_wconf 80' lang='lat' dir='ltr'><strong>Abaeiardo.</strong></span> 
     </span>
     <span class='ocr_line' id='line_1_34' title="bbox 78 3943 855 4025; baseline 0.003 -17"><span class='ocrx_word' id='word_1_146' title='bbox 78 3945 218 4025; x_wconf 83' lang='lat' dir='ltr'><strong>Ejusdem</strong></span> <span class='ocrx_word' id='word_1_147' title='bbox 239 3947 363 4023; x_wconf 86' lang='lat' dir='ltr'><strong>epistola</strong></span> <span class='ocrx_word' id='word_1_148' title='bbox 382 3947 419 4006; x_wconf 83' lang='lat' dir='ltr'><strong>ad</strong></span> <span class='ocrx_word' id='word_1_149' title='bbox 441 3949 612 4022; x_wconf 87' lang='lat' dir='ltr'><strong>episcopum</strong></span> <span class='ocrx_word' id='word_1_150' title='bbox 633 3943 855 4010; x_wconf 81' lang='lat' dir='ltr'><strong>Mimatensem.</strong></span> 
     </span>
     <span class='ocr_line' id='line_1_35' title="bbox 138 4042 666 4105; baseline 0 -1"><span class='ocrx_word' id='word_1_151' title='bbox 138 4079 178 4091; x_wconf 94' lang='lat'><em>-</em></span> <span class='ocrx_word' id='word_1_152' title='bbox 278 4078 317 4088; x_wconf 91' lang='lat'>-</span> <span class='ocrx_word' id='word_1_153' title='bbox 388 4046 426 4104; x_wconf 90' lang='lat' dir='ltr'><strong>ad</strong></span> <span class='ocrx_word' id='word_1_154' title='bbox 446 4042 666 4105; x_wconf 86' lang='lat' dir='ltr'><strong>Carthusianos.</strong></span> 
     </span>
     <span class='ocr_line' id='line_1_36' title="bbox 79 4139 964 4220; baseline 0.003 -15"><span class='ocrx_word' id='word_1_155' title='bbox 79 4142 171 4207; x_wconf 85' lang='lat' dir='ltr'><strong>index</strong></span> <span class='ocrx_word' id='word_1_156' title='bbox 191 4153 343 4205; x_wconf 82' lang='lat' dir='ltr'><strong>auctorum</strong></span> <span class='ocrx_word' id='word_1_157' title='bbox 364 4145 415 4220; x_wconf 86' lang='lat' dir='ltr'><strong>qui</strong></span> <span class='ocrx_word' id='word_1_158' title='bbox 437 4145 467 4202; x_wconf 90' lang='lat' dir='ltr'><strong>in</strong></span> <span class='ocrx_word' id='word_1_159' title='bbox 488 4139 635 4219; x_wconf 85' lang='lat' dir='ltr'><strong>Operibus</strong></span> <span class='ocrx_word' id='word_1_160' title='bbox 654 4141 801 4204; x_wconf 84' lang='lat' dir='ltr'><strong>Abaelardi</strong></span> <span class='ocrx_word' id='word_1_161' title='bbox 822 4145 964 4208; x_wconf 85' lang='lat' dir='ltr'><strong>citantor.</strong></span> 
     </span>
    </p>
   </div>
   <div class='ocr_carea' id='block_1_15' title="bbox 0 0 1923 5962">
    <p class='ocr_par' dir='ltr' id='par_1_25' title="bbox 0 0 1923 5962">
     <span class='ocr_line' id='line_1_37' title="bbox 0 0 1923 5962; baseline 0 0"><span class='ocrx_word' id='word_1_162' title='bbox 0 0 1923 5962; x_wconf 95' lang='lat' dir='ltr'><strong> </strong></span> 
     </span>
    </p>
   </div>
  </div>
 </body>
</html>
