3804 5962
734 229 849 287 SERth
868 229 982 287 lllllllll.
1485 188 1488 193 ·
1678 241 1730 295 tal
1825 193 1827 197 ἲ

79 353 140 414 ium
155 355 277 414 dilectus
291 354 340 413 illa
355 355 469 413 llomini
484 363 512 414 et
526 357 610 431 virga
620 358 746 416 loannes
759 373 824 429 spe·
840 361 864 414 h
880 357 1015 418 dilatione
1030 360 1065 418 de
1080 360 1169 431 hujus
1182 359 1249 418 rita
1268 361 1465 420 observatione
1478 362 1547 422 illuc
1559 363 1729 432 introeatur,

79 460 89 503 r
113 446 273 517 expressiit,
290 447 341 518 qui
376 446 405 502 in
432 447 481 502 hei
510 448 619 519 gremio
645 448 824 516 recumbens,
882 449 964 506 nulla
978 450 1109 506 videlicet
1122 449 1291 522 purgatione
1304 452 1479 521 interposita.

80 535 136 592 hoc
160 536 253 607 lapide
277 536 424 607 supposita
446 537 531 608 capiti
545 538 826 595 obdormivit-Sca·
918 538 1014 611 Surgit
1044 553 1127 596 mane
1152 539 1249 607 Jacob,
1277 547 1304 596 et
1333 539 1456 610 lapidem
1495 556 1582 613 quem
1621 557 1729 615 suppo·

79 626 296 682 armienslacob
321 625 460 689 intuetur,
492 626 562 697 quia
592 634 671 684 tanto
703 626 828 697 amplius
881 637 980 685 suerat
999 628 1084 698 capiti
1098 642 1150 684 suo
1163 628 1249 700 erigit
1277 628 1306 683 in
1330 628 1459 694 titulum,
1491 630 1645 703 ipsumque
1668 633 1729 690 oleo

79 727 155 770 nram
172 727 282 771 sacram
298 713 424 786 quisque
437 715 582 786 intelligit,
597 725 708 787 quanto
722 716 759 773 ab
781 731 827 774 oc
882 714 1004 786 desuper
1022 714 1127 783 inluso,
1146 730 1225 772 more
1241 715 1383 786 pontilicis
1409 724 1510 773 votum
1533 718 1625 788 explet
1649 720 1728 777 dedi·

79 815 129 858 ene
144 803 328 860 saecularium
340 817 479 860 curarum
491 804 583 876 magis
598 805 729 876 quiescit.
746 804 827 861 Scala
880 803 1017 872 cationis,
1034 805 1117 875 quasi
1145 805 1176 860 in
1204 804 1258 861 hoc
1276 804 1532 876 primogenitorum
1558 806 1725 878 dignitatem

79 891 455 964 rrmientiappositausque
470 893 505 950 ad
530 894 636 950 coelum
653 894 824 964 porrigitur,
882 907 970 963 quam
998 900 1106 950 emerat
1133 907 1279 950 exercens.
1306 893 1499 966 Primogcnita
1522 895 1629 966 quippe
1657 903 1727 955 tunc

79 978 127 1050 pe'r
149 980 310 1036 doctrinam
333 981 424 1051 ipsius
442 982 478 1038 de
500 990 622 1040 terrenrs
649 983 684 1038 ad
713 983 825 1040 deside·
880 979 969 1038 luisse
1007 982 1146 1039 dicuntur
1168 982 1257 1039 vestis
1285 995 1337 1038 seu
1373 981 1499 1053 dignitas
1529 983 1724 1055 sacerdotalis,

83 1068 210 1125 coelestia
232 1069 434 1136 sublevantur,
449 1078 476 1127 et
496 1071 565 1129 illuc
581 1079 675 1129 mente
689 1087 825 1129 conscen-
880 1085 969 1142 quam
986 1071 1169 1143 primogeniti
1184 1071 1286 1129 iratres
1309 1086 1359 1142 per
1375 1071 1603 1129 benedictionem
1632 1084 1726 1144 puler-

79 1157 352 1221 ‚ubiChristusest
374 1158 597 1217 indenterallei
623 1161 734 1217 sedens.
753 1161 826 1218 lluic
879 1174 947 1216 nam
976 1161 1166 1232 accipiebant,
1198 1169 1230 1219 ut
1266 1161 1318 1219 soli
1344 1161 1420 1219 inter
1447 1161 1727 1222 lratressacerdotali

88 1246 229 1303 Dominus
256 1246 402 1314 innititur,
428 1256 456 1304 ct
485 1248 549 1304 inde
574 1249 657 1304 nabis
684 1249 823 1321 loquitur,
880 1249 1237 1322 iungerenturolllcio.llt
1257 1259 1379 1307 amatre
1395 1251 1524 1308 vestibus
1548 1253 1624 1309 Esau
1642 1251 1728 1308 valde

79 1348 119 1391 ter
136 1336 199 1406 ejus
214 1335 374 1392 doctrinam
393 1337 498 1393 nostris
521 1336 698 1408 imprimitur
719 1339 823 1395 meuti-
880 1338 963 1404 bonis
1001 1339 1121 1396 indutus
1150 1339 1237 1396 luisse
1261 1340 1348 1397 Jacob
1377 1349 1562 1397 memoratur.
1593 1341 1626 1397 Et
1647 1349 1725 1407 nola,

79 1423 132 1480 ;de
146 1424 210 1495 ejus
223 1424 318 1481 verbis
338 1433 451 1482 nostras
467 1426 496 1482 in
516 1441 546 1483 se
567 1433 675 1484 menies
689 1428 825 1484 erudiens
879 1427 955 1484 sicut
977 1427 1182 1485 Melchisedech
1202 1436 1383 1486 sacramenta
1404 1429 1536 1486 Ecclesiae
1561 1429 1727 1500 antiquiora

79 1513 115 1569 lit.
142 1513 236 1584 liujus
264 1514 358 1581 scala,
389 1515 444 1573 bac
467 1523 509 1573 est
541 1530 631 1573 sacrae
657 1516 823 1588 Scriptura,
878 1517 1116 1587 videnturquam
1136 1518 1309 1590 synagogim
1339 1518 1378 1574 ita
1403 1517 1433 1574 in
1461 1516 1728 1588 patriarchalacob

79 1600 135 1659 duo
150 1601 241 1659 latera
255 1601 312 1658 duo
327 1610 395 1659 sunt
409 1603 599 1671 Testamenta,
616 1620 682 1676 qum
707 1605 824 1677 quidem
842 1633 863 1686 Β
880 1614 977 1663 noster
995 1605 1183 1662 dedicationis
1204 1605 1277 1663 ritus
1300 1607 1417 1663 videtur
1442 1606 1631 1676 praecessisse,
1657 1605 1728 1676 quia

79 1689 153 1747 icem
169 1690 443 1762 quasiquibusdam
471 1693 738 1764 gradibusinsertis
761 1710 827 1752 con·
881 1702 938 1751 tarn
960 1694 1051 1752 altare
1074 1709 1163 1766 quam
1191 1693 1340 1752 ecclesiam
1367 1694 1459 1766 ipsam
1487 1695 1549 1752 oleo
1574 1708 1727 1752 cousecra-

79 1787 147 1848 ttar,
162 1780 232 1836 dum
249 1794 298 1851 per
308 1782 501 1850 expositiones
516 1781 665 1839 doctorum
682 1791 744 1841 rota
758 1776 827 1841 rotae
880 1797 955 1839 mus.
971 1781 1052 1850 Quod
1069 1797 1256 1855 nequaquam
1282 1783 1310 1840 in
1340 1783 1526 1841 tabernaculo
1548 1782 1592 1841 vel
1619 1782 1726 1854 templo

79 1874 151 1935 atur,
175 1876 202 1924 et
224 1869 300 1940 quod
321 1870 351 1924 in
366 1868 459 1927 Veteri
482 1869 576 1926 luerat
602 1871 780 1941 pradictum,
798 1873 827 1929 ln
881 1870 987 1938 lactum
1004 1884 1064 1928 esse
1080 1871 1211 1943 legimus.
1233 1872 1316 1930 blane
1333 1873 1427 1945 surgit
1440 1874 1528 1931 laceb
1547 1872 1582 1929 de
1607 1874 1667 1930 loco
1695 1873 1725 1928 iu

79 1967 256 2017 monstratur
269 1959 443 2017 exhibitum.
472 1962 572 2033 angeli
603 1977 653 2032 per
668 1962 743 2020 hane
767 1978 827 2021 sca·
880 1975 938 2032 quo
952 1961 1103 2031 quiescens
1118 1961 1230 2019 viderat
1255 1962 1407 2028 visionem,
1431 1971 1458 2019 et
1473 1963 1537 2032 ejus
1552 1961 1605 2019 loci
1621 1962 1726 2018 sancli-

79 2050 235 2106 aendentes
251 2057 279 2106 et
302 2049 516 2120 descendentes,
545 2052 639 2109 sancti
663 2061 731 2109 aunt
755 2067 826 2123 praa-
880 2056 966 2106 tatem
995 2057 1178 2122 cognoverat,
1208 2066 1276 2108 cum
1303 2051 1552 2122 animaquaellbet
1580 2050 1726 2123 predicta,

79 2151 128 2205 res,
144 2152 269 2209 quorum
294 2153 373 2196 unus
386 2139 421 2195 de
437 2154 466 2195 se
482 2147 510 2194 et
524 2139 587 2197 aliis
609 2142 665 2198 ait:
692 2141 826 2207 Qrvomcdo
880 2146 996 2209 peracto
1007 2140 1068 2210 jam
1084 2154 1143 2196 suae
1164 2141 1346 2212 probationis
1360 2149 1502 2211 tempore,
1519 2141 1555 2198 ad
1571 2139 1727 2211 prolessio-

79 2226 180 2296 ubcnt,
201 2227 436 2283 nisimiltantarl
467 2227 558 2298 (Rom.
572 2243 603 2296 x,
626 2230 678 2301 li.)
705 2231 827 2302 Dequa·
879 2241 946 2284 nem
962 2228 1127 2285 conscendit
1148 2230 1268 2301 regulae,
1284 2230 1412 2300 [experta
1421 2229 1481 2298 jam
1507 2229 1597 2300 huius
1625 2242 1728 2299 propo·

79 2322 106 2374 et
135 2331 186 2388 per
217 2317 387 2375 blalachiam
415 2318 537 2375 dicitur:
553 2320 648 2389 lLabia
676 2321 826 2375 sacerdotis
880 2316 927 2373 siti
941 2316 1026 2374 simul
1042 2331 1076 2373 ac
1104 2316 1158 2373 loci
1179 2317 1330 2388 religione3
1344 2324 1454 2374 ettunc
1476 2331 1506 2374 se
1533 2317 1649 2389 penitus
1671 2318 1729 2374 Deo

79 2407 138 2462 lunt
162 2408 350 2473 scientiam,et
375 2408 460 2475 lepem
487 2406 627 2474 inquirent
653 2425 687 2463 ec
716 2425 761 2464 ore
789 2411 826 2465 ii·
880 2406 1026 2472 dedicans,
1045 2413 1071 2463 et
1097 2406 1213 2477 proprio
1237 2414 1303 2463 voto
1319 2406 1400 2464 illisa
1424 2406 1567 2478 obligans,
1594 2405 1729 2476 spiritalis

79 2495 135 2564 poia
164 2496 277 2564 capetus
307 2499 418 2551 bomini
448 2501 616 2553 coerciturum
632 2503 672 2554 est
695 2498 824 2570 (Molocb.
880 2494 977 2566 templi
999 2495 1205 2553 dedicationem
1223 2497 1252 2552 in
1266 2497 1360 2568 seipsa
1383 2496 1518 2553 celebrat.
1546 2496 1629 2552 runc
1651 2494 1726 2567 lapi·
1824 2547 1830 2555 .

79 2583 248 2641 ascendunt
262 2597 330 2640 vero
350 2598 401 2655 per
419 2586 525 2643 scalam
543 2591 626 2643 istam
650 2588 693 2643 vel
709 2589 825 2644 descen·
880 2583 955 2650 dem,
977 2582 1007 2638 in
1034 2597 1094 2654 quo
1108 2583 1275 2652 dormierat,
1290 2584 1376 2655 erigit
1400 2584 1430 2639 in
1454 2582 1582 2650 titulum,
1612 2582 1667 2640 hac
1685 2591 1727 2640 est

82 2669 240 2728 dummodo
259 2672 287 2728 in
301 2673 567 2743 suapraedicatione
584 2676 617 2732 de
634 2683 740 2732 natura
751 2675 825 2731 divi·
881 2670 973 2728 oculis
987 2671 1048 2728 suis
1067 2671 1160 2743 alligit
1177 2672 1348 2744 insignum,
1371 2672 1456 2744 quasi
1473 2672 1542 2728 nihil
1561 2672 1640 2728 aliud
1656 2672 1729 2729 ulte·

85 2758 132 2817 vel
145 2761 260 2818 secretis
273 2762 436 2819 caelestibus
449 2778 501 2820 nos
517 2764 677 2834 instruunt,
694 2765 777 2822 modo
791 2765 826 2822 de
880 2762 942 2818 rius
957 2761 1057 2818 debeat
1079 2761 1197 2829 intueri,
1212 2761 1283 2832 quia
1303 2761 1364 2833 jam
1387 2748 1460 2817 lac'ta
1489 2759 1662 2830 prolessione
1681 2774 1731 2817 re·

79 2856 126 2922 pta
167 2848 357 2919 humanitate,
389 2853 436 2909 vel
459 2855 664 2924 componendis
694 2855 826 2912 moribus
880 2851 989 2922 spicere
1009 2858 1156 2908 retmnon
1181 2849 1308 2917 licel,ne
1332 2863 1398 2906 cuni
1427 2862 1519 2906 uxore
1542 2849 1591 2904 Lat
1622 2855 1728 2919 pareat.

79 2953 83 2991 ι
109 2939 264 3010 erudiunt;
290 2943 336 2998 rel
361 2956 428 2999 cum
453 2943 537 3000 modo
566 2943 602 2999 ad
622 2943 709 3000 altam
734 2944 825 3001 conti·
842 2918 864 2976 0
882 2939 1054 2996 Primumei
1078 2939 1219 2996 tamenin
1248 2938 1305 2994 imo
1321 2938 1394 3009 lapis
1415 2937 1539 3009 jacebat,
1567 2936 1638 3009 quia
1670 2951 1729 2994 non

79 3047 83 3082 ι
113 3027 250 3086 virtutem
275 3044 327 3087 nos
359 3031 524 3100 hortantur,
555 3033 641 3089 modo
665 3031 825 3090 infirmitati
883 3034 961 3085 lanto
978 3028 1073 3085 debito
1092 3029 1118 3085 oi
1144 3034 1228 3084 antea
1243 3026 1414 3083 coherebat.
1440 3026 1574 3083 Erectum
1605 3026 1730 3096 lapidem

79 3131 148 3190 iper
162 3117 370 3190 indulgentiam
386 3121 559 3192 nuptiarum
569 3121 735 3177 consulum.
880 3117 941 3174 oleo
966 3116 1120 3188 superluso
1147 3116 1203 3173 sibi
1228 3123 1386 3182 consecrat,
1414 3116 1484 3172 dum
1514 3123 1571 3171 toto
1599 3114 1730 3172 dilectio-

79 3215 132 3259 ·am
163 3202 192 3259 in
212 3219 272 3275 qua
300 3204 405 3262 dormit
427 3206 513 3263 Jacob
541 3207 566 3262 ei
590 3214 617 3262 et
646 3205 826 3278 seminiejus
880 3207 926 3263 nis
955 3205 1060 3264 allcctu
1083 3205 1178 3276 ipsum
1212 3205 1467 3276 comprehendens,
1499 3210 1539 3261 tol
1568 3204 1728 3276 unguentis

82 3304 118 3347 us
140 3290 290 3361 promittit,
318 3293 389 3363 quia
417 3300 523 3350 terram
547 3293 718 3360 viventium,
741 3295 827 3366 cujus
881 3295 982 3352 delinit
1005 3309 1094 3361 eum,
1130 3301 1201 3366 quot
1230 3295 1378 3352 desideriis
1412 3292 1596 3364 amplectitur
1621 3294 1727 3364 ipsum.

79 3379 119 3437 rio
158 3380 257 3437 anima
279 3382 503 3459 contemplativa
539 3397 556 3439 a
590 3384 713 3440 terrenis
745 3384 825 3441 curis
880 3383 954 3452 Quid
982 3391 1079 3441 autem
1099 3390 1262 3454 unguenta,
1288 3383 1343 3440 nisi
1375 3383 1508 3454 quadam
1528 3389 1569 3438 est
1594 3382 1731 3440 recreatio

79 3469 112 3533 it,
135 3468 575 3542 inremuneratianepollicetur
601 3479 658 3528 lam
686 3471 712 3528 ei
737 3485 825 3543 quam
880 3475 1023 3542 dolorum,
1058 3481 1086 3530 et
1123 3473 1248 3530 lomento
1281 3472 1461 3528 dolentium?
1510 3470 1591 3528 Dolet
1634 3480 1731 3529 autem

79 3556 153 3616 :ibus
169 3560 244 3630 eius,
259 3566 288 3616 et
303 3560 333 3616 in
348 3560 402 3616 hoc
428 3561 570 3632 proposito
590 3560 682 3632 ipsam
710 3561 825 3616 imitan-
881 3563 1012 3620 Christus
1026 3561 1168 3619 danobis
1187 3576 1253 3618 curn
1266 3568 1365 3618 nostra
1392 3560 1418 3617 ei
1442 3561 1620 3617 conversatio
1642 3575 1732 3619 saecu·

91 3646 239 3719 Evigilans
268 3649 303 3705 de
331 3663 430 3706 somno
452 3649 702 3721 contemplationis
729 3649 833 3706 anima·
881 3650 951 3707 laris
965 3650 1106 3720 displicet,
1122 3657 1150 3707 et
1178 3649 1219 3706 sic
1237 3664 1303 3707 eum
1326 3649 1536 3719 exasperando,
1560 3650 1645 3706 malis
1659 3664 1729 3721 ope-

86 3734 123 3793 de
139 3735 188 3792 illa
211 3736 318 3794 coelesti
343 3737 519 3796 habitatione
538 3739 574 3795 ad
603 3747 703 3796 sancta
730 3738 827 3795 studia
880 3740 962 3797 ribus
976 3748 1076 3796 contra
1090 3753 1143 3795 nos
1168 3752 1394 3794 commovemus.
1410 3736 1545 3794 Placatur
1572 3745 1669 3795 autem
1686 3753 1732 3809 pc-

99 3826 350 3907 conlemplationis
378 3827 476 3884 oculas
503 3827 662 3894 reflectens,
686 3833 713 3883 et
741 3826 826 3897 quasi
880 3829 971 3897 nitus,
987 3837 1015 3885 et
1033 3827 1119 3900 quasi
1134 3826 1309 3899 quibusdam
1328 3826 1485 3898 unguentis
1504 3826 1551 3881 hic
1565 3828 1628 3897 ejus
1652 3826 1733 3883 dolor

79 3927 108 3971 es
135 3913 243 3985 pariter
266 3910 435 3984 admonens,
458 3924 490 3974 ut
516 3931 566 3987 spe
599 3917 749 3987 promissae
771 3916 827 3972 sibi
881 3917 1042 3989 mitigatur,
1065 3913 1166 3973 cuma
1193 3914 1299 3972 sacculo
1327 3914 1489 3972 recedentes
1505 3915 1571 3970 totis
1586 3915 1613 3970 ei
1640 3915 1732 3971 visce-

79 4004 106 4060 ιιι
129 4004 275 4075 proposito
299 4014 497 4077 perseverent:
528 4008 596 4063 Vere
620 4008 753 4062 Dominus
776 4010 825 4073 eal,
881 4005 1164 4072 ribusinhaeremus,
1187 4004 1358 4077 perlectione
1389 4002 1506 4059 virtutis
1531 4016 1584 4060 uos
1612 4003 1673 4073 jam
1704 4001 1730 4059 ai

79 4095 128 4160 ,ia
139 4095 196 4151 loco
208 4097 271 4165 isto,
289 4101 314 4152 et
326 4112 374 4166 eqo
386 4096 537 4152 nesciebam
552 4096 632 4166 (Gen.
656 4110 755 4164 xxvm,
774 4094 826 4164 ld).
882 4096 997 4168 penitus
1009 4095 1190 4166 copulamus,
1206 4095 1291 4166 juxta
1306 4092 1377 4150 illud
1406 4092 1550 4163 Apostoli:
1567 4094 1620 4159 Qui
1640 4098 1732 4147 colem

88 4181 211 4241 diceret:
238 4183 293 4252 Qui
308 4186 419 4256 ubique
434 4192 476 4241 est
504 4197 554 4255 per
570 4182 730 4241 divinitatis
755 4197 827 4254 prae·
882 4185 1003 4240 adita-ret
1020 4187 1081 4248 lleo,
1104 4183 1303 4253 unusspiritus
1321 4182 1396 4254 esl(l
1413 4183 1472 4239 Gor.
1498 4198 1534 4250 vr,
1562 4180 1616 4252 ll).
1643 4181 1732 4239 Caulo

79 4286 110 4339 n,
135 4272 184 4329 hic
204 4274 365 4345 specialiter
389 4274 532 4331 inhabitat
546 4288 597 4344 per
614 4273 747 4345 gratiam.
778 4269 866 4328 Pa-Il
883 4281 980 4330 autem
1006 4286 1040 4330 ac
1061 4272 1179 4345 provide
1202 4279 1302 4328 votum
1332 4269 1440 4327 iaciens
1464 4270 1551 4326 Jacob
1566 4272 1601 4326 de
1631 4269 1736 4341 persol-

79 4375 212 4434 quoque:
249 4363 335 4429 Quam
369 4364 510 4431 terribilis,
542 4363 649 4434 inquil,
688 4367 728 4418 est
757 4363 828 4417 locus
883 4362 985 4418 vendis
1008 4360 1136 4428 decimis,
1152 4373 1211 4417 non
1225 4360 1260 4416 de
1281 4359 1343 4416 suis
1365 4359 1478 4416 viribus
1494 4359 1543 4416 sed
1565 4359 1600 4415 de
1624 4358 1735 4415 miseri·

79 4451 165 4520 lbra,
188 4453 242 4526 ll.)
255 4454 434 4523 Terribilem,
464 4453 518 4509 boc
546 4459 588 4509 est
613 4466 728 4508 summa
749 4465 828 4509 reve·
882 4450 980 4507 cordia
1008 4449 1058 4506 Dei
1092 4463 1281 4520 presumens,
1303 4449 1387 4521 quasi
1413 4449 1543 4520 apposita
1568 4447 1731 4505 conditione

88 4542 214 4615 dignum
238 4557 299 4600 esse
313 4542 506 4615 recognoscit:
523 4541 553 4598 in
572 4555 641 4612 quo,
656 4548 689 4598 ut
703 4541 830 4597 dictum·
883 4541 937 4596 ait:
954 4541 984 4596 Si
1003 4540 1091 4607 fueret
1118 4554 1222 4594 mecum
1249 4541 1333 4606 hear,
1357 4541 1384 4593 el
1405 4538 1566 4593 custodierit
1592 4552 1634 4592 me
1656 4536 1733 4609 (dan.

79 4631 371 4705 uquaminspiritali
397 4630 512 4702 templo,
530 4644 564 4686 ac
588 4629 641 4686 sibi
658 4629 829 4701 ponituadi·
883 4642 985 4698 xxvuv,
1009 4628 1065 4700 2⁰).
1109 4628 1181 4700 quia
1217 4626 1280 4698 ejus
1300 4627 1401 4699 gratia
1420 4633 1463 4684 est
1486 4624 1630 4699 quidquid
1663 4625 1735 4682 boni

79 4734 122 4780 ter
143 4720 366 4779 abundantioris
394 4721 495 4794 gratie
523 4719 598 4776 dona
622 4719 698 4775 Deus
713 4718 830 4775 inhabi·
884 4717 1007 4790 agimus.
1037 4717 1119 4774 Unde
1143 4723 1171 4773 et
1195 4716 1320 4772 Paulus:
1348 4716 1446 4773 Gratia
1466 4717 1588 4770 Daisum
1615 4713 1734 4785 idqaod

79 4811 99 4870 d
122 4810 195 4884 quia
224 4811 309 4869 multi
332 4811 408 4868 hanc
434 4809 624 4868 reverentiam
652 4808 713 4866 loco
728 4808 829 4866 deberi
884 4823 943 4863 sam
964 4807 985 4880 (1
1001 4807 1060 4864 Cor.
1078 4820 1129 4872 xv,
1146 4804 1199 4875 lo).
1227 4805 1263 4861 Et
1279 4817 1399 4861 rursum
1425 4818 1493 4861 cum
1518 4803 1652 4874 dixisset3
1668 4805 1734 4860 Plus

79 4907 201 4966 maeunt,
228 4913 283 4956 nec
312 4906 409 4956 tamen
439 4898 479 4954 illi
509 4898 585 4955 hanc
605 4897 752 4965 exhibent,
777 4912 831 4954 nec
884 4896 1009 4953 omnibus
1040 4896 1163 4951 laborari
1188 4893 1284 4950 statim
1312 4893 1438 4965 adjecit:
1468 4893 1528 4949 Non
1561 4907 1609 4960 eqo
1633 4898 1734 4962 aulem,

85 4987 216 5061 Apostoli
241 4987 493 5044 comminationem
522 4994 682 5057 expavent:
718 4985 749 5042 Si
768 4988 830 5054 qais
884 4986 1035 5054 caderaita
1050 4987 1098 5039 Dei
1118 4996 1220 5037 mecum
1236 4980 1340 5052 libid).
1369 4981 1499 5038 Decimae
1517 4981 1648 5039 omnium
1679 4984 1736 5040 lieo

79 5079 126 5136 rit
174 5077 303 5149 templana
342 5078 402 5144 liei,
440 5077 581 5146 disperdet
632 5077 712 5132 illum
759 5079 830 5132 Deus
885 5074 1032 5148 persolvit,
1049 5071 1290 5144 quillecalogum
1339 5069 1480 5143 legensin
1501 5068 1583 5127 nullo
1611 5073 1735 5144 excedit,

79 5191 90 5227 ι.
122 5183 164 5238 ιιι,
195 5167 251 5241 tr),
276 5167 347 5224 benc
370 5168 554 5237 premissum
578 5175 631 5236 est,
654 5180 773 5237 pavens,
799 5172 832 5223 ut
885 5159 1198 5227 accamandatisllei,
1223 5172 1290 5229 quae
1312 5173 1364 5229 per
1391 5158 1566 5231 Dacaloqum
1595 5160 1737 5218 illumin·

79 5257 310 5330 pavendumesse
325 5270 384 5313 non
396 5257 519 5324 dubitat,
534 5242 715 5315 offenderein
729 5270 761 5313 eo
773 5270 831 5312 non
886 5253 1058 5324 telliguntur
1073 5249 1102 5304 in
1124 5247 1222 5318 aliquo
1237 5247 1351 5303 recedit.
1370 5246 1452 5312 Quod
1477 5247 1506 5304 in
1535 5258 1625 5307 semel
1654 5251 1737 5307 nobis

79 5355 147 5408 mat.
164 5345 330 5404 Blattende
346 5346 423 5416 quod
438 5361 504 5403 cum
519 5346 707 5417 praemiserit:
735 5349 832 5401 barnas
887 5342 928 5397 sic
951 5337 1092 5408 complere
1115 5334 1263 5404 concedat,
1289 5342 1321 5392 ut
1352 5336 1429 5406 quod
1449 5336 1614 5396 visibilibus
1640 5353 1736 5396 sacra·

79 5437 158 5498 atim
180 5435 333 5504 annexuit,
348 5439 375 5490 et
393 5442 475 5506 porta
498 5437 557 5491 celi
579 5436 655 5508 (Gen.
671 5449 748 5504 xvur,
777 5433 830 5504 ll).
887 5425 1132 5486 mentisexlerius
1146 5431 1243 5482 actum
1267 5430 1319 5492 est,
1340 5425 1525 5511 incorporali
1549 5428 1654 5498 templo
1678 5428 1738 5499 ipso

79 5534 102 5588 st
129 5524 196 5594 talis
230 5525 326 5582 aditus
349 5526 431 5597 regni
464 5523 653 5592 coelestiam
684 5537 743 5594 quo
772 5521 833 5578 sine
887 5516 1073 5574 invisibiliter
1088 5514 1116 5570 in
1135 5512 1219 5570 nobis
1241 5514 1387 5584 operando
1409 5515 1550 5588 templum
1573 5532 1627 5574 nos
1640 5518 1738 5573 verius

137 5615 265 5682 Parnoi.
293 5613 488 5681 cuxxvltl.
1536 5609 1574 5672 ta
