3736 5962
68 214 122 271 78¹
693 210 877 269 sirosirlu
896 213 931 268 lN
950 211 1195 269 usmsdsuou.
1681 204 1689 212 ’
1770 214 1824 270 782

69 341 238 409 tentionem,
263 349 325 397 tum
353 340 514 398 secundum
534 339 668 398 ellectum
696 339 914 397 consecutionis.
932 341 957 394 A
971 339 1053 398 lunc
1062 341 1140 398 enim
1150 340 1217 412 puri
1231 347 1319 412 atque
1333 339 1439 413 integri
1457 339 1494 397 ab
1511 339 1592 398 omni
1606 339 1690 399 sorde
1705 352 1740 399 ac
1754 337 1821 400 labe

69 430 164 488 veluti
180 430 205 487 si
223 429 257 486 de
280 427 381 499 aliquo
396 427 491 485 dicam
506 429 576 501 quia
591 429 663 486 exiit
688 428 725 486 ad
752 428 861 487 beilum
886 437 918 487 ut
971 430 1078 500 peccati
1098 430 1207 501 seipsos
1220 430 1278 488 lieo
1291 429 1497 487 mundissimas
1521 428 1631 488 bestias
1649 426 1823 489 odorabunt.

68 519 223 587 occideret,
240 516 286 575 vel
313 517 381 573 exiit
404 524 437 574 ιιι
464 517 654 576 occideretur:
680 517 755 575 sieut
781 517 853 575 illud
874 519 915 575 in·
972 519 1114 576 Ceterum
1141 532 1179 576 ex
1204 534 1263 592 quo
1293 518 1452 577 commissu
1469 516 1714 590 prevaricationis
1735 530 1825 579 musa

68 607 213 679 telligitur
228 607 283 663 bae
303 606 463 662 intentione
479 605 588 663 iactum
602 607 638 664 ab
653 605 701 663 illo
716 614 749 663 ιιι
763 606 856 665 alium
871 623 916 665 or·
973 606 1039 664 inde
1052 607 1151 664 emissi
1176 614 1245 666 sunt
1265 616 1353 678 atque
1369 609 1499 665 bumana
1518 607 1549 663 in
1563 607 1606 664 eis
1620 612 1729 665 natura
1742 606 1822 665 dam·

68 696 188 762 rideret,
205 695 247 752 sic
262 695 339 752 istud
357 695 395 752 ita
412 694 520 752 iactum
536 703 569 752 ut
586 694 754 753 eumoccidi
771 695 918 753 indecon-
972 705 1041 752 nata
1065 704 1118 766 est,
1143 704 1262 768 excepto
1276 711 1336 754 nno
1359 697 1513 755 ilediatore
1540 701 1648 767 etpost
1672 694 1825 755 lavacrum

70 784 205 855 tingeret.
236 787 272 841 bt
287 797 439 841 verorum
464 785 587 842 dicimus
617 784 688 856 quia
717 785 812 856 posuit
841 784 918 842 lleus
970 786 1197 857 regenerationis
1225 786 1395 858 quibusque
1432 786 1529 843 adbuc
1555 782 1698 858 parvulis.
1737 784 1823 843 lieno

69 872 219 929 bominem
250 872 280 929 in
304 872 438 944 paradiso
453 880 487 929 ut
506 887 574 930 eum
602 872 659 930 sibi
683 873 852 942 custodiret,
871 890 919 931 no·
972 874 1090 930 mundns
1116 891 1133 930 a
1163 875 1253 944 sorde,
1291 877 1362 931 sicut
1389 877 1522 946 scriptum
1554 878 1604 942 est,
1640 888 1689 931 nec
1726 874 1824 942 intras

69 975 224 1033 quaquam
240 961 300 1032 ipse
325 963 379 1019 hac
399 962 557 1019 intentione
574 962 602 1020 id
624 962 689 1019 iecit
717 964 796 1034 quod
811 960 920 1022 scirbit
973 961 1052 1031 eujus
1079 967 1120 1018 est
1147 966 1229 1018 nnius
1255 962 1320 1032 diei,
1344 964 1403 1018 cito
1418 978 1501 1033 super
1517 965 1619 1019 terrore
1636 961 1701 1035 (deb
1716 973 1779 1032 xiv,
1794 960 1823 1031 l,

69 1065 260 1123 nequaquam
290 1051 424 1111 intusum
447 1064 518 1119 esse,
535 1065 630 1122 neque
647 1051 688 1109 ita
711 1050 832 1109 utillud
852 1054 919 1111 inde
970 1050 1047 1121 juxt.
1063 1050 1163 1122 LXX).
1182 1050 1265 1117 Quod
1287 1050 1312 1107 si
1327 1051 1518 1122 respondetur
1533 1051 1621 1109 etiam
1649 1064 1698 1109 eos
1723 1049 1825 1109 marito

68 1139 258 1211 contingeret.
285 1139 328 1196 lta
342 1153 413 1211 ergo
429 1139 630 1210 accipiendum
645 1149 688 1199 est
701 1148 733 1199 at
748 1147 917 1211 operaretur,
973 1137 1028 1194 dici
1045 1152 1127 1210 posse
1142 1137 1245 1198 oiierre
1262 1137 1372 1197 hostias
1387 1139 1417 1197 in
1443 1138 1558 1210 institia
1581 1138 1634 1211 qui
1652 1137 1780 1199 oderunt
1793 1138 1825 1197 in

69 1234 137 1296 etc,
159 1228 227 1284 acsi
251 1228 479 1300 dicereturquia
494 1229 711 1299 ponendorum
733 1234 785 1301 ibi,
810 1231 918 1289 eonsti—
974 1226 1143 1299 ildepertus
1158 1228 1237 1285 enim
1252 1244 1287 1285 ea
1301 1228 1355 1300 nde
1379 1231 1450 1285 aicit
1466 1228 1552 1300 (bon.
1566 1243 1586 1297 1,
1605 1228 1669 1301 l7);
1698 1229 1824 1297 quarnatr

70 1316 126 1373 tuit
158 1331 226 1373 eum
261 1316 403 1373 cultorem
428 1324 455 1372 et
482 1326 712 1379 conservatorem
743 1321 821 1378 illius
851 1318 917 1386 loci,
973 1318 1092 1386 seipsum
1119 1317 1231 1374 seducat
1246 1320 1272 1374 si
1297 1317 1402 1374 duent
1421 1332 1450 1375 se
1482 1335 1538 1375 non
1561 1317 1660 1375 babere
1681 1321 1825 1390 paeesius

70 1405 265 1476 precipiendo
275 1405 382 1463 scilicet
398 1405 425 1461 ei
442 1413 474 1462 ut
489 1408 706 1467 eumexcoieret
722 1424 756 1466 ar
782 1407 837 1467 sibi
853 1422 919 1464 oon·
976 1406 1002 1479 (i
1013 1408 1091 1462 loca.
1108 1421 1128 1477 1,
1143 1407 1182 1479 8),
1198 1415 1225 1464 et
1242 1407 1304 1464 ideo
1316 1407 1392 1466 dicat
1408 1421 1488 1465 nnnc
1513 1407 1585 1480 quia
1610 1421 1647 1465 ex
1663 1405 1719 1464 dds
1732 1406 1823 1465 virita

67 1502 212 1551 servaret:
233 1494 377 1551 excoleret
392 1494 513 1566 quidem
530 1509 596 1552 eum
620 1497 810 1555 delectatione
825 1495 919 1567 magis
975 1494 1113 1566 uunquid
1127 1494 1259 1553 dicturus
1274 1503 1317 1553 est
1332 1495 1478 1568 quispiam
1492 1495 1549 1554 boo
1564 1494 1632 1554 fidei
1653 1502 1768 1569 tempus
1780 1494 1823 1553 ilii

67 1583 172 1655 aliqua
188 1583 227 1641 ibi
248 1582 402 1654 operando,
428 1584 503 1641 sieut
522 1584 639 1642 arbores
655 1587 731 1658 ipsas
750 1585 795 1645 vei
813 1585 919 1643 herbas
975 1581 1028 1639 fini
1043 1597 1104 1640 esse
1121 1583 1343 1656 coaequandum,
1356 1583 1476 1655 quando
1494 1584 1562 1658 igne
1584 1583 1687 1657 judicil
1701 1583 1823 1643 novissi-

67 1672 236 1744 purgando,
253 1673 453 1744 potiusquam
478 1688 546 1730 cum
562 1673 742 1747 latigationis
757 1675 863 1734 labore.
935 1657 956 1713 Β
973 1671 1014 1728 mi
1032 1672 1256 1731 mundabuntur
1269 1672 1323 1745 qui
1339 1671 1475 1731 oberrent
1503 1674 1534 1732 in
1551 1672 1689 1746 justitia?
1710 1675 1751 1732 Ao
1774 1687 1825 1746 per

104 1762 205 1827 eraeri
221 1761 308 1818 etiam
340 1769 430 1833 potest
460 1762 485 1817 si
503 1762 556 1820 boe
585 1773 762 1836 praeceptum
791 1762 918 1821 audibile
974 1761 1028 1818 boc
1043 1762 1181 1832 quoniam
1202 1768 1265 1833 post
1275 1761 1361 1820 talem
1384 1762 1605 1820 mundationem
1633 1761 1825 1834 nullumpsc·

65 1848 135 1916 luit,
153 1865 215 1921 qua
229 1850 331 1922 lingna
343 1851 488 1921 prolatum
499 1851 636 1922 sitquam
651 1854 745 1910 Adam
759 1852 920 1925 intelligere
974 1860 1072 1909 catum
1097 1850 1190 1922 justos
1216 1851 1368 1909 babituros
1396 1865 1458 1909 esse
1479 1851 1656 1910 credendum
1679 1858 1730 1918 est,
1755 1864 1824 1925 pro·

65 1949 175 2010 posset,
204 1955 273 1995 cum
289 1940 470 2010 postmodum
486 1941 543 2010 ipse
560 1941 705 2000 releratur
721 1944 852 2015 lingnam
876 1942 918 1998 in·
974 1939 1045 1997 lecto
1065 1938 1137 1996 illud
1159 1947 1282 2011 tempus.
1308 1949 1454 2012 quantum
1474 1940 1577 1999 attinet
1592 1940 1629 1998 ad
1643 1954 1702 1999 non
1717 1939 1825 1999 babere

65 2025 192 2096 venisse,
208 2043 276 2085 cnm
293 2028 425 2084 adductis
440 2028 476 2085 ad
498 2044 528 2086 se
555 2030 732 2089 animalibus
750 2031 870 2089 nomina
887 2030 918 2087 ii·
975 2035 1131 2099 peccatum,
1165 2027 1240 2086 nulli
1277 2029 1398 2099 tempori
1427 2028 1657 2100 comparandum
1684 2035 1736 2100 est,
1765 2027 1823 2086 nisi

65 2118 103 2175 lis
121 2118 291 2187 imponeret.
320 2117 375 2174 Sed
394 2119 503 2174 scimus
525 2118 617 2175 muita
639 2121 669 2177 in
686 2120 845 2193 seripturis
869 2133 920 2191 per
974 2116 1093 2189 quando
1121 2116 1207 2188 primi
1222 2117 1352 2176 homines
1367 2118 1399 2175 in
1412 2118 1548 2190 paradiso
1563 2125 1631 2176 ante
1650 2117 1825 2190 prevarica-

67 2206 314 2262 intermissionem
339 2205 385 2262 vel
412 2206 645 2277 anticipationem
678 2218 762 2267 extra
789 2208 921 2266 ordinem
975 2206 1084 2265 tionem
1111 2205 1347 2264 innocentissima
1390 2206 1524 2265 felicitate
1558 2208 1709 2266 vixerunt.
1737 2206 1825 2266 Recte

65 2296 108 2354 rei
126 2303 213 2368 geste
227 2309 443 2366 nonnunquam
458 2297 583 2353 narrari.
605 2298 677 2356 Eece
692 2300 769 2356 enim
785 2298 922 2370 superius
976 2295 1075 2367 itaque
1085 2294 1257 2367 intelligitur
1271 2295 1325 2353 boc
1338 2294 1535 2368 significatum
1550 2310 1610 2354 esse
1632 2309 1700 2353 cnm
1713 2293 1826 2355 dietum

64 2392 152 2442 sexto
168 2383 213 2441 die
223 2390 283 2441 tam
297 2385 361 2441 viro
376 2398 465 2455 quarn
478 2385 584 2442 lomina
596 2387 710 2455 creatis,
727 2387 776 2445 sed
791 2386 920 2444 nondum
975 2392 1018 2442 est
1053 2387 1124 2440 snut
1148 2384 1245 2440 diebus
1280 2386 1411 2456 pristinis
1447 2390 1473 2441 et
1503 2386 1575 2441 sicut
1608 2386 1691 2442 annis
1715 2387 1824 2457 priori·

65 2474 204 2544 exposito
221 2473 304 2530 modo
321 2472 399 2529 illius
426 2474 590 2543 creationis,
617 2476 791 2546 postmodun
815 2476 920 2547 repeti·
977 2474 1036 2530 bns.
1066 2474 1140 2533 Nam
1164 2481 1192 2532 et
1216 2488 1267 2546 per
1289 2475 1395 2532 isaiam
1419 2482 1620 2547 posteaquam
1645 2474 1752 2534 culum
1778 2488 1826 2533 no

67 2571 121 2620 tur
136 2562 186 2619 illa
206 2561 321 2630 creatio,
339 2576 373 2618 ac
398 2562 441 2619 sie
464 2563 618 2636 diligenter
632 2571 660 2622 et
684 2565 794 2637 integre
820 2577 921 2622 narra·
976 2577 1048 2620 rum
1062 2571 1090 2620 et
1105 2571 1182 2621 terra
1210 2577 1287 2621 nova
1311 2564 1453 2635 promissa
1479 2571 1522 2623 est
1551 2565 1626 2622 inter
1640 2571 1744 2623 caemra
1758 2578 1825 2637 quas

66 2660 121 2710 tur
136 2659 279 2723 tanquam
295 2659 366 2708 tunc
393 2659 504 2709 tantum
521 2660 549 2709 et
573 2667 631 2710 non
649 2660 714 2711 ante
736 2654 825 2712 lieret.
842 2653 923 2710 Sicut
978 2652 1015 2709 ibi
1032 2652 1067 2709 de
1080 2660 1247 2709 sanctorum
1262 2651 1443 2710 beatitudine
1458 2667 1510 2725 per
1524 2651 1678 2726 allegorias
1689 2659 1717 2711 et
1731 2651 1826 2726 enig-

66 2755 142 2812 ergo
164 2740 226 2811 ipsa
244 2740 325 2811 prius
347 2740 422 2797 lacta
437 2741 622 2813 postmodnm
651 2742 773 2799 iteratur
805 2750 923 2814 propter
978 2747 1065 2809 mata,
1089 2740 1269 2812 exsequitur,
1294 2741 1403 2812 quibus
1428 2740 1825 2815 expositionem'oongrnam

69 2827 271 2885 intermissum
301 2827 407 2886 scilieet
422 2830 485 2900 ejus
508 2831 637 2900 modum,
651 2830 693 2888 ita
706 2838 734 2889 ot
756 2846 808 2902 per
822 2831 923 2889 antici·
978 2829 1096 2887 reddere
1125 2843 1177 2888 nos
1202 2828 1351 2901 prohibuit
1377 2829 1504 2888 vitandas
1530 2828 1723 2905 longitudinis
1741 2842 1825 2900 cura,

69 2915 219 2989 petionem
234 2917 377 2974 nonnulla
407 2918 455 2975 bic
469 2919 571 2977 reierri
601 2927 682 2978 extra
706 2921 837 2979 ordinem
862 2920 962 3005 non'c
978 2918 1124 2975 secundnm
1159 2918 1227 2986 dies,
1257 2918 1355 2991 inquit
1378 2919 1449 2989 lipni
1485 2923 1548 2977 cita
1582 2923 1664 2977 erant
1691 2918 1751 2977 dies
1774 2934 1824 2993 po·

69 3014 114 3064 est
146 3005 383 3077 improbandum,
412 3015 445 3064 ut
467 3008 551 3079 prius
578 3008 686 3066 scilicet
716 3009 810 3067 Adam
840 3024 924 3068 rores
975 3009 1039 3079 puli
1070 3006 1304 3080 meipsum,
1330 3009 1388 3079 ιι).
1426 3007 1498 3074 dcis
1526 3016 1623 3067 autem
1657 3021 1755 3068 sacras
1778 3005 1827 3067 lli·

69 3094 231 3152 instituerit
245 3096 281 3152 ad
296 3095 485 3165 loquendum,
502 3111 591 3170 qnam
612 3106 789 3171 preceptum
811 3098 925 3157 bomini
979 3103 1055 3154 teras
1069 3096 1165 3169 attigit
1178 3104 1206 3154 et
1220 3096 1335 3169 ignorat
1348 3097 1400 3155 ubi
1426 3098 1503 3156 Dens
1523 3097 1696 3170 plantaverit
1711 3097 1827 3172 lignum

70 3183 189 3241 audiret
201 3183 231 3240 in
247 3183 302 3241 iilis
314 3185 437 3242 vocibus
453 3200 527 3258 quas
541 3185 601 3258 ipse
622 3188 803 3258 instituisset,
822 3196 855 3245 ut
876 3203 926 3247 eas
978 3186 1059 3258 vitae,
1075 3200 1093 3242 a
1107 3186 1194 3259 cujus
1206 3186 1271 3245 cibo
1283 3186 1425 3259 separatis
1438 3186 1496 3245 iliis
1516 3186 1694 3256 bominibus,
1708 3185 1827 3260 qnando

69 3271 234 3345 intelligere
247 3274 502 3346 possetquibuset
519 3274 578 3347 ipse
598 3276 780 3348 postmodum
802 3278 926 3351 loquens
980 3288 1027 3331 eos
1054 3287 1108 3331 sna
1122 3273 1158 3331 de
1184 3273 1318 3345 paradiso
1340 3273 1423 3347 eleeit
1449 3273 1600 3347 iniqnitas,
1631 3273 1725 3333 eidem
1748 3272 1828 3348 ligno

71 3362 565 3420 siumeuroaemensium
591 3368 667 3434 mes,
688 3374 754 3436 en,
780 3367 927 3438 quibusn
980 3362 1185 3435 circumposita
1199 3370 1242 3421 en
1256 3363 1341 3437 ignes
1363 3363 1560 3436 terribilisque
1584 3362 1725 3423 enimn.
1745 3360 1828 3433 queo

71 3465 194 3522 serpens
215 3466 283 3510 cum
306 3450 426 3511 muliere
441 3454 618 3525 loqueretur,
646 3455 692 3513 rel
727 3456 832 3514 mulier
859 3473 927 3516 cum
979 3453 1004 3511 si
1021 3453 1179 3526 quisquam
1201 3452 1267 3511 illos
1290 3453 1353 3511 dies
1367 3453 1441 3526 ligni
1464 3454 1541 3524 vitas,
1558 3467 1633 3526 quos
1651 3466 1829 3512 commemo-

72 3549 229 3612 serpente;
257 3549 286 3599 et
310 3542 369 3614 ipso
392 3557 513 3600 rursum
527 3543 668 3601 Dominus
684 3543 714 3601 in
731 3544 927 3616 increpatione
980 3542 1058 3599 ravit
1084 3542 1225 3613 propbeta
1252 3541 1352 3610 isaias,
1370 3543 1438 3599 istos
1462 3542 1515 3615 qni
1533 3557 1613 3601 nunc
1627 3549 1758 3617 aguntur
1773 3542 1829 3601 Ec-

73 3629 185 3702 pecoati
201 3644 268 3687 cnm
282 3630 375 3688 Adam
389 3638 417 3688 et
430 3632 493 3688 Era
515 3632 560 3689 vel
576 3633 631 3704 ipsi
646 3647 715 3690 enm
730 3634 861 3693 Domino.
881 3637 928 3693 Ex
982 3631 1073 3688 clesiae
1098 3631 1161 3688 dies
1198 3644 1259 3688 esse
1288 3631 1444 3700 contendit,
1489 3631 1644 3704 ipsumque
1681 3630 1830 3690 (lunatum

73 3734 136 3791 quo
150 3717 277 3791 prolecto
293 3734 351 3777 non
379 3721 534 3779 minimum
551 3722 672 3779 rationis
700 3722 806 3780 babere
827 3724 928 3781 viden·
981 3718 1094 3791 lignum
1114 3720 1182 3776 vitre
1210 3719 1376 3791 prophetice
1401 3719 1525 3788 dictum,
1544 3720 1616 3791 quia
1642 3718 1703 3791 ipse
1714 3726 1757 3779 est
1779 3716 1830 3778 Sa·

75 3816 135 3876 tur,
151 3808 205 3880 qui
235 3808 420 3880 illosprimos
447 3819 580 3880 parentes
608 3811 761 3882 aliquibus
784 3814 869 3869 annis
898 3813 928 3870 in
981 3807 1090 3880 pientia
1116 3808 1165 3863 liei
1194 3807 1229 3864 de
1247 3822 1307 3879 qua
1344 3807 1479 3864 Salomon
1519 3807 1578 3866 ait:
1610 3810 1729 3878 dignans
1766 3808 1831 3865 rita

76 3897 293 3970 paradisoante
308 3906 460 3968 peccatum
483 3899 591 3957 vixisse
612 3902 766 3970 estimant,
791 3902 929 3972 quamvis
982 3901 1022 3952 esi
1047 3897 1171 3952 omnibns
1216 3896 1441 3967 amplectendis&
1471 3912 1532 3952 eam
1575 3895 1666 3968 (Ριοιι
1693 3910 1736 3964 ¹¹¹2
1776 3896 1830 3969 ιθ),

76 3985 195 4043 nullum
211 3985 248 4043 ibi
264 3986 356 4042 illium
372 3987 535 4058 genuerint.
553 3989 616 4046 Non
644 3989 724 4047 enim
741 3990 827 4048 breve
856 3998 925 4048 tem-
982 4001 1035 4044 nec
1050 4000 1140 4043 annos
1170 3984 1285 4057 aliquos
1313 3984 1405 4058 egisse
1420 3984 1451 4043 in
1486 3984 1621 4056 paradiso
1634 3982 1699 4042 illos
1720 3982 1831 4057 primos

77 4075 156 4146 poris
185 4075 322 4146 spatium,
368 4083 400 4133 ut
430 4084 534 4133 caetorn
570 4079 738 4136 omittamus
767 4079 803 4136 ad
840 4080 930 4138 unius
984 4074 1126 4142 homines,
1144 4075 1218 4132 unde
1245 4081 1304 4132 tam
1322 4075 1377 4131 cito
1393 4074 1475 4147 ejecti
1491 4081 1571 4141 sunt,
1602 4080 1633 4132 nt
1659 4071 1832 4132 ibiculium

77 4162 189 4235 linguae
208 4163 404 4221 inventionem
428 4163 562 4223 sulficere
578 4174 697 4237 poterat,
714 4182 767 4225 nec
792 4167 853 4225 sola
882 4169 928 4225 in·
945 4219 968 4275 D
985 4165 1137 4238 gignerent
1163 4163 1267 4233 illium,
1291 4172 1319 4222 et
1341 4163 1404 4221 ideo
1435 4178 1494 4222 non
1517 4179 1600 4235 posse
1628 4162 1699 4223 illud
1717 4171 1833 4236 tempus

76 4252 177 4310 ventio
205 4252 357 4308 nominum
386 4267 453 4324 qum
475 4254 522 4310 bio
552 4261 666 4313 tantum
688 4265 932 4315 commemoratur
987 4252 1107 4325 intelligi
1123 4253 1154 4310 in
1168 4268 1202 4312 eo
1217 4253 1295 4324 quod
1310 4254 1420 4311 dictum
1435 4261 1487 4324 est,
1503 4257 1574 4311 siout
1593 4253 1690 4310 diebus
1703 4254 1833 4326 pristinis

78 4343 110 4398 in
129 4339 177 4398 bis
192 4340 390 4399 locutionibus
406 4344 579 4413 continetur,
597 4359 664 4415 que
679 4345 708 4402 in
725 4345 858 4417 paradiso
873 4346 930 4404 dici
986 4347 1012 4400 et
1026 4347 1096 4399 sicat
1111 4347 1191 4399 annis
1202 4343 1361 4414 prioribus:
1380 4342 1463 4399 istam
1478 4351 1615 4414 pretereo
1631 4341 1832 4414 questionem,

79 4437 294 4488 memorantur:
313 4430 370 4487 imo
386 4445 401 4487 e
416 4432 545 4489 contraio
562 4433 679 4490 nulium
704 4434 739 4492 de
763 4435 931 4493 nominibus
984 4446 1020 4489 ne
1042 4445 1139 4512 cogar,
1170 4431 1249 4504 quod
1273 4432 1421 4504 prolixum
1435 4439 1487 4500 est,
1513 4440 1620 4489 cuncta
1642 4430 1834 4490 discuterent

80 4519 275 4578 animantium
292 4527 376 4576 terrae
391 4520 437 4576 vel
463 4522 618 4579 volucrum
634 4536 701 4594 qum
715 4522 810 4582 Adam
839 4525 928 4597 impo·
985 4521 1097 4593 aliquid
1130 4521 1234 4579 borum
1263 4522 1369 4579 reritaa
1409 4521 1594 4579 manilestata
1609 4519 1770 4578 coniirmet.
1790 4518 1835 4577 vi·

78 4610 176 4668 scisse
198 4608 317 4674 dicitur,
334 4609 362 4665 in
379 4609 423 4666 bis
438 4609 633 4668 locutionibus
648 4613 821 4670 continetur.
985 4612 1037 4668 deo
1065 4610 1174 4683 quippo
1194 4611 1318 4669 altemm
1343 4625 1473 4681 sensum,
1494 4624 1530 4667 ne
1553 4609 1614 4667 dies
1643 4608 1779 4681 pristinos
1806 4614 1835 4667 et

114 4696 197 4766 Quod
226 4705 324 4754 autem
352 4697 488 4768 pluribus
502 4701 587 4756 annis
603 4701 632 4757 in
648 4700 781 4771 paradiso
798 4702 931 4759 innocen·
985 4714 1077 4758 annos
1103 4699 1221 4772 priores,
1250 4699 1413 4758 carnalium
1437 4699 1645 4756 sacrificiorum
1674 4698 1760 4757 nobis
1781 4710 1835 4770 pro

79 4795 123 4845 ter
138 4786 280 4854 vixerint,
298 4795 402 4857 prester
417 4788 558 4845 rationem
572 4803 661 4861 quam
678 4789 816 4860 diximus,
832 4798 929 4848 aucto·
985 4803 1092 4861 magno
1126 4802 1247 4846 munere
1273 4802 1324 4860 per
1355 4790 1526 4860 prophetam
1551 4788 1715 4859 praemissos
1743 4784 1836 4845 rubos

80 4877 152 4934 ritas
179 4875 328 4933 lisiacbiae
356 4877 511 4948 propbetas,
541 4878 588 4935 cni
622 4878 782 4949 plurimum
816 4878 846 4936 in
876 4879 932 4936 boc
986 4877 1146 4935 credamus
1165 4878 1269 4935 llostiae
1285 4890 1413 4949 namque
1429 4877 1484 4934 ille
1509 4877 1614 4934 vetoris
1632 4875 1748 4949 leglsin
1771 4874 1838 4948 qni-

80 4966 186 5024 beatem
207 4965 327 5022 assentit
349 4967 542 5038 Augustinus,
560 4974 689 5024 astruere
703 4967 828 5025 videtur.
851 4967 932 5025 Unde
986 4967 1099 5039 busque
1124 4966 1287 5037 pecoribus,
1318 4980 1385 5037 quae
1401 4965 1595 5023 immaculate
1630 4978 1665 5023 ac
1687 4963 1750 5024 aine
1773 4961 1837 5024 uilo

80 5053 158 5112 idem
184 5052 388 5112 doetorverba
417 5053 468 5112 illa
492 5056 638 5126 propbetae
662 5055 803 5113 inducens
816 5056 868 5114 lib.
896 5059 933 5112 lle
986 5070 1106 5128 prorsus
1116 5055 1186 5112 vitio
1211 5054 1386 5113 ridebantur
1414 5053 1522 5123 offerri,
1557 5052 1762 5127 significabant
1787 5053 1838 5113 bo·

79 5145 133 5201 cio.
151 5145 202 5200 disi
224 5156 273 5212 xx,
289 5158 353 5215 cap.
377 5146 430 5200 ab:
459 5166 473 5195 ι
501 5144 665 5214 Exponere,
691 5166 705 5195 ιι
724 5144 830 5217 inquit,
862 5159 932 5203 <mos
987 5146 1078 5203 mines
1103 5152 1227 5213 sanctos,
1251 5143 1346 5215 qualis
1368 5143 1447 5201 solus
1475 5143 1613 5201 inventus
1636 5150 1679 5202 est
1703 5142 1838 5203 (ibrislm

80 5238 194 5306 oportet
210 5233 356 5304 quomodo
381 5233 419 5290 sit
434 5233 637 5306 accipiendum
655 5234 734 5305 quod
757 5233 868 5293 dietum
890 5241 932 5293 est
987 5236 1049 5293 sine
1068 5232 1127 5290 ullo
1148 5232 1266 5290 omnino
1292 5239 1443 5304 peceato.»
1470 5234 1508 5291 Ut
1527 5240 1623 5290 tamen
1651 5231 1698 5291 bis
1719 5246 1840 5307 quoqne

81 5322 208 5378 aientia
244 5320 339 5378 diebus
364 5324 496 5393 pristinis
535 5327 561 5378 et
589 5325 661 5380 sient
688 5324 769 5380 onnia
794 5323 932 5396 prioribus
987 5322 1151 5382 satisfacere
1161 5319 1327 5380 laboremus
1341 5321 1393 5394 qni
1406 5324 1513 5395 primus
1526 5330 1660 5395 parentes
1678 5334 1733 5381 nec
1749 5320 1840 5383 unlus

82 5410 211 5484 (Uolsci.
229 5425 273 5481 ιιι,
288 5411 335 5484 ι);
364 5410 493 5471 iortassis
513 5413 590 5471 enim
616 5419 732 5486 tempus
753 5411 827 5473 illud
855 5428 932 5473 cam·
988 5412 1045 5472 diei
1059 5411 1189 5484 spatium
1204 5410 1235 5470 in
1248 5411 1384 5484 paradiso
1399 5411 1542 5486 peregisse
1571 5408 1841 5485 rotonensium

82 5505 237 5569 memorat,
252 5513 313 5572 quo
325 5499 414 5573 prim
434 5500 567 5563 nomines
588 5500 619 5561 in
643 5501 776 5576 paradiso
802 5500 932 5565 luerunt.
989 5499 1140 5577 aliquibus
1152 5498 1244 5576 signis
1257 5498 1299 5561 tbi
1313 5513 1367 5573 pro
1381 5514 1451 5563 roos
1461 5515 1535 5564 nsua
1542 5507 1586 5562 eat
1600 5499 1754 5573 nontam,
1769 5512 1842 5574 qne
