<?xml version="1.0" encoding="UTF-8"?>
<!DOCTYPE html PUBLIC "-//W3C//DTD XHTML 1.0 Transitional//EN"
    "http://www.w3.org/TR/xhtml1/DTD/xhtml1-transitional.dtd">
<html xmlns="http://www.w3.org/1999/xhtml" xml:lang="en" lang="en">
 <head>
  <title>
</title>
<meta http-equiv="Content-Type" content="text/html;charset=utf-8" />
  <meta name='ocr-system' content='tesseract 3.04.00' />
  <meta name='ocr-capabilities' content='ocr_page ocr_carea ocr_par ocr_line ocrx_word'/>
</head>
<body>
  <div class='ocr_page' id='page_1' title='image "./patrologiaecurs53unkngoog_0651.png"; bbox 0 0 3804 5962; ppageno 0'>
   <div class='ocr_carea' id='block_1_1' title="bbox 116 189 1858 268">
    <p class='ocr_par' dir='ltr' id='par_1_1' title="bbox 116 189 1858 268">
     <span class='ocr_line' id='line_1_1' title="bbox 116 189 1858 268; baseline 0.002 -20"><span class='ocrx_word' id='word_1_1' title='bbox 116 194 185 253; x_wconf 80' lang='lat' dir='ltr'><strong>raet</strong></span> <span class='ocrx_word' id='word_1_2' title='bbox 381 191 483 247; x_wconf 82' lang='lat' dir='ltr'>PETRI</span> <span class='ocrx_word' id='word_1_3' title='bbox 503 189 686 247; x_wconf 72' lang='lat' dir='ltr'><strong>abactam</strong></span> <span class='ocrx_word' id='word_1_4' title='bbox 706 189 782 246; x_wconf 86' lang='lat' dir='ltr'><strong>OPP.</strong></span> <span class='ocrx_word' id='word_1_5' title='bbox 804 189 894 246; x_wconf 78' lang='lat' dir='ltr'><strong>PARS</strong></span> <span class='ocrx_word' id='word_1_6' title='bbox 913 189 961 245; x_wconf 88' lang='lat' dir='ltr'><strong>tlt.</strong></span> <span class='ocrx_word' id='word_1_7' title='bbox 975 215 1012 236; x_wconf 93' lang='lat'>-</span> <span class='ocrx_word' id='word_1_8' title='bbox 1026 190 1248 268; x_wconf 68' lang='lat' dir='ltr'><strong>dudodecim</strong></span> <span class='ocrx_word' id='word_1_9' title='bbox 1267 191 1309 247; x_wconf 84' lang='lat' dir='ltr'><strong>ET</strong></span> <span class='ocrx_word' id='word_1_10' title='bbox 1327 190 1594 249; x_wconf 81' lang='lat' dir='ltr'><strong>Pitttosorttrca.</strong></span> <span class='ocrx_word' id='word_1_11' title='bbox 1795 194 1858 252; x_wconf 61' lang='grc' dir='ltr'>Μ</span> 
     </span>
    </p>
   </div>
   <div class='ocr_carea' id='block_1_2' title="bbox 89 313 1899 4116">
    <p class='ocr_par' dir='ltr' id='par_1_2' title="bbox 89 313 1899 4116">
     <span class='ocr_line' id='line_1_2' title="bbox 112 313 1858 390; baseline 0.002 -16"><span class='ocrx_word' id='word_1_12' title='bbox 112 330 159 374; x_wconf 92' lang='lat' dir='ltr'><strong>ars</strong></span> <span class='ocrx_word' id='word_1_13' title='bbox 182 316 277 382; x_wconf 90' lang='lat' dir='ltr'><strong>dictet,</strong></span> <span class='ocrx_word' id='word_1_14' title='bbox 303 329 407 372; x_wconf 90' lang='lat' dir='ltr'><strong>manns</strong></span> <span class='ocrx_word' id='word_1_15' title='bbox 435 319 545 386; x_wconf 88' lang='lat' dir='ltr'><strong>tangat,</strong></span> <span class='ocrx_word' id='word_1_16' title='bbox 578 314 665 371; x_wconf 86' lang='lat' dir='ltr'><strong>corda</strong></span> <span class='ocrx_word' id='word_1_17' title='bbox 692 321 814 372; x_wconf 85' lang='lat' dir='ltr'><strong>resonet.</strong></span> <span class='ocrx_word' id='word_1_18' title='bbox 841 315 873 370; x_wconf 94' lang='lat' dir='ltr'><strong>ln</strong></span> <span class='ocrx_word' id='word_1_19' title='bbox 902 313 960 370; x_wconf 90' lang='lat' dir='ltr'><strong>sole</strong></span> <span class='ocrx_word' id='word_1_20' title='bbox 975 314 999 367; x_wconf 83' lang='grc' dir='ltr'><strong>Α</strong></span> <span class='ocrx_word' id='word_1_21' title='bbox 1014 315 1185 385; x_wconf 89' lang='lat' dir='ltr'><strong>prietatibus</strong></span> <span class='ocrx_word' id='word_1_22' title='bbox 1199 317 1235 372; x_wconf 91' lang='lat' dir='ltr'><strong>ab</strong></span> <span class='ocrx_word' id='word_1_23' title='bbox 1259 315 1382 373; x_wconf 92' lang='lat' dir='ltr'><strong>invicem</strong></span> <span class='ocrx_word' id='word_1_24' title='bbox 1407 316 1535 373; x_wconf 88' lang='lat' dir='ltr'><strong>diversas</strong></span> <span class='ocrx_word' id='word_1_25' title='bbox 1556 316 1700 390; x_wconf 86' lang='lat' dir='ltr'><strong>vestigare</strong></span> <span class='ocrx_word' id='word_1_26' title='bbox 1719 325 1858 390; x_wconf 80' lang='lat' dir='ltr'><strong>atqueas</strong></span> 
     </span>
     <span class='ocr_line' id='line_1_3' title="bbox 112 403 1857 478; baseline -0.001 -14"><span class='ocrx_word' id='word_1_27' title='bbox 112 406 210 474; x_wconf 87' lang='lat' dir='ltr'><strong>etiam,</strong></span> <span class='ocrx_word' id='word_1_28' title='bbox 239 404 345 475; x_wconf 90' lang='lat' dir='ltr'><strong>inquit,</strong></span> <span class='ocrx_word' id='word_1_29' title='bbox 362 403 440 461; x_wconf 92' lang='lat' dir='ltr'><strong>calor</strong></span> <span class='ocrx_word' id='word_1_30' title='bbox 454 411 481 460; x_wconf 92' lang='lat' dir='ltr'><strong>et</strong></span> <span class='ocrx_word' id='word_1_31' title='bbox 496 403 631 474; x_wconf 81' lang='lat' dir='ltr'>splendor</span> <span class='ocrx_word' id='word_1_32' title='bbox 644 403 757 460; x_wconf 88' lang='lat' dir='ltr'><strong>diversa</strong></span> <span class='ocrx_word' id='word_1_33' title='bbox 776 411 877 476; x_wconf 90' lang='lat' dir='ltr'><strong>agunt,</strong></span> <span class='ocrx_word' id='word_1_34' title='bbox 894 417 960 459; x_wconf 92' lang='lat' dir='ltr'><strong>cum</strong></span> <span class='ocrx_word' id='word_1_35' title='bbox 1014 403 1141 475; x_wconf 84' lang='lat' dir='ltr'><strong>signare,</strong></span> <span class='ocrx_word' id='word_1_36' title='bbox 1156 404 1277 461; x_wconf 85' lang='lat' dir='ltr'><strong>Domino</strong></span> <span class='ocrx_word' id='word_1_37' title='bbox 1297 404 1452 471; x_wconf 89' lang='lat' dir='ltr'><strong>revelante,</strong></span> <span class='ocrx_word' id='word_1_38' title='bbox 1481 403 1655 478; x_wconf 75' lang='lat' dir='ltr'><strong>valueritis.</strong></span> <span class='ocrx_word' id='word_1_39' title='bbox 1682 404 1857 478; x_wconf 66' lang='lat' dir='ltr'><strong>valuerunt}</strong></span> 
     </span>
     <span class='ocr_line' id='line_1_4' title="bbox 111 491 1857 565; baseline -0.001 -12"><span class='ocrx_word' id='word_1_40' title='bbox 111 495 190 552; x_wconf 84' lang='lat' dir='ltr'><strong>calor</strong></span> <span class='ocrx_word' id='word_1_41' title='bbox 203 495 338 562; x_wconf 78' lang='lat' dir='ltr'><strong>exsiccet,</strong></span> <span class='ocrx_word' id='word_1_42' title='bbox 354 493 489 563; x_wconf 78' lang='lat' dir='ltr'><strong>splendor</strong></span> <span class='ocrx_word' id='word_1_43' title='bbox 503 492 655 549; x_wconf 90' lang='lat' dir='ltr'><strong>illuminet.</strong></span> <span class='ocrx_word' id='word_1_44' title='bbox 676 491 799 549; x_wconf 74' lang='lat' dir='ltr'><strong>=Sedad</strong></span> <span class='ocrx_word' id='word_1_45' title='bbox 815 492 875 548; x_wconf 85' lang='lat' dir='ltr'><strong>baec</strong></span> <span class='ocrx_word' id='word_1_46' title='bbox 889 491 960 562; x_wconf 90' lang='lat' dir='ltr'><strong>quid</strong></span> <span class='ocrx_word' id='word_1_47' title='bbox 1015 492 1061 549; x_wconf 90' lang='lat' dir='ltr'><strong>Sic</strong></span> <span class='ocrx_word' id='word_1_48' title='bbox 1083 493 1191 565; x_wconf 91' lang='lat' dir='ltr'><strong>quippe</strong></span> <span class='ocrx_word' id='word_1_49' title='bbox 1209 494 1347 565; x_wconf 86' lang='lat' dir='ltr'><strong>scriptum</strong></span> <span class='ocrx_word' id='word_1_50' title='bbox 1370 502 1426 551; x_wconf 90' lang='lat' dir='ltr'><strong>est:</strong></span> <span class='ocrx_word' id='word_1_51' title='bbox 1456 493 1533 559; x_wconf 81' lang='lat' dir='ltr'><strong>Quod</strong></span> <span class='ocrx_word' id='word_1_52' title='bbox 1557 498 1651 550; x_wconf 82' lang='lat' dir='ltr'><strong>notum</strong></span> <span class='ocrx_word' id='word_1_53' title='bbox 1673 499 1715 550; x_wconf 86' lang='lat' dir='ltr'><strong>est</strong></span> <span class='ocrx_word' id='word_1_54' title='bbox 1736 496 1787 550; x_wconf 79' lang='lat' dir='ltr'><strong>Dei</strong></span> <span class='ocrx_word' id='word_1_55' title='bbox 1807 512 1857 552; x_wconf 83' lang='grc' dir='ltr'><strong>ιιι·</strong></span> 
     </span>
     <span class='ocr_line' id='line_1_5' title="bbox 112 581 1856 654; baseline -0.001 -10"><span class='ocrx_word' id='word_1_56' title='bbox 112 583 246 644; x_wconf 84' lang='lat' dir='ltr'><strong>nonnulli</strong></span> <span class='ocrx_word' id='word_1_57' title='bbox 282 589 466 640; x_wconf 77' lang='lat' dir='ltr'><strong>murmurent</strong></span> <span class='ocrx_word' id='word_1_58' title='bbox 494 582 573 650; x_wconf 89' lang='lat' dir='ltr'><strong>novi,</strong></span> <span class='ocrx_word' id='word_1_59' title='bbox 601 581 727 638; x_wconf 90' lang='lat' dir='ltr'><strong>dieentes</strong></span> <span class='ocrx_word' id='word_1_60' title='bbox 754 581 873 654; x_wconf 91' lang='lat' dir='ltr'><strong>quidem</strong></span> <span class='ocrx_word' id='word_1_61' title='bbox 901 581 961 637; x_wconf 80' lang='lat' dir='ltr'><strong>beo</strong></span> <span class='ocrx_word' id='word_1_62' title='bbox 1013 583 1147 649; x_wconf 80' lang='lat' dir='ltr'><strong>nisestum</strong></span> <span class='ocrx_word' id='word_1_63' title='bbox 1175 587 1214 638; x_wconf 85' lang='lat' dir='ltr'><strong>est</strong></span> <span class='ocrx_word' id='word_1_64' title='bbox 1242 585 1298 637; x_wconf 81' lang='lat' dir='ltr'><strong>iltis</strong></span> <span class='ocrx_word' id='word_1_65' title='bbox 1327 583 1413 654; x_wconf 82' lang='lat' dir='ltr'><strong>(Rom.</strong></span> <span class='ocrx_word' id='word_1_66' title='bbox 1428 599 1447 652; x_wconf 92' lang='lat'><strong>1,</strong></span> <span class='ocrx_word' id='word_1_67' title='bbox 1482 582 1536 654; x_wconf 81' lang='lat' dir='ltr'><strong>ill),</strong></span> <span class='ocrx_word' id='word_1_68' title='bbox 1561 583 1672 641; x_wconf 82' lang='lat' dir='ltr'><strong>honest</strong></span> <span class='ocrx_word' id='word_1_69' title='bbox 1695 585 1856 644; x_wconf 91' lang='lat' dir='ltr'><strong>nonsolnn</strong></span> 
     </span>
     <span class='ocr_line' id='line_1_6' title="bbox 110 670 1857 744; baseline 0 -12"><span class='ocrx_word' id='word_1_70' title='bbox 110 674 186 732; x_wconf 91' lang='lat' dir='ltr'><strong>nihii</strong></span> <span class='ocrx_word' id='word_1_71' title='bbox 209 673 330 732; x_wconf 74' lang='lat' dir='ltr'><strong>attinere</strong></span> <span class='ocrx_word' id='word_1_72' title='bbox 349 671 384 727; x_wconf 91' lang='lat' dir='ltr'><strong>ad</strong></span> <span class='ocrx_word' id='word_1_73' title='bbox 399 671 459 727; x_wconf 93' lang='lat' dir='ltr'><strong>vim</strong></span> <span class='ocrx_word' id='word_1_74' title='bbox 483 670 660 741; x_wconf 74' lang='lat' dir='ltr'><strong>questionis,</strong></span> <span class='ocrx_word' id='word_1_75' title='bbox 678 685 744 741; x_wconf 83' lang='lat' dir='ltr'><strong>quae</strong></span> <span class='ocrx_word' id='word_1_76' title='bbox 759 671 794 727; x_wconf 93' lang='lat' dir='ltr'><strong>de</strong></span> <span class='ocrx_word' id='word_1_77' title='bbox 813 670 960 727; x_wconf 91' lang='lat' dir='ltr'><strong>identitate</strong></span> <span class='ocrx_word' id='word_1_78' title='bbox 1014 672 1081 739; x_wconf 90' lang='lat' dir='ltr'><strong>iilis,</strong></span> <span class='ocrx_word' id='word_1_79' title='bbox 1096 687 1198 730; x_wconf 86' lang='lat' dir='ltr'><strong>rerum</strong></span> <span class='ocrx_word' id='word_1_80' title='bbox 1211 673 1299 729; x_wconf 89' lang='lat' dir='ltr'><strong>etiam</strong></span> <span class='ocrx_word' id='word_1_81' title='bbox 1312 672 1341 728; x_wconf 93' lang='lat' dir='ltr'><strong>in</strong></span> <span class='ocrx_word' id='word_1_82' title='bbox 1355 672 1421 741; x_wconf 87' lang='lat' dir='ltr'><strong>illis,</strong></span> <span class='ocrx_word' id='word_1_83' title='bbox 1438 673 1493 728; x_wconf 90' lang='lat' dir='ltr'><strong>boc</strong></span> <span class='ocrx_word' id='word_1_84' title='bbox 1512 680 1553 730; x_wconf 96' lang='grc' dir='ltr'><strong>εει</strong></span> <span class='ocrx_word' id='word_1_85' title='bbox 1573 687 1623 744; x_wconf 93' lang='lat' dir='ltr'><strong>per</strong></span> <span class='ocrx_word' id='word_1_86' title='bbox 1638 673 1703 731; x_wconf 93' lang='lat' dir='ltr'><strong>iilos</strong></span> <span class='ocrx_word' id='word_1_87' title='bbox 1721 682 1749 730; x_wconf 90' lang='lat' dir='ltr'><strong>et</strong></span> <span class='ocrx_word' id='word_1_88' title='bbox 1763 688 1857 732; x_wconf 86' lang='lat' dir='ltr'><strong>corun</strong></span> 
     </span>
     <span class='ocr_line' id='line_1_7' title="bbox 110 757 1858 835; baseline 0 -14"><span class='ocrx_word' id='word_1_89' title='bbox 110 763 199 821; x_wconf 88' lang='lat' dir='ltr'><strong>unius</strong></span> <span class='ocrx_word' id='word_1_90' title='bbox 212 760 381 820; x_wconf 83' lang='lat' dir='ltr'><strong>substantiae</strong></span> <span class='ocrx_word' id='word_1_91' title='bbox 394 759 425 816; x_wconf 92' lang='lat' dir='ltr'><strong>in</strong></span> <span class='ocrx_word' id='word_1_92' title='bbox 453 759 546 817; x_wconf 89' lang='lat' dir='ltr'><strong>tribus</strong></span> <span class='ocrx_word' id='word_1_93' title='bbox 562 759 689 829; x_wconf 89' lang='lat' dir='ltr'><strong>personis</strong></span> <span class='ocrx_word' id='word_1_94' title='bbox 717 767 780 815; x_wconf 87' lang='lat' dir='ltr'><strong>orta</strong></span> <span class='ocrx_word' id='word_1_95' title='bbox 798 765 848 816; x_wconf 88' lang='lat' dir='ltr'><strong>est.</strong></span> <span class='ocrx_word' id='word_1_96' title='bbox 870 757 959 815; x_wconf 90' lang='lat' dir='ltr'><strong>Nemo</strong></span> <span class='ocrx_word' id='word_1_97' title='bbox 1014 760 1118 832; x_wconf 90' lang='lat' dir='ltr'><strong>scripta</strong></span> <span class='ocrx_word' id='word_1_98' title='bbox 1133 761 1208 825; x_wconf 84' lang='lat' dir='ltr'><strong>aliis,</strong></span> <span class='ocrx_word' id='word_1_99' title='bbox 1234 763 1304 816; x_wconf 75' lang='lat' dir='ltr'><strong>beate</strong></span> <span class='ocrx_word' id='word_1_100' title='bbox 1320 763 1390 816; x_wconf 83' lang='lat' dir='ltr'><strong>enim</strong></span> <span class='ocrx_word' id='word_1_101' title='bbox 1410 760 1468 815; x_wconf 82' lang='lat' dir='ltr'><strong>iltis</strong></span> <span class='ocrx_word' id='word_1_102' title='bbox 1486 763 1615 818; x_wconf 80' lang='lat' dir='ltr'><strong>revelavit</strong></span> <span class='ocrx_word' id='word_1_103' title='bbox 1640 762 1747 835; x_wconf 78' lang='lat' dir='ltr'><strong>(ibid),</strong></span> <span class='ocrx_word' id='word_1_104' title='bbox 1764 777 1858 821; x_wconf 90' lang='lat' dir='ltr'><strong>corun</strong></span> 
     </span>
     <span class='ocr_line' id='line_1_8' title="bbox 108 847 1859 922; baseline 0 -13"><span class='ocrx_word' id='word_1_105' title='bbox 108 851 199 922; x_wconf 86' lang='lat' dir='ltr'><strong>enirn,</strong></span> <span class='ocrx_word' id='word_1_106' title='bbox 215 850 364 922; x_wconf 91' lang='lat' dir='ltr'><strong>inquiunt,</strong></span> <span class='ocrx_word' id='word_1_107' title='bbox 376 848 487 905; x_wconf 89' lang='lat' dir='ltr'><strong>dubitat</strong></span> <span class='ocrx_word' id='word_1_108' title='bbox 503 848 576 919; x_wconf 94' lang='lat' dir='ltr'><strong>quin</strong></span> <span class='ocrx_word' id='word_1_109' title='bbox 590 847 620 903; x_wconf 93' lang='lat' dir='ltr'><strong>in</strong></span> <span class='ocrx_word' id='word_1_110' title='bbox 632 848 826 918; x_wconf 90' lang='lat' dir='ltr'><strong>eodemopcre</strong></span> <span class='ocrx_word' id='word_1_111' title='bbox 839 847 959 905; x_wconf 81' lang='lat' dir='ltr'><strong>diverse</strong></span> <span class='ocrx_word' id='word_1_112' title='bbox 1013 848 1120 906; x_wconf 91' lang='lat' dir='ltr'><strong>scilicet</strong></span> <span class='ocrx_word' id='word_1_113' title='bbox 1144 849 1336 907; x_wconf 91' lang='lat' dir='ltr'><strong>illuminando</strong></span> <span class='ocrx_word' id='word_1_114' title='bbox 1369 850 1521 918; x_wconf 92' lang='lat' dir='ltr'><strong>rationem,</strong></span> <span class='ocrx_word' id='word_1_115' title='bbox 1551 858 1583 907; x_wconf 94' lang='lat' dir='ltr'><strong>ut</strong></span> <span class='ocrx_word' id='word_1_116' title='bbox 1610 863 1648 907; x_wconf 83' lang='lat' dir='ltr'><strong>ex</strong></span> <span class='ocrx_word' id='word_1_117' title='bbox 1673 850 1859 909; x_wconf 85' lang='lat' dir='ltr'><strong>similitudine</strong></span> 
     </span>
     <span class='ocr_line' id='line_1_9' title="bbox 108 937 1859 1012; baseline 0.001 -15"><span class='ocrx_word' id='word_1_118' title='bbox 108 940 280 998; x_wconf 84' lang='lat' dir='ltr'><strong>reediversa</strong></span> <span class='ocrx_word' id='word_1_119' title='bbox 297 944 396 1010; x_wconf 89' lang='lat' dir='ltr'><strong>agant,</strong></span> <span class='ocrx_word' id='word_1_120' title='bbox 411 944 461 994; x_wconf 88' lang='lat' dir='ltr'><strong>aut</strong></span> <span class='ocrx_word' id='word_1_121' title='bbox 477 937 506 992; x_wconf 93' lang='lat' dir='ltr'><strong>in</strong></span> <span class='ocrx_word' id='word_1_122' title='bbox 529 937 628 1007; x_wconf 87' lang='lat' dir='ltr'><strong>eadem</strong></span> <span class='ocrx_word' id='word_1_123' title='bbox 648 937 811 993; x_wconf 89' lang='lat' dir='ltr'><strong>substantia</strong></span> <span class='ocrx_word' id='word_1_124' title='bbox 830 937 959 994; x_wconf 92' lang='lat' dir='ltr'><strong>diversas</strong></span> <span class='ocrx_word' id='word_1_125' title='bbox 1013 939 1205 1010; x_wconf 82' lang='lat' dir='ltr'><strong>corporalium</strong></span> <span class='ocrx_word' id='word_1_126' title='bbox 1230 954 1280 996; x_wconf 92' lang='lat' dir='ltr'><strong>seu</strong></span> <span class='ocrx_word' id='word_1_127' title='bbox 1304 939 1460 996; x_wconf 85' lang='lat' dir='ltr'><strong>visibilium</strong></span> <span class='ocrx_word' id='word_1_128' title='bbox 1484 953 1581 996; x_wconf 92' lang='lat' dir='ltr'><strong>rerum</strong></span> <span class='ocrx_word' id='word_1_129' title='bbox 1604 940 1640 996; x_wconf 90' lang='lat' dir='ltr'><strong>ad</strong></span> <span class='ocrx_word' id='word_1_130' title='bbox 1661 940 1859 1012; x_wconf 88' lang='lat' dir='ltr'><strong>incorpoream</strong></span> 
     </span>
     <span class='ocr_line' id='line_1_10' title="bbox 108 1025 1859 1100; baseline -0.001 -13"><span class='ocrx_word' id='word_1_131' title='bbox 108 1029 235 1087; x_wconf 79' lang='lat' dir='ltr'><strong>habeant</strong></span> <span class='ocrx_word' id='word_1_132' title='bbox 253 1028 329 1084; x_wconf 90' lang='lat' dir='ltr'><strong>vires</strong></span> <span class='ocrx_word' id='word_1_133' title='bbox 343 1026 464 1082; x_wconf 85' lang='lat' dir='ltr'><strong>diversae</strong></span> <span class='ocrx_word' id='word_1_134' title='bbox 479 1025 649 1097; x_wconf 90' lang='lat' dir='ltr'><strong>qualitates;</strong></span> <span class='ocrx_word' id='word_1_135' title='bbox 664 1026 713 1082; x_wconf 90' lang='lat' dir='ltr'><strong>sed</strong></span> <span class='ocrx_word' id='word_1_136' title='bbox 727 1026 792 1091; x_wconf 89' lang='lat' dir='ltr'><strong>lroc,</strong></span> <span class='ocrx_word' id='word_1_137' title='bbox 809 1025 958 1097; x_wconf 88' lang='lat' dir='ltr'><strong>inquiunt,</strong></span> <span class='ocrx_word' id='word_1_138' title='bbox 1013 1035 1101 1100; x_wconf 89' lang='lat' dir='ltr'><strong>atque</strong></span> <span class='ocrx_word' id='word_1_139' title='bbox 1124 1027 1296 1084; x_wconf 86' lang='lat' dir='ltr'><strong>invisibilem</strong></span> <span class='ocrx_word' id='word_1_140' title='bbox 1321 1028 1487 1085; x_wconf 90' lang='lat' dir='ltr'><strong>Divinitatis</strong></span> <span class='ocrx_word' id='word_1_141' title='bbox 1504 1034 1639 1085; x_wconf 88' lang='lat' dir='ltr'><strong>naturam</strong></span> <span class='ocrx_word' id='word_1_142' title='bbox 1663 1029 1859 1100; x_wconf 86' lang='lat' dir='ltr'><strong>contemplan-</strong></span> 
     </span>
     <span class='ocr_line' id='line_1_11' title="bbox 108 1114 1859 1188; baseline 0 -15"><span class='ocrx_word' id='word_1_143' title='bbox 108 1117 262 1183; x_wconf 91' lang='lat' dir='ltr'><strong>miramur‚</strong></span> <span class='ocrx_word' id='word_1_144' title='bbox 288 1129 354 1172; x_wconf 91' lang='lat' dir='ltr'><strong>cum</strong></span> <span class='ocrx_word' id='word_1_145' title='bbox 372 1114 409 1171; x_wconf 92' lang='lat' dir='ltr'><strong>sit</strong></span> <span class='ocrx_word' id='word_1_146' title='bbox 431 1127 492 1171; x_wconf 91' lang='lat' dir='ltr'><strong>una</strong></span> <span class='ocrx_word' id='word_1_147' title='bbox 520 1114 636 1184; x_wconf 93' lang='lat' dir='ltr'><strong>penitus</strong></span> <span class='ocrx_word' id='word_1_148' title='bbox 659 1114 821 1170; x_wconf 92' lang='lat' dir='ltr'><strong>substantia</strong></span> <span class='ocrx_word' id='word_1_149' title='bbox 843 1115 902 1170; x_wconf 94' lang='lat' dir='ltr'><strong>sive</strong></span> <span class='ocrx_word' id='word_1_150' title='bbox 917 1129 958 1170; x_wconf 87' lang='lat' dir='ltr'><strong>es-</strong></span> <span class='ocrx_word' id='word_1_151' title='bbox 1012 1116 1079 1173; x_wconf 90' lang='lat' dir='ltr'><strong>dam</strong></span> <span class='ocrx_word' id='word_1_152' title='bbox 1094 1118 1330 1188; x_wconf 78' lang='lat' dir='ltr'><strong>assurgerenta</strong></span> <span class='ocrx_word' id='word_1_153' title='bbox 1353 1121 1490 1183; x_wconf 80' lang='lat' dir='ltr'><strong>erectore,</strong></span> <span class='ocrx_word' id='word_1_154' title='bbox 1516 1117 1614 1188; x_wconf 89' lang='lat' dir='ltr'><strong>inquit</strong></span> <span class='ocrx_word' id='word_1_155' title='bbox 1638 1117 1738 1172; x_wconf 82' lang='lat' dir='ltr'><strong>mundi</strong></span> <span class='ocrx_word' id='word_1_156' title='bbox 1761 1133 1814 1187; x_wconf 82' lang='lat' dir='ltr'><strong>per</strong></span> <span class='ocrx_word' id='word_1_157' title='bbox 1833 1133 1859 1173; x_wconf 84' lang='lat' dir='ltr'><strong>ee</strong></span> 
     </span>
     <span class='ocr_line' id='line_1_12' title="bbox 107 1203 1859 1278; baseline -0.001 -14"><span class='ocrx_word' id='word_1_158' title='bbox 107 1208 199 1264; x_wconf 85' lang='lat' dir='ltr'><strong>sentia</strong></span> <span class='ocrx_word' id='word_1_159' title='bbox 213 1208 303 1263; x_wconf 93' lang='lat' dir='ltr'><strong>trium</strong></span> <span class='ocrx_word' id='word_1_160' title='bbox 318 1218 515 1276; x_wconf 91' lang='lat' dir='ltr'><strong>personarum,</strong></span> <span class='ocrx_word' id='word_1_161' title='bbox 531 1217 591 1274; x_wconf 92' lang='lat' dir='ltr'><strong>qua</strong></span> <span class='ocrx_word' id='word_1_162' title='bbox 605 1203 717 1260; x_wconf 92' lang='lat' dir='ltr'><strong>ratione</strong></span> <span class='ocrx_word' id='word_1_163' title='bbox 731 1204 793 1260; x_wconf 85' lang='lat' dir='ltr'><strong>haec</strong></span> <span class='ocrx_word' id='word_1_164' title='bbox 808 1204 959 1260; x_wconf 92' lang='lat' dir='ltr'><strong>incarnata</strong></span> <span class='ocrx_word' id='word_1_165' title='bbox 1013 1222 1071 1276; x_wconf 73' lang='lat' dir='ltr'><strong>quta</strong></span> <span class='ocrx_word' id='word_1_166' title='bbox 1092 1207 1168 1272; x_wconf 77' lang='lat' dir='ltr'><strong>iactu</strong></span> <span class='ocrx_word' id='word_1_167' title='bbox 1191 1210 1257 1260; x_wconf 72' lang='lat' dir='ltr'><strong>stent</strong></span> <span class='ocrx_word' id='word_1_168' title='bbox 1280 1204 1360 1275; x_wconf 82' lang='lat' dir='ltr'><strong>(ibid.</strong></span> <span class='ocrx_word' id='word_1_169' title='bbox 1386 1206 1444 1276; x_wconf 72' lang='grc' dir='ltr'><strong>ιο),</strong></span> <span class='ocrx_word' id='word_1_170' title='bbox 1470 1213 1527 1262; x_wconf 89' lang='lat' dir='ltr'><strong>tam</strong></span> <span class='ocrx_word' id='word_1_171' title='bbox 1543 1220 1560 1262; x_wconf 92' lang='lat' dir='ltr'><strong>a</strong></span> <span class='ocrx_word' id='word_1_172' title='bbox 1574 1205 1659 1262; x_wconf 92' lang='lat' dir='ltr'><strong>nobis</strong></span> <span class='ocrx_word' id='word_1_173' title='bbox 1683 1206 1773 1263; x_wconf 90' lang='lat' dir='ltr'><strong>etiam</strong></span> <span class='ocrx_word' id='word_1_174' title='bbox 1795 1205 1859 1278; x_wconf 85' lang='lat' dir='ltr'><strong>ipsis</strong></span> 
     </span>
     <span class='ocr_line' id='line_1_13' title="bbox 89 1284 1899 1366; baseline -0.001 -12"><span class='ocrx_word' id='word_1_175' title='bbox 89 1296 264 1354; x_wconf 48' lang='lat' dir='ltr'><strong>&#39;dicaturet</strong></span> <span class='ocrx_word' id='word_1_176' title='bbox 288 1309 347 1351; x_wconf 93' lang='lat' dir='ltr'><strong>non</strong></span> <span class='ocrx_word' id='word_1_177' title='bbox 371 1292 432 1364; x_wconf 89' lang='lat' dir='ltr'><strong>illa,</strong></span> <span class='ocrx_word' id='word_1_178' title='bbox 452 1308 519 1349; x_wconf 90' lang='lat' dir='ltr'><strong>cum</strong></span> <span class='ocrx_word' id='word_1_179' title='bbox 539 1292 776 1363; x_wconf 82' lang='lat' dir='ltr'><strong>ipsadivinitatis</strong></span> <span class='ocrx_word' id='word_1_180' title='bbox 795 1292 957 1350; x_wconf 91' lang='lat' dir='ltr'><strong>substantia</strong></span> <span class='ocrx_word' id='word_1_181' title='bbox 1012 1309 1134 1366; x_wconf 91' lang='lat' dir='ltr'><strong>quama</strong></span> <span class='ocrx_word' id='word_1_182' title='bbox 1158 1301 1264 1351; x_wconf 86' lang='lat' dir='ltr'><strong>natura</strong></span> <span class='ocrx_word' id='word_1_183' title='bbox 1291 1294 1450 1351; x_wconf 90' lang='lat' dir='ltr'><strong>secundum</strong></span> <span class='ocrx_word' id='word_1_184' title='bbox 1479 1294 1557 1352; x_wconf 91' lang='lat' dir='ltr'><strong>illam</strong></span> <span class='ocrx_word' id='word_1_185' title='bbox 1582 1293 1718 1352; x_wconf 90' lang='lat' dir='ltr'><strong>videlicet</strong></span> <span class='ocrx_word' id='word_1_186' title='bbox 1738 1293 1858 1366; x_wconf 77' lang='lat' dir='ltr'><strong>phileto</strong></span> <span class='ocrx_word' id='word_1_187' title='bbox 1897 1284 1899 1307; x_wconf 91' lang='lat'>&#39;</span> 
     </span>
     <span class='ocr_line' id='line_1_14' title="bbox 107 1380 1856 1455; baseline -0.001 -13"><span class='ocrx_word' id='word_1_188' title='bbox 107 1398 225 1442; x_wconf 90' lang='lat' dir='ltr'><strong>carnem</strong></span> <span class='ocrx_word' id='word_1_189' title='bbox 239 1383 410 1454; x_wconf 85' lang='lat' dir='ltr'><strong>susceperit,</strong></span> <span class='ocrx_word' id='word_1_190' title='bbox 428 1397 493 1453; x_wconf 76' lang='lat' dir='ltr'><strong>quac</strong></span> <span class='ocrx_word' id='word_1_191' title='bbox 515 1388 611 1439; x_wconf 90' lang='lat' dir='ltr'><strong>unact</strong></span> <span class='ocrx_word' id='word_1_192' title='bbox 625 1382 725 1438; x_wconf 89' lang='lat' dir='ltr'><strong>eadem</strong></span> <span class='ocrx_word' id='word_1_193' title='bbox 738 1380 864 1453; x_wconf 91' lang='lat' dir='ltr'><strong>singulis</strong></span> <span class='ocrx_word' id='word_1_194' title='bbox 876 1395 958 1453; x_wconf 89' lang='lat' dir='ltr'><strong>acque</strong></span> <span class='ocrx_word' id='word_1_195' title='bbox 1012 1384 1129 1455; x_wconf 84' lang='lat' dir='ltr'><strong>phiram</strong></span> <span class='ocrx_word' id='word_1_196' title='bbox 1151 1383 1302 1448; x_wconf 90' lang='lat' dir='ltr'><strong>rationem,</strong></span> <span class='ocrx_word' id='word_1_197' title='bbox 1328 1397 1388 1453; x_wconf 91' lang='lat' dir='ltr'><strong>qua</strong></span> <span class='ocrx_word' id='word_1_198' title='bbox 1401 1384 1540 1440; x_wconf 89' lang='lat' dir='ltr'><strong>dicuntur</strong></span> <span class='ocrx_word' id='word_1_199' title='bbox 1563 1382 1621 1441; x_wconf 93' lang='lat' dir='ltr'><strong>alia</strong></span> <span class='ocrx_word' id='word_1_200' title='bbox 1635 1397 1673 1440; x_wconf 81' lang='lat' dir='ltr'><strong>ex</strong></span> <span class='ocrx_word' id='word_1_201' title='bbox 1697 1384 1822 1441; x_wconf 85' lang='lat' dir='ltr'><strong>materia</strong></span> <span class='ocrx_word' id='word_1_202' title='bbox 1833 1390 1856 1441; x_wconf 87' lang='grc' dir='ltr'><strong>ει</strong></span> 
     </span>
     <span class='ocr_line' id='line_1_15' title="bbox 106 1470 1857 1544; baseline -0.003 -13"><span class='ocrx_word' id='word_1_203' title='bbox 106 1473 337 1544; x_wconf 89' lang='lat' dir='ltr'><strong>inestpersonis.</strong></span> <span class='ocrx_word' id='word_1_204' title='bbox 1012 1475 1105 1532; x_wconf 85' lang='lat' dir='ltr'><strong>torma</strong></span> <span class='ocrx_word' id='word_1_205' title='bbox 1118 1472 1282 1541; x_wconf 89' lang='lat' dir='ltr'><strong>consistere,</strong></span> <span class='ocrx_word' id='word_1_206' title='bbox 1308 1471 1365 1527; x_wconf 89' lang='lat' dir='ltr'><strong>alia</strong></span> <span class='ocrx_word' id='word_1_207' title='bbox 1388 1471 1424 1528; x_wconf 93' lang='lat' dir='ltr'><strong>ad</strong></span> <span class='ocrx_word' id='word_1_208' title='bbox 1445 1471 1669 1529; x_wconf 89' lang='lat' dir='ltr'><strong>similitudinem</strong></span> <span class='ocrx_word' id='word_1_209' title='bbox 1694 1470 1824 1528; x_wconf 75' lang='lat' dir='ltr'><strong>materie</strong></span> <span class='ocrx_word' id='word_1_210' title='bbox 1835 1477 1857 1526; x_wconf 86' lang='grc' dir='ltr'><strong>ει</strong></span> 
     </span>
     <span class='ocr_line' id='line_1_16' title="bbox 144 1558 1856 1650; baseline -0.001 -32"><span class='ocrx_word' id='word_1_211' title='bbox 144 1563 209 1620; x_wconf 83' lang='lat' dir='ltr'><strong>Fuit</strong></span> <span class='ocrx_word' id='word_1_212' title='bbox 233 1569 261 1619; x_wconf 92' lang='lat' dir='ltr'><strong>et</strong></span> <span class='ocrx_word' id='word_1_213' title='bbox 287 1560 407 1633; x_wconf 92' lang='lat' dir='ltr'><strong>quidam</strong></span> <span class='ocrx_word' id='word_1_214' title='bbox 443 1558 596 1617; x_wconf 82' lang='lat' dir='ltr'><strong>novissime</strong></span> <span class='ocrx_word' id='word_1_215' title='bbox 636 1558 815 1629; x_wconf 81' lang='lat' dir='ltr'><strong>temporibus</strong></span> <span class='ocrx_word' id='word_1_216' title='bbox 850 1560 957 1617; x_wconf 89' lang='lat' dir='ltr'><strong>nostris</strong></span> <span class='ocrx_word' id='word_1_217' title='bbox 972 1596 994 1650; x_wconf 71' lang='lat' dir='ltr'>B</span> <span class='ocrx_word' id='word_1_218' title='bbox 1013 1561 1230 1620; x_wconf 83' lang='lat' dir='ltr'><strong>iormae.lnbis</strong></span> <span class='ocrx_word' id='word_1_219' title='bbox 1252 1563 1361 1632; x_wconf 85' lang='lat' dir='ltr'><strong>quippe</strong></span> <span class='ocrx_word' id='word_1_220' title='bbox 1385 1560 1640 1618; x_wconf 82' lang='lat' dir='ltr'><strong>constitutionibus</strong></span> <span class='ocrx_word' id='word_1_221' title='bbox 1661 1574 1731 1618; x_wconf 90' lang='lat' dir='ltr'><strong>oum</strong></span> <span class='ocrx_word' id='word_1_222' title='bbox 1754 1561 1856 1618; x_wconf 85' lang='lat' dir='ltr'><strong>sitnm</strong></span> 
     </span>
     <span class='ocr_line' id='line_1_17' title="bbox 106 1647 1856 1722; baseline -0.004 -11"><span class='ocrx_word' id='word_1_223' title='bbox 106 1652 257 1711; x_wconf 68' lang='lat' dir='ltr'><strong>anselmus</strong></span> <span class='ocrx_word' id='word_1_224' title='bbox 291 1648 424 1707; x_wconf 90' lang='lat' dir='ltr'><strong>videlicet</strong></span> <span class='ocrx_word' id='word_1_225' title='bbox 456 1647 671 1706; x_wconf 85' lang='lat' dir='ltr'><strong>cantuariensis</strong></span> <span class='ocrx_word' id='word_1_226' title='bbox 706 1647 955 1719; x_wconf 91' lang='lat' dir='ltr'><strong>metropolitanos,</strong></span> <span class='ocrx_word' id='word_1_227' title='bbox 1013 1651 1127 1722; x_wconf 86' lang='lat' dir='ltr'><strong>penitus</strong></span> <span class='ocrx_word' id='word_1_228' title='bbox 1148 1651 1312 1706; x_wconf 91' lang='lat' dir='ltr'><strong>substantia</strong></span> <span class='ocrx_word' id='word_1_229' title='bbox 1338 1651 1515 1706; x_wconf 90' lang='lat' dir='ltr'><strong>constituens</strong></span> <span class='ocrx_word' id='word_1_230' title='bbox 1533 1657 1559 1706; x_wconf 90' lang='lat' dir='ltr'><strong>et</strong></span> <span class='ocrx_word' id='word_1_231' title='bbox 1574 1649 1735 1718; x_wconf 89' lang='lat' dir='ltr'><strong>constituti,</strong></span> <span class='ocrx_word' id='word_1_232' title='bbox 1767 1655 1856 1720; x_wconf 89' lang='lat' dir='ltr'><strong>utpote</strong></span> 
     </span>
     <span class='ocr_line' id='line_1_18' title="bbox 108 1733 1856 1812; baseline -0.002 -16"><span class='ocrx_word' id='word_1_233' title='bbox 108 1741 161 1812; x_wconf 92' lang='lat' dir='ltr'><strong>qui</strong></span> <span class='ocrx_word' id='word_1_234' title='bbox 175 1747 291 1798; x_wconf 87' lang='lat' dir='ltr'><strong>servata</strong></span> <span class='ocrx_word' id='word_1_235' title='bbox 312 1737 482 1795; x_wconf 86' lang='lat' dir='ltr'><strong>substantiae</strong></span> <span class='ocrx_word' id='word_1_236' title='bbox 502 1737 623 1800; x_wconf 89' lang='lat' dir='ltr'><strong>unitate,</strong></span> <span class='ocrx_word' id='word_1_237' title='bbox 635 1733 804 1791; x_wconf 84' lang='lat' dir='ltr'><strong>validiorem</strong></span> <span class='ocrx_word' id='word_1_238' title='bbox 819 1736 900 1792; x_wconf 92' lang='lat' dir='ltr'><strong>visus</strong></span> <span class='ocrx_word' id='word_1_239' title='bbox 914 1745 956 1793; x_wconf 92' lang='lat' dir='ltr'><strong>est</strong></span> <span class='ocrx_word' id='word_1_240' title='bbox 1011 1739 1139 1796; x_wconf 89' lang='lat' dir='ltr'><strong>materiae</strong></span> <span class='ocrx_word' id='word_1_241' title='bbox 1152 1745 1179 1795; x_wconf 94' lang='grc' dir='ltr'><strong>ει</strong></span> <span class='ocrx_word' id='word_1_242' title='bbox 1203 1738 1359 1805; x_wconf 88' lang='lat' dir='ltr'><strong>materiati,</strong></span> <span class='ocrx_word' id='word_1_243' title='bbox 1389 1737 1503 1794; x_wconf 91' lang='lat' dir='ltr'><strong>diversa</strong></span> <span class='ocrx_word' id='word_1_244' title='bbox 1526 1745 1622 1794; x_wconf 90' lang='lat' dir='ltr'><strong>tamen</strong></span> <span class='ocrx_word' id='word_1_245' title='bbox 1640 1745 1711 1794; x_wconf 91' lang='lat' dir='ltr'><strong>sunt</strong></span> <span class='ocrx_word' id='word_1_246' title='bbox 1734 1735 1856 1809; x_wconf 85' lang='lat' dir='ltr'><strong>proprie·</strong></span> 
     </span>
     <span class='ocr_line' id='line_1_19' title="bbox 107 1823 1856 1897; baseline -0.003 -10"><span class='ocrx_word' id='word_1_247' title='bbox 107 1828 326 1887; x_wconf 92' lang='lat' dir='ltr'><strong>similitudinem</strong></span> <span class='ocrx_word' id='word_1_248' title='bbox 351 1824 387 1882; x_wconf 92' lang='lat' dir='ltr'><strong>ad</strong></span> <span class='ocrx_word' id='word_1_249' title='bbox 412 1825 474 1882; x_wconf 90' lang='lat' dir='ltr'><strong>baec</strong></span> <span class='ocrx_word' id='word_1_250' title='bbox 489 1839 555 1896; x_wconf 82' lang='lat' dir='ltr'><strong>quae</strong></span> <span class='ocrx_word' id='word_1_251' title='bbox 580 1824 708 1880; x_wconf 81' lang='lat' dir='ltr'><strong>diximus</strong></span> <span class='ocrx_word' id='word_1_252' title='bbox 724 1823 884 1880; x_wconf 83' lang='lat' dir='ltr'><strong>induxisse.</strong></span> <span class='ocrx_word' id='word_1_253' title='bbox 899 1825 953 1881; x_wconf 85' lang='lat' dir='ltr'><strong>Cu·</strong></span> <span class='ocrx_word' id='word_1_254' title='bbox 1011 1835 1067 1885; x_wconf 92' lang='lat' dir='ltr'><strong>tate</strong></span> <span class='ocrx_word' id='word_1_255' title='bbox 1081 1828 1118 1885; x_wconf 89' lang='lat' dir='ltr'><strong>ab</strong></span> <span class='ocrx_word' id='word_1_256' title='bbox 1132 1827 1256 1884; x_wconf 90' lang='lat' dir='ltr'><strong>invicem</strong></span> <span class='ocrx_word' id='word_1_257' title='bbox 1279 1826 1401 1883; x_wconf 91' lang='lat' dir='ltr'><strong>materia</strong></span> <span class='ocrx_word' id='word_1_258' title='bbox 1422 1827 1484 1897; x_wconf 91' lang='lat' dir='ltr'><strong>ipsa</strong></span> <span class='ocrx_word' id='word_1_259' title='bbox 1499 1834 1527 1883; x_wconf 90' lang='lat' dir='ltr'><strong>et</strong></span> <span class='ocrx_word' id='word_1_260' title='bbox 1550 1825 1749 1894; x_wconf 89' lang='lat' dir='ltr'><strong>materiatum,</strong></span> <span class='ocrx_word' id='word_1_261' title='bbox 1766 1831 1856 1896; x_wconf 85' lang='lat' dir='ltr'><strong>utpote</strong></span> 
     </span>
     <span class='ocr_line' id='line_1_20' title="bbox 103 1912 1854 1991; baseline -0.003 -15"><span class='ocrx_word' id='word_1_262' title='bbox 103 1919 163 1991; x_wconf 86' lang='lat' dir='ltr'><strong>jus,</strong></span> <span class='ocrx_word' id='word_1_263' title='bbox 188 1917 219 1974; x_wconf 94' lang='lat' dir='ltr'><strong>ni</strong></span> <span class='ocrx_word' id='word_1_264' title='bbox 243 1916 335 1984; x_wconf 90' lang='lat' dir='ltr'><strong>iallor,</strong></span> <span class='ocrx_word' id='word_1_265' title='bbox 366 1913 564 1971; x_wconf 89' lang='lat' dir='ltr'><strong>similitudinis</strong></span> <span class='ocrx_word' id='word_1_266' title='bbox 590 1913 813 1969; x_wconf 85' lang='lat' dir='ltr'><strong>tundamentum</strong></span> <span class='ocrx_word' id='word_1_267' title='bbox 835 1927 852 1969; x_wconf 93' lang='lat' dir='ltr'><strong>a</strong></span> <span class='ocrx_word' id='word_1_268' title='bbox 873 1914 955 1972; x_wconf 89' lang='lat' dir='ltr'><strong>beato</strong></span> <span class='ocrx_word' id='word_1_269' title='bbox 1010 1931 1076 1974; x_wconf 87' lang='lat' dir='ltr'><strong>cera</strong></span> <span class='ocrx_word' id='word_1_270' title='bbox 1097 1918 1159 1987; x_wconf 88' lang='lat' dir='ltr'><strong>ipsa</strong></span> <span class='ocrx_word' id='word_1_271' title='bbox 1181 1925 1210 1973; x_wconf 92' lang='grc' dir='ltr'><strong>ει</strong></span> <span class='ocrx_word' id='word_1_272' title='bbox 1226 1930 1292 1986; x_wconf 79' lang='lat' dir='ltr'><strong>qua</strong></span> <span class='ocrx_word' id='word_1_273' title='bbox 1317 1929 1355 1971; x_wconf 82' lang='lat' dir='ltr'><strong>ex</strong></span> <span class='ocrx_word' id='word_1_274' title='bbox 1381 1915 1443 1985; x_wconf 89' lang='lat' dir='ltr'><strong>ipsa</strong></span> <span class='ocrx_word' id='word_1_275' title='bbox 1466 1922 1508 1972; x_wconf 87' lang='lat' dir='ltr'><strong>est</strong></span> <span class='ocrx_word' id='word_1_276' title='bbox 1526 1915 1620 1987; x_wconf 88' lang='lat' dir='ltr'><strong>imago</strong></span> <span class='ocrx_word' id='word_1_277' title='bbox 1636 1928 1731 1972; x_wconf 89' lang='lat' dir='ltr'><strong>cerea.</strong></span> <span class='ocrx_word' id='word_1_278' title='bbox 1748 1912 1854 1985; x_wconf 79' lang='lat' dir='ltr'><strong>Acpri·</strong></span> 
     </span>
     <span class='ocr_line' id='line_1_21' title="bbox 106 1996 1573 2078; baseline -0.005 -13"><span class='ocrx_word' id='word_1_279' title='bbox 106 2007 231 2078; x_wconf 89' lang='lat' dir='ltr'><strong>sumpsit</strong></span> <span class='ocrx_word' id='word_1_280' title='bbox 249 2005 416 2077; x_wconf 82' lang='lat' dir='ltr'><strong>Augustino</strong></span> <span class='ocrx_word' id='word_1_281' title='bbox 431 2003 574 2060; x_wconf 86' lang='lat' dir='ltr'><strong>scribente</strong></span> <span class='ocrx_word' id='word_1_282' title='bbox 589 2002 625 2058; x_wconf 88' lang='lat' dir='ltr'><strong>ad</strong></span> <span class='ocrx_word' id='word_1_283' title='bbox 647 2001 835 2059; x_wconf 83' lang='lat' dir='ltr'><strong>Laurentium</strong></span> <span class='ocrx_word' id='word_1_284' title='bbox 851 2017 955 2074; x_wconf 90' lang='lat' dir='ltr'><strong>papam</strong></span> <span class='ocrx_word' id='word_1_285' title='bbox 1009 1996 1573 2076; x_wconf 85' lang='lat' dir='ltr'><strong>mumdegenerationeprosequamur.</strong></span> 
     </span>
     <span class='ocr_line' id='line_1_22' title="bbox 106 2091 1856 2166; baseline -0.004 -11"><span class='ocrx_word' id='word_1_286' title='bbox 106 2097 142 2155; x_wconf 92' lang='lat' dir='ltr'><strong>de</strong></span> <span class='ocrx_word' id='word_1_287' title='bbox 154 2098 209 2155; x_wconf 93' lang='lat' dir='ltr'><strong>boc</strong></span> <span class='ocrx_word' id='word_1_288' title='bbox 227 2096 288 2166; x_wconf 90' lang='lat' dir='ltr'><strong>ipso</strong></span> <span class='ocrx_word' id='word_1_289' title='bbox 303 2102 331 2152; x_wconf 94' lang='lat' dir='ltr'><strong>et</strong></span> <span class='ocrx_word' id='word_1_290' title='bbox 345 2093 451 2150; x_wconf 88' lang='lat' dir='ltr'><strong>iontem</strong></span> <span class='ocrx_word' id='word_1_291' title='bbox 465 2100 493 2150; x_wconf 90' lang='lat' dir='ltr'><strong>et</strong></span> <span class='ocrx_word' id='word_1_292' title='bbox 506 2092 570 2164; x_wconf 84' lang='lat' dir='ltr'><strong>ejus</strong></span> <span class='ocrx_word' id='word_1_293' title='bbox 582 2091 691 2157; x_wconf 91' lang='lat' dir='ltr'><strong>rivum,</strong></span> <span class='ocrx_word' id='word_1_294' title='bbox 713 2105 839 2162; x_wconf 88' lang='lat' dir='ltr'><strong>quorum</strong></span> <span class='ocrx_word' id='word_1_295' title='bbox 856 2093 955 2150; x_wconf 77' lang='lat' dir='ltr'><strong>eadem</strong></span> <span class='ocrx_word' id='word_1_296' title='bbox 1045 2094 1190 2150; x_wconf 89' lang='lat' dir='ltr'><strong>Ponamus</strong></span> <span class='ocrx_word' id='word_1_297' title='bbox 1213 2106 1282 2164; x_wconf 93' lang='lat' dir='ltr'><strong>ergo</strong></span> <span class='ocrx_word' id='word_1_298' title='bbox 1305 2099 1372 2148; x_wconf 91' lang='lat' dir='ltr'><strong>ante</strong></span> <span class='ocrx_word' id='word_1_299' title='bbox 1396 2091 1494 2149; x_wconf 90' lang='lat' dir='ltr'><strong>oculos</strong></span> <span class='ocrx_word' id='word_1_300' title='bbox 1517 2105 1628 2148; x_wconf 90' lang='lat' dir='ltr'><strong>ceream</strong></span> <span class='ocrx_word' id='word_1_301' title='bbox 1650 2091 1812 2164; x_wconf 80' lang='lat' dir='ltr'><strong>imaginem</strong></span> <span class='ocrx_word' id='word_1_302' title='bbox 1830 2098 1856 2148; x_wconf 87' lang='lat' dir='ltr'><strong>et</strong></span> 
     </span>
     <span class='ocr_line' id='line_1_23' title="bbox 106 2179 1858 2253; baseline -0.003 -10"><span class='ocrx_word' id='word_1_303' title='bbox 106 2195 149 2244; x_wconf 90' lang='lat' dir='ltr'><strong>est</strong></span> <span class='ocrx_word' id='word_1_304' title='bbox 169 2184 344 2250; x_wconf 88' lang='lat' dir='ltr'><strong>substantia,</strong></span> <span class='ocrx_word' id='word_1_305' title='bbox 368 2183 406 2239; x_wconf 89' lang='lat' dir='ltr'><strong>ad</strong></span> <span class='ocrx_word' id='word_1_306' title='bbox 427 2182 532 2238; x_wconf 77' lang='lat' dir='ltr'><strong>divinae</strong></span> <span class='ocrx_word' id='word_1_307' title='bbox 557 2179 752 2253; x_wconf 80' lang='lat' dir='ltr'><strong>generationis</strong></span> <span class='ocrx_word' id='word_1_308' title='bbox 776 2180 954 2252; x_wconf 85' lang='lat' dir='ltr'><strong>exemplum,</strong></span> <span class='ocrx_word' id='word_1_309' title='bbox 1010 2182 1223 2240; x_wconf 88' lang='lat' dir='ltr'><strong>consideremus</strong></span> <span class='ocrx_word' id='word_1_310' title='bbox 1249 2181 1279 2236; x_wconf 93' lang='lat' dir='ltr'><strong>in</strong></span> <span class='ocrx_word' id='word_1_311' title='bbox 1305 2195 1340 2237; x_wconf 88' lang='lat' dir='ltr'><strong>ea</strong></span> <span class='ocrx_word' id='word_1_312' title='bbox 1368 2181 1429 2250; x_wconf 90' lang='lat' dir='ltr'><strong>ipsa</strong></span> <span class='ocrx_word' id='word_1_313' title='bbox 1455 2188 1592 2237; x_wconf 89' lang='lat' dir='ltr'><strong>naturam</strong></span> <span class='ocrx_word' id='word_1_314' title='bbox 1624 2193 1708 2248; x_wconf 85' lang='lat' dir='ltr'><strong>cerae,</strong></span> <span class='ocrx_word' id='word_1_315' title='bbox 1737 2181 1793 2238; x_wconf 85' lang='lat' dir='ltr'><strong>boc</strong></span> <span class='ocrx_word' id='word_1_316' title='bbox 1817 2180 1858 2238; x_wconf 77' lang='lat' dir='ltr'><strong>eei</strong></span> 
     </span>
     <span class='ocr_line' id='line_1_24' title="bbox 105 2268 1858 2342; baseline -0.002 -11"><span class='ocrx_word' id='word_1_317' title='bbox 105 2273 158 2331; x_wconf 90' lang='lat' dir='ltr'><strong>ubi</strong></span> <span class='ocrx_word' id='word_1_318' title='bbox 171 2272 271 2331; x_wconf 90' lang='lat' dir='ltr'><strong>eadem</strong></span> <span class='ocrx_word' id='word_1_319' title='bbox 292 2279 334 2328; x_wconf 89' lang='lat' dir='ltr'><strong>est</strong></span> <span class='ocrx_word' id='word_1_320' title='bbox 349 2270 511 2328; x_wconf 89' lang='lat' dir='ltr'><strong>substantia</strong></span> <span class='ocrx_word' id='word_1_321' title='bbox 530 2269 694 2340; x_wconf 87' lang='lat' dir='ltr'><strong>generantis</strong></span> <span class='ocrx_word' id='word_1_322' title='bbox 714 2276 742 2324; x_wconf 91' lang='grc' dir='ltr'><strong>ει</strong></span> <span class='ocrx_word' id='word_1_323' title='bbox 759 2268 858 2339; x_wconf 89' lang='lat' dir='ltr'><strong>geniti,</strong></span> <span class='ocrx_word' id='word_1_324' title='bbox 874 2269 956 2327; x_wconf 91' lang='lat' dir='ltr'><strong>indu·</strong></span> <span class='ocrx_word' id='word_1_325' title='bbox 1009 2272 1100 2342; x_wconf 87' lang='lat' dir='ltr'><strong>ipsam</strong></span> <span class='ocrx_word' id='word_1_326' title='bbox 1117 2284 1228 2328; x_wconf 89' lang='lat' dir='ltr'><strong>ceream</strong></span> <span class='ocrx_word' id='word_1_327' title='bbox 1256 2268 1458 2332; x_wconf 89' lang='lat' dir='ltr'><strong>substantiam,</strong></span> <span class='ocrx_word' id='word_1_328' title='bbox 1474 2283 1510 2325; x_wconf 82' lang='lat' dir='ltr'><strong>ex</strong></span> <span class='ocrx_word' id='word_1_329' title='bbox 1525 2283 1586 2340; x_wconf 90' lang='lat' dir='ltr'><strong>qua</strong></span> <span class='ocrx_word' id='word_1_330' title='bbox 1605 2275 1647 2325; x_wconf 91' lang='lat' dir='ltr'><strong>est</strong></span> <span class='ocrx_word' id='word_1_331' title='bbox 1662 2268 1761 2342; x_wconf 91' lang='lat' dir='ltr'><strong>imago</strong></span> <span class='ocrx_word' id='word_1_332' title='bbox 1780 2282 1858 2327; x_wconf 83' lang='lat' dir='ltr'><strong>earet</strong></span> 
     </span>
     <span class='ocr_line' id='line_1_25' title="bbox 106 2357 1856 2432; baseline -0.003 -12"><span class='ocrx_word' id='word_1_333' title='bbox 106 2369 196 2420; x_wconf 85' lang='lat' dir='ltr'><strong>cente.</strong></span> <span class='ocrx_word' id='word_1_334' title='bbox 225 2361 305 2416; x_wconf 75' lang='lat' dir='ltr'><strong>vonit</strong></span> <span class='ocrx_word' id='word_1_335' title='bbox 320 2360 417 2430; x_wconf 90' lang='lat' dir='ltr'><strong>itaque</strong></span> <span class='ocrx_word' id='word_1_336' title='bbox 432 2358 589 2429; x_wconf 79' lang='lat' dir='ltr'><strong>praedictus</strong></span> <span class='ocrx_word' id='word_1_337' title='bbox 613 2357 847 2428; x_wconf 86' lang='lat' dir='ltr'><strong>archiepiscopus</strong></span> <span class='ocrx_word' id='word_1_338' title='bbox 871 2359 954 2429; x_wconf 89' lang='lat' dir='ltr'><strong>quasi</strong></span> <span class='ocrx_word' id='word_1_339' title='bbox 1007 2361 1093 2432; x_wconf 77' lang='lat' dir='ltr'><strong>Juxta</strong></span> <span class='ocrx_word' id='word_1_340' title='bbox 1109 2359 1292 2430; x_wconf 87' lang='lat' dir='ltr'><strong>philosophos</strong></span> <span class='ocrx_word' id='word_1_341' title='bbox 1315 2365 1455 2428; x_wconf 80' lang='lat' dir='ltr'><strong>tanquam</strong></span> <span class='ocrx_word' id='word_1_342' title='bbox 1478 2358 1661 2415; x_wconf 91' lang='lat' dir='ltr'><strong>materiatum</strong></span> <span class='ocrx_word' id='word_1_343' title='bbox 1676 2371 1714 2415; x_wconf 83' lang='lat' dir='ltr'><strong>ex</strong></span> <span class='ocrx_word' id='word_1_344' title='bbox 1729 2358 1856 2428; x_wconf 79' lang='lat' dir='ltr'><strong>materia,</strong></span> 
     </span>
     <span class='ocr_line' id='line_1_26' title="bbox 105 2444 1857 2521; baseline -0.002 -14"><span class='ocrx_word' id='word_1_345' title='bbox 105 2451 163 2508; x_wconf 89' lang='lat' dir='ltr'><strong>tria</strong></span> <span class='ocrx_word' id='word_1_346' title='bbox 178 2449 307 2521; x_wconf 80' lang='lat' dir='ltr'><strong>eiusdem</strong></span> <span class='ocrx_word' id='word_1_347' title='bbox 334 2445 515 2512; x_wconf 76' lang='lat' dir='ltr'><strong>substantie,</strong></span> <span class='ocrx_word' id='word_1_348' title='bbox 540 2445 647 2500; x_wconf 87' lang='lat' dir='ltr'><strong>iontem</strong></span> <span class='ocrx_word' id='word_1_349' title='bbox 663 2444 797 2502; x_wconf 89' lang='lat' dir='ltr'><strong>videlieet</strong></span> <span class='ocrx_word' id='word_1_350' title='bbox 816 2446 955 2504; x_wconf 90' lang='lat' dir='ltr'><strong>rivumet</strong></span> <span class='ocrx_word' id='word_1_351' title='bbox 1008 2464 1075 2507; x_wconf 91' lang='lat' dir='ltr'><strong>cum</strong></span> <span class='ocrx_word' id='word_1_352' title='bbox 1098 2456 1194 2505; x_wconf 90' lang='lat' dir='ltr'><strong>tamen</strong></span> <span class='ocrx_word' id='word_1_353' title='bbox 1217 2449 1317 2504; x_wconf 92' lang='lat' dir='ltr'><strong>eadem</strong></span> <span class='ocrx_word' id='word_1_354' title='bbox 1344 2447 1469 2504; x_wconf 89' lang='lat' dir='ltr'><strong>essentia</strong></span> <span class='ocrx_word' id='word_1_355' title='bbox 1493 2448 1531 2504; x_wconf 91' lang='lat' dir='ltr'><strong>sit</strong></span> <span class='ocrx_word' id='word_1_356' title='bbox 1545 2461 1611 2504; x_wconf 91' lang='lat' dir='ltr'><strong>cera</strong></span> <span class='ocrx_word' id='word_1_357' title='bbox 1634 2447 1739 2518; x_wconf 92' lang='lat' dir='ltr'><strong>ipsaet</strong></span> <span class='ocrx_word' id='word_1_358' title='bbox 1764 2447 1857 2520; x_wconf 85' lang='lat' dir='ltr'><strong>imago</strong></span> 
     </span>
     <span class='ocr_line' id='line_1_27' title="bbox 106 2534 1855 2612; baseline -0.001 -16"><span class='ocrx_word' id='word_1_359' title='bbox 106 2545 257 2612; x_wconf 81' lang='lat' dir='ltr'><strong>stagnum:</strong></span> <span class='ocrx_word' id='word_1_360' title='bbox 275 2537 381 2593; x_wconf 91' lang='lat' dir='ltr'><strong>iontem</strong></span> <span class='ocrx_word' id='word_1_361' title='bbox 409 2535 526 2606; x_wconf 91' lang='lat' dir='ltr'><strong>quidem</strong></span> <span class='ocrx_word' id='word_1_362' title='bbox 550 2548 666 2605; x_wconf 80' lang='lat' dir='ltr'><strong>exque</strong></span> <span class='ocrx_word' id='word_1_363' title='bbox 690 2541 732 2590; x_wconf 92' lang='lat' dir='ltr'><strong>est</strong></span> <span class='ocrx_word' id='word_1_364' title='bbox 756 2535 846 2603; x_wconf 92' lang='lat' dir='ltr'><strong>rivus,</strong></span> <span class='ocrx_word' id='word_1_365' title='bbox 870 2537 955 2607; x_wconf 90' lang='lat' dir='ltr'><strong>qnasi</strong></span> <span class='ocrx_word' id='word_1_366' title='bbox 1009 2553 1099 2604; x_wconf 90' lang='lat' dir='ltr'><strong>cerea,</strong></span> <span class='ocrx_word' id='word_1_367' title='bbox 1130 2546 1164 2595; x_wconf 90' lang='lat' dir='ltr'><strong>nt</strong></span> <span class='ocrx_word' id='word_1_368' title='bbox 1196 2537 1286 2594; x_wconf 90' lang='lat' dir='ltr'><strong>etiam</strong></span> <span class='ocrx_word' id='word_1_369' title='bbox 1322 2551 1373 2607; x_wconf 89' lang='lat' dir='ltr'><strong>per</strong></span> <span class='ocrx_word' id='word_1_370' title='bbox 1403 2536 1634 2606; x_wconf 81' lang='lat' dir='ltr'><strong>predicationem</strong></span> <span class='ocrx_word' id='word_1_371' title='bbox 1668 2535 1727 2594; x_wconf 88' lang='lat' dir='ltr'><strong>sibi</strong></span> <span class='ocrx_word' id='word_1_372' title='bbox 1757 2534 1855 2595; x_wconf 86' lang='lat' dir='ltr'><strong>sociari</strong></span> 
     </span>
     <span class='ocr_line' id='line_1_28' title="bbox 105 2623 1899 2701; baseline -0.002 -15"><span class='ocrx_word' id='word_1_373' title='bbox 105 2628 219 2686; x_wconf 88' lang='lat' dir='ltr'><strong>Patrem</strong></span> <span class='ocrx_word' id='word_1_374' title='bbox 242 2641 280 2685; x_wconf 86' lang='lat' dir='ltr'><strong>ex</strong></span> <span class='ocrx_word' id='word_1_375' title='bbox 298 2641 356 2696; x_wconf 92' lang='lat' dir='ltr'><strong>quo</strong></span> <span class='ocrx_word' id='word_1_376' title='bbox 373 2624 474 2690; x_wconf 78' lang='lat' dir='ltr'><strong>iilius,</strong></span> <span class='ocrx_word' id='word_1_377' title='bbox 492 2632 628 2694; x_wconf 86' lang='lat' dir='ltr'><strong>stagnum</strong></span> <span class='ocrx_word' id='word_1_378' title='bbox 652 2637 720 2680; x_wconf 91' lang='lat' dir='ltr'><strong>vero</strong></span> <span class='ocrx_word' id='word_1_379' title='bbox 734 2625 812 2694; x_wconf 92' lang='lat' dir='ltr'><strong>quod</strong></span> <span class='ocrx_word' id='word_1_380' title='bbox 826 2640 860 2681; x_wconf 84' lang='lat' dir='ltr'><strong>ex</strong></span> <span class='ocrx_word' id='word_1_381' title='bbox 878 2625 954 2682; x_wconf 87' lang='lat' dir='ltr'><strong>lente</strong></span> <span class='ocrx_word' id='word_1_382' title='bbox 1009 2635 1118 2701; x_wconf 91' lang='lat' dir='ltr'><strong>queant</strong></span> <span class='ocrx_word' id='word_1_383' title='bbox 1145 2640 1211 2684; x_wconf 92' lang='lat' dir='ltr'><strong>cera</strong></span> <span class='ocrx_word' id='word_1_384' title='bbox 1232 2627 1293 2696; x_wconf 90' lang='lat' dir='ltr'><strong>ipsa</strong></span> <span class='ocrx_word' id='word_1_385' title='bbox 1316 2633 1344 2682; x_wconf 91' lang='lat' dir='ltr'><strong>et</strong></span> <span class='ocrx_word' id='word_1_386' title='bbox 1361 2627 1455 2697; x_wconf 90' lang='lat' dir='ltr'><strong>imago</strong></span> <span class='ocrx_word' id='word_1_387' title='bbox 1472 2626 1533 2696; x_wconf 91' lang='lat' dir='ltr'><strong>ipsa</strong></span> <span class='ocrx_word' id='word_1_388' title='bbox 1546 2633 1573 2682; x_wconf 92' lang='lat' dir='ltr'><strong>et</strong></span> <span class='ocrx_word' id='word_1_389' title='bbox 1594 2624 1651 2682; x_wconf 90' lang='lat' dir='ltr'><strong>dici</strong></span> <span class='ocrx_word' id='word_1_390' title='bbox 1676 2624 1767 2696; x_wconf 91' lang='lat' dir='ltr'><strong>possit</strong></span> <span class='ocrx_word' id='word_1_391' title='bbox 1783 2623 1856 2696; x_wconf 85' lang='lat' dir='ltr'><strong>qnod</strong></span> <span class='ocrx_word' id='word_1_392' title='bbox 1897 2658 1899 2665; x_wconf 46' lang='grc' dir='ltr'><strong>ι</strong></span> 
     </span>
     <span class='ocr_line' id='line_1_29' title="bbox 106 2712 1899 2791; baseline -0.002 -16"><span class='ocrx_word' id='word_1_393' title='bbox 106 2725 134 2774; x_wconf 87' lang='grc' dir='ltr'><strong>ει</strong></span> <span class='ocrx_word' id='word_1_394' title='bbox 148 2718 211 2775; x_wconf 93' lang='lat' dir='ltr'><strong>rivo</strong></span> <span class='ocrx_word' id='word_1_395' title='bbox 226 2715 370 2789; x_wconf 87' lang='lat' dir='ltr'><strong>provenit,</strong></span> <span class='ocrx_word' id='word_1_396' title='bbox 394 2713 478 2784; x_wconf 91' lang='lat' dir='ltr'><strong>quasi</strong></span> <span class='ocrx_word' id='word_1_397' title='bbox 495 2712 634 2783; x_wconf 90' lang='lat' dir='ltr'><strong>Spiritum</strong></span> <span class='ocrx_word' id='word_1_398' title='bbox 650 2713 700 2784; x_wconf 90' lang='lat' dir='ltr'><strong>qui</strong></span> <span class='ocrx_word' id='word_1_399' title='bbox 713 2727 749 2769; x_wconf 81' lang='lat' dir='ltr'><strong>ex</strong></span> <span class='ocrx_word' id='word_1_400' title='bbox 769 2716 852 2771; x_wconf 90' lang='lat' dir='ltr'><strong>Patre</strong></span> <span class='ocrx_word' id='word_1_401' title='bbox 866 2723 893 2773; x_wconf 91' lang='lat' dir='ltr'><strong>et</strong></span> <span class='ocrx_word' id='word_1_402' title='bbox 907 2715 953 2770; x_wconf 85' lang='lat' dir='ltr'><strong>Fi·</strong></span> <span class='ocrx_word' id='word_1_403' title='bbox 1009 2719 1105 2790; x_wconf 88' lang='lat' dir='ltr'><strong>imago</strong></span> <span class='ocrx_word' id='word_1_404' title='bbox 1120 2730 1201 2773; x_wconf 90' lang='lat' dir='ltr'><strong>cerea</strong></span> <span class='ocrx_word' id='word_1_405' title='bbox 1224 2715 1260 2772; x_wconf 91' lang='lat' dir='ltr'><strong>sit</strong></span> <span class='ocrx_word' id='word_1_406' title='bbox 1284 2714 1356 2785; x_wconf 90' lang='lat' dir='ltr'><strong>ipsa.</strong></span> <span class='ocrx_word' id='word_1_407' title='bbox 1382 2714 1440 2772; x_wconf 91' lang='lat' dir='ltr'><strong>Nec</strong></span> <span class='ocrx_word' id='word_1_408' title='bbox 1463 2722 1559 2771; x_wconf 87' lang='lat' dir='ltr'><strong>tamen</strong></span> <span class='ocrx_word' id='word_1_409' title='bbox 1583 2713 1647 2771; x_wconf 93' lang='lat' dir='ltr'><strong>ideo</strong></span> <span class='ocrx_word' id='word_1_410' title='bbox 1668 2714 1771 2771; x_wconf 88' lang='lat' dir='ltr'><strong>minus</strong></span> <span class='ocrx_word' id='word_1_411' title='bbox 1786 2713 1856 2772; x_wconf 83' lang='lat' dir='ltr'><strong>diea-</strong></span> <span class='ocrx_word' id='word_1_412' title='bbox 1897 2730 1899 2791; x_wconf 73' lang='lat'>5</span> 
     </span>
     <span class='ocr_line' id='line_1_30' title="bbox 106 2802 1855 2880; baseline -0.003 -16"><span class='ocrx_word' id='word_1_413' title='bbox 106 2806 144 2865; x_wconf 92' lang='lat' dir='ltr'><strong>lio</strong></span> <span class='ocrx_word' id='word_1_414' title='bbox 168 2804 304 2880; x_wconf 88' lang='lat' dir='ltr'><strong>procedit.</strong></span> <span class='ocrx_word' id='word_1_415' title='bbox 336 2804 433 2860; x_wconf 91' lang='lat' dir='ltr'><strong>Posuit</strong></span> <span class='ocrx_word' id='word_1_416' title='bbox 457 2803 543 2859; x_wconf 88' lang='lat' dir='ltr'><strong>etiam</strong></span> <span class='ocrx_word' id='word_1_417' title='bbox 568 2802 666 2859; x_wconf 90' lang='lat' dir='ltr'><strong>rivum</strong></span> <span class='ocrx_word' id='word_1_418' title='bbox 692 2803 721 2858; x_wconf 90' lang='lat' dir='ltr'><strong>in</strong></span> <span class='ocrx_word' id='word_1_419' title='bbox 748 2802 844 2860; x_wconf 90' lang='lat' dir='ltr'><strong>tistula</strong></span> <span class='ocrx_word' id='word_1_420' title='bbox 869 2804 953 2875; x_wconf 89' lang='lat' dir='ltr'><strong>quasi</strong></span> <span class='ocrx_word' id='word_1_421' title='bbox 1009 2822 1075 2863; x_wconf 89' lang='lat' dir='ltr'><strong>mus</strong></span> <span class='ocrx_word' id='word_1_422' title='bbox 1094 2819 1205 2862; x_wconf 89' lang='lat' dir='ltr'><strong>ceream</strong></span> <span class='ocrx_word' id='word_1_423' title='bbox 1226 2803 1382 2874; x_wconf 87' lang='lat' dir='ltr'><strong>imaginem</strong></span> <span class='ocrx_word' id='word_1_424' title='bbox 1403 2816 1463 2859; x_wconf 91' lang='lat' dir='ltr'><strong>esse</strong></span> <span class='ocrx_word' id='word_1_425' title='bbox 1477 2817 1513 2858; x_wconf 84' lang='lat' dir='ltr'><strong>ex</strong></span> <span class='ocrx_word' id='word_1_426' title='bbox 1529 2816 1604 2869; x_wconf 90' lang='lat' dir='ltr'><strong>cera,</strong></span> <span class='ocrx_word' id='word_1_427' title='bbox 1631 2816 1691 2859; x_wconf 91' lang='lat' dir='ltr'><strong>non</strong></span> <span class='ocrx_word' id='word_1_428' title='bbox 1712 2814 1855 2859; x_wconf 80' lang='lat' dir='ltr'><strong>ceramon</strong></span> 
     </span>
     <span class='ocr_line' id='line_1_31' title="bbox 106 2887 1856 2965; baseline -0.003 -12"><span class='ocrx_word' id='word_1_429' title='bbox 106 2895 213 2954; x_wconf 86' lang='lat' dir='ltr'><strong>Filium</strong></span> <span class='ocrx_word' id='word_1_430' title='bbox 225 2895 255 2951; x_wconf 93' lang='lat' dir='ltr'><strong>in</strong></span> <span class='ocrx_word' id='word_1_431' title='bbox 279 2908 367 2951; x_wconf 87' lang='lat' dir='ltr'><strong>carne</strong></span> <span class='ocrx_word' id='word_1_432' title='bbox 381 2894 520 2960; x_wconf 90' lang='lat' dir='ltr'><strong>bumana,</strong></span> <span class='ocrx_word' id='word_1_433' title='bbox 547 2904 580 2946; x_wconf 89' lang='lat' dir='ltr'><strong>ao</strong></span> <span class='ocrx_word' id='word_1_434' title='bbox 594 2891 618 2946; x_wconf 89' lang='lat' dir='ltr'><strong>si</strong></span> <span class='ocrx_word' id='word_1_435' title='bbox 641 2890 738 2946; x_wconf 89' lang='lat' dir='ltr'><strong>rivum</strong></span> <span class='ocrx_word' id='word_1_436' title='bbox 762 2891 954 2948; x_wconf 88' lang='lat' dir='ltr'><strong>infistulatum</strong></span> <span class='ocrx_word' id='word_1_437' title='bbox 970 2887 992 2944; x_wconf 85' lang='lat' dir='ltr'>C</span> <span class='ocrx_word' id='word_1_438' title='bbox 1009 2910 1091 2953; x_wconf 87' lang='lat' dir='ltr'><strong>corea</strong></span> <span class='ocrx_word' id='word_1_439' title='bbox 1118 2894 1253 2965; x_wconf 88' lang='lat' dir='ltr'><strong>imagine,</strong></span> <span class='ocrx_word' id='word_1_440' title='bbox 1276 2899 1304 2948; x_wconf 91' lang='lat' dir='ltr'><strong>et</strong></span> <span class='ocrx_word' id='word_1_441' title='bbox 1318 2906 1414 2948; x_wconf 91' lang='lat' dir='ltr'><strong>ceram</strong></span> <span class='ocrx_word' id='word_1_442' title='bbox 1438 2891 1530 2962; x_wconf 89' lang='lat' dir='ltr'><strong>ipsam</strong></span> <span class='ocrx_word' id='word_1_443' title='bbox 1552 2904 1611 2953; x_wconf 83' lang='lat' dir='ltr'><strong>csse</strong></span> <span class='ocrx_word' id='word_1_444' title='bbox 1640 2892 1796 2948; x_wconf 89' lang='lat' dir='ltr'><strong>materiam</strong></span> <span class='ocrx_word' id='word_1_445' title='bbox 1816 2904 1856 2948; x_wconf 76' lang='lat' dir='ltr'><strong>ce·</strong></span> 
     </span>
     <span class='ocr_line' id='line_1_32' title="bbox 105 2977 1854 3053; baseline -0.003 -12"><span class='ocrx_word' id='word_1_446' title='bbox 105 2983 236 3042; x_wconf 89' lang='lat' dir='ltr'><strong>dicamus</strong></span> <span class='ocrx_word' id='word_1_447' title='bbox 250 2983 375 3040; x_wconf 86' lang='lat' dir='ltr'><strong>Verbum</strong></span> <span class='ocrx_word' id='word_1_448' title='bbox 392 2982 585 3037; x_wconf 89' lang='lat' dir='ltr'><strong>incarnatum.</strong></span> <span class='ocrx_word' id='word_1_449' title='bbox 598 2977 649 3034; x_wconf 90' lang='lat' dir='ltr'><strong>Sed</strong></span> <span class='ocrx_word' id='word_1_450' title='bbox 667 2978 728 3034; x_wconf 83' lang='lat' dir='ltr'><strong>baec</strong></span> <span class='ocrx_word' id='word_1_451' title='bbox 743 2994 860 3050; x_wconf 90' lang='lat' dir='ltr'><strong>quoque</strong></span> <span class='ocrx_word' id='word_1_452' title='bbox 876 2981 954 3036; x_wconf 93' lang='lat' dir='ltr'><strong>simi·</strong></span> <span class='ocrx_word' id='word_1_453' title='bbox 1009 2997 1065 3041; x_wconf 83' lang='lat' dir='ltr'><strong>reae</strong></span> <span class='ocrx_word' id='word_1_454' title='bbox 1078 2982 1223 3053; x_wconf 89' lang='lat' dir='ltr'><strong>imaginis,</strong></span> <span class='ocrx_word' id='word_1_455' title='bbox 1248 2994 1307 3036; x_wconf 92' lang='lat' dir='ltr'><strong>non</strong></span> <span class='ocrx_word' id='word_1_456' title='bbox 1327 2993 1438 3036; x_wconf 89' lang='lat' dir='ltr'><strong>ceream</strong></span> <span class='ocrx_word' id='word_1_457' title='bbox 1462 2978 1616 3050; x_wconf 89' lang='lat' dir='ltr'><strong>imaginem</strong></span> <span class='ocrx_word' id='word_1_458' title='bbox 1631 2991 1694 3036; x_wconf 89' lang='lat' dir='ltr'><strong>esse</strong></span> <span class='ocrx_word' id='word_1_459' title='bbox 1709 2979 1854 3036; x_wconf 84' lang='lat' dir='ltr'><strong>materiam</strong></span> 
     </span>
     <span class='ocr_line' id='line_1_33' title="bbox 104 3065 1899 3144; baseline -0.004 -14"><span class='ocrx_word' id='word_1_460' title='bbox 104 3071 195 3131; x_wconf 92' lang='lat' dir='ltr'><strong>litudo</strong></span> <span class='ocrx_word' id='word_1_461' title='bbox 205 3073 367 3128; x_wconf 89' lang='lat' dir='ltr'><strong>nonminus</strong></span> <span class='ocrx_word' id='word_1_462' title='bbox 377 3070 408 3142; x_wconf 90' lang='lat' dir='ltr'><strong>[t.</strong></span> <span class='ocrx_word' id='word_1_463' title='bbox 419 3067 523 3140; x_wconf 78' lang='lat' dir='ltr'><strong>ninius]</strong></span> <span class='ocrx_word' id='word_1_464' title='bbox 532 3065 694 3123; x_wconf 88' lang='lat' dir='ltr'><strong>satisiacere</strong></span> <span class='ocrx_word' id='word_1_465' title='bbox 702 3074 802 3136; x_wconf 90' lang='lat' dir='ltr'><strong>potest,</strong></span> <span class='ocrx_word' id='word_1_466' title='bbox 812 3067 889 3137; x_wconf 92' lang='lat' dir='ltr'><strong>quod</strong></span> <span class='ocrx_word' id='word_1_467' title='bbox 896 3082 954 3125; x_wconf 92' lang='lat' dir='ltr'><strong>non</strong></span> <span class='ocrx_word' id='word_1_468' title='bbox 1007 3072 1100 3144; x_wconf 88' lang='lat' dir='ltr'><strong>ipsius</strong></span> <span class='ocrx_word' id='word_1_469' title='bbox 1114 3085 1186 3128; x_wconf 79' lang='lat' dir='ltr'><strong>cerae</strong></span> <span class='ocrx_word' id='word_1_470' title='bbox 1201 3077 1253 3126; x_wconf 93' lang='lat' dir='ltr'><strong>aut</strong></span> <span class='ocrx_word' id='word_1_471' title='bbox 1267 3083 1355 3126; x_wconf 82' lang='lat' dir='ltr'><strong>cerem</strong></span> <span class='ocrx_word' id='word_1_472' title='bbox 1368 3068 1513 3139; x_wconf 89' lang='lat' dir='ltr'><strong>imaginis.</strong></span> <span class='ocrx_word' id='word_1_473' title='bbox 1530 3068 1565 3124; x_wconf 86' lang='lat' dir='ltr'><strong>ldt</strong></span> <span class='ocrx_word' id='word_1_474' title='bbox 1578 3080 1682 3124; x_wconf 91' lang='lat' dir='ltr'><strong>rursus</strong></span> <span class='ocrx_word' id='word_1_475' title='bbox 1701 3068 1852 3140; x_wconf 85' lang='lat' dir='ltr'><strong>imaginem</strong></span> <span class='ocrx_word' id='word_1_476' title='bbox 1897 3120 1899 3141; x_wconf 78' lang='grc'>,</span> 
     </span>
     <span class='ocr_line' id='line_1_34' title="bbox 104 3148 1899 3227; baseline -0.004 -8"><span class='ocrx_word' id='word_1_477' title='bbox 104 3170 146 3219; x_wconf 91' lang='lat' dir='ltr'><strong>est</strong></span> <span class='ocrx_word' id='word_1_478' title='bbox 167 3160 253 3219; x_wconf 90' lang='lat' dir='ltr'><strong>simui</strong></span> <span class='ocrx_word' id='word_1_479' title='bbox 277 3161 377 3216; x_wconf 92' lang='lat' dir='ltr'><strong>eadem</strong></span> <span class='ocrx_word' id='word_1_480' title='bbox 403 3155 565 3214; x_wconf 88' lang='lat' dir='ltr'><strong>substantia</strong></span> <span class='ocrx_word' id='word_1_481' title='bbox 580 3153 664 3210; x_wconf 85' lang='lat' dir='ltr'><strong>tontis</strong></span> <span class='ocrx_word' id='word_1_482' title='bbox 677 3160 705 3211; x_wconf 93' lang='lat' dir='ltr'><strong>et</strong></span> <span class='ocrx_word' id='word_1_483' title='bbox 723 3154 779 3210; x_wconf 90' lang='lat' dir='ltr'><strong>rivi</strong></span> <span class='ocrx_word' id='word_1_484' title='bbox 795 3165 882 3226; x_wconf 90' lang='lat' dir='ltr'><strong>atque</strong></span> <span class='ocrx_word' id='word_1_485' title='bbox 896 3165 951 3213; x_wconf 89' lang='lat' dir='ltr'><strong>sta·</strong></span> <span class='ocrx_word' id='word_1_486' title='bbox 1007 3175 1118 3218; x_wconf 86' lang='lat' dir='ltr'><strong>ceream</strong></span> <span class='ocrx_word' id='word_1_487' title='bbox 1134 3158 1259 3216; x_wconf 91' lang='lat' dir='ltr'><strong>dicimos</strong></span> <span class='ocrx_word' id='word_1_488' title='bbox 1271 3172 1332 3215; x_wconf 89' lang='lat' dir='ltr'><strong>esse</strong></span> <span class='ocrx_word' id='word_1_489' title='bbox 1347 3157 1528 3214; x_wconf 88' lang='lat' dir='ltr'><strong>materiatam</strong></span> <span class='ocrx_word' id='word_1_490' title='bbox 1542 3171 1579 3213; x_wconf 86' lang='lat' dir='ltr'><strong>ex</strong></span> <span class='ocrx_word' id='word_1_491' title='bbox 1592 3156 1655 3226; x_wconf 90' lang='lat' dir='ltr'><strong>ipsa</strong></span> <span class='ocrx_word' id='word_1_492' title='bbox 1669 3169 1748 3225; x_wconf 87' lang='lat' dir='ltr'><strong>cera,</strong></span> <span class='ocrx_word' id='word_1_493' title='bbox 1764 3168 1853 3227; x_wconf 84' lang='lat' dir='ltr'><strong>noque</strong></span> <span class='ocrx_word' id='word_1_494' title='bbox 1897 3148 1899 3153; x_wconf 78' lang='grc'><strong>’</strong></span> 
     </span>
     <span class='ocr_line' id='line_1_35' title="bbox 104 3240 1852 3321; baseline -0.002 -16"><span class='ocrx_word' id='word_1_495' title='bbox 104 3248 228 3320; x_wconf 90' lang='lat' dir='ltr'><strong>gnl,sed</strong></span> <span class='ocrx_word' id='word_1_496' title='bbox 241 3261 291 3318; x_wconf 90' lang='lat' dir='ltr'><strong>per</strong></span> <span class='ocrx_word' id='word_1_497' title='bbox 302 3244 437 3316; x_wconf 91' lang='lat' dir='ltr'><strong>temporis</strong></span> <span class='ocrx_word' id='word_1_498' title='bbox 445 3241 653 3300; x_wconf 85' lang='lat' dir='ltr'><strong>successionem</strong></span> <span class='ocrx_word' id='word_1_499' title='bbox 662 3240 761 3297; x_wconf 89' lang='lat' dir='ltr'><strong>eadem</strong></span> <span class='ocrx_word' id='word_1_500' title='bbox 771 3256 849 3313; x_wconf 87' lang='lat' dir='ltr'><strong>aqua</strong></span> <span class='ocrx_word' id='word_1_501' title='bbox 860 3243 953 3314; x_wconf 92' lang='lat' dir='ltr'><strong>primo</strong></span> <span class='ocrx_word' id='word_1_502' title='bbox 1009 3252 1101 3321; x_wconf 90' lang='lat' dir='ltr'><strong>ipsam</strong></span> <span class='ocrx_word' id='word_1_503' title='bbox 1120 3261 1214 3305; x_wconf 88' lang='lat' dir='ltr'><strong>ceram</strong></span> <span class='ocrx_word' id='word_1_504' title='bbox 1236 3254 1288 3304; x_wconf 90' lang='lat' dir='ltr'><strong>aut</strong></span> <span class='ocrx_word' id='word_1_505' title='bbox 1304 3246 1394 3317; x_wconf 89' lang='lat' dir='ltr'><strong>ipsam</strong></span> <span class='ocrx_word' id='word_1_506' title='bbox 1419 3245 1575 3318; x_wconf 89' lang='lat' dir='ltr'><strong>imaginem</strong></span> <span class='ocrx_word' id='word_1_507' title='bbox 1599 3259 1660 3302; x_wconf 90' lang='lat' dir='ltr'><strong>esse</strong></span> <span class='ocrx_word' id='word_1_508' title='bbox 1674 3245 1852 3302; x_wconf 84' lang='lat' dir='ltr'><strong>materiatam</strong></span> 
     </span>
     <span class='ocr_line' id='line_1_36' title="bbox 102 3331 1899 3447; baseline -0.001 -55"><span class='ocrx_word' id='word_1_509' title='bbox 102 3334 167 3393; x_wconf 84' lang='lat' dir='ltr'><strong>lons</strong></span> <span class='ocrx_word' id='word_1_510' title='bbox 179 3343 250 3402; x_wconf 89' lang='lat' dir='ltr'><strong>erat,</strong></span> <span class='ocrx_word' id='word_1_511' title='bbox 267 3335 369 3391; x_wconf 91' lang='lat' dir='ltr'><strong>deinde</strong></span> <span class='ocrx_word' id='word_1_512' title='bbox 392 3333 485 3402; x_wconf 89' lang='lat' dir='ltr'><strong>rivus,</strong></span> <span class='ocrx_word' id='word_1_513' title='bbox 501 3331 625 3400; x_wconf 89' lang='lat' dir='ltr'><strong>denique</strong></span> <span class='ocrx_word' id='word_1_514' title='bbox 645 3336 781 3401; x_wconf 87' lang='lat' dir='ltr'><strong>stagnum</strong></span> <span class='ocrx_word' id='word_1_515' title='bbox 806 3332 881 3388; x_wconf 89' lang='lat' dir='ltr'><strong>iacta</strong></span> <span class='ocrx_word' id='word_1_516' title='bbox 898 3340 950 3390; x_wconf 88' lang='lat' dir='ltr'><strong>est.</strong></span> <span class='ocrx_word' id='word_1_517' title='bbox 1006 3356 1043 3399; x_wconf 72' lang='grc' dir='ltr'><strong>εχ</strong></span> <span class='ocrx_word' id='word_1_518' title='bbox 1058 3352 1139 3397; x_wconf 77' lang='lat' dir='ltr'><strong>eavea</strong></span> <span class='ocrx_word' id='word_1_519' title='bbox 1153 3338 1289 3410; x_wconf 88' lang='lat' dir='ltr'><strong>imagine.</strong></span> <span class='ocrx_word' id='word_1_520' title='bbox 1313 3338 1347 3393; x_wconf 91' lang='lat' dir='ltr'><strong>ln</strong></span> <span class='ocrx_word' id='word_1_521' title='bbox 1361 3349 1422 3409; x_wconf 91' lang='lat' dir='ltr'><strong>qua</strong></span> <span class='ocrx_word' id='word_1_522' title='bbox 1437 3336 1553 3408; x_wconf 91' lang='lat' dir='ltr'><strong>quidem</strong></span> <span class='ocrx_word' id='word_1_523' title='bbox 1568 3349 1599 3392; x_wconf 92' lang='lat' dir='ltr'><strong>re</strong></span> <span class='ocrx_word' id='word_1_524' title='bbox 1614 3334 1851 3392; x_wconf 87' lang='lat' dir='ltr'><strong>considerandum</strong></span> <span class='ocrx_word' id='word_1_525' title='bbox 1896 3334 1899 3447; x_wconf 54' lang='lat' dir='ltr'><strong>i</strong></span> 
     </span>
     <span class='ocr_line' id='line_1_37' title="bbox 104 3419 1851 3501; baseline 0.001 -21"><span class='ocrx_word' id='word_1_526' title='bbox 104 3422 184 3481; x_wconf 89' lang='lat' dir='ltr'><strong>Unde</strong></span> <span class='ocrx_word' id='word_1_527' title='bbox 198 3437 257 3480; x_wconf 89' lang='lat' dir='ltr'><strong>non</strong></span> <span class='ocrx_word' id='word_1_528' title='bbox 269 3431 312 3479; x_wconf 86' lang='lat' dir='ltr'><strong>est</strong></span> <span class='ocrx_word' id='word_1_529' title='bbox 334 3420 468 3477; x_wconf 89' lang='lat' dir='ltr'><strong>mirabile</strong></span> <span class='ocrx_word' id='word_1_530' title='bbox 481 3419 504 3476; x_wconf 89' lang='lat' dir='ltr'><strong>sl</strong></span> <span class='ocrx_word' id='word_1_531' title='bbox 521 3433 571 3492; x_wconf 92' lang='lat' dir='ltr'><strong>per</strong></span> <span class='ocrx_word' id='word_1_532' title='bbox 593 3419 801 3475; x_wconf 88' lang='lat' dir='ltr'><strong>successionem</strong></span> <span class='ocrx_word' id='word_1_533' title='bbox 817 3422 952 3491; x_wconf 91' lang='lat' dir='ltr'><strong>temporis</strong></span> <span class='ocrx_word' id='word_1_534' title='bbox 1006 3437 1048 3487; x_wconf 73' lang='lat' dir='ltr'><strong>est</strong></span> <span class='ocrx_word' id='word_1_535' title='bbox 1063 3429 1141 3501; x_wconf 84' lang='lat' dir='ltr'><strong>quod</strong></span> <span class='ocrx_word' id='word_1_536' title='bbox 1154 3429 1178 3484; x_wconf 89' lang='lat' dir='ltr'><strong>si</strong></span> <span class='ocrx_word' id='word_1_537' title='bbox 1191 3441 1226 3485; x_wconf 83' lang='lat' dir='ltr'><strong>ea</strong></span> <span class='ocrx_word' id='word_1_538' title='bbox 1246 3426 1364 3483; x_wconf 90' lang='lat' dir='ltr'><strong>nomina</strong></span> <span class='ocrx_word' id='word_1_539' title='bbox 1387 3425 1478 3495; x_wconf 93' lang='lat' dir='ltr'><strong>ipsius</strong></span> <span class='ocrx_word' id='word_1_540' title='bbox 1500 3439 1572 3481; x_wconf 85' lang='lat' dir='ltr'><strong>cerae</strong></span> <span class='ocrx_word' id='word_1_541' title='bbox 1598 3431 1626 3481; x_wconf 92' lang='lat' dir='ltr'><strong>et</strong></span> <span class='ocrx_word' id='word_1_542' title='bbox 1644 3439 1736 3482; x_wconf 70' lang='lat' dir='ltr'><strong>cereae</strong></span> <span class='ocrx_word' id='word_1_543' title='bbox 1754 3424 1851 3496; x_wconf 77' lang='lat' dir='ltr'><strong>imagi·</strong></span> 
     </span>
     <span class='ocr_line' id='line_1_38' title="bbox 101 3506 1899 3588; baseline -0.007 -20"><span class='ocrx_word' id='word_1_544' title='bbox 101 3512 201 3570; x_wconf 88' lang='lat' dir='ltr'><strong>eadem</strong></span> <span class='ocrx_word' id='word_1_545' title='bbox 216 3525 300 3584; x_wconf 86' lang='lat' dir='ltr'><strong>aquae</strong></span> <span class='ocrx_word' id='word_1_546' title='bbox 315 3506 746 3566; x_wconf 87' lang='lat' dir='ltr'><strong>substantiadiversismodisse</strong></span> <span class='ocrx_word' id='word_1_547' title='bbox 761 3507 951 3577; x_wconf 88' lang='lat' dir='ltr'><strong>babeat‚oum</strong></span> <span class='ocrx_word' id='word_1_548' title='bbox 1006 3518 1052 3575; x_wconf 77' lang='lat' dir='ltr'><strong>nis</strong></span> <span class='ocrx_word' id='word_1_549' title='bbox 1077 3518 1263 3588; x_wconf 69' lang='lat' dir='ltr'><strong>accipiamus,</strong></span> <span class='ocrx_word' id='word_1_550' title='bbox 1281 3528 1347 3586; x_wconf 79' lang='lat' dir='ltr'><strong>quae</strong></span> <span class='ocrx_word' id='word_1_551' title='bbox 1374 3513 1504 3571; x_wconf 71' lang='lat' dir='ltr'><strong>abimum</strong></span> <span class='ocrx_word' id='word_1_552' title='bbox 1531 3528 1590 3570; x_wconf 94' lang='lat' dir='ltr'><strong>non</strong></span> <span class='ocrx_word' id='word_1_553' title='bbox 1615 3512 1737 3571; x_wconf 66' lang='lat' dir='ltr'><strong>mimive</strong></span> <span class='ocrx_word' id='word_1_554' title='bbox 1758 3513 1850 3569; x_wconf 57' lang='lat' dir='ltr'><strong>pigui.</strong></span> <span class='ocrx_word' id='word_1_555' title='bbox 1897 3514 1899 3583; x_wconf 40' lang='grc' dir='ltr'><strong>ᾗ</strong></span> 
     </span>
     <span class='ocr_line' id='line_1_39' title="bbox 100 3594 1848 3676; baseline -0.001 -19"><span class='ocrx_word' id='word_1_556' title='bbox 100 3613 254 3671; x_wconf 92' lang='lat' dir='ltr'><strong>nunquam</strong></span> <span class='ocrx_word' id='word_1_557' title='bbox 279 3597 366 3656; x_wconf 88' lang='lat' dir='ltr'><strong>simul</strong></span> <span class='ocrx_word' id='word_1_558' title='bbox 391 3597 490 3654; x_wconf 90' lang='lat' dir='ltr'><strong>eadem</strong></span> <span class='ocrx_word' id='word_1_559' title='bbox 514 3609 635 3653; x_wconf 88' lang='lat' dir='ltr'><strong>numero</strong></span> <span class='ocrx_word' id='word_1_560' title='bbox 650 3594 687 3651; x_wconf 91' lang='lat' dir='ltr'><strong>sit</strong></span> <span class='ocrx_word' id='word_1_561' title='bbox 705 3595 870 3654; x_wconf 90' lang='lat' dir='ltr'><strong>substantia</strong></span> <span class='ocrx_word' id='word_1_562' title='bbox 885 3598 951 3656; x_wconf 89' lang='lat' dir='ltr'><strong>ion·</strong></span> <span class='ocrx_word' id='word_1_563' title='bbox 1006 3616 1064 3676; x_wconf 77' lang='lat' dir='ltr'><strong>tur,</strong></span> <span class='ocrx_word' id='word_1_564' title='bbox 1091 3607 1202 3664; x_wconf 79' lang='lat' dir='ltr'><strong>iicetea</strong></span> <span class='ocrx_word' id='word_1_565' title='bbox 1217 3618 1268 3675; x_wconf 83' lang='lat' dir='ltr'><strong>per</strong></span> <span class='ocrx_word' id='word_1_566' title='bbox 1295 3603 1528 3673; x_wconf 73' lang='lat' dir='ltr'><strong>praedicationem</strong></span> <span class='ocrx_word' id='word_1_567' title='bbox 1554 3601 1610 3659; x_wconf 91' lang='lat' dir='ltr'><strong>sibi</strong></span> <span class='ocrx_word' id='word_1_568' title='bbox 1633 3600 1777 3659; x_wconf 80' lang='lat' dir='ltr'><strong>veraciter</strong></span> <span class='ocrx_word' id='word_1_569' title='bbox 1789 3613 1848 3657; x_wconf 90' lang='lat' dir='ltr'><strong>oon·</strong></span> 
     </span>
     <span class='ocr_line' id='line_1_40' title="bbox 100 3685 1851 3769; baseline 0 -23"><span class='ocrx_word' id='word_1_570' title='bbox 100 3688 137 3746; x_wconf 92' lang='lat' dir='ltr'><strong>tis</strong></span> <span class='ocrx_word' id='word_1_571' title='bbox 151 3695 179 3746; x_wconf 92' lang='lat' dir='ltr'><strong>et</strong></span> <span class='ocrx_word' id='word_1_572' title='bbox 196 3688 252 3745; x_wconf 86' lang='lat' dir='ltr'><strong>riri</strong></span> <span class='ocrx_word' id='word_1_573' title='bbox 267 3685 311 3744; x_wconf 86' lang='lat' dir='ltr'><strong>rel</strong></span> <span class='ocrx_word' id='word_1_574' title='bbox 326 3685 432 3758; x_wconf 88' lang='lat' dir='ltr'><strong>stagni,</strong></span> <span class='ocrx_word' id='word_1_575' title='bbox 458 3694 491 3743; x_wconf 94' lang='lat' dir='ltr'><strong>ut</strong></span> <span class='ocrx_word' id='word_1_576' title='bbox 506 3685 636 3746; x_wconf 91' lang='lat' dir='ltr'><strong>videlicet</strong></span> <span class='ocrx_word' id='word_1_577' title='bbox 660 3701 791 3758; x_wconf 93' lang='lat' dir='ltr'><strong>unquam</strong></span> <span class='ocrx_word' id='word_1_578' title='bbox 813 3688 950 3745; x_wconf 90' lang='lat' dir='ltr'><strong>veredici</strong></span> <span class='ocrx_word' id='word_1_579' title='bbox 1002 3696 1089 3769; x_wconf 75' lang='lat' dir='ltr'><strong>jungi</strong></span> <span class='ocrx_word' id='word_1_580' title='bbox 1104 3702 1219 3766; x_wconf 81' lang='lat' dir='ltr'><strong>propter</strong></span> <span class='ocrx_word' id='word_1_581' title='bbox 1233 3691 1413 3749; x_wconf 86' lang='lat' dir='ltr'><strong>identitatem</strong></span> <span class='ocrx_word' id='word_1_582' title='bbox 1433 3690 1601 3748; x_wconf 77' lang='lat' dir='ltr'><strong>substantiae</strong></span> <span class='ocrx_word' id='word_1_583' title='bbox 1626 3689 1720 3762; x_wconf 89' lang='lat' dir='ltr'><strong>ipsius</strong></span> <span class='ocrx_word' id='word_1_584' title='bbox 1744 3703 1815 3748; x_wconf 84' lang='lat' dir='ltr'><strong>cerae</strong></span> <span class='ocrx_word' id='word_1_585' title='bbox 1826 3694 1851 3745; x_wconf 84' lang='lat' dir='ltr'><strong>et</strong></span> 
     </span>
     <span class='ocr_line' id='line_1_41' title="bbox 98 3775 1852 3855; baseline -0.002 -19"><span class='ocrx_word' id='word_1_586' title='bbox 98 3778 188 3850; x_wconf 86' lang='lat' dir='ltr'><strong>possit</strong></span> <span class='ocrx_word' id='word_1_587' title='bbox 212 3776 296 3834; x_wconf 90' lang='lat' dir='ltr'><strong>modo</strong></span> <span class='ocrx_word' id='word_1_588' title='bbox 318 3789 395 3847; x_wconf 85' lang='lat' dir='ltr'><strong>aqua</strong></span> <span class='ocrx_word' id='word_1_589' title='bbox 421 3775 508 3832; x_wconf 91' lang='lat' dir='ltr'><strong>iontis</strong></span> <span class='ocrx_word' id='word_1_590' title='bbox 528 3784 572 3832; x_wconf 91' lang='grc' dir='ltr'><strong>εει</strong></span> <span class='ocrx_word' id='word_1_591' title='bbox 586 3792 663 3849; x_wconf 89' lang='lat' dir='ltr'><strong>aqua</strong></span> <span class='ocrx_word' id='word_1_592' title='bbox 682 3777 739 3835; x_wconf 90' lang='lat' dir='ltr'><strong>rivi</strong></span> <span class='ocrx_word' id='word_1_593' title='bbox 757 3778 818 3834; x_wconf 89' lang='lat' dir='ltr'><strong>sive</strong></span> <span class='ocrx_word' id='word_1_594' title='bbox 833 3777 948 3849; x_wconf 84' lang='lat' dir='ltr'><strong>stagnl3</strong></span> <span class='ocrx_word' id='word_1_595' title='bbox 1004 3798 1093 3842; x_wconf 69' lang='lat' dir='ltr'><strong>cerem</strong></span> <span class='ocrx_word' id='word_1_596' title='bbox 1111 3781 1257 3855; x_wconf 80' lang='lat' dir='ltr'><strong>imaginis,</strong></span> <span class='ocrx_word' id='word_1_597' title='bbox 1281 3780 1372 3838; x_wconf 87' lang='lat' dir='ltr'><strong>veluti</strong></span> <span class='ocrx_word' id='word_1_598' title='bbox 1388 3795 1456 3838; x_wconf 90' lang='lat' dir='ltr'><strong>cum</strong></span> <span class='ocrx_word' id='word_1_599' title='bbox 1478 3794 1544 3838; x_wconf 85' lang='lat' dir='ltr'><strong>cera</strong></span> <span class='ocrx_word' id='word_1_600' title='bbox 1568 3780 1630 3851; x_wconf 88' lang='lat' dir='ltr'><strong>ipsa</strong></span> <span class='ocrx_word' id='word_1_601' title='bbox 1653 3779 1689 3836; x_wconf 88' lang='lat' dir='ltr'><strong>sit</strong></span> <span class='ocrx_word' id='word_1_602' title='bbox 1716 3791 1815 3837; x_wconf 84' lang='lat' dir='ltr'><strong>crocea</strong></span> <span class='ocrx_word' id='word_1_603' title='bbox 1825 3783 1852 3834; x_wconf 89' lang='grc' dir='ltr'><strong>ει</strong></span> 
     </span>
     <span class='ocr_line' id='line_1_42' title="bbox 98 3863 1848 3944; baseline 0.001 -20"><span class='ocrx_word' id='word_1_604' title='bbox 98 3867 174 3925; x_wconf 87' lang='lat' dir='ltr'><strong>sicot</strong></span> <span class='ocrx_word' id='word_1_605' title='bbox 188 3881 300 3937; x_wconf 89' lang='lat' dir='ltr'><strong>semper</strong></span> <span class='ocrx_word' id='word_1_606' title='bbox 315 3863 439 3922; x_wconf 92' lang='lat' dir='ltr'><strong>dicimus</strong></span> <span class='ocrx_word' id='word_1_607' title='bbox 462 3865 655 3924; x_wconf 88' lang='lat' dir='ltr'><strong>substantiam</strong></span> <span class='ocrx_word' id='word_1_608' title='bbox 680 3866 774 3923; x_wconf 84' lang='lat' dir='ltr'><strong>Patris</strong></span> <span class='ocrx_word' id='word_1_609' title='bbox 796 3880 856 3923; x_wconf 90' lang='lat' dir='ltr'><strong>esse</strong></span> <span class='ocrx_word' id='word_1_610' title='bbox 881 3866 947 3923; x_wconf 85' lang='lat' dir='ltr'><strong>sub</strong></span> <span class='ocrx_word' id='word_1_611' title='bbox 1004 3874 1099 3944; x_wconf 88' lang='lat' dir='ltr'><strong>imago</strong></span> <span class='ocrx_word' id='word_1_612' title='bbox 1114 3873 1248 3935; x_wconf 89' lang='lat' dir='ltr'><strong>sitrecta,</strong></span> <span class='ocrx_word' id='word_1_613' title='bbox 1262 3884 1355 3928; x_wconf 92' lang='lat' dir='ltr'><strong>unum</strong></span> <span class='ocrx_word' id='word_1_614' title='bbox 1371 3877 1414 3927; x_wconf 88' lang='grc' dir='ltr'><strong>εει</strong></span> <span class='ocrx_word' id='word_1_615' title='bbox 1427 3870 1524 3941; x_wconf 89' lang='lat' dir='ltr'><strong>ipsum</strong></span> <span class='ocrx_word' id='word_1_616' title='bbox 1538 3883 1674 3928; x_wconf 86' lang='lat' dir='ltr'><strong>croceum</strong></span> <span class='ocrx_word' id='word_1_617' title='bbox 1687 3876 1717 3926; x_wconf 91' lang='lat' dir='ltr'><strong>et</strong></span> <span class='ocrx_word' id='word_1_618' title='bbox 1732 3876 1848 3934; x_wconf 86' lang='lat' dir='ltr'><strong>rectum,</strong></span> 
     </span>
     <span class='ocr_line' id='line_1_43' title="bbox 98 3952 1899 4024; baseline -0.002 -10"><span class='ocrx_word' id='word_1_619' title='bbox 98 3956 236 4014; x_wconf 88' lang='lat' dir='ltr'><strong>stantiam</strong></span> <span class='ocrx_word' id='word_1_620' title='bbox 256 3953 321 4011; x_wconf 88' lang='lat' dir='ltr'><strong>Filii</strong></span> <span class='ocrx_word' id='word_1_621' title='bbox 338 3961 365 4010; x_wconf 90' lang='lat' dir='ltr'><strong>ct</strong></span> <span class='ocrx_word' id='word_1_622' title='bbox 379 3953 503 4024; x_wconf 89' lang='lat' dir='ltr'><strong>Spiritus</strong></span> <span class='ocrx_word' id='word_1_623' title='bbox 526 3956 627 4013; x_wconf 90' lang='lat' dir='ltr'><strong>sancti.</strong></span> <span class='ocrx_word' id='word_1_624' title='bbox 656 3959 717 4014; x_wconf 89' lang='lat' dir='ltr'><strong>imo</strong></span> <span class='ocrx_word' id='word_1_625' title='bbox 745 3955 873 4012; x_wconf 82' lang='lat' dir='ltr'><strong>fortassis</strong></span> <span class='ocrx_word' id='word_1_626' title='bbox 888 3955 950 4011; x_wconf 84' lang='lat' dir='ltr'><strong>baec</strong></span> <span class='ocrx_word' id='word_1_627' title='bbox 1002 3962 1048 4019; x_wconf 78' lang='lat' dir='ltr'><strong>vei</strong></span> <span class='ocrx_word' id='word_1_628' title='bbox 1063 3976 1078 4019; x_wconf 79' lang='grc' dir='ltr'><strong>ε</strong></span> <span class='ocrx_word' id='word_1_629' title='bbox 1093 3974 1242 4019; x_wconf 80' lang='lat' dir='ltr'><strong>converso.</strong></span> <span class='ocrx_word' id='word_1_630' title='bbox 1897 3952 1899 3983; x_wconf 71' lang='lat'>³</span> 
     </span>
     <span class='ocr_line' id='line_1_44' title="bbox 98 4042 1899 4116; baseline -0.003 -13"><span class='ocrx_word' id='word_1_631' title='bbox 98 4044 258 4103; x_wconf 88' lang='lat' dir='ltr'><strong>similitudo</strong></span> <span class='ocrx_word' id='word_1_632' title='bbox 284 4042 468 4100; x_wconf 84' lang='lat' dir='ltr'><strong>illimaxime</strong></span> <span class='ocrx_word' id='word_1_633' title='bbox 492 4042 672 4116; x_wconf 75' lang='lat' dir='ltr'><strong>suffragatur</strong></span> <span class='ocrx_word' id='word_1_634' title='bbox 693 4043 806 4109; x_wconf 85' lang='lat' dir='ltr'><strong>haeresi,</strong></span> <span class='ocrx_word' id='word_1_635' title='bbox 827 4057 892 4114; x_wconf 85' lang='lat' dir='ltr'><strong>quae</strong></span> <span class='ocrx_word' id='word_1_636' title='bbox 909 4043 950 4098; x_wconf 91' lang='lat' dir='ltr'><strong>ita</strong></span> <span class='ocrx_word' id='word_1_637' title='bbox 1038 4050 1068 4107; x_wconf 90' lang='lat' dir='ltr'><strong>si</strong></span> <span class='ocrx_word' id='word_1_638' title='bbox 1092 4064 1160 4106; x_wconf 73' lang='lat' dir='ltr'><strong>vem</strong></span> <span class='ocrx_word' id='word_1_639' title='bbox 1183 4063 1217 4106; x_wconf 73' lang='lat' dir='ltr'><strong>m</strong></span> <span class='ocrx_word' id='word_1_640' title='bbox 1252 4061 1405 4106; x_wconf 76' lang='lat' dir='ltr'><strong>sumamus</strong></span> <span class='ocrx_word' id='word_1_641' title='bbox 1431 4045 1561 4114; x_wconf 87' lang='lat' dir='ltr'><strong>nomina,</strong></span> <span class='ocrx_word' id='word_1_642' title='bbox 1598 4058 1664 4115; x_wconf 76' lang='lat' dir='ltr'><strong>quae</strong></span> <span class='ocrx_word' id='word_1_643' title='bbox 1694 4043 1852 4103; x_wconf 87' lang='lat' dir='ltr'><strong>secundom</strong></span> <span class='ocrx_word' id='word_1_644' title='bbox 1897 4064 1899 4103; x_wconf 80' lang='grc' dir='ltr'><strong>ι</strong></span> 
     </span>
    </p>
   </div>
   <div class='ocr_carea' id='block_1_3' title="bbox 97 4131 1855 4386">
    <p class='ocr_par' dir='ltr' id='par_1_3' title="bbox 97 4131 1855 4386">
     <span class='ocr_line' id='line_1_45' title="bbox 98 4131 1855 4232; baseline -0.007 -29"><span class='ocrx_word' id='word_1_645' title='bbox 98 4141 306 4206; x_wconf 68' lang='lat' dir='ltr'><strong>persomme</strong></span> <span class='ocrx_word' id='word_1_646' title='bbox 334 4133 528 4205; x_wconf 73' lang='lat' dir='ltr'><strong>proprietates</strong></span> <span class='ocrx_word' id='word_1_647' title='bbox 556 4147 744 4203; x_wconf 78' lang='lat' dir='ltr'><strong>personarum</strong></span> <span class='ocrx_word' id='word_1_648' title='bbox 772 4131 946 4198; x_wconf 78' lang='lat' dir='ltr'><strong>commiscet,</strong></span> <span class='ocrx_word' id='word_1_649' title='bbox 963 4175 986 4232; x_wconf 64' lang='lat' dir='ltr'>D</span> <span class='ocrx_word' id='word_1_650' title='bbox 1004 4137 1096 4208; x_wconf 81' lang='lat' dir='ltr'><strong>ipsam</strong></span> <span class='ocrx_word' id='word_1_651' title='bbox 1141 4135 1355 4210; x_wconf 75' lang='lat' dir='ltr'><strong>generationem</strong></span> <span class='ocrx_word' id='word_1_652' title='bbox 1400 4140 1453 4189; x_wconf 83' lang='lat' dir='ltr'><strong>aut</strong></span> <span class='ocrx_word' id='word_1_653' title='bbox 1488 4132 1723 4190; x_wconf 78' lang='lat' dir='ltr'><strong>constitutionem</strong></span> <span class='ocrx_word' id='word_1_654' title='bbox 1769 4143 1855 4190; x_wconf 73' lang='lat' dir='ltr'><strong>ceree</strong></span> 
     </span>
     <span class='ocr_line' id='line_1_46' title="bbox 98 4220 1854 4298; baseline 0.001 -20"><span class='ocrx_word' id='word_1_655' title='bbox 98 4229 132 4280; x_wconf 90' lang='lat' dir='ltr'><strong>nt</strong></span> <span class='ocrx_word' id='word_1_656' title='bbox 150 4222 280 4279; x_wconf 88' lang='lat' dir='ltr'><strong>eamdem</strong></span> <span class='ocrx_word' id='word_1_657' title='bbox 306 4234 455 4292; x_wconf 90' lang='lat' dir='ltr'><strong>personam</strong></span> <span class='ocrx_word' id='word_1_658' title='bbox 485 4221 561 4278; x_wconf 90' lang='lat' dir='ltr'><strong>dicat</strong></span> <span class='ocrx_word' id='word_1_659' title='bbox 586 4221 703 4293; x_wconf 91' lang='lat' dir='ltr'><strong>quando</strong></span> <span class='ocrx_word' id='word_1_660' title='bbox 731 4220 794 4276; x_wconf 89' lang='lat' dir='ltr'><strong>vult</strong></span> <span class='ocrx_word' id='word_1_661' title='bbox 817 4234 878 4277; x_wconf 91' lang='lat' dir='ltr'><strong>esse</strong></span> <span class='ocrx_word' id='word_1_662' title='bbox 897 4221 948 4277; x_wconf 90' lang='lat' dir='ltr'><strong>Pa·</strong></span> <span class='ocrx_word' id='word_1_663' title='bbox 1004 4225 1138 4298; x_wconf 90' lang='lat' dir='ltr'><strong>imaginis</strong></span> <span class='ocrx_word' id='word_1_664' title='bbox 1169 4239 1206 4281; x_wconf 86' lang='lat' dir='ltr'><strong>ex</strong></span> <span class='ocrx_word' id='word_1_665' title='bbox 1239 4238 1304 4281; x_wconf 88' lang='lat' dir='ltr'><strong>cera</strong></span> <span class='ocrx_word' id='word_1_666' title='bbox 1336 4221 1456 4279; x_wconf 89' lang='lat' dir='ltr'><strong>relative</strong></span> <span class='ocrx_word' id='word_1_667' title='bbox 1487 4220 1524 4278; x_wconf 88' lang='lat' dir='ltr'><strong>ad</strong></span> <span class='ocrx_word' id='word_1_668' title='bbox 1552 4220 1677 4278; x_wconf 90' lang='lat' dir='ltr'><strong>invicem</strong></span> <span class='ocrx_word' id='word_1_669' title='bbox 1705 4220 1854 4289; x_wconf 86' lang='lat' dir='ltr'><strong>dicuntur,</strong></span> 
     </span>
     <span class='ocr_line' id='line_1_47' title="bbox 97 4308 1855 4386; baseline -0.001 -20"><span class='ocrx_word' id='word_1_670' title='bbox 97 4317 182 4381; x_wconf 88' lang='lat' dir='ltr'><strong>trem,</strong></span> <span class='ocrx_word' id='word_1_671' title='bbox 198 4310 315 4383; x_wconf 92' lang='lat' dir='ltr'><strong>quando</strong></span> <span class='ocrx_word' id='word_1_672' title='bbox 328 4310 391 4366; x_wconf 91' lang='lat' dir='ltr'><strong>vult</strong></span> <span class='ocrx_word' id='word_1_673' title='bbox 406 4308 512 4366; x_wconf 80' lang='lat' dir='ltr'><strong>Filium</strong></span> <span class='ocrx_word' id='word_1_674' title='bbox 527 4309 571 4366; x_wconf 87' lang='lat' dir='ltr'><strong>vel</strong></span> <span class='ocrx_word' id='word_1_675' title='bbox 595 4309 733 4380; x_wconf 89' lang='lat' dir='ltr'><strong>Spiritum</strong></span> <span class='ocrx_word' id='word_1_676' title='bbox 745 4316 889 4365; x_wconf 88' lang='lat' dir='ltr'><strong>sanctum.</strong></span> <span class='ocrx_word' id='word_1_677' title='bbox 911 4309 947 4366; x_wconf 92' lang='lat' dir='ltr'><strong>Ut</strong></span> <span class='ocrx_word' id='word_1_678' title='bbox 1001 4323 1101 4386; x_wconf 79' lang='lat' dir='ltr'><strong>utpote</strong></span> <span class='ocrx_word' id='word_1_679' title='bbox 1126 4311 1246 4371; x_wconf 84' lang='lat' dir='ltr'><strong>materia</strong></span> <span class='ocrx_word' id='word_1_680' title='bbox 1268 4312 1312 4369; x_wconf 89' lang='lat' dir='ltr'><strong>vei</strong></span> <span class='ocrx_word' id='word_1_681' title='bbox 1328 4310 1362 4384; x_wconf 82' lang='lat' dir='ltr'><strong>[s.</strong></span> <span class='ocrx_word' id='word_1_682' title='bbox 1386 4309 1422 4384; x_wconf 80' lang='lat' dir='ltr'><strong>et]</strong></span> <span class='ocrx_word' id='word_1_683' title='bbox 1441 4309 1637 4378; x_wconf 88' lang='lat' dir='ltr'><strong>materiatum,</strong></span> <span class='ocrx_word' id='word_1_684' title='bbox 1662 4309 1726 4366; x_wconf 88' lang='lat' dir='ltr'><strong>sive</strong></span> <span class='ocrx_word' id='word_1_685' title='bbox 1747 4308 1855 4367; x_wconf 90' lang='lat' dir='ltr'><strong>consti-</strong></span> 
     </span>
    </p>
   </div>
   <div class='ocr_carea' id='block_1_4' title="bbox 1001 4396 1856 4652">
    <p class='ocr_par' dir='ltr' id='par_1_4' title="bbox 1001 4396 1856 4652">
     <span class='ocr_line' id='line_1_48' title="bbox 1002 4396 1856 4470; baseline -0.007 -9"><span class='ocrx_word' id='word_1_686' title='bbox 1002 4412 1086 4463; x_wconf 90' lang='lat' dir='ltr'><strong>tuens</strong></span> <span class='ocrx_word' id='word_1_687' title='bbox 1108 4408 1136 4460; x_wconf 94' lang='lat' dir='ltr'><strong>et</strong></span> <span class='ocrx_word' id='word_1_688' title='bbox 1162 4401 1362 4470; x_wconf 89' lang='lat' dir='ltr'><strong>constitutum,</strong></span> <span class='ocrx_word' id='word_1_689' title='bbox 1387 4400 1448 4456; x_wconf 89' lang='lat' dir='ltr'><strong>sive</strong></span> <span class='ocrx_word' id='word_1_690' title='bbox 1478 4413 1566 4455; x_wconf 90' lang='lat' dir='ltr'><strong>causa</strong></span> <span class='ocrx_word' id='word_1_691' title='bbox 1586 4405 1615 4456; x_wconf 93' lang='lat' dir='ltr'><strong>et</strong></span> <span class='ocrx_word' id='word_1_692' title='bbox 1639 4396 1769 4469; x_wconf 82' lang='lat' dir='ltr'><strong>ellectus,</strong></span> <span class='ocrx_word' id='word_1_693' title='bbox 1799 4397 1856 4467; x_wconf 79' lang='lat' dir='ltr'><strong>sire</strong></span> 
     </span>
     <span class='ocr_line' id='line_1_49' title="bbox 1001 4487 1856 4566; baseline -0.007 -16"><span class='ocrx_word' id='word_1_694' title='bbox 1001 4506 1141 4566; x_wconf 88' lang='lat' dir='ltr'><strong>generans</strong></span> <span class='ocrx_word' id='word_1_695' title='bbox 1166 4498 1193 4548; x_wconf 91' lang='lat' dir='ltr'><strong>et</strong></span> <span class='ocrx_word' id='word_1_696' title='bbox 1220 4490 1363 4562; x_wconf 90' lang='lat' dir='ltr'><strong>genitum,</strong></span> <span class='ocrx_word' id='word_1_697' title='bbox 1388 4503 1446 4545; x_wconf 95' lang='lat' dir='ltr'><strong>non</strong></span> <span class='ocrx_word' id='word_1_698' title='bbox 1464 4487 1578 4545; x_wconf 90' lang='lat' dir='ltr'><strong>licetea</strong></span> <span class='ocrx_word' id='word_1_699' title='bbox 1605 4487 1771 4545; x_wconf 91' lang='lat' dir='ltr'><strong>secuudum</strong></span> <span class='ocrx_word' id='word_1_700' title='bbox 1789 4499 1856 4546; x_wconf 84' lang='lat' dir='ltr'><strong>suat</strong></span> 
     </span>
     <span class='ocr_line' id='line_1_50' title="bbox 1001 4575 1854 4652; baseline -0.005 -14"><span class='ocrx_word' id='word_1_701' title='bbox 1001 4581 1190 4652; x_wconf 88' lang='lat' dir='ltr'><strong>proprietates</strong></span> <span class='ocrx_word' id='word_1_702' title='bbox 1216 4578 1273 4636; x_wconf 93' lang='lat' dir='ltr'><strong>sibi</strong></span> <span class='ocrx_word' id='word_1_703' title='bbox 1296 4593 1348 4650; x_wconf 92' lang='lat' dir='ltr'><strong>per</strong></span> <span class='ocrx_word' id='word_1_704' title='bbox 1372 4577 1607 4649; x_wconf 81' lang='lat' dir='ltr'><strong>predicationem</strong></span> <span class='ocrx_word' id='word_1_705' title='bbox 1633 4575 1749 4644; x_wconf 90' lang='lat' dir='ltr'><strong>sociari,</strong></span> <span class='ocrx_word' id='word_1_706' title='bbox 1767 4575 1854 4634; x_wconf 89' lang='lat' dir='ltr'><strong>utvi·</strong></span> 
     </span>
    </p>
   </div>
   <div class='ocr_carea' id='block_1_5' title="bbox 96 4398 947 4648">
    <p class='ocr_par' dir='ltr' id='par_1_5' title="bbox 96 4398 947 4648">
     <span class='ocr_line' id='line_1_51' title="bbox 98 4398 945 4472; baseline -0.002 -16"><span class='ocrx_word' id='word_1_707' title='bbox 98 4400 199 4472; x_wconf 90' lang='lat' dir='ltr'><strong>itaque</strong></span> <span class='ocrx_word' id='word_1_708' title='bbox 213 4399 379 4457; x_wconf 89' lang='lat' dir='ltr'><strong>satisiacere</strong></span> <span class='ocrx_word' id='word_1_709' title='bbox 401 4413 453 4468; x_wconf 92' lang='lat' dir='ltr'><strong>per</strong></span> <span class='ocrx_word' id='word_1_710' title='bbox 471 4398 690 4455; x_wconf 89' lang='lat' dir='ltr'><strong>similitudinem</strong></span> <span class='ocrx_word' id='word_1_711' title='bbox 706 4398 741 4454; x_wconf 91' lang='lat' dir='ltr'><strong>de</strong></span> <span class='ocrx_word' id='word_1_712' title='bbox 757 4398 811 4454; x_wconf 89' lang='lat' dir='ltr'><strong>bac</strong></span> <span class='ocrx_word' id='word_1_713' title='bbox 826 4412 945 4469; x_wconf 90' lang='lat' dir='ltr'><strong>genera·</strong></span> 
     </span>
     <span class='ocr_line' id='line_1_52' title="bbox 98 4486 947 4558; baseline -0.001 -13"><span class='ocrx_word' id='word_1_714' title='bbox 98 4486 175 4546; x_wconf 92' lang='lat' dir='ltr'><strong>tione</strong></span> <span class='ocrx_word' id='word_1_715' title='bbox 202 4487 246 4545; x_wconf 84' lang='lat' dir='ltr'><strong>rel</strong></span> <span class='ocrx_word' id='word_1_716' title='bbox 284 4487 465 4558; x_wconf 91' lang='lat' dir='ltr'><strong>processione</strong></span> <span class='ocrx_word' id='word_1_717' title='bbox 491 4486 650 4552; x_wconf 91' lang='lat' dir='ltr'><strong>valcamus,</strong></span> <span class='ocrx_word' id='word_1_718' title='bbox 685 4486 877 4558; x_wconf 84' lang='lat' dir='ltr'><strong>excogitanda</strong></span> <span class='ocrx_word' id='word_1_719' title='bbox 904 4495 947 4544; x_wconf 91' lang='lat' dir='ltr'><strong>est</strong></span> 
     </span>
     <span class='ocr_line' id='line_1_53' title="bbox 96 4575 946 4648; baseline -0.004 -14"><span class='ocrx_word' id='word_1_720' title='bbox 96 4576 163 4635; x_wconf 90' lang='lat' dir='ltr'><strong>talis</strong></span> <span class='ocrx_word' id='word_1_721' title='bbox 178 4576 336 4634; x_wconf 90' lang='lat' dir='ltr'><strong>similitudo</strong></span> <span class='ocrx_word' id='word_1_722' title='bbox 353 4575 546 4648; x_wconf 90' lang='lat' dir='ltr'><strong>generationis</strong></span> <span class='ocrx_word' id='word_1_723' title='bbox 558 4575 603 4632; x_wconf 87' lang='lat' dir='ltr'><strong>vel</strong></span> <span class='ocrx_word' id='word_1_724' title='bbox 620 4575 819 4646; x_wconf 86' lang='lat' dir='ltr'><strong>processionis,</strong></span> <span class='ocrx_word' id='word_1_725' title='bbox 836 4575 867 4631; x_wconf 94' lang='lat' dir='ltr'><strong>in</strong></span> <span class='ocrx_word' id='word_1_726' title='bbox 886 4589 946 4646; x_wconf 90' lang='lat' dir='ltr'><strong>qua</strong></span> 
     </span>
    </p>
   </div>
   <div class='ocr_carea' id='block_1_6' title="bbox 90 4662 946 5362">
    <p class='ocr_par' dir='ltr' id='par_1_6' title="bbox 90 4662 946 5362">
     <span class='ocr_line' id='line_1_54' title="bbox 97 4662 946 4736; baseline -0.005 -12"><span class='ocrx_word' id='word_1_727' title='bbox 97 4664 313 4724; x_wconf 84' lang='lat' dir='ltr'><strong>eadem&#39;simul</strong></span> <span class='ocrx_word' id='word_1_728' title='bbox 339 4665 375 4722; x_wconf 87' lang='lat' dir='ltr'><strong>sit</strong></span> <span class='ocrx_word' id='word_1_729' title='bbox 396 4664 561 4721; x_wconf 88' lang='lat' dir='ltr'><strong>substantia</strong></span> <span class='ocrx_word' id='word_1_730' title='bbox 586 4664 750 4736; x_wconf 91' lang='lat' dir='ltr'><strong>generantis</strong></span> <span class='ocrx_word' id='word_1_731' title='bbox 774 4672 802 4720; x_wconf 91' lang='lat' dir='ltr'><strong>et</strong></span> <span class='ocrx_word' id='word_1_732' title='bbox 817 4662 946 4736; x_wconf 88' lang='lat' dir='ltr'><strong>generati</strong></span> 
     </span>
     <span class='ocr_line' id='line_1_55' title="bbox 96 4753 946 4827; baseline -0.005 -13"><span class='ocrx_word' id='word_1_733' title='bbox 96 4755 143 4815; x_wconf 92' lang='lat' dir='ltr'><strong>vel</strong></span> <span class='ocrx_word' id='word_1_734' title='bbox 157 4753 335 4827; x_wconf 91' lang='lat' dir='ltr'><strong>procedentis</strong></span> <span class='ocrx_word' id='word_1_735' title='bbox 349 4761 376 4811; x_wconf 91' lang='lat' dir='ltr'><strong>et</strong></span> <span class='ocrx_word' id='word_1_736' title='bbox 391 4767 407 4809; x_wconf 89' lang='lat' dir='ltr'><strong>a</strong></span> <span class='ocrx_word' id='word_1_737' title='bbox 427 4767 485 4825; x_wconf 93' lang='lat' dir='ltr'><strong>quo</strong></span> <span class='ocrx_word' id='word_1_738' title='bbox 500 4754 637 4823; x_wconf 89' lang='lat' dir='ltr'><strong>procedit,</strong></span> <span class='ocrx_word' id='word_1_739' title='bbox 659 4761 798 4810; x_wconf 91' lang='lat' dir='ltr'><strong>ettamen</strong></span> <span class='ocrx_word' id='word_1_740' title='bbox 814 4753 946 4825; x_wconf 92' lang='lat' dir='ltr'><strong>proprie-</strong></span> 
     </span>
     <span class='ocr_line' id='line_1_56' title="bbox 95 4841 946 4913; baseline -0.006 -9"><span class='ocrx_word' id='word_1_741' title='bbox 95 4851 170 4905; x_wconf 86' lang='lat' dir='ltr'><strong>tates</strong></span> <span class='ocrx_word' id='word_1_742' title='bbox 194 4858 296 4901; x_wconf 90' lang='lat' dir='ltr'><strong>eornm</strong></span> <span class='ocrx_word' id='word_1_743' title='bbox 320 4842 505 4913; x_wconf 73' lang='lat' dir='ltr'><strong>impermistae</strong></span> <span class='ocrx_word' id='word_1_744' title='bbox 524 4849 670 4911; x_wconf 90' lang='lat' dir='ltr'><strong>maneant,</strong></span> <span class='ocrx_word' id='word_1_745' title='bbox 697 4849 729 4899; x_wconf 93' lang='lat' dir='ltr'><strong>ut</strong></span> <span class='ocrx_word' id='word_1_746' title='bbox 744 4841 879 4899; x_wconf 84' lang='lat' dir='ltr'><strong>videlicet</strong></span> <span class='ocrx_word' id='word_1_747' title='bbox 899 4856 946 4913; x_wconf 91' lang='lat' dir='ltr'><strong>ge·</strong></span> 
     </span>
     <span class='ocr_line' id='line_1_57' title="bbox 94 4931 943 5004; baseline -0.005 -12"><span class='ocrx_word' id='word_1_748' title='bbox 94 4933 177 4992; x_wconf 90' lang='lat' dir='ltr'><strong>nitus</strong></span> <span class='ocrx_word' id='word_1_749' title='bbox 191 4947 251 4991; x_wconf 95' lang='lat' dir='ltr'><strong>non</strong></span> <span class='ocrx_word' id='word_1_750' title='bbox 265 4932 301 4989; x_wconf 93' lang='lat' dir='ltr'><strong>sit</strong></span> <span class='ocrx_word' id='word_1_751' title='bbox 324 4944 476 5004; x_wconf 88' lang='lat' dir='ltr'><strong>generans,</strong></span> <span class='ocrx_word' id='word_1_752' title='bbox 504 4945 557 4988; x_wconf 89' lang='lat' dir='ltr'><strong>nec</strong></span> <span class='ocrx_word' id='word_1_753' title='bbox 571 4931 756 5002; x_wconf 88' lang='lat' dir='ltr'><strong>procedensa</strong></span> <span class='ocrx_word' id='word_1_754' title='bbox 770 4945 829 5002; x_wconf 93' lang='lat' dir='ltr'><strong>quo</strong></span> <span class='ocrx_word' id='word_1_755' title='bbox 844 4944 943 5001; x_wconf 88' lang='lat' dir='ltr'><strong>proce·</strong></span> 
     </span>
     <span class='ocr_line' id='line_1_58' title="bbox 94 5018 945 5092; baseline -0.009 -10"><span class='ocrx_word' id='word_1_756' title='bbox 94 5023 149 5083; x_wconf 88' lang='lat' dir='ltr'><strong>dit.</strong></span> <span class='ocrx_word' id='word_1_757' title='bbox 179 5021 261 5092; x_wconf 87' lang='lat' dir='ltr'><strong>Quod</strong></span> <span class='ocrx_word' id='word_1_758' title='bbox 291 5020 405 5079; x_wconf 86' lang='lat' dir='ltr'><strong>lacilius</strong></span> <span class='ocrx_word' id='word_1_759' title='bbox 432 5034 484 5076; x_wconf 92' lang='lat' dir='ltr'><strong>nos</strong></span> <span class='ocrx_word' id='word_1_760' title='bbox 503 5034 586 5092; x_wconf 89' lang='lat' dir='ltr'><strong>posse</strong></span> <span class='ocrx_word' id='word_1_761' title='bbox 614 5020 746 5078; x_wconf 90' lang='lat' dir='ltr'><strong>invenire</strong></span> <span class='ocrx_word' id='word_1_762' title='bbox 770 5020 905 5087; x_wconf 85' lang='lat' dir='ltr'><strong>arbitror,</strong></span> <span class='ocrx_word' id='word_1_763' title='bbox 921 5018 945 5075; x_wconf 88' lang='lat' dir='ltr'><strong>si</strong></span> 
     </span>
     <span class='ocr_line' id='line_1_59' title="bbox 90 5108 946 5194; baseline -0.008 -23"><span class='ocrx_word' id='word_1_764' title='bbox 90 5110 179 5194; x_wconf 75' lang='lat' dir='ltr'><strong>Juxta</strong></span> <span class='ocrx_word' id='word_1_765' title='bbox 201 5109 329 5183; x_wconf 84' lang='lat' dir='ltr'><strong>apostoli</strong></span> <span class='ocrx_word' id='word_1_766' title='bbox 353 5109 562 5178; x_wconf 89' lang='lat' dir='ltr'><strong>testimonium,</strong></span> <span class='ocrx_word' id='word_1_767' title='bbox 587 5108 740 5182; x_wconf 90' lang='lat' dir='ltr'><strong>diligenter</strong></span> <span class='ocrx_word' id='word_1_768' title='bbox 762 5109 946 5168; x_wconf 88' lang='lat' dir='ltr'><strong>attendamus</strong></span> 
     </span>
     <span class='ocr_line' id='line_1_60' title="bbox 93 5197 943 5273; baseline -0.007 -14"><span class='ocrx_word' id='word_1_769' title='bbox 93 5202 254 5273; x_wconf 90' lang='lat' dir='ltr'><strong>qualitera</strong></span> <span class='ocrx_word' id='word_1_770' title='bbox 278 5207 412 5257; x_wconf 90' lang='lat' dir='ltr'><strong>creatura</strong></span> <span class='ocrx_word' id='word_1_771' title='bbox 438 5199 540 5255; x_wconf 89' lang='lat' dir='ltr'><strong>mundi</strong></span> <span class='ocrx_word' id='word_1_772' title='bbox 561 5211 613 5269; x_wconf 94' lang='lat' dir='ltr'><strong>per</strong></span> <span class='ocrx_word' id='word_1_773' title='bbox 627 5212 662 5256; x_wconf 91' lang='lat' dir='ltr'><strong>ea</strong></span> <span class='ocrx_word' id='word_1_774' title='bbox 686 5212 753 5270; x_wconf 82' lang='lat' dir='ltr'><strong>quae</strong></span> <span class='ocrx_word' id='word_1_775' title='bbox 767 5197 843 5255; x_wconf 90' lang='lat' dir='ltr'><strong>iacta</strong></span> <span class='ocrx_word' id='word_1_776' title='bbox 864 5204 943 5265; x_wconf 91' lang='lat' dir='ltr'><strong>sunt,</strong></span> 
     </span>
     <span class='ocr_line' id='line_1_61' title="bbox 95 5286 944 5362; baseline -0.001 -18"><span class='ocrx_word' id='word_1_777' title='bbox 95 5288 150 5360; x_wconf 91' lang='lat' dir='ltr'><strong>ipsi</strong></span> <span class='ocrx_word' id='word_1_778' title='bbox 169 5306 286 5362; x_wconf 90' lang='lat' dir='ltr'><strong>quoque</strong></span> <span class='ocrx_word' id='word_1_779' title='bbox 304 5289 475 5362; x_wconf 86' lang='lat' dir='ltr'><strong>philosophi,</strong></span> <span class='ocrx_word' id='word_1_780' title='bbox 498 5301 625 5361; x_wconf 93' lang='lat' dir='ltr'><strong>quorum</strong></span> <span class='ocrx_word' id='word_1_781' title='bbox 647 5287 809 5346; x_wconf 88' lang='lat' dir='ltr'><strong>rationibus</strong></span> <span class='ocrx_word' id='word_1_782' title='bbox 824 5301 876 5344; x_wconf 92' lang='lat' dir='ltr'><strong>nos</strong></span> <span class='ocrx_word' id='word_1_783' title='bbox 890 5286 944 5344; x_wconf 91' lang='lat' dir='ltr'><strong>im·</strong></span> 
     </span>
    </p>
   </div>
   <div class='ocr_carea' id='block_1_7' title="bbox 998 4662 1855 5361">
    <p class='ocr_par' dir='ltr' id='par_1_7' title="bbox 998 4662 1855 5361">
     <span class='ocr_line' id='line_1_62' title="bbox 1000 4662 1854 4738; baseline -0.006 -11"><span class='ocrx_word' id='word_1_784' title='bbox 1000 4671 1103 4728; x_wconf 84' lang='lat' dir='ltr'><strong>delicet</strong></span> <span class='ocrx_word' id='word_1_785' title='bbox 1128 4668 1260 4726; x_wconf 90' lang='lat' dir='ltr'><strong>dicamus</strong></span> <span class='ocrx_word' id='word_1_786' title='bbox 1285 4667 1325 4724; x_wconf 92' lang='lat' dir='ltr'><strong>ibi</strong></span> <span class='ocrx_word' id='word_1_787' title='bbox 1351 4667 1443 4738; x_wconf 91' lang='lat' dir='ltr'><strong>ipsam</strong></span> <span class='ocrx_word' id='word_1_788' title='bbox 1467 4664 1616 4723; x_wconf 91' lang='lat' dir='ltr'><strong>materiam</strong></span> <span class='ocrx_word' id='word_1_789' title='bbox 1638 4678 1700 4721; x_wconf 88' lang='lat' dir='ltr'><strong>esse</strong></span> <span class='ocrx_word' id='word_1_790' title='bbox 1720 4662 1854 4722; x_wconf 84' lang='lat' dir='ltr'><strong>materia·</strong></span> 
     </span>
     <span class='ocr_line' id='line_1_63' title="bbox 1001 4752 1854 4826; baseline -0.008 -13"><span class='ocrx_word' id='word_1_791' title='bbox 1001 4764 1073 4825; x_wconf 87' lang='lat' dir='ltr'><strong>tum,</strong></span> <span class='ocrx_word' id='word_1_792' title='bbox 1106 4755 1152 4812; x_wconf 87' lang='lat' dir='ltr'><strong>vel</strong></span> <span class='ocrx_word' id='word_1_793' title='bbox 1186 4755 1281 4826; x_wconf 90' lang='lat' dir='ltr'><strong>ipsum</strong></span> <span class='ocrx_word' id='word_1_794' title='bbox 1313 4754 1500 4811; x_wconf 89' lang='lat' dir='ltr'><strong>materiatum</strong></span> <span class='ocrx_word' id='word_1_795' title='bbox 1524 4767 1585 4810; x_wconf 89' lang='lat' dir='ltr'><strong>esse</strong></span> <span class='ocrx_word' id='word_1_796' title='bbox 1610 4752 1777 4821; x_wconf 89' lang='lat' dir='ltr'><strong>materiam,</strong></span> <span class='ocrx_word' id='word_1_797' title='bbox 1801 4759 1854 4811; x_wconf 85' lang='lat' dir='ltr'><strong>etc.</strong></span> 
     </span>
     <span class='ocr_line' id='line_1_64' title="bbox 1001 4842 1855 4917; baseline -0.002 -14"><span class='ocrx_word' id='word_1_798' title='bbox 1001 4845 1130 4912; x_wconf 87' lang='lat' dir='ltr'><strong>Quodsi</strong></span> <span class='ocrx_word' id='word_1_799' title='bbox 1159 4845 1250 4917; x_wconf 86' lang='lat' dir='ltr'><strong>hujus</strong></span> <span class='ocrx_word' id='word_1_800' title='bbox 1276 4842 1477 4901; x_wconf 88' lang='lat' dir='ltr'><strong>similitudinis</strong></span> <span class='ocrx_word' id='word_1_801' title='bbox 1495 4842 1636 4900; x_wconf 91' lang='lat' dir='ltr'><strong>rationem</strong></span> <span class='ocrx_word' id='word_1_802' title='bbox 1662 4842 1699 4900; x_wconf 92' lang='lat' dir='ltr'><strong>ad</strong></span> <span class='ocrx_word' id='word_1_803' title='bbox 1724 4842 1855 4901; x_wconf 85' lang='lat' dir='ltr'><strong>divinam</strong></span> 
     </span>
     <span class='ocr_line' id='line_1_65' title="bbox 1000 4930 1855 5008; baseline -0.002 -17"><span class='ocrx_word' id='word_1_804' title='bbox 1000 4934 1214 5008; x_wconf 88' lang='lat' dir='ltr'><strong>generationem</strong></span> <span class='ocrx_word' id='word_1_805' title='bbox 1242 4933 1425 5002; x_wconf 92' lang='lat' dir='ltr'><strong>reducamus,</strong></span> <span class='ocrx_word' id='word_1_806' title='bbox 1443 4931 1527 4988; x_wconf 90' lang='lat' dir='ltr'><strong>lacile</strong></span> <span class='ocrx_word' id='word_1_807' title='bbox 1541 4938 1583 4989; x_wconf 88' lang='lat' dir='ltr'><strong>est</strong></span> <span class='ocrx_word' id='word_1_808' title='bbox 1597 4930 1637 4987; x_wconf 90' lang='lat' dir='ltr'><strong>ibi</strong></span> <span class='ocrx_word' id='word_1_809' title='bbox 1662 4939 1771 4989; x_wconf 89' lang='lat' dir='ltr'><strong>cuncta</strong></span> <span class='ocrx_word' id='word_1_810' title='bbox 1785 4930 1855 4989; x_wconf 83' lang='lat' dir='ltr'><strong>assi·</strong></span> 
     </span>
     <span class='ocr_line' id='line_1_66' title="bbox 999 5020 1855 5096; baseline -0.002 -17"><span class='ocrx_word' id='word_1_811' title='bbox 999 5038 1090 5096; x_wconf 90' lang='lat' dir='ltr'><strong>gnare</strong></span> <span class='ocrx_word' id='word_1_812' title='bbox 1105 5037 1139 5080; x_wconf 87' lang='lat' dir='ltr'><strong>ao</strong></span> <span class='ocrx_word' id='word_1_813' title='bbox 1154 5021 1306 5079; x_wconf 87' lang='lat' dir='ltr'><strong>detondere</strong></span> <span class='ocrx_word' id='word_1_814' title='bbox 1329 5035 1395 5093; x_wconf 82' lang='lat' dir='ltr'><strong>quae</strong></span> <span class='ocrx_word' id='word_1_815' title='bbox 1419 5020 1568 5078; x_wconf 91' lang='lat' dir='ltr'><strong>audimus.</strong></span> <span class='ocrx_word' id='word_1_816' title='bbox 1589 5021 1736 5078; x_wconf 85' lang='lat' dir='ltr'><strong>Ponamns</strong></span> <span class='ocrx_word' id='word_1_817' title='bbox 1757 5021 1855 5093; x_wconf 83' lang='lat' dir='ltr'><strong>itaque</strong></span> 
     </span>
     <span class='ocr_line' id='line_1_67' title="bbox 999 5107 1854 5182; baseline 0.001 -15"><span class='ocrx_word' id='word_1_818' title='bbox 999 5113 1091 5169; x_wconf 82' lang='lat' dir='ltr'><strong>Deum</strong></span> <span class='ocrx_word' id='word_1_819' title='bbox 1106 5111 1231 5176; x_wconf 87' lang='lat' dir='ltr'><strong>Patrem,</strong></span> <span class='ocrx_word' id='word_1_820' title='bbox 1248 5118 1381 5182; x_wconf 85' lang='lat' dir='ltr'><strong>utsupra</strong></span> <span class='ocrx_word' id='word_1_821' title='bbox 1395 5109 1594 5176; x_wconf 91' lang='lat' dir='ltr'><strong>meminimus,</strong></span> <span class='ocrx_word' id='word_1_822' title='bbox 1608 5107 1742 5167; x_wconf 89' lang='lat' dir='ltr'><strong>divinam</strong></span> <span class='ocrx_word' id='word_1_823' title='bbox 1758 5117 1854 5182; x_wconf 87' lang='lat' dir='ltr'><strong>poten·</strong></span> 
     </span>
     <span class='ocr_line' id='line_1_68' title="bbox 1000 5195 1854 5266; baseline 0 -10"><span class='ocrx_word' id='word_1_824' title='bbox 1000 5199 1069 5256; x_wconf 88' lang='lat' dir='ltr'><strong>tiam</strong></span> <span class='ocrx_word' id='word_1_825' title='bbox 1093 5213 1127 5256; x_wconf 92' lang='lat' dir='ltr'><strong>ao</strong></span> <span class='ocrx_word' id='word_1_826' title='bbox 1142 5199 1234 5256; x_wconf 83' lang='lat' dir='ltr'><strong>licum</strong></span> <span class='ocrx_word' id='word_1_827' title='bbox 1259 5197 1364 5255; x_wconf 84' lang='lat' dir='ltr'><strong>Filium</strong></span> <span class='ocrx_word' id='word_1_828' title='bbox 1389 5198 1521 5254; x_wconf 90' lang='lat' dir='ltr'><strong>divinam</strong></span> <span class='ocrx_word' id='word_1_829' title='bbox 1536 5195 1726 5266; x_wconf 88' lang='lat' dir='ltr'><strong>Sapientiam,</strong></span> <span class='ocrx_word' id='word_1_830' title='bbox 1746 5206 1776 5255; x_wconf 90' lang='lat' dir='ltr'><strong>et</strong></span> <span class='ocrx_word' id='word_1_831' title='bbox 1788 5211 1854 5256; x_wconf 89' lang='lat' dir='ltr'><strong>oon·</strong></span> 
     </span>
     <span class='ocr_line' id='line_1_69' title="bbox 998 5285 1855 5361; baseline 0.001 -16"><span class='ocrx_word' id='word_1_832' title='bbox 998 5288 1159 5346; x_wconf 83' lang='lat' dir='ltr'><strong>sideramus</strong></span> <span class='ocrx_word' id='word_1_833' title='bbox 1184 5287 1262 5361; x_wconf 92' lang='lat' dir='ltr'><strong>quod</strong></span> <span class='ocrx_word' id='word_1_834' title='bbox 1294 5287 1364 5359; x_wconf 65' lang='lat' dir='ltr'><strong>ipsa„</strong></span> <span class='ocrx_word' id='word_1_835' title='bbox 1379 5285 1527 5357; x_wconf 89' lang='lat' dir='ltr'><strong>Sapientia</strong></span> <span class='ocrx_word' id='word_1_836' title='bbox 1550 5285 1737 5358; x_wconf 79' lang='lat' dir='ltr'><strong>quedamsit</strong></span> <span class='ocrx_word' id='word_1_837' title='bbox 1752 5295 1855 5359; x_wconf 87' lang='lat' dir='ltr'><strong>poten·</strong></span> 
     </span>
    </p>
   </div>
   <div class='ocr_carea' id='block_1_8' title="bbox 93 5374 1855 5542">
    <p class='ocr_par' dir='ltr' id='par_1_8' title="bbox 93 5374 1855 5542">
     <span class='ocr_line' id='line_1_70' title="bbox 93 5374 1855 5451; baseline 0.001 -18"><span class='ocrx_word' id='word_1_838' title='bbox 93 5383 207 5447; x_wconf 90' lang='lat' dir='ltr'><strong>petunt,</strong></span> <span class='ocrx_word' id='word_1_839' title='bbox 237 5379 375 5451; x_wconf 88' lang='lat' dir='ltr'><strong>congruis</strong></span> <span class='ocrx_word' id='word_1_840' title='bbox 402 5376 628 5437; x_wconf 87' lang='lat' dir='ltr'><strong>similitudinum</strong></span> <span class='ocrx_word' id='word_1_841' title='bbox 655 5376 891 5451; x_wconf 88' lang='lat' dir='ltr'><strong>proportionibus</strong></span> <span class='ocrx_word' id='word_1_842' title='bbox 915 5376 945 5434; x_wconf 95' lang='lat' dir='ltr'><strong>in</strong></span> <span class='ocrx_word' id='word_1_843' title='bbox 999 5376 1054 5444; x_wconf 88' lang='lat' dir='ltr'><strong>tia,</strong></span> <span class='ocrx_word' id='word_1_844' title='bbox 1075 5391 1144 5434; x_wconf 93' lang='lat' dir='ltr'><strong>cum</strong></span> <span class='ocrx_word' id='word_1_845' title='bbox 1169 5376 1206 5435; x_wconf 91' lang='lat' dir='ltr'><strong>sit</strong></span> <span class='ocrx_word' id='word_1_846' title='bbox 1225 5376 1288 5449; x_wconf 90' lang='lat' dir='ltr'><strong>ipsa</strong></span> <span class='ocrx_word' id='word_1_847' title='bbox 1309 5374 1441 5434; x_wconf 90' lang='lat' dir='ltr'><strong>videlicet</strong></span> <span class='ocrx_word' id='word_1_848' title='bbox 1466 5375 1594 5447; x_wconf 91' lang='lat' dir='ltr'><strong>potentia</strong></span> <span class='ocrx_word' id='word_1_849' title='bbox 1615 5374 1802 5436; x_wconf 87' lang='lat' dir='ltr'><strong>discernendi</strong></span> <span class='ocrx_word' id='word_1_850' title='bbox 1822 5389 1855 5434; x_wconf 83' lang='lat' dir='ltr'><strong>ac</strong></span> 
     </span>
     <span class='ocr_line' id='line_1_71' title="bbox 93 5462 1855 5542; baseline 0.002 -19"><span class='ocrx_word' id='word_1_851' title='bbox 93 5475 156 5523; x_wconf 86' lang='lat' dir='ltr'><strong>nna</strong></span> <span class='ocrx_word' id='word_1_852' title='bbox 168 5472 196 5522; x_wconf 88' lang='lat' dir='ltr'><strong>et</strong></span> <span class='ocrx_word' id='word_1_853' title='bbox 209 5466 309 5523; x_wconf 87' lang='lat' dir='ltr'><strong>eadem</strong></span> <span class='ocrx_word' id='word_1_854' title='bbox 331 5467 434 5526; x_wconf 88' lang='lat' dir='ltr'><strong>divina</strong></span> <span class='ocrx_word' id='word_1_855' title='bbox 456 5465 622 5524; x_wconf 88' lang='lat' dir='ltr'><strong>substantie</strong></span> <span class='ocrx_word' id='word_1_856' title='bbox 644 5474 702 5525; x_wconf 91' lang='lat' dir='ltr'><strong>tres</strong></span> <span class='ocrx_word' id='word_1_857' title='bbox 724 5479 863 5539; x_wconf 87' lang='lat' dir='ltr'><strong>personas</strong></span> <span class='ocrx_word' id='word_1_858' title='bbox 877 5479 945 5538; x_wconf 92' lang='lat' dir='ltr'><strong>pro·</strong></span> <span class='ocrx_word' id='word_1_859' title='bbox 998 5465 1168 5542; x_wconf 86' lang='lat' dir='ltr'><strong>providendi</strong></span> <span class='ocrx_word' id='word_1_860' title='bbox 1181 5480 1234 5525; x_wconf 88' lang='lat' dir='ltr'><strong>seo</strong></span> <span class='ocrx_word' id='word_1_861' title='bbox 1246 5463 1427 5525; x_wconf 90' lang='lat' dir='ltr'><strong>deliberandi</strong></span> <span class='ocrx_word' id='word_1_862' title='bbox 1445 5463 1589 5526; x_wconf 83' lang='lat' dir='ltr'><strong>veraciter</strong></span> <span class='ocrx_word' id='word_1_863' title='bbox 1603 5463 1715 5537; x_wconf 83' lang='lat' dir='ltr'><strong>omnia,</strong></span> <span class='ocrx_word' id='word_1_864' title='bbox 1730 5478 1770 5525; x_wconf 87' lang='lat' dir='ltr'><strong>ne</strong></span> <span class='ocrx_word' id='word_1_865' title='bbox 1784 5462 1855 5540; x_wconf 87' lang='lat' dir='ltr'><strong>quid</strong></span> 
     </span>
    </p>
   </div>
   <div class='ocr_carea' id='block_1_9' title="bbox 0 0 1906 5962">
    <p class='ocr_par' dir='ltr' id='par_1_9' title="bbox 0 0 1906 5962">
     <span class='ocr_line' id='line_1_72' title="bbox 0 0 1906 5962; baseline 0 5"><span class='ocrx_word' id='word_1_866' title='bbox 0 0 1906 5962; x_wconf 95' lang='lat' dir='ltr'><strong> </strong></span> 
     </span>
    </p>
   </div>
  </div>
 </body>
</html>
