3804 5962
462 228 699 287 tttrttobtlcrto
717 229 765 286 ΑΙ)
785 227 1022 287 THEOLOGiAM.
1037 258 1073 274 -
1087 229 1153 287 nttt.
1173 226 1220 283 Ill.
1648 231 1716 287 {086

79 353 123 412 aie
158 355 301 412 tractandi
322 370 351 412 se
374 355 510 414 obtulerit
525 355 683 428 negotium.
699 356 811 410 bonum
827 355 852 410 Α
866 368 961 411 manae
973 368 1117 412 summam
1130 353 1285 411 consistere
1300 360 1412 410 eertum
1431 360 1484 422 est,
1513 353 1576 411 sine
1592 367 1651 425 qno
1665 367 1718 411 cm

83 439 175 501 Patris
204 453 347 516 quantum
362 446 398 502 ad
423 445 541 514 Filium,
558 447 604 502 vel
625 443 687 500 filii
717 456 815 514 quau·
870 455 931 504 tera
945 447 1054 502 frustra
1069 445 1238 501 creduntur.
1260 442 1354 500 Facile
1364 449 1459 500 autem
1487 444 1623 501 convinci
1638 451 1715 514 pote-

98 532 211 590 Patram
228 547 414 605 nequaquam
430 535 585 590 dicendum
605 547 666 589 esse
689 532 815 589 arbitror
869 537 906 594 rit
918 550 967 593 eos
990 549 1107 607 quoque
1129 534 1179 605 qui
1209 539 1308 589 nostra
1325 532 1359 589 dc
1375 532 1431 588 fido
1450 531 1537 589 verba
1552 532 1717 600 abhorrent,

83 636 120 690 m,
148 624 220 695 quia
239 637 425 696 nequaquam
453 623 514 680 dati
539 623 564 680 ei
582 631 683 693 potest,
698 623 746 678 cui
764 623 814 679 ab·
868 640 935 684 oum
951 624 1082 683 videlicet
1100 623 1225 680 audiunt
1239 623 1329 678 Deum
1353 620 1480 688 Patrem,
1505 629 1533 677 et
1558 622 1648 677 Deum
1669 623 1716 679 Fi·

81 727 108 768 tn
134 719 235 783 potest,
261 713 316 768 hoc
334 720 376 768 est
397 714 446 769 cui
465 713 626 770 necessario
660 713 743 782 inest,
763 713 814 783 qui
868 716 952 785 lium,
979 713 1009 771 in
1037 727 1152 771 sonsum
1173 710 1429 769 verborumnobls
1452 724 1513 766 esse
1534 710 1714 781 coniunctos.

79 803 126 859 ‚rio
142 801 297 873 utriusque
312 810 353 858 est
368 803 501 872 Spiritus.
869 809 1085 875 interrogemus
1098 803 1176 859 enim
1199 814 1246 857 eos
1268 800 1292 857 si
1318 800 1487 869 sapientiam
1513 799 1563 855 liei
1580 800 1708 869 credant,

324 891 429 950 livill.
870 887 904 952 de
937 908 997 964 qua
1019 893 1157 963 scriptum
1187 897 1249 948 est:
1277 891 1374 947 Omnia
1400 892 1431 943 in
1459 890 1595 959 sapientia
1624 891 1715 957 fecisti

79 981 205 1039 arbitror
223 988 318 1037 autem
334 982 388 1037 boo
403 995 520 1052 quoque
536 982 572 1038 ab
588 982 642 1038 bac
655 983 816 1054 quaestione
871 982 958 1055 (Psoi.
975 995 1033 1049 cm,
1063 981 1121 1050 m),
1142 988 1169 1036 et
1189 979 1283 1036 statim
1300 978 1516 1048 respondebunt
1529 991 1560 1034 se
1589 978 1713 1036 credere.

79 1086 93 1127 n
116 1085 189 1137 esse,
214 1069 358 1140 quomodo
389 1069 496 1126 scilieet
515 1070 592 1126 hanc
615 1071 699 1128 fidem
715 1072 815 1128 Trini-
873 1073 1036 1129 inferamus
1060 1069 1163 1126 deinde
1183 1067 1388 1146 convenienter
1408 1081 1456 1124 eos
1470 1066 1499 1123 in
1515 1066 1569 1122 boe
1592 1067 1652 1137 ipso
1665 1069 1712 1125 st·

80 1159 97 1216 ti
122 1160 277 1216 Christiani
299 1167 423 1227 teneant,
439 1167 467 1216 et
482 1174 538 1216 non
561 1159 647 1215 etiam
664 1158 707 1216 vei
723 1158 816 1217 ludaei
871 1162 944 1218 lium
974 1160 1023 1216 liei
1045 1159 1121 1216 sicut
1147 1165 1242 1214 otnos
1270 1157 1395 1223 eredere,
1418 1170 1485 1212 cum
1510 1170 1563 1211 nos
1577 1156 1709 1214 videlieet

79 1248 156 1306 tiles.
177 1249 247 1305 Cum
260 1249 339 1305 enim
353 1249 445 1305 Deum
458 1263 519 1304 esse
535 1249 648 1304 Patrem
660 1255 688 1304 et
709 1248 815 1306 Filium
872 1250 947 1305 idem
965 1247 1160 1319 intelligamus
1180 1260 1230 1316 per
1246 1245 1372 1303 Verbum
1389 1244 1450 1301 sive
1465 1258 1516 1314 per
1528 1244 1633 1301 Filium
1650 1245 1709 1312 bei,

78 1337 149 1393 itum
165 1346 298 1394 sanetum
314 1338 370 1394 tale
387 1339 434 1406 sit,
451 1346 483 1393 ut
499 1337 630 1394 diximus
645 1338 735 1394 ileum
750 1351 812 1394 essa
870 1337 949 1409 quod
964 1337 1004 1394 illi
1021 1351 1071 1408 per
1085 1335 1254 1407 sapientiam
1266 1335 1328 1391 bei.
1345 1335 1482 1405 Quisquis
1497 1341 1593 1391 autem
1608 1333 1714 1390 Filium

79 1439 135 1494 am,
164 1435 196 1483 ut
225 1426 336 1483 dietum
363 1432 415 1495 est,
442 1433 639 1497 generantem,
657 1432 685 1482 et
700 1426 812 1497 sapien·
870 1441 931 1484 esse
947 1426 1057 1498 recipit,
1078 1426 1183 1498 utique
1199 1431 1226 1481 et
1241 1438 1308 1481 oum
1324 1424 1409 1495 cujus
1423 1421 1571 1490 estliilius,
1586 1435 1715 1479 essenon

79 1518 203 1582 unitam,
225 1523 253 1571 et
281 1515 487 1587 benignitatem
508 1514 718 1585 procedentem,
748 1528 813 1571 oum
871 1515 997 1582 dubitat,
1012 1516 1066 1573 hoc
1080 1523 1121 1572 est
1134 1516 1257 1570 Patrem.
1275 1512 1412 1583 Spiritum
1436 1525 1554 1582 quoque
1567 1509 1654 1567 simili
1669 1523 1715 1567 ra·

79 1618 150 1662 temo
173 1605 314 1660 discretus
345 1604 485 1675 ambigat,
515 1604 575 1659 sive
600 1603 728 1674 ludaeus,
753 1572 851 1660 siveB
871 1605 945 1661 tione
964 1618 1012 1660 eos
1033 1603 1149 1660 eredere
1164 1602 1380 1667 convincemus,
1400 1601 1423 1656 si
1447 1599 1489 1657 eis
1511 1600 1582 1672 quid
1602 1599 1633 1656 in
1662 1599 1717 1656 hoc

79 1727 91 1760 ‚,
120 1692 231 1748 nemini
258 1692 320 1749 haeo
341 1692 410 1748 fides
436 1692 532 1748 deesse
551 1691 677 1760 videtur,
695 1692 814 1763 quodet
867 1693 983 1751 nominc
1009 1692 1205 1764 intelligamus
1232 1689 1460 1761 exposuerimus,
1488 1690 1578 1760 ipsam
1609 1688 1717 1744 scilicet

79 1782 147 1838 idem
175 1781 371 1849 concedimus
392 1789 545 1853 sequentes
569 1781 737 1851 Apostolum
758 1781 811 1854 qui
868 1783 973 1838 divina
991 1782 1091 1854 gratiae
1120 1780 1285 1838 bonitatem.
1316 1779 1390 1835 ilinc
1419 1786 1516 1835 autem
1537 1776 1714 1834 facileocea·

79 1871 136 1927 uod
164 1875 258 1926 netum
289 1877 329 1927 est
359 1873 418 1938 bei,
447 1872 624 1938 montisestem
639 1875 679 1927 est
708 1872 812 1926 inillis
868 1873 977 1928 sionem
993 1871 1070 1928 sumi
1082 1871 1218 1946 arbitror,
1232 1868 1420 1926 convertendi
1435 1867 1470 1923 ad
1488 1867 1571 1923 fidem
1586 1872 1715 1922 nostram

79 1974 95 2026 t,
123 1961 176 2031 te),
206 1974 240 2016 ao
268 1961 291 2015 si
320 1961 448 2017 diceret:
475 1960 556 2027 Quod
576 1960 612 2015 ad
630 1959 810 2017 divinitatem
868 1959 1012 2031 quoslibet
1040 1959 1159 2026 alienos,
1176 1959 1201 2014 si
1223 1957 1389 2028 hujusmodi
1423 1954 1641 2012 inductionibus
1663 1967 1711 2011 eos

79 2061 94 2118 t,
104 2050 216 2105 ratione
240 2057 442 2120 perceperunt,
459 2050 600 2121 quiahoc
614 2051 649 2107 de
673 2050 812 2106 Deoratio
865 2049 926 2120 jam
951 2063 1133 2105 communem
1154 2047 1238 2103 nobis
1257 2059 1373 2103 sensum
1389 2045 1454 2101 fidei
1482 2044 1588 2101 babere
1615 2043 1714 2099 convi-

82 2138 136 2194 iter
147 2152 388 2210 unumquemque
398 2140 523 2195 edoceat.
541 2139 622 2196 Unde
635 2146 664 2195 et
679 2139 814 2208 superius
867 2139 1002 2195 cerintus.
1031 2136 1124 2204 Quam
1157 2136 1224 2192 lieet
1251 2149 1300 2192 ora
1325 2149 1384 2191 non
1412 2133 1615 2201 confiteantur,
1641 2133 1716 2188 sieut

78 2227 268 2284 latonicorum
290 2228 448 2284 sententias
473 2228 508 2284 de
534 2228 622 2285 verbo
635 2226 683 2284 Dei
707 2227 814 2298 Augu·
868 2241 931 2294 nos,
964 2233 1080 2296 propter
1104 2225 1267 2297 ignoratam
1289 2224 1400 2281 scilieet
1421 2222 1577 2279 uerborum
1602 2229 1712 2278 nostro·

79 2324 267 2387 presentaret,
284 2317 378 2373 solum
392 2331 457 2388 quae
470 2317 506 2372 ad
531 2316 711 2372 divinitatem
728 2315 813 2373 Verbi
868 2329 933 2372 rum
949 2313 1211 2386 significationem:
1232 2313 1317 2370 eorde
1333 2320 1428 2368 tamen
1440 2312 1500 2383 jam
1516 2317 1624 2376 tenent,
1639 2309 1716 2364 sieut

79 2412 104 2462 nt
118 2419 147 2462 se
171 2405 203 2461 iu
223 2406 265 2462 cis
277 2407 416 2476 reperisse
445 2406 640 2473 confirmavit,
662 2405 744 2462 etnil
773 2404 808 2462 de
868 2405 1092 2477 scriptumest:
1128 2403 1215 2459 florele
1239 2402 1361 2457 creditur
1387 2401 1425 2455 od
1449 2401 1589 2472 justitiam
1626 2398 1713 2469 (Rom.

79 2493 175 2563 ttionis
203 2494 350 2564 mysterio,
377 2494 407 2550 in
441 2489 729 2566 quo'totamsalutis
755 2494 815 2550 hu·
867 2507 897 2548 x.
922 2493 974 2564 ιο).

568 2857 774 3001 ιιΒΕιι
812 2855 1129 2953 suemus

784 3071 899 3081 ..v-..-⁴

80 3182 148 3241 ditis
163 3184 209 3241 bis
224 3199 290 3256 quae
303 3185 338 3241 ad
359 3184 537 3257 singularem
552 3183 725 3242 christianae
745 3181 811 3239 fidei
828 3184 849 3240 C
867 3181 927 3253 ipse
955 3183 1066 3240 bomini
1086 3197 1116 3240 se
1131 3183 1282 3241 revelaret.
1307 3183 1334 3242 st
1351 3191 1446 3241 tamen
1469 3182 1531 3239 vim
1546 3183 1638 3252 ipsam
1663 3193 1712 3237 ra-

79 3273 168 3330 ionem
182 3273 303 3330 attinere
318 3273 465 3341 ridentur,
489 3273 523 3329 de
537 3272 708 3330 discretione
734 3271 813 3328 vide·
867 3271 956 3329 tionis
983 3273 1152 3345 diligentius
1174 3274 1368 3341 attendamus,
1392 3273 1477 3345 ouius
1504 3273 1657 3344 proprium
1671 3280 1715 3329 est

79 3361 135 3417 inm
153 3375 344 3433 personarum
359 3363 388 3418 in
402 3376 463 3418 una
478 3361 637 3431 eademque
649 3361 763 3431 penitus
779 3373 813 3416 ac
867 3374 982 3418 omnem
1009 3362 1212 3419 transcendere
1231 3376 1359 3430 sensum,
1373 3367 1401 3418 et
1424 3374 1459 3418 ea
1485 3361 1630 3433 vestigare
1647 3374 1713 3433 quaa

79 3451 261 3508 idivinitatis
276 3452 449 3520 substantia,
460 3452 545 3523 juvat
563 3451 591 3507 in
602 3450 691 3521 buius
705 3451 812 3509 summi
866 3463 968 3506 seusus
982 3465 1040 3507 non
1064 3450 1139 3509 valet
1154 3452 1306 3522 attingere,
1334 3452 1463 3524 profecto
1486 3457 1714 3522 quantocunque

79 3537 225 3596 erfectionc
241 3540 460 3610 contemplanda
482 3534 590 3596 ¹mentis
605 3540 696 3596 aciem
725 3539 812 3596 altius
866 3554 912 3596 res
926 3539 1086 3597 subtilioris
1099 3548 1141 3597 est
1158 3548 1280 3608 naturae,
1295 3546 1324 3596 et
1338 3554 1355 3596 a
1369 3554 1456 3597 sensu
1471 3540 1618 3607 remotior,
1635 3541 1714 3596 tanto

79 3641 190 3696 cresc
209 3629 378 3700 diligentins
405 3628 522 3700 singula
537 3625 703 3699 replicando
732 3640 811 3698 quaa·
866 3629 1019 3687 rectiusse
1048 3629 1300 3701 rationisjudicio,
1316 3636 1345 3685 et
1365 3629 1459 3702 magis
1472 3628 1503 3685 in
1535 3643 1565 3686 se
1592 3628 1713 3686 rationis

79 3728 85 3770 t
112 3714 222 3787 ailquid
245 3715 414 3787 questionis
443 3716 550 3773 babere
565 3717 714 3785 videntur,
737 3717 810 3774 veri·
866 3717 997 3774 studium
1014 3732 1170 3788 provocare
1185 3718 1278 3775 debet.
1296 3718 1377 3776 Unde
1395 3718 1481 3775 etiam
1505 3732 1571 3774 cum
1602 3718 1713 3788 porin-

79 3817 109 3860 us
135 3811 163 3860 et
192 3805 401 3862 honestissimis
424 3805 586 3861 rationibus
616 3804 751 3871 diffinire,
780 3810 813 3860 ut
866 3807 948 3878 signe
962 3807 1084 3862 rationis
1099 3805 1236 3878 imaginis
1256 3807 1305 3863 liei
1332 3806 1495 3877 specialiter
1518 3805 1602 3863 bomo
1632 3819 1714 3862 com-

79 3891 166 3963 tplius
181 3893 339 3950 innotuerit
355 3893 444 3964 hujus
459 3896 567 3950 summi
583 3894 651 3950 boni
665 3893 811 3964 perfectio,
866 3902 993 3967 paretur,
1018 3895 1047 3951 in
1081 3895 1155 3952 nibil
1176 3894 1255 3951 aliud
1279 3895 1364 3952 bomo
1390 3895 1511 3966 pronius
1538 3908 1602 3951 eam
1627 3893 1714 3964 ligera

97 3996 339 4054 unumquemque
368 3983 404 4038 ad
419 3998 449 4039 se
470 3985 564 4040 trabat
595 3984 746 4039 desiderio.
770 3983 810 4037 Ao
866 3985 1016 4053 debuerat,
1039 3998 1128 4056 quam
1143 3983 1175 4039 in
1191 3985 1297 4054 ipsum,
1317 3984 1402 4055 cnjus
1420 3983 1587 4056 imaginem,
1603 3982 1657 4040 boc
1670 3988 1713 4038 ost

79 4068 107 4127 io
120 4070 232 4127 unitate
246 4071 355 4128 divinae
370 4072 549 4140 substantie,
580 4073 762 4143 postmodum
776 4073 812 4130 de
865 4075 1073 4145 expressiorem
1089 4072 1318 4142 similitudinem,
1335 4086 1385 4143 per
1398 4073 1475 4128 banc
1502 4071 1661 4139 obtinebat,
1685 4078 1713 4128 et

79 4172 153 4216 unm
176 4159 429 4231 recapitulandum
447 4170 490 4218 est
504 4162 654 4219 Trinitate.
673 4165 705 4217 ln
728 4149 810 4233 supe·
866 4164 896 4220 in
915 4163 1028 4221 nullam
1053 4162 1172 4220 fortasse
1192 4177 1253 4220 rem
1268 4162 1483 4234 percipiendam
1507 4161 1624 4232 pronior
1651 4174 1712 4217 asse

79 4249 215 4320 sitaque
240 4250 346 4306 libellis
361 4251 396 4306 ad
412 4259 518 4307 nostrae
534 4251 599 4307 fidei
628 4251 812 4321 professionis
865 4251 1010 4309 credenda
1029 4259 1082 4319 est,
1109 4265 1198 4324 quam
1225 4253 1256 4309 in
1291 4265 1355 4308 eam
1377 4251 1463 4323 euius
1490 4251 1553 4323 ipsa
1585 4249 1713 4324 amplius
1804 4274 1809 4282 ·

79 4351 159 4394 tuem
193 4338 373 4395 elaboratum
395 4346 448 4404 est,
478 4339 525 4396 bio
551 4353 619 4396 vero
657 4339 692 4395 ad
722 4340 812 4412 ipsius
865 4341 1015 4412 adeptasit
1028 4341 1257 4399 similitudinem.
1277 4341 1370 4399 Facile
1385 4341 1545 4413 quippeest
1559 4340 1704 4399 exsimili·

79 4427 218 4484 sationem
234 4428 453 4485 elaborandum.
825 4429 921 4516 nbus
940 4430 1046 4487 similia
1068 4431 1181 4501 conjici,
1197 4438 1225 4488 et
1244 4445 1303 4501 quo
1323 4431 1449 4502 quisque
1476 4431 1560 4488 alteri
1580 4427 1712 4494 similior,

360 4518 381 4570 l.
863 4509 1022 4577 faciliusex
1036 4521 1128 4590 seipso
1143 4521 1179 4577 ad
1201 4521 1265 4590 elus
1280 4521 1408 4577 notitiam
1432 4519 1595 4592 pertingere
1624 4520 1712 4588 salet,

79 4603 202 4676 aigitur
219 4605 254 4662 sit
274 4605 308 4663 de
323 4606 434 4663 ratione
449 4606 583 4663 credendi
600 4621 691 4663 unum
714 4610 805 4664 ileum
866 4608 971 4665 cniest
990 4607 1118 4680 ipseper
1142 4617 1277 4666 naturam
1309 4609 1441 4666 vicinior.
1469 4609 1551 4674 Quod
1572 4610 1596 4666 si
1629 4616 1657 4664 et
1682 4608 1712 4664 in

79 4693 115 4760 io,
131 4701 159 4751 et
174 4694 252 4766 quod
267 4708 360 4752 unum
370 4697 560 4767 magisquam
579 4695 677 4767 plures
691 4697 812 4754 attineat
867 4697 928 4754 hac
960 4697 1023 4768 ipsa
1048 4712 1166 4768 quoque
1194 4712 1310 4755 sensum
1333 4698 1532 4769 experimenta
1552 4696 1714 4755 necessaria

79 4781 121 4839 nbi
142 4789 170 4838 et
186 4783 280 4853 prima
295 4797 325 4840 se
346 4783 451 4856 ingerit
475 4785 608 4855 qoaestio,
626 4798 663 4841 an
680 4785 811 4841 bumana
866 4785 1015 4850 videntur,
1035 4793 1068 4844 ut
1082 4786 1214 4844 videlieet
1227 4801 1244 4843 a
1256 4787 1441 4844 sensibilibus
1456 4788 1493 4843 ad
1517 4785 1712 4859 intelligtbilia

79 4871 185 4929 ratione
201 4872 301 4928 divina
315 4872 453 4929 celsitudo
469 4873 602 4944 indagari
630 4874 812 4944 potuerit,ae
866 4875 1030 4942 duceretur,
1060 4876 1141 4933 facile
1164 4877 1252 4933 etiam
1275 4883 1347 4944 erat,
1364 4884 1397 4932 ut
1427 4877 1558 4933 omnium
1583 4875 1712 4947 optimus

79 4972 130 5017 lca
157 4967 291 5017 creatura
311 4975 364 5017 sua
380 4969 490 5017 creator
516 4961 691 5032 recognosci,
710 4975 747 5017 an
762 4975 810 5032 po-
866 4962 999 5021 oonditor
1025 4971 1112 5034 atque
1127 4964 1307 5034 dispensator
1327 4964 1415 5032 Deus,
1446 4978 1497 5035 per
1511 4978 1544 5022 ea
1560 4978 1626 5036 quae
1652 4971 1711 5021 tam

79 5060 94 5104 e
118 5048 195 5105 Deus
210 5050 292 5121 signo
307 5049 406 5122 aliquo
421 5050 550 5107 sensibili
571 5064 653 5106 suam
683 5051 708 5106 ei
736 5057 810 5106 nott·
866 5052 1037 5110 mirabiliter
1059 5053 1169 5109 etfacit
1190 5060 1217 5109 et
1231 5053 1354 5116 ordinat,
1371 5067 1408 5110 ex
1422 5053 1493 5124 ipsis
1507 5054 1569 5111 suis
1583 5060 1714 5125 quantus

79 5136 175 5194 imum
189 5139 366 5209 exhibuerit,
385 5139 505 5196 velutin
521 5139 624 5210 angelo
640 5139 684 5195 vel
700 5139 809 5210 inquo·
865 5141 903 5198 sit
919 5141 1055 5211 operibus
1080 5141 1232 5211 indicaret,
1248 5141 1320 5213 quia
1335 5151 1362 5199 et
1378 5156 1429 5213 per
1452 5142 1621 5214 qualitatem
1645 5157 1711 5214 ope-

90 5225 117 5282 ei
141 5226 251 5298 Spiritu
273 5227 409 5301 primitus
424 5242 578 5299 apparens,
595 5227 671 5285 sicut
689 5228 723 5284 de
753 5229 809 5299 pri·
865 5243 931 5286 rum
951 5245 1016 5302 qnae
1030 5231 1177 5298 ridentur,
1196 5229 1322 5287 absentis
1345 5230 1466 5289 artificis
1481 5232 1654 5290 industriam
1669 5232 1712 5289 di·

79 5316 155 5388 gitur
174 5317 507 5389 parentibusquibusin
539 5317 671 5387 paradiso
697 5317 811 5375 loeutus
863 5319 1038 5392 judicamus.
1056 5320 1244 5391 Hocquidom
1258 5320 1343 5377 modo
1362 5322 1463 5392 etipse
1475 5323 1604 5393 perbibet
1632 5322 1711 5394 lipo-

79 5404 241 5465 erbibetnr.
259 5406 294 5464 tet
308 5407 437 5465 fortassis
457 5407 496 5464 ita
513 5407 607 5477 primo
634 5406 809 5476 factumest,
865 5408 966 5478 stolus,
991 5408 1083 5466 mum
1098 5408 1285 5466 suinotitiam
1306 5409 1439 5482 reprobis
1467 5425 1586 5484 quoque
1608 5419 1710 5470 contu·

79 5493 155 5567 liqna
168 5495 274 5553 scilicet
289 5495 397 5554 visibili
414 5497 507 5568 speeie
523 5495 678 5554 invisibilis
692 5499 810 5557 creator
865 5499 940 5567 iisse,
959 5498 1045 5571 iuxta
1058 5497 1136 5570 qnod
1152 5497 1187 5555 ad
1216 5497 1362 5558 Romanos
1389 5500 1528 5568 scribens,
1556 5502 1711 5560 inexcusa-
