3804 5962
112 163 165 218 dil
301 213 303 217 ,
402 154 506 212 sueni
524 151 712 213 asebium
732 149 810 211 OPP.
831 150 921 210 PARS
938 150 976 208 11.
993 177 1028 192 -
1042 146 1224 208 SERHONES
1243 148 1285 205 ΕΤ
1305 146 1426 207 ovdsc.
1446 147 1564 206 ASGET.
1806 147 1860 203 cia

112 284 277 358 phavimus,
294 289 322 340 et
347 277 473 352 perferre
487 279 632 336 novimus.
657 277 758 336 Omnis
783 277 891 350 qnippe
905 290 957 349 pu·
974 275 1050 334 aad
1071 275 1238 348 episcopum
1265 273 1388 344 venerit,
1415 273 1559 346 gravissi
1587 286 1672 344 pena
1693 271 1861 345 injungitur

113 388 172 448 gna
192 383 281 444 quam
295 369 425 427 nondum
441 365 554 439 experti
566 380 679 436 sumus,
690 364 810 438 gravius
834 365 957 423 sustine·
1012 380 1069 423 non
1099 379 1151 436 pro
1174 364 1365 435 culpaquam
1388 360 1571 429 commiserit,
1588 360 1860 434 sedutipsndein-

112 461 263 532 musve),
278 468 305 516 et
321 455 448 529 amplius
458 454 647 513 formidamus
667 454 732 527 (811).
759 454 831 512 Cum
845 468 914 510 vero
928 453 959 513 in
1012 468 1078 526 ceps
1098 453 1143 511 vel
1154 461 1264 511 cetere
1276 452 1428 509 feminein
1442 451 1549 508 talibus
1575 450 1761 522 providendis
1793 466 1861 509 cau·

113 546 352 608 cousuetudinem
384 543 545 602 victoribus
570 543 693 613 venerit,
718 543 827 614 pariter
863 542 958 600 virtus
1012 543 1098 600 tiores
1113 543 1281 600 reddantur.
1301 542 1520 612 Nonnunquam
1537 542 1623 598 etiam
1639 540 1781 613 contingit
1802 541 1860 598 αεὶ·

114 638 177 710 ejus
190 643 219 695 et
233 642 327 694 metus
341 634 497 692 evanescit.
1012 646 1098 704 quem
1126 631 1164 687 ab
1185 631 1308 687 inimicis
1335 629 1396 687 suls
1418 631 1497 701 apud
1520 629 1647 701 judicem
1674 629 1805 686 accusari
1832 637 1860 687 et

552 775 558 787 ,
599 777 604 788 ,
1011 719 1069 778 tale
1087 719 1159 791 quid
1176 718 1217 776 illi
1235 719 1355 791 imponi,
1382 719 1459 776 unde
1482 717 1563 776 illum
1591 718 1775 776 innocentem
1800 733 1860 776 esse

234 777 302 835 ω·
324 774 371 833 W·
383 778 421 831 ⁰⁰
434 773 656 847 ⁸“9⁰⁶³⁸²⁰”¹⁶“⁸
670 772 832 829 mmm·
1008 808 1099 878 judex
1123 809 1279 879 cognoscit.
1295 806 1368 874 Quia
1384 815 1481 865 tamen
1496 806 1537 864 illi
1561 807 1670 865 instant
1685 815 1712 864 et
1739 807 1858 865 audien·
1899 820 1901 845 =

145 902 217 960 Sunt
246 908 343 957 autem
371 898 571 971 suggestiones
597 911 654 953 non
674 897 767 954 solum
795 895 956 967 bominum,
1011 897 1080 954 tiam
1105 897 1267 969 injudicio
1300 896 1458 967 postulant,
1484 903 1592 955 statuto
1611 896 1657 953 die
1679 911 1798 954 causam
1819 896 1862 953 in·
1899 890 1901 939 ἱ

110 991 160 1049 sed
178 987 483 1059 etdemnnum;quia
501 984 589 1043 elisii
614 997 827 1057 nonnunquam
843 984 877 1041 ad
892 997 954 1055 pec·
1011 985 1194 1058 gradiuntur,
1232 992 1317 1042 testes
1351 985 1502 1056 proiciunt
1529 985 1595 1043 licet
1621 985 1706 1043 falsos
1731 988 1767 1043 ad
1791 1000 1860 1043 eum

111 1085 208 1136 catum
235 1091 289 1134 nos
316 1077 438 1133 incitant
463 1089 522 1132 nou
549 1080 606 1129 tam
632 1073 730 1130 verbis
750 1086 838 1144 quam
863 1071 954 1128 iactis.
1011 1087 1096 1146 quem
1122 1082 1269 1144 accusant,
1287 1075 1528 1144 convincendum
1553 1089 1626 1146 quos
1649 1083 1746 1132 tamen
1774 1082 1859 1132 testes

109 1166 196 1224 Periti
215 1165 324 1237 quippe
345 1172 460 1220 nature
481 1176 578 1220 rerum
592 1169 651 1218 tam
666 1160 773 1232 ingenii
797 1159 957 1217 subtilitate
1010 1177 1078 1219 cum
1098 1177 1285 1235 nequaquam
1307 1162 1399 1233 judex
1426 1163 1584 1220 manifestis
1605 1163 1756 1220 decausis
1779 1163 1859 1221 refel-

110 1267 200 1327 quam
226 1253 312 1325 longa
325 1251 504 1322 experientia
519 1250 607 1322 (unde
630 1258 658 1307 et
679 1250 831 1318 demones,
848 1249 902 1306 buc
915 1257 957 1306 est
1011 1250 1068 1308 lere
1082 1253 1179 1323 possit,
1203 1267 1251 1310 eos
1274 1252 1419 1323 suscipere
1443 1253 1505 1324 iege
1528 1250 1710 1323 compellitur
1735 1260 1785 1320 ;et
1807 1265 1859 1307 eo-

110 1348 223 1400 scientes
237 1349 304 1400 sunt
324 1338 491 1412 appellati)
507 1345 653 1396 noverunt
671 1337 747 1397 vires
762 1347 955 1396 rerumnatu·
1010 1354 1076 1397 rum
1104 1341 1272 1412 probatione
1294 1349 1426 1413 suscepta
1451 1341 1556 1411 punire
1569 1341 1750 1398 innocentem
1765 1339 1857 1408 debet,

110 1432 195 1506 sales,
223 1431 300 1488 uude
329 1429 365 1486 ad
386 1428 534 1487 libidinem
558 1428 603 1485 vel
628 1428 665 1485 ad
688 1435 806 1484 ceteros
833 1427 956 1497 impetus
1010 1429 1061 1500 qui
1077 1430 1174 1499 puniri
1190 1444 1248 1492 uon
1264 1430 1355 1487 debet.
1379 1432 1479 1502 ltaque
1495 1430 1599 1501 punire
1613 1428 1706 1497 debet,
1725 1429 1788 1485 licet
1801 1443 1859 1485 non

111 1520 242 1576 bumana
255 1519 408 1576 infirmitas
429 1517 513 1575 facile
541 1515 629 1588 possit
651 1515 833 1573 commoveri.
858 1515 903 1572 Sic
929 1523 957 1571 et
1011 1518 1158 1587 meruerit,
1178 1533 1245 1576 cum
1266 1526 1362 1576 tamen
1384 1519 1445 1592 lege
1459 1518 1640 1591 precipiente
1656 1518 1710 1575 hoc
1721 1518 1799 1591 juste
1811 1517 1857 1588 ju·

111 1610 141 1666 iu
155 1609 336 1680 languorem,
361 1608 416 1664 ileo
440 1606 630 1678 permittente,
663 1618 878 1676 nonuunquam
904 1602 953 1659 ali·
1011 1607 1066 1664 dex
1091 1607 1210 1679 peragit.
1232 1608 1276 1663 Ex
1294 1607 1340 1664 his
1363 1607 1462 1679 itaque
1481 1607 1572 1678 liquet
1589 1621 1781 1678 nonnunqum
1800 1620 1858 1677 poe·

110 1711 184 1769 quos
208 1696 327 1753 mittunt
343 1710 377 1752 ac
391 1693 574 1766 postmodum
592 1693 824 1765 supplicantibus
842 1691 897 1749 sibi
913 1706 954 1748 re·
1009 1709 1077 1752 nam
1103 1695 1310 1753 rationabiliter
1333 1695 1449 1767 injungi
1472 1696 1508 1764 ei,
1531 1695 1560 1751 in
1591 1711 1650 1767 quo
1681 1694 1862 1765 nullaculpa

111 1785 205 1843 media
227 1785 378 1841 conferunt
399 1791 426 1838 et
449 1781 613 1853 frequenter
636 1795 702 1839 cum
718 1787 830 1839 cessant
842 1781 954 1848 ledere,
1011 1783 1163 1854 precessit.
1184 1784 1258 1849 Quid
1283 1784 1374 1855 igitur
1398 1783 1507 1841 mirum
1525 1785 1549 1840 si
1569 1784 1620 1841 ubi
1636 1785 1721 1856 culpa
1737 1798 1859 1855 preces·
1900 1802 1901 1807 ¹

110 1889 215 1934 curare
232 1872 403 1931 creduntur.
418 1871 547 1942 Denique
566 1870 596 1926 in
609 1870 843 1942 AEgyptomulta
856 1876 956 1926 contra
1010 1872 1088 1939 serit,
1119 1871 1247 1942 operatio
1276 1872 1432 1930 subsecuta
1457 1886 1574 1944 poenam
1593 1882 1699 1946 augeat
1714 1872 1791 1942 apud
1809 1873 1859 1929 bo-

109 1964 226 2036 lioysen
241 1959 412 2019 mirabiliter
427 1962 538 2031 operari
548 1974 599 2031 per
612 1973 711 2031 magos
725 1968 794 2015 sunt
813 1959 954 2029 permissi,
1010 1961 1102 2017 mines
1128 1960 1158 2017 in
1178 1961 1233 2017 bac
1247 1960 1318 2030 vila,
1335 1975 1393 2017 non
1414 1961 1490 2033 apud
1506 1962 1597 2018 Deum
1613 1963 1643 2017 iu
1659 1959 1782 2019 futura?
1797 1961 1857 2018 Nou

110 2065 144 2109 ac
172 2052 300 2124 quidem,
323 2049 449 2106 naturali
465 2049 605 2106 virerum
620 2062 708 2121 quam
723 2055 879 2116 noverunt,
898 2061 956 2103 non
1009 2049 1089 2106 enim
1117 2048 1247 2106 homines
1261 2049 1296 2106 de
1310 2050 1439 2117 occultis,
1468 2049 1517 2106 sed
1541 2049 1575 2106 dc
1602 2049 1761 2106 manifestis
1782 2050 1859 2120 judi·

109 2150 169 2200 tam
185 2136 285 2199 eorum
308 2152 374 2211 qne
399 2136 539 2195 faciebant
565 2143 707 2193 creatores
727 2135 841 2192 dicendi
866 2147 955 2206 quam
1010 2144 1086 2206 cant,
1102 2151 1155 2194 neo
1176 2145 1234 2193 iam
1247 2138 1338 2209 culpe
1368 2146 1479 2195 reatum
1508 2150 1596 2209 quam
1618 2138 1712 2208 operis
1736 2143 1859 2208 pensant

110 2230 312 2299 compositores
341 2225 460 2283 :veluti
492 2225 516 2281 si
542 2225 610 2296 quis
634 2223 721 2294 juxta
748 2224 954 2280 documentum
1008 2224 1152 2283 effectum.
1177 2226 1253 2282 Deus
1273 2225 1445 2292 verosolus
1462 2225 1513 2296 qui
1529 2240 1586 2281 non
1602 2232 1661 2281 tam
1691 2239 1756 2296 que
1783 2225 1860 2281 flunt

110 2315 223 2387 Virgilii
239 2322 324 2371 tunsa
339 2328 425 2369 carne
442 2315 517 2369 tauri
533 2325 599 2383 apes
623 2313 689 2369 inde
714 2312 775 2368 fieri
798 2311 955 2368 laborando
1010 2327 1099 2385 quam
1122 2329 1180 2386 quo
1203 2313 1299 2370 animo
1326 2314 1396 2370 fiant
1411 2314 1542 2383 attendit,
1558 2314 1700 2370 veraciter
1715 2314 1744 2368 in
1761 2312 1855 2369 inten·
1879 2357 1880 2362 ,

109 2403 234 2462 efiioeret
246 2405 293 2474 (81
305 2402 314 2473 )
328 2417 384 2458 non
397 2411 454 2457 taur
470 2415 558 2471 apum
587 2409 703 2457 creator
726 2414 815 2471 quarn
844 2408 956 2457 nature
1010 2403 1086 2459 tione
1115 2411 1213 2460 nostra
1239 2409 1352 2460 reatum
1377 2410 1477 2472 pensat
1491 2410 1519 2458 ct
1534 2416 1602 2458 vcro
1615 2401 1725 2474 iudicio
1741 2402 1857 2471 culpam

110 2499 286 2563 preparatur
312 2490 451 2546 dicendus
472 2496 553 2546 esset.
580 2489 625 2545 Ex
645 2490 700 2547 bac
721 2489 821 2560 itaque
844 2503 954 2556 rerum,
1008 2491 1173 2548 examinat:
1188 2491 1265 2548 uude
1291 2497 1319 2548 et
1342 2491 1472 2561 probator
1496 2490 1586 2546 cordis
1612 2496 1638 2546 ei
1661 2507 1756 2546 retum
1789 2492 1855 2560 (ier.

109 2580 212 2652 peritia
235 2593 322 2652 quam
352 2578 460 2635 babent
487 2579 517 2635 in
544 2592 645 2636 earum
675 2578 787 2635 naturis
812 2578 954 2635 demones
1009 2596 1055 2649 xx,
1085 2582 1128 2652 11)
1145 2580 1261 2648 dicitur,
1290 2587 1318 2638 et
1337 2585 1367 2636 ia
1391 2581 1547 2637 abscondito
1570 2580 1662 2636 videre
1683 2582 1790 2651 (dotti.
1815 2595 1855 2648 vr,

108 2683 162 2727 nos
186 2669 215 2726 in
231 2668 379 2725 libidinem
399 2667 444 2724 vel
461 2677 578 2725 ceteras
594 2667 682 2724 animi
702 2668 847 2738 passiones
877 2682 951 2724 com·
1008 2670 1046 2741 1).
1077 2670 1119 2726 ibi
1147 2669 1224 2726 enim
1253 2670 1379 2727 maxime
1398 2671 1484 2738 videt,
1501 2670 1554 2727 ubi
1576 2684 1659 2727 nemo
1672 2671 1768 2736 vidct;
1786 2667 1856 2740 quia

108 2765 234 2826 movent,
260 2771 438 2828 quacunque
467 2764 529 2813 arte
557 2757 640 2813 nobis
672 2756 873 2829 ignorantibus
904 2771 953 2813 eas
1007 2757 1038 2814 in
1065 2758 1212 2830 puniendo
1228 2766 1377 2829 peccatum
1397 2773 1456 2814 non
1471 2772 1543 2828 opus
1563 2758 1694 2826 attendit,
1721 2758 1770 2814 sed
1794 2757 1853 2813 ani·

108 2847 299 2917 admovendo,
325 2847 385 2903 sive
400 2847 430 2901 in
441 2853 539 2918 gustu,
564 2845 625 2903 sive
647 2844 677 2901 in
707 2852 802 2904 stratu
827 2858 876 2902 eas
903 2859 950 2916 po·
970 2862 991 2918 q
1007 2859 1088 2902 mum
1105 2847 1199 2903 :sicut
1213 2860 1266 2903 nos
1280 2860 1438 2904 econverso
1452 2861 1509 2903 non
1526 2847 1669 2912 animum,
1687 2861 1773 2917 quem
1797 2860 1856 2904 nnn

106 2937 210 3004 tiendo,
227 2936 273 2993 vel
293 2935 420 3007 quolibet
437 2934 520 2992 modo
539 2948 586 2990 eas
612 2933 733 2991 interius
757 2933 801 2991 vel
823 2935 952 2991 exterius
1007 2934 1148 3002 videmus,
1177 2934 1227 2990 sed
1249 2949 1323 3005 opus
1337 2934 1414 3005 quod
1436 2934 1580 2991 novimus.
1598 2935 1678 2993 Unde
1699 2949 1772 3007 saepe
1800 2948 1851 3007 pcr

107 3025 281 3083 collocando.
303 3023 400 3081 liulte
417 3024 524 3094 quippe
538 3031 608 3080 sunt
640 3024 669 3079 iu
690 3023 786 3079 barbis
806 3023 851 3079 vel
867 3022 949 3080 semi·
1006 3036 1144 3090 errorem,
1168 3021 1214 3080 vcl
1234 3022 1381 3096 perlegis,
1397 3023 1578 3092 utdiximus,
1603 3024 1787 3093 coactionem,
1808 3025 1852 3080 in-

82 3114 84 3120 ’
106 3114 203 3182 nibus,
218 3113 264 3171 vel
283 3120 342 3189 tam
358 3111 506 3178 arborum,
527 3126 616 3183 quam
632 3111 761 3182 lapidum
775 3111 889 3168 naturis
907 3111 949 3167 vi·
1006 3116 1140 3165 nocentes
1160 3108 1311 3179 punimus,
1339 3109 1385 3166 vel
1401 3110 1504 3166 noxios
1535 3109 1721 3167 absolvimus.
1744 3111 1852 3166 Probo-

106 3216 152 3259 res
166 3199 434 3260 adcommovendns
462 3199 508 3257 vel
531 3201 674 3271 pacandos
701 3201 813 3260 animos
840 3208 952 3258 nostros
1006 3201 1049 3253 ior
1075 3203 1101 3253 et
1128 3198 1250 3264 coguitor
1277 3197 1367 3254 cordis
1385 3202 1412 3253 ei
1437 3214 1533 3254 renum
1561 3198 1667 3256 dicitur
1690 3199 1785 3270 fleus;
1800 3201 1854 3257 boc

106 3298 189 3361 apte,
209 3288 344 3362 quasqui
363 3288 515 3360 diligenter
530 3298 657 3360 nossent,
672 3290 727 3349 boo
759 3303 845 3369 agere
868 3288 951 3346 facile
1005 3292 1057 3355 est,
1087 3285 1283 3356 quarumlibet
1308 3287 1500 3345 intentionum
1513 3301 1550 3344 ex
1565 3285 1714 3345 affectione
1739 3288 1854 3354 anime,

107 3386 231 3449 possent.
1006 3372 1050 3433 vei
1079 3373 1255 3444 infirmitate,
1281 3389 1333 3433 seu
1351 3375 1536 3434 delectatione
1564 3376 1660 3434 carnis
1683 3377 1855 3448 provenien·

1006 3462 1089 3521 tium.

177 3522 244 3579 ω·
261 3522 293 3578 v·
311 3523 679 3594 cmml'e‘ffl‘imflss
693 3531 878 3600 fussmif'wm
1058 3549 1125 3608 Can.
1139 3564 1178 3608 vr.
1196 3553 1235 3607 De
1244 3553 1362 3623 peccetis
1372 3553 1563 3623 spiritualibus
1573 3555 1617 3610 nei
1628 3555 1784 3610 carnalibus

439 3595 595 3664 puniatur?
1183 3639 1188 3651 .
1323 3641 1329 3652 .
1530 3642 1537 3654 .
1641 3641 1647 3655 .

1039 3639 1112 3697 Cum
1143 3654 1221 3697 enlm
1251 3654 1349 3697 omnia
1376 3649 1493 3712 peccata
1515 3649 1572 3700 siut
1601 3658 1704 3700 anime
1726 3650 1855 3708 tantum,

141 3717 214 3775 Sunt
244 3717 330 3775 etiam
359 3718 411 3790 qni
428 3732 486 3775 non
501 3719 681 3779 mediocriter
703 3731 865 3791 moventur,
882 3740 950 3784 cum
1003 3741 1062 3785 nou
1098 3729 1195 3786 carnis
1218 3728 1269 3798 (ibi
1294 3729 1403 3802 quippe
1430 3729 1515 3801 culpa
1542 3738 1570 3790 et
1596 3740 1774 3804 contemptus
1797 3731 1858 3802 ¹[lei

103 3806 229 3864 audiunt
249 3820 301 3864 nos
320 3806 424 3876 dicere,
440 3821 512 3878 opus
528 3809 636 3879 peccati
661 3825 720 3869 uon
744 3815 859 3886 proprie
885 3830 948 3888 pec-
1003 3831 1064 3875 esse
1077 3823 1178 3888 potest,
1199 3817 1250 3874 ubi
1264 3817 1329 3890 ejus
1347 3819 1449 3876 notitia
1475 3827 1503 3877 et
1523 3819 1596 3879 ratio
1624 3821 1778 3879 consistere
1806 3822 1859 3878 ba·

102 3904 203 3954 catum
225 3896 351 3965 dici,vcl
375 3897 539 3969 quidquam
563 3912 620 3956 non
646 3900 751 3959 addere
778 3903 814 3960 ad
842 3904 950 3976 peceati
1004 3905 1062 3976 bei)
1096 3906 1232 3978 quedam
1258 3915 1354 3965 tamen
1382 3915 1499 3980 peccata
1524 3909 1695 3981 spiritualia,
1719 3912 1857 3982 quedam

102 3993 292 4058 angmentum
312 4001 320 4057 ;
340 3999 394 4043 cur
416 3985 535 4058 gravior
556 3987 711 4047 satisfactio
743 3992 949 4062 penitentibus
1004 3995 1132 4053 carnalia
1151 3995 1299 4064 dicuutur,
1328 3997 1382 4054 boc
1406 4005 1458 4065 est,
1484 4000 1618 4070 quedam
1640 4015 1678 4058 ex
1697 3999 1775 4057 vitiis
1789 4001 1858 4057 ani-

102 4073 275 4147 injungatur
289 4073 324 4130 de
343 4074 438 4144 operis
452 4073 565 4144 effectu,
579 4090 669 4146 quam
690 4078 724 4135 de
746 4079 839 4151 culpe
853 4090 947 4139 reatu.
1003 4098 1059 4141 me
1072 4084 1207 4156 quedam
1229 4098 1266 4142 ex
1291 4084 1458 4143 infirmitate
1472 4087 1568 4144 carnis
1587 4089 1798 4159 provenientia.
1822 4091 1857 4149 Et

100 4160 212 4230 Quibus
239 4161 357 4234 quidem
391 4163 444 4220 boc
465 4164 594 4234 primum
620 4166 786 4236 responden,
811 4183 865 4226 cur
890 4152 988 4227 tionD
1005 4173 1140 4246 quamvis
1162 4173 1395 4245 concupiscentia
1422 4176 1512 4233 solius
1535 4177 1571 4234 sit
1596 4177 1702 4235 anime
1715 4195 1724 4250 3
1740 4179 1858 4237 sicutet

102 4251 245 4321 precipue
273 4250 417 4309 mirentur
441 4266 539 4322 proso
558 4254 864 4327 quodnonnunquam
888 4272 947 4316 ma·
1004 4262 1141 4321 voluutas
1169 4263 1240 4334 (nou
1274 4263 1351 4320 enim
1383 4266 1585 4337 concupiscere
1611 4267 1658 4324 vel
1692 4268 1857 4325 desiderare

102 4351 162 4413 gna
184 4337 387 4396 satisfactionis
404 4340 568 4398 instituitur
584 4356 678 4413 prena,
693 4344 745 4400 ubi
761 4345 843 4403 nulla
861 4347 947 4406 iuter·
1004 4351 1115 4422 aliquid
1142 4351 1198 4408 nisi
1221 4352 1343 4410 volendo
1364 4355 1535 4426 possumus),
1553 4356 1785 4428 concupiscentia
1812 4365 1856 4414 ta·

105 4427 222 4487 cesserit
240 4427 344 4498 eulpa;
360 4435 387 4485 et
402 4443 451 4486 eos
470 4431 647 4502 quaudoque
663 4434 766 4503 punire
779 4434 947 4506 debeamus,
1003 4453 1069 4496 men
1108 4440 1214 4508 caruis,
1242 4439 1316 4497 sicui
1340 4448 1368 4499 et
1393 4445 1626 4515 concupiscentia
1641 4446 1760 4517 spiritus
1783 4445 1855 4503 dioi-

106 4530 179 4588 quos
207 4516 510 4575 innocentesscimns‘l
523 4519 595 4576 Ecce
615 4520 693 4577 eninr
713 4535 824 4593 pauper
848 4524 948 4598 aliqua
1002 4535 1069 4586 tur:
1086 4529 1154 4585 doro
1179 4528 1267 4595 enim,
1297 4530 1338 4588 ait
1361 4531 1523 4602 apostolus,
1536 4537 1702 4604 concupiscit
1721 4535 1856 4592 aduersas

102 4605 208 4664 mulier
224 4605 401 4663 infantulum
418 4606 679 4680 labefactantem,
700 4619 879 4685 nectantum
904 4614 946 4672 in·
1002 4619 1143 4687 spiritum,
1166 4621 1192 4672 ei
1217 4619 1333 4688 spiritus
1366 4621 1497 4678 aduersus
1520 4639 1629 4679 curnem
1657 4624 1735 4692 (Gal.
1756 4641 1784 4691 v,
1805 4623 1852 4696 7);

99 4693 307 4752 dumentorum
333 4695 430 4763 babet,
447 4703 521 4755 utet
544 4698 667 4769 parvulo
682 4699 713 4756 in
736 4701 821 4759 cuuis
845 4710 873 4760 et
891 4702 947 4760 sibi
1002 4705 1058 4762 boc
1085 4713 1138 4772 est,
1158 4719 1195 4763 ex
1208 4704 1395 4765 delectatione
1407 4723 1496 4781 quam
1508 4711 1593 4769 babet
1608 4712 1637 4767 in
1657 4726 1755 4781 carne,
1772 4727 1851 4785 que·

98 4783 231 4841 sufficere
259 4784 356 4854 possit.
380 4784 560 4844 liiseratione
588 4787 686 4859 itaque
710 4789 845 4847 infantuli
869 4805 944 4849 com·
1002 4792 1069 4850 dam
1085 4795 1201 4865 appetit,
1228 4811 1294 4868 que
1311 4799 1528 4870 tamenjudicio
1542 4801 1663 4859 rationis
1677 4802 1795 4874 refugit,
1808 4799 1855 4860 vei

99 4879 178 4930 mota
193 4886 261 4929 cnm
279 4873 334 4929 sibi
358 4875 487 4945 apponit,
509 4883 542 4932 ut
563 4876 687 4948 propriis
711 4878 830 4950 iusuper
853 4880 946 4937 foveat
1002 4883 1161 4954 appetenda
1176 4893 1282 4942 censet.

99 4962 206 5030 pannis
223 4967 252 5020 et
278 4961 396 5020 tandem
416 4963 586 5021 infirmitate
608 4965 672 5036 ejus
691 4966 721 5023 vi
735 4974 848 5025 nature
861 4981 944 5039 supe·
1071 4970 1139 5029 Cas.
1156 4971 1218 5030 llil.
1233 4974 1288 5031 Gur
1296 4977 1367 5031 Deus
1379 4976 1488 5032 dicutur
1497 4979 1631 5048 inspector
1641 4979 1734 5036 cordis
1744 4984 1771 5036 ei

98 5056 162 5106 rata
183 5050 346 5121 opprimere
366 5053 491 5124 cogitur,
514 5068 602 5125 quem
619 5067 716 5113 amore
736 5070 850 5115 summo
868 5072 943 5115 com-
1373 5064 1495 5121 renum?

98 5135 234 5205 plectitur
254 5153 261 5193 :
284 5141 369 5210 liobe,
387 5141 496 5213 inquit,
522 5143 717 5216 Augustinus,
740 5146 904 5203 oberantem
918 5152 945 5202 ct
1034 5149 1123 5207 iuxta
1148 5141 1239 5223 igitur
1261 5152 1323 5209 bec
1343 5152 1412 5210 duci
1430 5155 1691 5228 concupiscentiam
1711 5155 1810 5214 carnis
1824 5161 1855 5214 et

98 5222 145 5290 roc
160 5225 298 5295 quidquid
311 5233 363 5285 nis.
385 5228 455 5298 Quas
474 5239 570 5290 tamen
585 5246 636 5304 pro
658 5233 852 5295 satisfactione
876 5249 944 5295 cum
999 5238 1261 5308 concupiscentiam
1284 5240 1399 5313 anime,
1428 5257 1495 5316 que
1515 5245 1720 5317 premisimus,
1747 5243 1852 5319 proba·

133 5343 183 5489 {gg
207 5349 393 5481 {tamtumque
410 5328 554 5416 founded.
1035 5361 1093 5437 (81)
1109 5363 1212 5438 deep..
1227 5363 1280 5426 tib.
1295 5381 1335 5439 av,
1349 5382 1380 5425 v.
1399 5368 1462 5426 till.

328 5435 391 5495 pra.
