3736 5962
95 196 148 254 11113
386 198 488 254 PETRI
507 197 692 254 ABAELARDI
712 197 788 255 OPP.
810 194 898 253 PARS
915 195 951 252 11.
970 224 1006 239 ·-
1023 191 1208 254 subitonus
1226 194 1271 252 111
1288 188 1409 250 OPUSG.
1429 188 1549 249 ASCET.
1791 192 1843 246 iol

90 324 175 381 cerdo
198 327 291 380 oestro
318 325 504 380 cernentem:
528 322 619 391 sibe,
642 325 734 380 Peter.
764 325 861 393 licque
877 320 1065 394 inmaduit,
1086 330 1226 394 tanquam
1241 318 1327 376 simul
1345 316 1563 390 baptizarentur
1584 322 1613 373 et
1635 315 1847 374 confirmaren-

86 429 143 470 non
161 417 202 469 est
216 429 320 482 serens,
336 414 383 470 sed
405 415 489 485 ptine.
508 412 585 482 Quod
598 416 624 469 si
636 414 720 484 filins,
744 417 770 468 et
787 414 935 484 11111111
987 415 1038 471 tur
1060 411 1191 469 omnium
1205 409 1386 481 plenitudine
1399 408 1542 465 bonorum
1567 413 1637 464 tunc
1651 414 1797 479 percepta,
1812 414 1845 465 ut

87 502 176 557 tieem
198 499 271 573 (Get.
296 516 335 570 1v,
352 501 390 573 1).
411 501 468 559 1111
486 508 529 558 111
551 501 685 573 Spiritus,
707 516 744 558 ex
763 516 822 573 quo
838 501 869 558 iu
887 503 936 559 ba·
986 500 1048 573 jam
1072 500 1155 558 nulla
1177 499 1281 572 gratia,
1309 512 1376 570 quas
1399 497 1436 553 ad
1460 495 1577 553 illorum
1602 495 1744 568 pertineat
1767 495 1845 554 salu·

88 591 195 664 ptismo
219 589 388 662 regenerati,
413 597 441 647 et
465 591 653 662 abepiscopo
678 589 851 658 confirmati,
871 590 936 647 niti·
990 598 1057 660 tem,
1081 590 1233 648 autetiam
1249 588 1287 645 ad
1309 587 1434 645 aliorum
1456 585 1620 643 utilitatem.
1645 584 1709 657 lpse
1737 585 1846 657 quippe

88 691 156 735 mur
172 678 202 735 in
217 678 328 736 Christo
348 679 502 737 Christiani
526 676 628 737 eilecti.
654 680 717 750 lpse
739 686 781 736 est
804 678 934 749 Spiritus,
991 695 1049 739 non
1075 680 1168 738 solum
1199 677 1342 750 sapientia
1372 677 1418 734 vel
1440 675 1549 733 virtute
1581 673 1704 746 prediti,
1740 687 1843 734 verum

88 768 174 839 eujus
197 768 279 825 donis
293 769 323 825 in
338 767 417 825 omni
438 769 611 840 perlectione
636 770 779 826 virtutum
803 782 937 825 consum·
991 772 1077 829 etiam
1096 769 1226 826 omnium
1247 781 1354 840 genera
1367 766 1537 837 linguarum
1561 763 1668 836 adepti,
1684 770 1780 821 totum
1805 766 1845 821 si·

89 864 210 914 mantur
223 857 315 915 electi.
336 858 408 929 lijus
427 871 552 930 presens
577 857 742 915 solemnitas
768 865 938 915 caeterarum
992 859 1054 918 mul
1079 858 1157 930 quod
1171 857 1217 914 vel
1236 857 1291 914 sibi
1314 856 1361 913 vel
1384 854 1449 912 aliis
1477 853 1672 911 necessarium
1694 861 1781 911 esset.
1807 854 1846 911 Ite

94 945 225 1003 omnium
251 947 462 1004 consummatio
487 954 539 1011 est,
564 954 592 1004 et
619 945 785 1002 divinarum
806 946 940 1016 periectio
994 949 1168 1007 becornatu
1190 954 1303 1004 tantum
1325 944 1518 1002 inlibrolob
1541 943 1747 1013 scriptumest
1770 942 1844 1014 (cop.

90 1033 328 1105 promissionum.
346 1035 428 1094 Unde
442 1042 470 1093 11
485 1035 599 1094 Veritas
619 1035 752 1106 apostolis
774 1035 832 1093 ait:
862 1037 941 1091 Mitto
994 1052 1096 1107 xxxvi,
1126 1036 1168 1108 13)
1191 1036 1227 1093 11
1247 1034 1377 1104 11111110,
1393 1033 1482 1105 quia:
1503 1033 1626 1103 Spiritus
1650 1032 1712 1102 eius
1738 1035 1846 1088 emenii

87 1126 256 1195 promissum
275 1126 371 1181 Petris
389 1128 443 1181 mei
464 1128 495 1181 in
514 1140 570 1180 eos.
600 1126 653 1182 Vos
677 1129 779 1193 eutem,
800 1125 890 1180 sedete
910 1126 942 1180 in
995 1130 1082 1196 celes,
1107 1128 1161 1184 boe
1174 1132 1216 1184 est
1237 1140 1286 1183 eos
1300 1124 1353 1196 qui
1371 1131 1512 1194 tanquam
1534 1121 1651 1191 terreni,
1668 1129 1696 1179 et
1720 1135 1772 1193 per
1786 1136 1845 1179 me·

89 1214 210 1281 ciuitate,
227 1213 311 1270 donee
332 1216 490 1270 induamini
510 1218 611 1270 virtute
630 1231 664 1269 eu
682 1215 738 1270 elie
759 1215 836 1283 (bne.
860 1228 941 1308 xxiv,
996 1219 1054 1277 rita
1072 1223 1155 1274 erant
1177 1214 1282 1284 infimi,
1305 1213 1468 1286 superiores
1488 1213 1549 1284 jam
1573 1225 1625 1284 per
1647 1218 1688 1269 tot
1705 1212 1784 1269 dona
1807 1212 1847 1268 11-

89 1301 146 1374 11).
174 1302 214 1359 111
235 1303 289 1360 101
309 1303 431 1375 spiritali
460 1303 576 1360 virtutis
600 1304 674 1362 dono
698 1303 849 1361 Psalmista
871 1318 944 1374 pree·
997 1315 1059 1366 etos
1080 1306 1110 1363 in
1132 1304 1273 1376 spiritales
1295 1303 1437 1361 convertit
1459 1302 1555 1360 coelos.
1581 1300 1632 1358 llis
1655 1315 1723 1373 ergo
1749 1300 1847 1373 1111111

90 1389 179 1447 cinit:
196 1393 233 1447 lit
245 1394 348 1461 spirite
371 1395 428 1448 cris
443 1392 502 1462 ejns
517 1396 616 1450 ommis
638 1395 727 1448 uirtus
747 1408 839 1448 eorem
854 1391 941 1465 (Psoi,
998 1396 1102 1464 ornati,
1123 1402 1151 1453 et
1172 1393 1331 1452 virtutibus
1354 1391 1458 1449 armati
1476 1389 1622 1461 discipuli,
1646 1389 1742 1448 securi
1764 1389 1847 1461 quasi

89 1478 245 1552 111116).
270 1481 306 1537 El
333 1495 451 1538 rursum
471 1485 602 1538 boninus
628 1482 706 1537 debit
730 1482 841 1537 01111111
865 1498 945 1538 won-
999 1485 1149 1544 bellatores
1165 1482 1299 1554 intrepidi
1319 1496 1370 1552 per
1383 1480 1555 1538 universum
1579 1479 1749 1552 diriguntur
1762 1492 1848 1536 mun·

91 1566 275 1635 petinentibus
296 1572 400 1627 virtute
422 1570 510 1626 multe
541 1571 625 1642 (lbet.
657 1585 746 1640 cxvrr,
785 1571 839 1643 11).
869 1571 946 1630 Vera
1000 1575 1080 1643 dum,
1113 1572 1199 1630 etiam
1223 1571 1321 1629 multis
1345 1570 1572 1628 adversitatibus
1595 1568 1714 1640 probari
1736 1568 1849 1641 permit·

91 1655 200 1727 quippe
225 1656 361 1727 ebaritas,
392 1674 458 1731 quae
479 1661 577 1717 omnia
598 1659 710 1728 suffert,
739 1661 837 1718 omnia
858 1662 945 1718 susti·
960 1677 982 1733 g
1000 1666 1113 1728 tuntur,
1129 1671 1204 1730 quos
1218 1665 1303 1714 antea
1318 1656 1458 1714 Dominus
1479 1668 1569 1728 supra
1583 1655 1612 1712 id
1633 1653 1712 1727 quod
1725 1661 1848 1726 possent,

92 1748 151 1806 net,
175 1748 204 1798 et
217 1744 303 1814 cujus
323 1743 443 1802 flamma
457 1746 545 1803 nuliis
559 1746 790 1818 persecutionum
805 1746 944 1805 fluctibus
1000 1761 1189 1820 nequaquam
1211 1746 1318 1804 tentari
1347 1744 1528 1817 permiserat.
1550 1745 1633 1802 Unde
1663 1751 1691 1802 11
1718 1744 1781 1816 ipsa
1815 1743 1850 1802 ad

91 1828 241 1902 exstingui
272 1839 370 1902 potest,
394 1835 481 1905 juxta
505 1834 576 1892 illud
605 1834 715 1892 Cantici
744 1835 943 1894 canticorum:
999 1837 1160 1910 passionem
1179 1842 1290 1908 captus,
1310 1835 1455 1893 neminem
1477 1848 1579 1891 eorum
1601 1847 1699 1891 secum
1716 1834 1851 1905 capive

91 1917 189 1985 ione
204 1926 244 1979 est
258 1928 289 1977 ui
304 1938 376 1979 mors
395 1924 514 1993 dileetio,
535 1924 606 1980 dure
624 1926 697 1980 sicut
719 1926 847 1993 infernus
865 1941 946 1982 eme-
998 1927 1069 1995 luit,
1092 1926 1209 1984 dicens:
1234 1927 1265 1983 Si
1290 1941 1331 1981 me
1361 1927 1501 1995 queritis,
1525 1926 1607 1979 sinite
1631 1923 1679 1979 bos
1706 1923 1799 1992 obire,
1822 1928 1851 1979 ut

94 2019 169 2074 letio.
185 2015 273 2084 Aquae
293 2014 386 2069 nette
404 2028 458 2069 111
477 2019 610 2085 peterent
624 2017 808 2084 exstinquere,
829 2030 878 2070 nee
893 2017 946 2085 tlu-
999 2019 1159 2088 impleretur
1173 2032 1260 2072 sermo
1281 2014 1449 2087 pennescit
1464 2014 1559 2082 :Quia
1578 2028 1644 2081 quos
1664 2013 1768 2070 dedisti
1786 2013 1852 2069 nili

93 2108 170 2163 mino
183 2103 299 2160 obruent
316 2101 394 2157 illem
416 2102 506 2173 (Geni.
528 2118 586 2174 vrri,
610 2105 646 2176 bl.
668 2103 768 2162 Omnis
791 2103 945 2177 discipulo·
999 2122 1054 2163 non
1065 2106 1179 2178 perdidi
1202 2122 1236 2162 eu
1262 2107 1330 2176 ipsis
1354 2104 1730 2175 qttemquem(Joau.xvt11‚
1758 2102 1799 2175 8).
1816 2103 1853 2160 Ut

94 2208 162 2253 rum
189 2192 283 2248 virtus
309 2190 384 2248 iacta
411 2200 463 2259 est,
499 2207 567 2250 cum
597 2208 645 2250 eos
677 2193 802 2264 Spiritus
829 2202 948 2251 sanctus
1001 2196 1079 2255 enim
1098 2197 1201 2253 beatus
1216 2194 1346 2252 meminit
1367 2194 1551 2266 Augustinus
1572 2193 1639 2265 (il),
1661 2193 1792 2251 nondum
1814 2192 1854 2249 sic

95 2296 194 2341 amore
216 2286 296 2337 tanto
318 2279 495 2351 scientiaque
529 2281 687 2352 repleverit,
713 2290 746 2339 ut
771 2296 829 2340 non
852 2283 947 2340 solum
1002 2286 1032 2342 in
1047 2299 1114 2342 eum
1129 2284 1293 2353 credebant,
1310 2282 1455 2356 quomodo
1473 2282 1596 2339 creduut
1609 2281 1782 2355 quicunque
1796 2295 1853 2338 non

97 2371 263 2445 prudentes,
288 2382 391 2425 verum
414 2369 501 2426 etiam
521 2371 623 2442 iustos,
648 2385 701 2428 nec
726 2385 785 2427 non
808 2378 837 2429 et
861 2371 948 2429 fortes
1001 2373 1133 2443 perituri.
1150 2375 1252 2430 Petrus
1271 2371 1305 2440 si,
1331 2377 1436 2443 negato
1460 2370 1584 2436 obsiste,
1607 2369 1676 2427 binc
1695 2369 1761 2439 iret,
1783 2368 1853 2443 quid

96 2475 150 2520 seu
171 2464 362 2529 temperantes
385 2456 499 2516 effectos
518 2459 548 2515 in
564 2459 723 2517 virtutibus
737 2467 865 2532 quatuor
879 2475 948 2518 eon·
1003 2462 1085 2520 aliud
1107 2475 1197 2533 quam
1215 2460 1341 2532 periret?
1361 2461 1434 2516 cum
1458 2458 1548 2531 igitur
1571 2458 1691 2530 apostoli
1714 2467 1784 2516 ante
1806 2457 1853 2515 ad·

96 2555 266 2609 summaret.
290 2546 368 2614 Quas
391 2548 508 2619 quidem
534 2548 657 2607 virtutes
681 2563 780 2606 omnes
805 2549 836 2606 in
859 2548 951 2606 ebari·
1002 2559 1125 2609 ventum
1145 2550 1269 2621 Spiritus
1286 2549 1388 2618 sancti,
1405 2556 1548 2620 tanquam
1570 2547 1726 2606 imbecilles
1738 2556 1767 2606 11
1782 2548 1854 2605 iner-

96 2643 156 2699 tate
181 2636 385 2708 comprehendi
419 2638 521 2695 beatus
554 2638 657 2695 asserit
690 2638 883 2710 Augustinus,
917 2646 950 2695 ut
1004 2653 1064 2697 mes
1089 2638 1254 2707 existerent,
1281 2652 1340 2695 non
1370 2651 1418 2695 eos
1444 2637 1584 2694 Dominus
1607 2636 1644 2693 ad
1668 2636 1753 2694 tortia
1781 2636 1855 2693 bella

96 2731 159 2803 ipsa
182 2726 315 2786 videlieet
339 2727 467 2785 ebaritas
491 2727 527 2786 sit
553 2728 695 2799 sapientia
721 2741 792 2786 vera
817 2728 948 2799 dicenda,
1005 2728 1170 2796 destinavit,
1190 2741 1228 2785 ne
1242 2728 1272 2785 in
1287 2727 1511 2785 adversitatibus
1532 2725 1782 2797 deficerentvicti,
1803 2727 1855 2798 qui

98 2822 161 2893 ipsa
181 2817 268 2875 etiam
288 2816 326 2873 sit
348 2817 472 2888 iustitia,
496 2817 560 2889 ipsa
580 2818 717 2875 tortitudo
732 2820 840 2888 pariter
858 2817 888 2874 in
903 2818 951 2874 ad·
1004 2816 1102 2874 statim
1124 2815 1161 2872 ad
1183 2816 1247 2888 ejus
1268 2814 1430 2886 captionem
1456 2815 1556 2887 lugam
1576 2821 1647 2872 sunt
1669 2812 1812 2877 conversi,
1827 2819 1856 2869 et

97 2908 200 2978 versis,
221 2921 255 2964 ac
277 2905 468 2976 temperantia
486 2905 517 2960 in
543 2906 687 2977 prosperis
701 2914 829 2975 vocetur,
851 2920 952 2965 secun
1004 2904 1065 2976 ipse
1091 2904 1225 2977 princeps
1259 2918 1359 2962 eorum
1393 2911 1453 2960 tam
1480 2903 1596 2960 nominc
1623 2915 1714 2974 quam
1745 2901 1857 2959 tirmior

97 3000 170 3058 dum
195 2997 311 3054 diversa
343 3008 411 3066 quo
437 2994 467 3050 in
497 2993 581 3051 nobis
612 3007 750 3065 operatur
773 2994 841 3068 (90).
871 2996 952 3054 Unde
968 2968 989 3025 ⁰
1007 2992 1075 3065 fide,
1091 3001 1149 3052 tam
1167 2994 1267 3051 leviter
1289 3007 1357 3051 eum
1370 2992 1525 3050 nscsemel
1545 2991 1706 3064 negaverit.
1726 2991 1777 3049 1111
1803 3004 1857 3048 au·

97 3090 171 3148 bene
194 3085 305 3144 dictum
327 3083 489 3142 ostenditur
512 3083 639 3140 ebaritas
660 3098 712 3154 per
741 3083 824 3142 illum
849 3084 954 3143 diflusa
1008 3092 1064 3142 tem
1085 3083 1274 3151 Pentecostes,
1293 3081 1325 3140 iu
1342 3081 1489 3151 omnibus,
1511 3088 1545 3138 ut
1566 3080 1675 3138 dictum
1698 3087 1751 3149 cst,
1773 3079 1859 3138 bonis

99 3181 131 3236 iu
156 3176 222 3241 illis,
244 3174 316 3247 quia
339 3174 463 3245 Spiritus
483 3177 541 3228 oris
560 3173 620 3243 eius
644 3175 731 3229 omnis
754 3176 844 3231 virtus
862 3191 953 3233 sunm
1007 3172 1209 3237 consummati,
1236 3172 1267 3228 in
1291 3170 1427 3229 omnibus
1448 3170 1565 3228 lucrant
1586 3170 1770 3242 postmodum
1796 3171 1858 3224 vir-

99 3269 297 3340 (Psotmrr,
314 3263 352 3336 1).
1007 3262 1119 3320 tutibus
1144 3261 1301 3333 probandi,
1330 3268 1364 3318 ut
1399 3260 1556 3319 Ecclesiam
1588 3258 1642 3317 sibi
1673 3259 1858 3318 commissam

135 3357 226 3414 Tanto
255 3368 324 3426 ergo
353 3353 415 3410 111
442 3351 608 3410 solemnitas
636 3352 746 3411 ceteris
775 3353 952 3425 praeeminet,
1007 3365 1066 3408 non
1090 3350 1182 3408 solum
1206 3350 1356 3408 erudirent
1376 3348 1482 3418 verbis,
1515 3362 1619 3407 verum
1645 3348 1732 3406 etiam
1755 3348 1859 3407 condr-

100 3450 212 3518 quanto
231 3443 351 3515 majoris
366 3441 467 3515 gratie
482 3442 630 3512 plenitudo
645 3442 728 3499 donis
743 3442 873 3500 omnium
892 3443 954 3500 vir·
1007 3446 1120 3497 marent
1133 3439 1273 3511 exemplis
1285 3454 1321 3496 ne
1336 3438 1490 3496 deficerent
1505 3437 1535 3495 in
1546 3437 1684 3496 adversis.

100 3541 198 3592 tutum
221 3531 377 3604 discipulos
405 3532 629 3602 consummavit,
659 3531 769 3604 quibus
801 3547 849 3590 eos
879 3545 954 3603 quas
1042 3528 1113 3586 Cum
1149 3527 1248 3600 itaque
1290 3528 1336 3585 111
1369 3528 1559 3596 Pentecostes,
1597 3534 1680 3585 tanta
1714 3526 1857 3585 bonorum

100 3621 277 3696 quibusdam
309 3620 399 3679 armis
432 3620 549 3689 induit;
578 3620 678 3678 11111
703 3620 955 3691 1111111111ιί-
1007 3617 1178 3690 perlectioue
1200 3616 1258 3675 sint
1281 3617 1402 3690 apostoli
1421 3616 1624 3685 consummati,
1647 3629 1775 3688 nequam
1798 3616 1859 3675 111

82 3724 219 3769 -versum
232 3709 376 3767 debellare
391 3709 545 3779 mundum,
567 3716 595 3767 11
609 3711 761 3783 acquirere
775 3710 832 3768 1111
844 3709 955 3768 suidce·
1007 3706 1148 3764 testivitas
1168 3705 1247 3777 apud
1261 3719 1324 3774 nos,
1342 3707 1417 3764 sicut
1438 3719 1492 3763 nee
1515 3706 1594 3778 apud
1616 3705 1731 3763 ledeos
1750 3713 1858 3778 septem

100 3808 176 3858 rent.
198 3799 280 3869 Quod
304 3799 423 3872 quidem
447 3798 650 3859 indumentum
674 3800 806 3859 cbristus
826 3800 867 3858 eis
891 3813 956 3871 pro·
1008 3796 1069 3853 dies
1091 3802 1245 3869 sequentes
1267 3796 1298 3852 in
1319 3795 1543 3853 celebrationem·
1564 3794 1681 3864 babent,
1706 3801 1740 3852 ut
1764 3808 1858 3866 usque

98 3888 232 3958 mittens,
247 3888 307 3946 ait:
335 3891 422 3944 Donec
447 3887 607 3945 induemini
621 3891 725 3944 uirtute
743 3904 777 3943 ee
802 3888 858 3942 elie
879 3888 953 3958 (lec.
1008 3885 1045 3942 ad
1058 3892 1191 3943 octavam
1212 3884 1290 3942 diem
1306 3885 1369 3957 ipsa
1383 3884 1582 3955 protendatur.
1605 3882 1679 3952 Quid
1702 3884 1781 3941 enim
1796 3898 1859 3956 per·

98 3990 186 4046 xxiv,
219 3976 282 4047 19).
316 3977 470 4048 Tanquam
497 3975 520 4031 si
553 3973 680 4033 diceret:
710 3976 806 4032 Donec
831 3975 955 4031 inermes
1008 3973 1123 4032 lectioni
1144 3981 1235 4046 potest
1256 3973 1430 4045 superaddit
1449 3977 1615 4046 Praeparare
1636 3973 1807 4045 aequisque
1821 3971 1858 4028 ad

101 4071 294 4131 armaturam,
322 4071 350 4120 et
381 4061 536 4120 imbecilles
566 4063 713 4135 accipiatis
746 4062 952 4120 tortitudinem.
1008 4063 1210 4135 perlectionem
1246 4070 1357 4136 potest,
1392 4062 1441 4122 sed
1479 4078 1549 4122 eum
1580 4063 1650 4120 illuc
1683 4066 1857 4134 pervenerit,

100 4151 185 4209 Unde
206 4159 322 4209 etcum
350 4150 487 4221 baptizati
508 4163 525 4206 a
548 4150 722 4222 presbyteris
744 4150 955 4209 confirmantur
1009 4151 1080 4224 quid
1105 4151 1236 4225 requirat
1258 4166 1316 4209 non
1338 4165 1427 4224 super
1449 4159 1502 4209 cst.
1528 4152 1553 4208 Α
1580 4151 1687 4209 Pascha
1710 4151 1858 4224 usquead

100 4238 286 4310 postmodum
308 4238 345 4295 ab
368 4237 517 4309 episcopis,
546 4245 575 4295 et
595 4252 644 4309 per
665 4238 873 4311 impositionem
895 4253 955 4297 ma-
969 4274 993 4334 D
1009 4244 1204 4310 Pentecosten,
1229 4241 1331 4300 iestiva
1356 4240 1491 4313 quadam
1508 4240 1676 4313 iucunditas
1704 4255 1755 4311 per
1776 4241 1859 4314 quin·

100 4340 158 4385 nus
181 4327 308 4385 traditur
330 4327 371 4383 eis
393 4326 517 4397 spiritus
541 4336 670 4396 sanctus,
687 4328 749 4385 111
769 4328 831 4401 ipsa
852 4344 954 4404 eorum
1009 4331 1151 4404 quaginta
1178 4331 1238 4388 dies
1270 4329 1468 4398 continuatur,
1499 4330 1535 4387 ob
1570 4331 1760 4387 reverentiam
1787 4329 1859 4388 scili·

98 4415 281 4475 confirmatio
302 4416 438 4489 quasdam
457 4424 484 4473 11
507 4416 651 4476 virtutum
675 4426 825 4477 armatura
843 4419 956 4491 spirita·
1007 4428 1101 4478 cetae
1119 4419 1287 4492 dignitatem
1310 4419 1459 4491 sequentis
1474 4419 1661 4477 Pentecostes.
1686 4419 1738 4477 llis
1752 4420 1859 4492 quippe

99 4505 136 4563 lis
149 4505 187 4564 ad
202 4506 393 4564 resistendum
413 4505 499 4575 vitiis,
523 4507 569 4564 vel
591 4509 835 4578 perseverandum
855 4509 885 4565 in
906 4508 956 4566 illa
1007 4509 1110 4567 diebus
1132 4508 1284 4566 austeritas
1305 4509 1478 4579 punitentia
1501 4508 1656 4578 relaxatur,
1677 4522 1730 4566 nec
1752 4509 1784 4566 in
1801 4522 1860 4567 ora·

98 4609 189 4669 quam
216 4597 247 4653 iu
271 4595 411 4668 baptismo
433 4604 625 4668 perceperunt
649 4598 793 4656 munditia
813 4598 899 4672 plena
914 4598 955 4654 ibi
1007 4598 1115 4657 tionem
1137 4612 1235 4671 genua
1250 4597 1405 4668 flectimus,
1424 4605 1458 4655 ut
1479 4597 1510 4654 in
1533 4612 1567 4655 11
1582 4597 1708 4669 emplius
1731 4598 1769 4655 ob
1792 4605 1859 4655 tem-

100 4686 271 4744 remissione
293 4692 477 4758 peecatorum
509 4694 657 4758 percepta.
691 4688 826 4760 Legimus
858 4695 887 4746 et
920 4690 955 4747 de
1007 4701 1064 4759 pus
1096 4702 1149 4745 nos
1177 4686 1282 4745 excitet
1316 4686 1347 4744 iu
1388 4700 1515 4745 amorem
1552 4687 1613 4757 bei,
1656 4694 1684 4744 11
1716 4695 1860 4759 preparet

99 4775 254 4844 charitate,
284 4789 350 4846 quae
376 4774 464 4831 vestis
490 4774 540 4831 illa
570 4775 706 4846 nuptialis
735 4776 854 4847 dicitur,
885 4778 956 4850 quia
1007 4777 1166 4835 devotiores
1189 4776 1226 4833 ad
1246 4783 1402 4834 venturam
1432 4775 1616 4834 testivitatem
1638 4775 1771 4848 Spiritus,
1807 4777 1859 4849 qui

95 4864 187 4935 operit
208 4862 427 4922 multitudinem
453 4869 636 4933 peccatorum
661 4872 689 4922 11
712 4865 782 4936 quia
806 4866 955 4938 discipulis
1007 4865 1168 4939 specialiter
1180 4880 1263 4923 amor
1285 4865 1335 4923 Dei
1350 4864 1467 4936 dicitur,
1487 4880 1545 4938 quo
1567 4866 1664 4923 minus
1686 4865 1783 4937 ipsum
1805 4881 1860 4938 pos

97 4963 115 5006 a
136 4951 257 5009 Domino
275 4952 385 5009 dictum
405 4958 472 5009 est:
503 4955 556 5010 Vos
581 4957 673 5009 oeten
696 4954 876 5025 baptizemini
888 4955 953 5025 Spi-
1007 4956 1073 5014 nale
1092 4962 1134 5013 est
1147 4955 1184 5012 ob
1207 4956 1342 5028 gratiam,
1358 4962 1391 5013 ut
1410 4955 1548 5024 diximus,
1569 4954 1733 5013 testivitatis
1753 4955 1860 5026 predi-

98 5040 158 5094 1111
184 5045 277 5095 tenete
298 5055 353 5096 nen
378 5047 443 5112 post
469 5043 569 5098 multos
596 5043 643 5098 bos
674 5043 733 5099 dies
761 5044 835 5116 (Act.
862 5060 883 5112 r,
914 5044 952 5117 b).
1007 5052 1059 5101 ctu
1083 5043 1113 5100 ln
1135 5042 1271 5100 omnibus
1304 5041 1481 5113 spiritalibus
1511 5043 1614 5115 gratiis
1645 5056 1859 5101 consummare.

98 5127 179 5184 llude
207 5134 337 5198 patenter
358 5129 480 5203 intelligi
504 5131 601 5202 datur,
629 5132 700 5206 quia
723 5132 848 5205 Spiritus
866 5133 955 5190 adve·
1007 5133 1081 5190 liene
1109 5140 1204 5191 autem
1237 5131 1407 5191 duodecima
1444 5134 1593 5192 mansione
1619 5132 1746 5206 populus
1771 5132 1861 5191 lsrael

99 5216 182 5273 niens
211 5215 365 5288 discipulos
388 5219 476 5277 simul
504 5228 532 5278 11
552 5234 570 5277 a
591 5222 714 5294 peccatis
735 5222 898 5293 mundavit,
926 5232 955 5282 et
1005 5233 1138 5292 egressus
1161 5221 1196 5278 de
1218 5222 1353 5296 AEgypm,
1376 5221 1470 5296 legem
1493 5222 1525 5279 iu
1547 5223 1593 5280 die
1617 5221 1861 5295 quinquagesimo

98 5305 278 5367 ornamentis
290 5305 434 5367 virtutum
457 5324 505 5368 eos
521 5318 663 5384 tanquam
681 5319 767 5370 antea
789 5312 884 5371 nudes
908 5312 953 5371 in·
1005 5311 1141 5384 suscepit,
1165 5318 1199 5370 ut
1220 5311 1274 5371 boc
1292 5312 1425 5371 videlieet
1444 5326 1567 5372 numero
1588 5314 1775 5373 mausiouum
1799 5312 1861 5384 ipse

98 5437 190 5565 XXX)
209 5433 328 5504 Patron,
345 5442 365 5493 1.
387 5436 521 5507 XXXIV,
543 5437 597 5497 111.
616 5441 737 5505 111111.
759 5440 881 5508 XXXV,
896 5440 952 5499 cel.
1040 5437 1098 5509 (11)
1118 5436 1236 5507 Patron,
1252 5445 1273 5494 t.
1290 5438 1391 5503 XXXV,
1409 5439 1462 5497 101.
1481 5442 1559 5496 loll.
