3804 5962
1728 36 1885 44 ἡ

60 185 134 241 icoo
569 195 575 205 ·
621 147 1254 237 renotocrncuersruna.'-me.1v.
1740 171 1809 228 rere

56 305 223 366 secundum
235 303 431 365 diversitatem
448 302 615 363 donorum:
639 303 681 361 ita
702 303 792 362 etiam
815 302 907 375 philo·
924 300 948 357 h
963 308 1077 360 moreat
1091 301 1170 374 guod
1189 299 1314 373 spiritns
1341 304 1470 368 sanctus,
1494 310 1563 356 cum
1586 294 1623 356 sit
1647 300 1807 354 meterent

59 396 172 468 sophus
185 393 319 453 eumdem
343 394 396 466 qui
415 394 446 451 in
464 392 585 452 essentia
604 391 722 464 propria
746 391 908 451 essentiali·
963 392 1041 468 Patri
1055 398 1083 449 ει
1098 391 1178 459 Filio,
1194 392 1309 449 dicatur
1323 396 1420 449 tamen
1434 386 1546 459 aliquid
1561 399 1599 445 ex
1613 393 1741 458 tempore
1752 391 1806 443 re·

57 490 106 542 ter
120 481 259 552 subsistit,
286 481 592 554 incepissequantum
613 480 763 539 adedecta
783 496 838 540 sue
855 495 907 539 ro·
961 480 1015 538 luti
1030 482 1085 539 hoc
1099 482 1195 554 ipsum
1214 480 1293 553 guod
1312 478 1452 537 donatum
1477 476 1613 535 dicimus.
1634 474 1709 534 Nam
1732 486 1807 533 sem·

56 570 124 637 luit,
144 571 382 644 exquibuseum
402 571 530 628 animem
547 570 641 643 magis
660 583 751 644 quum
767 569 908 644 Spiritum
962 571 1071 643 piterue
1091 569 1213 642 Spiritus
1241 569 1363 636 donum,
1405 565 1600 639 temporaliter
1638 562 1805 630 donatum;
1841 614 1843 618 ,

56 660 260 734 appellaverit.
282 659 413 732 Spiritus
445 659 555 731 quippe
587 672 693 716 nomen
713 666 757 718 est
784 665 907 728 nature,
961 658 1248 729 nam,etsidominns
1270 655 1449 714 nondicitnr
1478 653 1534 710 nisi
1557 649 1805 711 cumhaberein·

57 749 159 808 anima
173 762 242 807 rero
255 748 342 807 oldcii
363 749 400 806 ab
423 749 581 806 animando
600 746 717 805 scilieet.
739 747 820 806 Sicut
839 763 909 822 ergo
962 749 1031 822 cipit
1045 764 1171 819 serrum,
1187 756 1214 806 et
1239 747 1293 805 ista
1317 744 1468 818 appellatio
1483 742 1605 802 relativa
1625 755 1662 799 ex
1682 747 1809 812 tempore

55 839 138 911 ipsos
151 838 279 897 celestes
293 838 412 910 spiritus
433 852 546 909 semper
565 836 683 910 quidem
705 837 836 909 spiritus,
859 837 909 895 sed
962 846 1005 897 est
1019 839 1094 896 Deo:
1111 851 1170 895 non
1191 836 1269 894 enim
1294 836 1468 907 sempiterna
1486 838 1617 891 ereetum
1641 836 1693 899 εει,
1720 827 1808 902 culus

56 941 121 986 non
139 942 252 1000 semper
265 927 383 1001 angelos
396 942 458 985 esse
477 927 656 999 profitemur,
672 941 706 984 eo
727 926 807 999 quod
819 939 908 997 ange·
962 937 1005 987 est
1033 927 1081 986 ille
1103 925 1278 984 Dominus.»
1305 927 1394 983 ltem:
1422 923 1528 980 «Ecce
1555 921 1712 979 Domimm
1744 931 1824 993 esse,

56 1016 226 1075 lusnomen
240 1019 278 1075 sit
293 1016 389 1086 cilicii,
410 1031 469 1074 non
495 1024 618 1086 nature,
637 1023 666 1074 et
686 1015 843 1074 Dominum
862 1017 909 1073 le·
963 1030 1022 1074 non
1047 1017 1256 1087 sempiternum
1276 1014 1373 1082 habet,
1400 1026 1438 1068 ne
1464 1023 1604 1084 cogemur
1632 1021 1695 1067 esse
1721 1006 1808 1067 etiam

56 1121 128 1164 eum
153 1104 301 1164 Christum
323 1106 486 1163 secundum
508 1105 721 1163 humanitatem
746 1103 908 1176 incepisse,
963 1113 1127 1163 creaturam
1140 1103 1346 1175 sempiternam
1359 1101 1464 1170 dicere,
1488 1099 1560 1173 quia
1574 1097 1622 1155 ille
1635 1094 1809 1169 sempiterne

56 1194 223 1254 secundum
234 1209 303 1252 vero
321 1194 504 1253 divinitatem
531 1203 671 1252 eternum
685 1205 753 1252 csse·
770 1192 908 1266 predica·
964 1209 1022 1252 non
1036 1194 1245 1261 dominaretur,
1259 1192 1318 1249 nisi
1345 1191 1433 1248 ctiam
1447 1189 1500 1247 ista
1516 1187 1689 1260 sempiterne
1718 1183 1810 1244 lamu-

57 1298 149 1343 mus:
167 1285 207 1342 ita
219 1291 246 1342 ει
261 1283 404 1357 Spiritum
416 1285 551 1341 sanctum
566 1283 727 1340 secundum
747 1281 910 1341 subsiston·
963 1285 1082 1343 laretur.
1101 1305 1112 1334 ι
1128 1283 1182 1352 Qui
1196 1282 1284 1341 otiam
1299 1281 1330 1338 in
1357 1281 1456 1339 eodem
1475 1279 1549 1354 libro
1564 1274 1707 1351 superiori
1727 1272 1806 1347 capi·

57 1370 132 1431 tiam
143 1371 272 1430 essentie
283 1385 343 1429 sue
356 1379 507 1441 eternum,
529 1370 689 1429 secundum
708 1369 809 1429 edecta
839 1383 909 1427 vero
964 1374 1033 1439 tulo,
1059 1371 1200 1445 Spiritum
1228 1372 1315 1430 etiem
1340 1370 1501 1430 secundum
1530 1365 1631 1426 edecta
1658 1362 1810 1423 manitsste

58 1459 213 1538 incupisse
233 1460 386 1518 dicemus:
417 1461 495 1532 quod
516 1468 558 1518 εει
574 1460 669 1518 dicere
686 1458 787 1518 edecta
811 1458 906 1530 potins
963 1470 1054 1533 vocat,
1083 1476 1150 1520 cum
1174 1461 1201 1519 ei
1219 1461 1395 1534 principium
1406 1460 1544 1532 assignat.
1565 1457 1614 1516 Ait
1626 1463 1724 1515 autem
1742 1453 1808 1513 sic:

59 1564 154 1624 quem
167 1550 262 1622 ipsum
292 1549 452 1621 incepisse,
475 1556 503 1606 ει
520 1549 599 1608 hunc
612 1548 731 1621 quidem
745 1548 908 1620 philosophi
965 1552 1073 1621 «Quod
1087 1553 1187 1610 datum
1212 1559 1255 1609 εει
1273 1551 1347 1609 etad
1366 1564 1434 1608 eum
1448 1548 1500 1625 qui
1514 1547 1592 1606 dedit
1615 1545 1750 1614 retertur,
1778 1549 1807 1602 et

59 1654 181 1699 mesum
193 1654 252 1698 esse
264 1639 392 1697 arbitror
411 1639 467 1697 sub
486 1638 534 1696 illo
549 1639 654 1696 anime
674 1645 754 1710 typo,
769 1653 830 1712 quo
844 1652 909 1695 eam
963 1640 1001 1699 ed
1019 1656 1066 1699 eos
1082 1641 1191 1714 quibus
1203 1641 1302 1699 dedit:
1322 1641 1394 1697 »lte
1416 1638 1540 1710 Spiritus
1563 1642 1681 1694 sanctus
1703 1632 1811 1693 dicitur

59 1736 189 1788 creatam
221 1743 291 1798 esse,
316 1728 345 1786 id
366 1735 409 1786 εει
435 1727 583 1799 incoepisse
608 1726 750 1799 perhibet,
773 1734 801 1785 ει
824 1727 909 1799 guasi
964 1738 992 1789 ει
1018 1731 1068 1788 Dei
1096 1731 1149 1804 qui
1180 1730 1298 1799 dedit,et
1320 1735 1416 1786 noster
1447 1726 1497 1799 qui
1523 1723 1698 1796 accepimus.
1727 1721 1810 1782 Unde

61 1816 250 1890 temporalem
263 1831 394 1875 essenon
418 1825 566 1885 eternam,
579 1817 667 1890 jnxta
685 1830 774 1888 quem
796 1822 824 1874 ει
846 1816 910 1874 lla-
963 1820 1159 1892 scriptumest
1186 1816 1436 1890 deluannequod
1451 1815 1482 1873 in
1502 1814 1608 1888 spiritu
1631 1812 1704 1872 illie
1731 1810 1812 1870 veni·

60 1907 179 1967 crebius
202 1908 307 1964 anime
335 1906 390 1979 ipsi
415 1915 474 1964 tam
493 1908 586 1964 Deum
607 1919 698 1978 quam
725 1904 809 1976 Ncyn
828 1903 910 1976 [νοῦν]
963 1916 1000 1967 ει.
1015 1909 1074 1966 lloc
1086 1908 1160 1966 etde
1185 1908 1279 1980 Moyse
1302 1906 1524 1979 intelligendum
1545 1911 1598 1973 est,
1624 1916 1692 1961 cum
1719 1900 1762 1961 eit
1784 1898 1812 1961 ei

59 1997 197 2071 preierre
222 2011 282 2055 non
296 1997 441 2054 abhorret.
468 1996 556 2056 Vocet
571 1996 670 2067 itaque
686 1993 826 2066 Spiritum
846 2007 911 2051 sen·
962 1995 1120 2054 Dominus:
1152 1996 1256 2052 Tollere
1275 1996 1307 2052 de
1334 1997 1438 2066 spiritu
1463 1997 1509 2050 tuo
1527 1998 1554 2048 et
1579 1991 1699 2048 dolosis
1716 1991 1809 2062 (Num.

58 2093 143 2145 ctum
167 2085 247 2144 Pleto
271 2086 400 2144 animam
427 2084 589 2144 morandum
609 2083 744 2142 edoctum
765 2097 910 2156 operum,·
962 2100 1004 2153 xr,
1019 2086 1062 2158 ll)
1078 2100 1086 2141 t
1103 2085 1157 2142 hoc
1181 2093 1224 2143 εει
1238 2085 1273 2142 de
1293 2083 1404 2156 Spiritu
1432 2089 1532 2141 sancto
1560 2094 1648 2155 quem
1666 2077 1723 2136 tibi
1742 2076 1808 2137 dedi

59 2168 118 2234 rios
145 2190 215 2234 vero
238 2174 372 2233 dicemus
394 2175 534 2247 Spiritum
560 2172 723 2231 seeundum
747 2170 910 2229 naturalem
964 2173 993 2231 Si
1011 2181 1117 2248 ergoet
1131 2173 1210 2246 guod
1225 2174 1312 2232 datur
1328 2171 1505 2245 principium
1530 2170 1617 2228 habet
1639 2180 1737 2226 cuma
1751 2180 1811 2240 quo

59 2277 125 2323 sue
137 2263 272 2322 bonitatis
286 2263 430 2332 effectum,
446 2276 535 2336 quem
550 2261 590 2319 ita
604 2261 641 2318 ab
668 2268 776 2317 eterno
796 2259 910 2330 hebuit,
964 2263 1060 2333 datur,
1074 2264 1145 2335 qula
1159 2277 1218 2320 non
1232 2262 1350 2321 aliunde
1372 2261 1483 2333 accepit
1496 2258 1568 2317 illud
1593 2257 1673 2330 quod
1691 2256 1727 2314 ab
1749 2253 1811 2329 ipso

61 2359 98 2412 ut
112 2359 362 2424 tuncoperecum
380 2350 497 2423 impleat
512 2350 630 2423 quando
655 2347 835 2421 implendum
849 2363 911 2406 esse
964 2349 1103 2421 procedit,
1132 2349 1281 2408 latendum
1311 2355 1353 2406 est
1377 2349 1491 2413 Patrem
1518 2343 1678 2403 etlilium
1703 2337 1809 2414 princi·

60 2440 205 2514 previdit.
231 2439 312 2498 Dicat
338 2439 385 2498 ille
412 2440 542 2496 enimam
570 2436 720 2510 incoepisse
751 2435 911 2495 secundum
965 2439 1047 2512 pium
1060 2453 1121 2497 esse
1146 2438 1270 2511 Spiritus
1295 2435 1398 2506 sancti,
1426 2450 1485 2495 non
1510 2436 1568 2495 duo
1592 2429 1745 2508 principia,
1760 2425 1811 2489 md

59 2529 164 2589 edecta
178 2546 186 2599 ;
202 2543 256 2587 nos
273 2543 342 2588 vero
360 2528 499 2600 Spiritum
519 2529 548 2584 in
569 2528 671 2584 ellectu
690 2540 752 2584 sue
775 2525 911 2583 bonitatis
965 2542 1058 2587 unum
1083 2528 1269 2601 principium.
1298 2527 1401 2600 Liquet
1422 2526 1521 2599 itaque
1539 2522 1738 2596 augustinum
1757 2518 1812 2578 hoc

56 2620 237 2678 eternaliter
266 2631 461 2691 perseverare.
489 2617 572 2674 Dicat
600 2615 648 2673 ille
669 2614 797 2671 animam
822 2613 909 2671 inere·
963 2617 1024 2676 loco
1039 2617 1178 2688 Spiritum
1192 2618 1334 2690 accepisse
1362 2617 1525 2675 seeundum
1552 2613 1665 2684 eiieeta,
1679 2623 1747 2670 cum
1762 2608 1811 2669 dl·

60 2707 150 2780 pisse,
169 2723 222 2766 nos
241 2707 385 2780 Spiritum
400 2706 518 2764 omnino
533 2715 675 2764 eternum
690 2719 758 2762 esse.
782 2704 825 2763 Sit
840 2718 910 2776 pro·
965 2706 1002 2764 oit
1026 2705 1137 2775 datum,
1165 2707 1257 2780 magis
1284 2719 1374 2778 quem
1392 2705 1554 2763 secundum
1573 2701 1737 2760 naturalem
1749 2711 1811 2759 sue

58 2797 152 2854 sessio
173 2797 297 2868 Spiritus
328 2797 489 2855 secundnm
516 2795 653 2854 allectum
684 2802 803 2864 eterne,
840 2793 911 2866 quie
964 2795 1152 2868 benignitatis
1174 2793 1423 2863 allectumlllnde
1444 2795 1517 2852 bene
1537 2790 1697 2850 mouendum
1710 2786 1813 2851 edecta

59 2885 169 2944 scilicet
188 2885 224 2943 ab
244 2894 352 2943 eterno
373 2885 415 2942 sic
441 2885 543 2943 voluit.
575 2885 616 2943 Sit
639 2883 780 2956 processio
804 2882 911 2940 anime
965 2887 1049 2943 Peter
1074 2893 1102 2942 ει
1130 2883 1240 2955 Filiusj,¹
1245 2884 1354 2956 priores
1373 2882 1482 2957 Spiritu
1497 2880 1646 2951 dicuutur,
1676 2886 1705 2938 et
1725 2876 1812 2952 quasi

58 2974 223 3033 secuudum
245 2973 379 3033 edoctum
401 2974 599 3046 temporalem.
626 2974 786 3045 Utramque
811 2977 909 3028 entem
926 2977 947 3035 c
964 2974 1139 3046 principium
1160 2974 1232 3047 eius,
1249 2974 1320 3046 quia
1352 2987 1389 3032 ex
1417 2971 1557 3046 potentia,
1575 2964 1742 3028 moderante
1764 2979 1810 3024 sa·

59 3062 186 3136 Spiritus
202 3064 421 3136 processionem,
449 3071 510 3126 tam
524 3061 686 3121 secundum
711 3059 812 3120 oliecta
831 3059 910 3117 scili·
966 3063 1074 3136 pientia
1097 3062 1214 3121 effectus
1236 3062 1337 3136 gratim
1350 3061 1506 3120 descendit.
1533 3061 1578 3117 lin
1600 3072 1660 3135 quo
1687 3056 1813 3131 Spiritus

58 3158 105 3210 cet
130 3165 220 3224 quam
243 3152 404 3209 secundum
425 3151 573 3222 allectum,
593 3165 612 3209 a
636 3151 744 3209 sanctis
773 3150 910 3209 Patribus
963 3153 1049 3210 etiam
1065 3152 1120 3210 hoc
1134 3152 1194 3211 loco
1213 3151 1389 3224 appellatur,
1401 3159 1428 3210 et
1444 3150 1525 3224 prius
1544 3147 1699 3224 potentiam
1713 3154 1743 3207 et
1761 3160 1812 3206 sa-

58 3240 228 3299 distinctam
251 3255 315 3300 esse
342 3239 541 3314 cognovimus.
571 3242 612 3297 De
636 3240 816 3311 processione
839 3239 911 3313 qui·
964 3240 1102 3314 pientiam
1116 3255 1177 3301 esse
1197 3248 1317 3313 oportet,
1335 3248 1367 3299 ut
1395 3249 1492 3313 postes
1504 3238 1617 3313 aliquid
1632 3238 1663 3297 in
1677 3234 1811 3298 erectum

58 3330 127 3389 dom
148 3330 283 3390 eillcacie
322 3331 398 3388 Beda
422 3330 452 3387 in
482 3328 604 3387 homilia
632 3329 788 3386 Dominice
809 3328 911 3400 prime
963 3329 1098 3388 dueatur.
1114 3330 1237 3389 Taleest
1260 3344 1329 3404 ergo
1345 3332 1459 3389 Patrem
1479 3336 1507 3388 ει
1523 3328 1628 3387 illium
1653 3322 1812 3400 esseprin·

58 3425 124 3493 post
155 3419 359 3478 ascensionem
395 3417 436 3475 ita
453 3417 608 3489 loquitur:
640 3437 655 3470 r<
677 3418 749 3475 Cum
785 3416 910 3489 Spiritus
964 3417 1070 3490 cipium
1085 3419 1209 3490 Spiritus
1222 3419 1324 3489 sancti,
1353 3433 1388 3476 ec
1412 3419 1435 3478 si
1464 3417 1597 3477 dicamus
1619 3415 1760 3490 Spiritum
1773 3427 1812 3475 ex

58 3501 156 3582 gratia
174 3506 262 3565 datur
290 3506 467 3574 hominibus,
491 3504 616 3578 proiecto
639 3504 766 3562 mittitur
788 3503 911 3575 Spiritus
964 3507 1106 3566 ambobus
1120 3521 1170 3578 per
1183 3506 1318 3566 effectum
1333 3507 1494 3580 procedere,
1515 3507 1623 3564 hocest
1647 3503 1809 3565 Potentiam

58 3596 186 3666 al’atre,
202 3596 328 3654 mittitur
342 3602 371 3653 et
394 3608 412 3651 a
432 3595 513 3653 Filio.
541 3593 703 3653 Procedita
725 3595 819 3658 Patre,
843 3605 909 3665 pro·
963 3597 1026 3664 Dei,
1045 3597 1293 3671 moderante3ejes
1308 3598 1428 3666 ratione,
1446 3596 1483 3654 ad
1511 3603 1608 3655 actum
1623 3594 1661 3668 (7)
1677 3593 1810 3668 perduci.

57 3684 177 3745 caditat
205 3684 322 3754 aFilio,
346 3692 374 3742 et
396 3684 461 3756 ejus
484 3683 581 3741 missio
603 3683 666 3755 ipsa
698 3682 841 3754 processio
867 3687 910 3738 est
962 3686 999 3744 Et
1013 3686 1068 3743 hoc
1083 3685 1200 3758 guidem
1214 3684 1298 3745 modo
1326 3686 1350 3744 si
1365 3686 1433 3759 quis
1458 3699 1565 3743 nomen
1585 3684 1712 3757 Spiritus
1735 3680 1810 3743 acci-

57 3788 171 3848 quaex
185 3775 269 3832 Patre
294 3773 422 3846 procedit
436 3781 464 3831 ει
488 3773 569 3831 Filio.
588 3792 598 3822 r
616 3773 679 3844 lpse
707 3772 794 3829 etiem
807 3770 910 3843 Augu·
963 3775 1033 3846 piat,
1062 3775 1223 3833 moundum
1251 3774 1359 3833 seilicet
1386 3789 1448 3832 sue
1470 3774 1571 3848 gratie
1601 3773 1713 3841 edecta,
1748 3786 1808 3832 non

56 3863 156 3922 eunus
178 3870 339 3936 utrumque
357 3877 426 3921 eum
455 3861 609 3935 procedere
633 3860 764 3933 perhibet
787 3867 846 3919 tam
864 3874 907 3919 se·
963 3871 1038 3922 recte
1066 3863 1174 3923 dicitur
1197 3864 1322 3936 Spiritus
1343 3872 1470 3923 eternus
1499 3863 1574 3921 sicut
1598 3877 1651 3921 noc
1667 3861 1811 3921 Dominus

56 3951 190 4012 cundum
207 3951 351 4025 hocquod
370 3952 468 4019 datur,
488 3965 578 4024 quam
593 3949 755 4009 secundum
771 3949 801 4009 id
829 3949 908 4022 quod
962 3952 1157 4021 autcreator3
1178 3949 1258 4024 quia,
1276 3957 1308 4010 ut
1319 3950 1460 4022 diximus,
1475 3964 1534 4010 non
1549 3963 1662 4022 semper
1682 3946 1808 4026 Spiritus

56 4040 166 4102 dabilis
182 4049 234 4100 est.
251 4042 332 4102 llnde
354 4040 464 4099 libror
481 4044 520 4098 De
540 4042 676 4096 Tranitcte
690 4053 758 4098 cum
773 4038 810 4096 ad
838 4053 909 4111 pro-
960 4041 1122 4100 secundum
1137 4040 1237 4098 effecta
1251 4041 1475 4113 exstitit.‚llnde
1484 4040 1519 4098 ἐι
1543 4039 1616 4098 beno
1631 4036 1811 4113 evangeliste

55 4131 218 4192 cessionem
243 4130 367 4205 Spiritus
395 4129 582 4202 pervenisset,
598 4129 638 4186 eit
654 4144 661 4184 ι
676 4146 691 4182 e
704 4127 836 4187 Procedit
849 4142 909 4186 non
961 4130 1086 4189 loannes
1099 4131 1136 4189 ab
1160 4129 1317 4190 eternitate
1343 4130 1393 4188 Dei
1414 4129 1565 4200 inchoans,
1594 4143 1661 4186 cum
1680 4128 1811 4189 Verbum

57 4235 120 4296 quo
132 4221 216 4279 modo
231 4228 328 4288 natus,
345 4219 394 4278 sed
419 4235 478 4293 quo
498 4219 583 4277 modo
597 4220 694 4277 dotus.
711 4218 794 4285 Quod
811 4225 908 4275 autom
962 4219 1042 4292 opud
1056 4220 1148 4278 Deum
1164 4219 1338 4279 eternaliter
1351 4233 1414 4278 esse
1437 4218 1608 4286 ostenderet,
1631 4219 1750 4278 dicens:
1776 4220 1811 4276 ln

57 4311 228 4381 datumst,
244 4310 323 4369 etad
339 4323 405 4368 eum
432 4309 484 4382 gui
499 4309 577 4368 dedit
599 4309 734 4378 retertur,
758 4315 786 4366 ει
808 4306 906 4364 adeos
924 4275 1174 4383 ”perspiceret
1200 4311 1327 4381 Verbum,
1343 4313 1369 4366 et
1390 4309 1508 4369 Verbum
1532 4312 1592 4366 eret
1624 4308 1701 4380 opud
1714 4311 1809 4377 Deum

57 4399 169 4473 quibus
194 4399 295 4458 dedit:
321 4419 336 4450 r
354 4401 441 4456 ltom:
462 4420 477 4450 r<
494 4398 559 4468 Sed,
573 4399 598 4455 si
623 4412 683 4457 uon
706 4395 833 4470 procedit
852 4393 907 4453 nisi
961 4405 988 4456 ει
1016 4404 1090 4458 Deus
1112 4405 1171 4458 crat
1195 4400 1324 4459 Verbum.
1351 4402 1408 4456 Hoc
1428 4403 1487 4456 eret
1512 4400 1542 4455 in
1560 4399 1701 4472 principio
1731 4396 1809 4470 opud

55 4503 127 4549 cum
155 4489 253 4557 datur.
282 4503 336 4547 nec
354 4488 487 4561 procedet
515 4488 618 4561 utique
640 4488 814 4560 priusquam
833 4492 906 4544 esset
960 4493 1054 4547 Deum.
1079 4491 1177 4548 Omnia
1198 4505 1249 4561 per
1271 4491 1364 4562 ipsum
1385 4492 1463 4559 tacto
1490 4494 1564 4558 suut,
1585 4497 1639 4548 etc.
1666 4487 1756 4563 (loon.
1787 4504 1810 4558 r,

55 4578 249 4636 cuidaretur.
264 4576 338 4636 Nam
366 4578 477 4635 donum
498 4585 671 4651 potestesse
696 4584 724 4635 et
747 4583 906 4650 antequam
964 4581 1000 4652 ll.
1027 4580 1143 4639 Nullam
1157 4580 1283 4653 Spiritus
1314 4579 1489 4638 mentionem
1522 4577 1658 4638 habuisse
1681 4576 1806 4644 ridetur,

54 4667 154 4725 detur.
169 4667 314 4725 Donatum
329 4673 427 4725 autem
446 4665 504 4724 nisi
518 4667 619 4726 datum
645 4667 731 4726 luerit
750 4666 831 4725 nullo
847 4678 906 4724 mo·
960 4685 1021 4742 qna
1041 4685 1110 4729 eum
1141 4678 1285 4729 eternum
1320 4683 1381 4726 esse
1402 4668 1570 4740 lustrasset,
1605 4682 1673 4727 oum
1702 4668 1760 4727 Deo
1781 4673 1810 4727 et

55 4757 95 4815 do
108 4756 166 4814 dici
180 4764 313 4829 potest.»
905 4749 907 4755 ’
959 4759 1055 4819 Verbo
1082 4759 1147 4832 ejus
1181 4759 1314 4833 loquens,
1339 4759 1417 4817 Patri
1439 4766 1468 4817 ει
1499 4757 1594 4817 Verbo
1628 4757 1810 4817 solummodo

94 4844 170 4912 Quid
186 4845 284 4919 itaque
297 4848 406 4906 mirum
431 4861 500 4905 cum
523 4846 640 4906 duobus
657 4846 750 4905 modis
764 4845 906 4920 Spiritum
961 4849 1152 4908 eternitatem
1188 4848 1305 4907 ascribit
1332 4848 1442 4916 dicens,
1476 4850 1532 4905 lloc
1561 4852 1620 4905 eret
1648 4852 1679 4905 to
1697 4848 1811 4920 princi·

54 4935 211 5008 procedere
237 4935 378 5006 dicamus,
402 4936 427 4994 si
452 4936 613 4995 secundum
638 4936 765 4995 alterurn
787 4950 906 5008 proces-
960 4941 1006 5010 pio
1020 4939 1098 5011 opud
1120 4942 1216 4995 Deum.
1241 4937 1297 5004 Qui
1313 4937 1344 4995 in
1365 4952 1399 4996 eo
1420 4937 1540 4996 lortesse
1564 4937 1644 5010 quod
1666 4935 1812 5010 subiunxi

53 5023 148 5084 sionis
157 5024 275 5084 modum
289 5026 404 5084 dicatur
417 5025 542 5099 Spiritus
556 5039 573 5083 a
587 5027 682 5095 nobis,
702 5032 730 5083 ει
744 5026 906 5085 merendum
961 5029 996 5086 de
1028 5027 1132 5086 edoctu
1158 5042 1280 5100 operum
1295 5027 1415 5086 dicens:
1433 5028 1531 5086 omnia
1542 5042 1595 5099 per
1616 5029 1707 5100 iprum
1732 5027 1811 5097 (ceto

53 5113 182 5173 alterum
205 5122 326 5172 vocetur
348 5115 448 5173 anime
475 5127 493 5171 a
518 5115 707 5187 philosophis.
740 5114 815 5174 lllud
837 5130 906 5190 ergo
960 5124 1037 5187 suat,
1049 5116 1188 5190 Spiritum
1202 5115 1369 5190 designasse
1392 5116 1509 5175 ridetur
1528 5116 1690 5176 secundum
1709 5113 1810 5177 edocte

53 5203 183 5277 Spiritus
211 5204 395 5272 eternaliter,
419 5205 474 5262 hoc
494 5204 690 5277 temporaliter
706 5204 802 5263 habet.
825 5205 907 5265 Unde
961 5207 1024 5280 ipsa
1049 5221 1117 5280 que
1148 5220 1203 5265 sua
1231 5207 1308 5265 Deus
1330 5205 1459 5264 condidit
1482 5203 1619 5277 bonitate,
1646 5204 1810 5266 secundum

51 5299 83 5353 et
104 5293 202 5351 statim
227 5293 257 5351 in
281 5294 381 5352 eodem
406 5292 481 5351 idem
511 5292 640 5351 adnectit
667 5293 783 5352 dicens:
811 5315 822 5346 ι
848 5294 907 5353 Νεε
961 5310 1037 5369 que,
1049 5303 1081 5354 ut
1095 5294 1236 5367 diximus,
1257 5303 1384 5355 eternus
1405 5308 1464 5352 non
1480 5301 1522 5352 est
1544 5293 1681 5367 Spiritus,
1703 5293 1733 5354 id
1753 5300 1807 5368 est,

90 5467 132 5540 (7)
149 5467 222 5528 liele
236 5468 267 5528 in
277 5469 388 5529 lntrod.
404 5468 441 5527 ad
456 5467 580 5542 theolog.
595 5466 753 5526 moelem.
