3804 5962
121 149 189 207 ibat
384 145 486 203 PETRI
505 144 694 203 asellum
713 144 791 202 OPP.
812 145 903 203 PARS
922 146 972 203 111.
988 172 1023 190 -
1040 145 1262 203 ranunculus
1280 147 1324 202 ET
1341 143 1609 204 Pultosoblttclt.
1801 150 1844 205 titt
1868 40 1874 139 Ι

115 269 238 338 Christi3
261 276 294 328 ιιι
308 268 385 327 ειιίιιι
405 267 462 324 alia
481 274 638 335 taceamus,
655 282 714 324 non
739 275 860 339 possunt
880 267 960 326 simi·
977 267 999 322 Δ
1015 282 1080 325 sum
1101 269 1186 326 etiam
1215 269 1408 339 interpretari,
1434 276 1611 341 praeceptum
1637 268 1714 327 illud
1738 269 1771 327 iu
1789 272 1848 346 sign
1870 210 1882 821 N

115 362 181 419 liter
206 374 267 416 esse
293 358 423 415 membra
446 355 550 415 Christi
578 363 606 413 et
634 356 800 414 meretricis.
833 357 962 428 Denique
1017 358 1303 428 cssepositum.llon
1324 358 1401 414 enim
1422 358 1563 415 Dominus
1586 359 1742 416 dubitavit
1765 360 1850 432 dicere,

115 450 176 521 ipse
189 448 259 505 dicit
276 463 283 502 :
301 448 357 513 Qni
379 445 528 501 manducat
556 461 664 501 amntem
686 462 783 513 meam,
808 454 862 504 etc.
888 447 963 503 ldern
1017 446 1064 501 boc
1083 451 1123 501 est
1145 462 1243 517 corpas
1262 462 1361 513 meam,
1384 460 1450 502 cunn
1477 446 1594 518 signum
1628 447 1716 504 daret
1744 451 1851 520 corpotl

114 541 144 595 in
162 537 282 608 quadarn
297 535 413 606 epistola
429 534 668 591 :Sacramentum
687 534 844 591 invisibilis
861 534 962 606 gratia
1017 535 1073 593 sui.
1102 536 1176 591 Beda
1211 537 1241 590 in
1269 537 1381 592 bomilia
1409 535 1485 591 iilius
1518 537 1684 605 nanneticae
1725 538 1852 594 lectiam

113 625 238 685 visibilis
258 624 358 681 torma.
382 623 458 679 ldcrn
481 625 511 677 in
536 626 574 678 De
602 624 800 679 catechizandis
822 624 960 679 rudibus:
1018 626 1077 681 Una
1100 625 1214 681 Sabbata·
1242 624 1323 681 coldo
1351 623 1471 680 diluculo
1496 624 1573 695 (buc.
1608 639 1697 692 xxiv,
1731 626 1758 697 i)
1785 624 1854 685 'zllot

115 715 392 772 Sacramentumcst
415 712 521 769 divina>
541 712 755 769 reiinvisibilis
778 712 962 784 signaculum
1017 727 1144 785 quoque,
1166 713 1244 785 quod
1276 713 1412 770 mulieres
1439 726 1498 769 non
1519 713 1642 770 invento
1671 728 1797 785 corporo
1819 717 1854 773 lio

115 803 238 861 visibila.
259 801 338 858 Idem
350 803 380 855 in
394 800 465 856 libro
486 802 528 856 De
540 803 704 871 punitentia
720 818 726 857 :
743 800 962 859 Sacramentum
1016 804 1088 859 mini
1104 811 1198 860 mente
1226 804 1496 871 consternabantur,
1519 817 1572 861 nos
1584 804 1730 875 congruit
1754 804 1855 863 imitari

115 900 157 951 est
170 891 261 949 divini
289 888 417 962 mysterii
440 882 637 962 signaculum.
667 893 699 947 ln
727 891 752 944 11
776 893 814 946 be
838 891 963 947 doctriua
1016 892 1180 949 Meminisse
1207 893 1312 949 etenim
1336 893 1474 949 continuo
1494 892 1645 960 debemus,
1668 893 1744 966 quia
1769 908 1855 966 corpu

115 982 277 1037 christiana
293 995 300 1035 ε
317 980 438 1054 Signum
457 986 499 1035 est
525 992 570 1034 ros
593 986 696 1049 praeter
719 981 852 1050 speciem,
875 994 961 1051 quem
1016 982 1130 1038 Domini
1151 981 1241 1037 nostri
1264 981 1294 1037 in
1321 982 1403 1038 terris
1432 981 1564 1039 iuvenire
1589 982 1770 1053 nequimus,
1790 991 1818 1038 ct
1834 997 1855 1040 a

115 1071 219 1144 ingerit
232 1069 374 1137 sensibus,
390 1067 471 1125 aliud
494 1066 604 1139 aliquid
628 1082 665 1124 ex
680 1083 711 1125 εε
728 1068 834 1125 iaciens
858 1068 888 1124 in
915 1083 962 1125 co-
1017 1072 1109 1141 magis
1124 1069 1283 1137 humiliari,
1300 1084 1359 1141 quo
1383 1083 1435 1126 nos
1454 1076 1565 1126 constat
1584 1069 1622 1126 de
1641 1069 1802 1141 profundis
1814 1069 1855 1127 cla

116 1157 285 1230 gitationem
321 1156 432 1213 venire.
468 1155 543 1212 idern
572 1161 666 1211 contra
701 1157 857 1212 Faustam:
887 1156 962 1224 Quid
1016 1157 1294 1230 mareadeumqui
1320 1158 1431 1214 babitat
1451 1158 1482 1213 in
1501 1157 1583 1224 coelo,
1606 1172 1642 1214 eo
1667 1159 1768 1231 magis
1782 1166 1885 1233 ment!

114 1248 192 1306 enim
210 1253 279 1305 sunt
293 1245 374 1303 aliud
388 1258 505 1316 qnoque
518 1250 699 1301 sacramenta
719 1245 891 1315 corporalia,
906 1245 962 1302 uisi
1018 1247 1207 1315 consternari,
1233 1247 1287 1318 qui
1314 1247 1452 1303 debemus
1478 1260 1530 1303 nos
1557 1247 1644 1318 longe
1672 1246 1776 1303 adbuc
1802 1262 1854 1317 pen
1881 1274 1885 1321 t

114 1335 250 1409 quaedam
273 1334 358 1407 quasi
373 1334 463 1391 verba
477 1332 612 1401 visibilia,
637 1342 820 1391 sacrosancta
834 1334 961 1405 quidem,
1018 1336 1129 1407 grinari
1144 1337 1181 1393 ab
1203 1335 1260 1404 illo,
1277 1337 1306 1392 in
1323 1337 1409 1406 cujus
1428 1335 1521 1392 solum
1547 1335 1707 1406 prasentia
1731 1336 1853 1393 beatsrt
1881 1340 1885 1379 Ι

115 1424 165 1483 sed
180 1431 277 1481 tamen
291 1421 445 1480 mutabilia
458 1429 486 1479 et
501 1422 693 1492 temporalia?
715 1424 789 1479 idem
808 1424 838 1478 in
855 1411 964 1479 tracta·
1017 1440 1084 1483 vere
1099 1424 1262 1482 valeamus.
1294 1426 1362 1479 ltem
1378 1440 1385 1479 ι
1402 1424 1529 1481 Maxime
1556 1422 1687 1496 angelici
1706 1424 1795 1481 nobis
1814 1426 1854 1494 spi

116 1519 147 1570 tn
168 1513 269 1586 psalmi
300 1527 397 1580 xcvnr,
426 1512 474 1567 nbi
500 1513 564 1567 ait:
592 1510 744 1584 lntolligite
771 1511 963 1583 spiritualiter
979 1555 1000 1610 Β
1018 1514 1092 1571 ritus
1107 1513 1206 1569 adesse
1224 1512 1359 1568 credendi
1375 1518 1454 1577 suut,
1479 1511 1670 1567 cumdiviuis
1684 1511 1855 1582 spiritualiter

115 1617 181 1675 qnae
198 1602 410 1669 locutussnm;
426 1615 485 1657 nou
510 1600 586 1657 enim
603 1615 720 1672 corpus,
746 1601 823 1672 qnod
848 1600 962 1670 vidctis,
1018 1601 1221 1671 mancipamur
1247 1600 1402 1672 obsequiis.
1426 1602 1533 1669 Hagno
1555 1615 1640 1670 saper
1666 1600 1856 1670 Epistolorrel

115 1690 323 1748 manducaturi
338 1691 415 1758 estis,
434 1690 551 1747 bibituri
576 1690 658 1746 illurn
674 1690 858 1760 sanguinem,
875 1704 962 1760 quern
1017 1692 1150 1746 Romanos
1175 1687 1235 1760 (vu,
1265 1689 1313 1760 it:
1344 1688 1417 1746 Cum
1441 1689 1529 1745 dicit:
1551 1705 1605 1760 per
1639 1705 1743 1760 corpas
1773 1690 1855 1746 cirita·

116 1780 213 1839 lusori
227 1786 305 1846 sunt,
322 1779 373 1851 qui
394 1793 439 1835 me
463 1778 643 1850 crucifigent.
669 1777 887 1835 Sacramentum
913 1779 964 1835 ali·
1016 1780 1174 1850 mortificati
1202 1779 1266 1834 estis
1296 1779 1361 1847 legi,
1390 1778 1426 1834 de
1464 1792 1523 1848 qun
1556 1792 1682 1848 corpore
1716 1776 1855 1850 loquitur!

116 1869 194 1942 quod
232 1867 315 1924 vobis
333 1867 545 1934 commendavi,
575 1866 763 1937 spiritualiter
790 1867 964 1924 intellectum
1019 1868 1091 1926 Nam
1129 1881 1234 1938 corpus
1255 1866 1358 1924 Christi
1386 1873 1428 1923 est
1451 1866 1529 1938 quod
1546 1866 1710 1938 assumpsit
1736 1868 1767 1924 in
1791 1876 1857 1925 ntea

116 1956 278 2015 vivificabit
293 1970 353 2013 vos.
377 1956 438 2013 Etsi
454 1970 567 2013 necesse
588 1963 631 2012 εει
645 1955 796 2012 visibiliter
814 1955 962 2024 celebrari,
1018 1954 1173 2027 virginali;
1203 1968 1307 2024 corpus
1322 1953 1427 2010 Christi
1446 1961 1490 2010 est
1513 1953 1592 2024 quod
1616 1953 1753 2024 quotidie
1778 1965 1857 2011 cona

116 2052 337 2118 oportettamen
361 2044 544 2101 invisibiliter
567 2043 699 2115 intelligi.
716 2043 796 2099 Idem
811 2047 841 2098 in
855 2045 963 2112 Contes—
1018 2052 1118 2101 cretur
1133 2044 1163 2099 iu
1187 2042 1324 2099 Ecclesia.
1347 2045 1475 2113 Apparet
1494 2041 1528 2098 de
1555 2040 1604 2097 illo
1630 2041 1856 2112 corporedixitat
1884 2108 1887 2113 ¹

116 2134 238 2191 sionibus
257 2132 368 2191 :Cibus
390 2148 454 2189 sum
479 2132 656 2205 grandinum
681 2146 776 2190 cresce
790 2140 818 2189 et
837 2132 965 2189 mandu-
1018 2132 1198 2205 accentum,
1213 2131 1292 2203 quod
1316 2129 1473 2201 assumpsit
1488 2131 1518 2187 in
1535 2138 1619 2186 utero
1642 2130 1797 2203 virginali.
1816 2130 1856 2186 Pet

116 2222 197 2281 cabis
213 2235 268 2290 me,
285 2234 337 2277 nec
361 2221 488 2277 mutabis
512 2236 557 2277 me
577 2221 606 2276 in
622 2230 659 2289 ιε,
685 2221 733 2278 sed
757 2228 853 2278 tamen
869 2229 964 2278 muta·
1018 2236 1123 2293 corpus
1135 2236 1223 2278 snum
1249 2234 1318 2291 ergo
1346 2233 1398 2275 nos
1424 2218 1555 2276 Christus
1574 2217 1713 2275 liberavit
1728 2233 1746 2276 a
1760 2217 1855 2292 legali

118 2310 195 2368 beris
210 2309 240 2364 in
264 2323 319 2365 me.
343 2309 417 2364 ldern
445 2311 475 2363 in
501 2310 570 2365 libra
595 2313 633 2365 lie
656 2313 736 2365 anteo
762 2312 914 2380 baptismo:
936 2309 964 2366 Si
1018 2319 1061 2368 est
1077 2324 1127 2381 per
1144 2309 1306 2380 passionem
1332 2307 1459 2378 corporis
1473 2307 1517 2363 sui
1534 2307 1612 2364 dedit
1625 2306 1715 2365 nobis
1728 2306 1855 2365 remissie

117 2397 153 2454 ad
170 2396 248 2468 ipsas
268 2410 313 2453 res
332 2395 468 2463 visibiles,
490 2398 599 2467 quibus
617 2399 679 2468 ipsa
704 2407 885 2456 sacramenta
910 2407 966 2454 tra·
1019 2414 1085 2457 nem
1102 2407 1297 2471 peccatorum,
1314 2405 1419 2454 utnon
1433 2397 1524 2453 simus
1540 2396 1602 2466 jam
1622 2395 1753 2466 subjecti
1767 2393 1855 2467 legii
1883 2454 1887 2485 Ι

118 2491 246 2552 ctantur,
262 2484 394 2541 animum
409 2485 602 2554 conteramus,
624 2486 691 2558 quis
706 2487 814 2544 nesciat
842 2501 965 2543 easesse
1020 2502 1137 2560 peccare
1155 2486 1330 2544 desistimus.
1353 2489 1397 2541 Ec
1421 2485 1535 2541 decretis
1555 2487 1602 2539 Pii
1616 2500 1700 2554 papa
1720 2501 1784 2557 cap.
1806 2484 1854 2538 lll:
1883 2492 1887 2559 ι

118 2572 343 2645 corruptibiles?
362 2574 390 2630 Si
410 2581 505 2630 autem
521 2575 556 2631 ad
581 2575 610 2631 id
634 2576 712 2646 quod
728 2590 778 2646 per
793 2590 842 2632 eas
856 2576 964 2648 agitur,
1019 2577 1047 2634 Si
1063 2590 1131 2634 vero
1146 2589 1198 2647 per
1225 2574 1432 2647 negligentiam
1454 2573 1489 2631 de
1516 2572 1604 2630 calice
1618 2573 1737 2630 Domini
1760 2571 1855 2644 aliquit
1884 2564 1887 2573 '

118 2662 186 2735 quis
212 2676 270 2718 non
299 2663 395 2718 videat
418 2677 476 2718 non
504 2677 584 2732 posse
610 2663 782 2734 corrumpi?
808 2665 841 2720 ln
866 2664 904 2718 lll
928 2665 965 2718 De
1019 2665 1137 2723 stillavit
1156 2665 1186 2720 in
1209 2671 1327 2730 terram,
1355 2661 1455 2734 lingua
1478 2660 1625 2718 lambetur
1644 2662 1704 2733 (ns)
1726 2669 1755 2718 et
1773 2659 1856 2718 niun

119 2750 245 2807 doctrina
283 2751 441 2808 Christiana
458 2753 540 2809 :Nisi
576 2753 820 2820 mandacaveritis,
858 2752 964 2822 inquit,
1019 2754 1147 2811 radetur.
1166 2750 1195 2808 Si
1211 2766 1269 2807 non
1296 2750 1384 2807 tuerit
1400 2749 1511 2815 tabula,
1529 2756 1562 2805 ut
1585 2762 1643 2804 non
1670 2747 1855 2813 conculcetur,

118 2855 228 2896 carnem
248 2840 314 2895 Filii
329 2841 444 2896 bominis
466 2844 667 2911 etsongninern
688 2841 746 2910 ejas
762 2841 895 2906 biberitis,
910 2856 963 2896 noa
979 2827 1001 2886 C
1017 2843 1099 2900 locus
1121 2841 1297 2898 corradetur
1318 2847 1346 2896 ct
1378 2838 1445 2912 igue
1471 2837 1674 2905 comburetur,
1696 2846 1724 2893 et
1752 2837 1855 2893 cinisio

119 2927 253 2983 babebitis
266 2931 352 2984 citam
363 2931 392 2984 in
402 2929 477 2984 nobie
487 2928 577 3001 (toan.
589 2944 628 2996 vr,
645 2930 700 3001 it).
715 2930 838 2986 Facibus
849 2929 965 2985 videtur
1018 2931 1109 2988 altare
1135 2929 1316 2987 recondetur.
1346 2930 1391 2982 Ee
1420 2928 1604 2983 Punitentiati
1632 2926 1788 2982 Theudoris
1812 2923 1855 2992 Qui

119 3025 169 3073 aut
184 3016 452 3088 tlagitinmjubere.
480 3018 586 3090 Figura
610 3033 678 3089 ergo
701 3017 892 3088 praecipientis
910 3025 963 3086 εει,
1017 3019 1178 3077 evomuerit
1205 3016 1380 3074 sacrificium
1408 3024 1437 3072 et
1465 3029 1483 3071 a
1507 3015 1629 3072 canibus
1670 3021 1855 3079 consumetur,

119 3105 280 3178 passionem
306 3105 495 3162 Dominiesse
522 3106 796 3163 communicandam
817 3112 845 3162 ει
862 3119 964 3162 ιεεειι-
1019 3121 1128 3168 annum
1144 3120 1238 3163 unum
1262 3105 1421 3177 poeuiteat:
1448 3107 1491 3160 Ec
1512 3104 1625 3160 cornilio
1653 3105 1789 3160 turonico
1806 3117 1854 3172 cap.

119 3192 242 3251 dandam
262 3191 292 3249 in
315 3194 463 3266 memoria,
480 3195 557 3264 quod
573 3208 624 3264 pro
636 3193 721 3250 uobis
739 3208 806 3251 caro
820 3195 884 3266 eJus
897 3207 965 3250 cru·
1019 3195 1058 3253 lll
1073 3210 1080 3250 ε
1098 3193 1303 3251 Sacraoblatio
1315 3205 1433 3265 semper
1457 3191 1493 3248 sit
1507 3205 1596 3263 super
1610 3190 1705 3248 altare
1719 3191 1855 3249 oberrata

120 3280 260 3338 cidxaest
278 3287 306 3336 et
329 3281 493 3337 vulnerata.
518 3284 585 3336 ltern
607 3282 655 3338 vlt
674 3285 709 3337 be
727 3281 862 3353 baptismo
884 3282 966 3337 inda·
1018 3291 1135 3356 propter
1159 3289 1299 3340 mureset
1325 3279 1451 3338 nefarios
1466 3279 1638 3336 bomineset
1652 3293 1672 3335 a
1687 3280 1735 3336 dic
1750 3278 1855 3350 septimo
1887 3284 1891 3309 ³

120 3372 158 3426 eit
184 3375 308 3424 sanctam
334 3370 503 3442 cyprianum
529 3370 691 3426 dicentem:
721 3370 841 3439 Quando
869 3370 964 3428 Domi·
1020 3373 1050 3428 in
1065 3370 1219 3442 septimum
1233 3383 1346 3440 semper
1367 3375 1572 3425 rnutetnrcta
1600 3367 1854 3438 populosnmatur.
1887 3316 1892 3429 1

119 3464 396 3527 nnsvocatcorpus
423 3472 511 3515 suum
536 3472 637 3529 panem
654 3459 689 3515 de
707 3459 790 3529 coelo,
809 3459 966 3516 multorum
1019 3468 1047 3518 ct
1072 3460 1139 3528 alia,
1168 3473 1234 3530 quae
1252 3458 1352 3516 cadem
1379 3457 1425 3514 die
1452 3464 1620 3514 consecrata
1640 3464 1696 3523 εει,
1725 3456 1784 3513 loco
1802 3453 1855 3523 ejus
1888 3432 1893 3493 ι

121 3557 279 3616 granorum
294 3545 470 3603 adunatione
484 3555 663 3618 congestum,
681 3547 820 3618 populum
835 3555 966 3604 nostrum
1020 3549 1206 3621 subrogetur,
1235 3561 1270 3604 ne
1299 3547 1372 3604 torte
1400 3545 1511 3602 diutius
1538 3546 1696 3602 observata
1731 3540 1854 3603 muscida.

121 3632 305 3705 degentibus
333 3633 440 3690 iudicat
459 3634 633 3702 adunatum,
654 3643 682 3692 ct
701 3636 819 3706 quando
842 3637 967 3707 sangui·
1021 3640 1099 3713 quod
1112 3638 1196 3706 absit,
1221 3638 1279 3693 lat.
1300 3639 1344 3692 lia
1367 3636 1479 3691 concilio
1503 3635 1703 3691 Aurelianense·
1727 3648 1786 3704 cap.
1799 3631 1854 3686 lt:

120 3735 187 3778 nem
204 3735 290 3779 surim
312 3723 438 3794 appellat
460 3723 577 3791 vinum,
599 3723 634 3780 de
658 3724 748 3781 botris
768 3733 856 3796 atquc
876 3724 967 3781 acinis
1021 3727 1132 3795 Oblata,
1149 3739 1215 3796 quac
1228 3725 1258 3781 in
1273 3723 1357 3780 altari
1374 3722 1548 3791 offeruntur,
1561 3723 1595 3779 de
1610 3723 1740 3780 Sabbato
1754 3722 1785 3778 in
1798 3719 1856 3778 sab
1892 3696 1896 3787 1

121 3810 254 3881 plurimis
267 3824 435 3882 expressum
463 3820 550 3883 atquc
569 3812 599 3868 in
622 3827 716 3871 unum
739 3822 881 3880 coactum,
905 3827 969 3885 gre·
1021 3816 1120 3874 batum
1136 3828 1246 3884 semper
1263 3813 1450 3877 innoventur,
1470 3812 1542 3882 quia
1562 3811 1646 3882 panis
1670 3807 1859 3882 propositionis

122 3913 186 3971 gem
202 3900 491 3973 nostrumsignillcat
516 3900 715 3960 commistione
736 3902 872 3959 adunata
895 3901 968 3959 mul·
1021 3904 1177 3962 asabbato
1192 3903 1222 3958 in
1243 3901 1402 3958 Sabbatum
1418 3900 1621 3967 mutabantur,
1638 3913 1676 3956 ne
1692 3899 1860 3957 diuscrrata

121 3988 255 4046 titudinis
274 3990 450 4061 copulatum.
465 3989 541 4045 idern
559 3991 590 4045 in
610 3992 717 4061 psalmo
736 3992 801 4048 llll:
829 3990 909 4058 Quod
926 4005 967 4047 sc·
1021 3992 1144 4050 muscidi
1157 3990 1237 4058 liant,
1254 3997 1315 4059 aut,
1334 3995 1367 4046 ut
1392 3987 1512 4059 qrtidam
1528 3987 1664 4052 saeviunt,
1691 3988 1754 4060 igni
1773 3998 1864 4044 cousu-

121 4077 177 4134 mel
201 4077 375 4147 factumest,
393 4078 422 4134 in
450 4079 589 4136 mensoria
609 4089 706 4136 vestra
728 4079 807 4135 omni
831 4093 908 4136 anno
925 4081 964 4137 int.
982 4121 1004 4174 D
1021 4089 1149 4140 mautur.
1176 4080 1256 4147 Quod
1289 4077 1312 4134 si
1355 4077 1421 4149 quis
1452 4076 1565 4132 diabolo
1592 4075 1753 4147 instigante
1781 4075 1866 4132 lacem

77 4190 81 4196 ·
123 4165 238 4232 Quoties
253 4167 363 4223 Pascba
387 4167 559 4236 celebratur,
580 4167 715 4239 nunquid
730 4167 861 4225 Christus
884 4169 967 4225 toties
1024 4169 1245 4243 presumpserit,
1266 4167 1421 4223 anathema
1448 4165 1492 4221 sit.
1520 4166 1588 4220 lteri
1617 4180 1680 4234 cap.
1709 4166 1733 4218 v
1759 4163 1867 4221 :Omns
1894 4180 1896 4193 ·

123 4254 288 4312 occiditur?
302 4253 354 4310 Sed
374 4256 576 4313 anniversaria
601 4255 760 4314 recordatio
780 4264 966 4327 repraesentat
1019 4257 1199 4316 sacrificium
1221 4256 1338 4313 sordida
1364 4261 1507 4310 vetustate
1534 4251 1683 4324 perditum
1716 4254 1784 4324 igne
1801 4264 1867 4309 com

122 4343 201 4415 quod
215 4343 283 4400 olim
310 4341 420 4401 factum
436 4352 488 4410 est,
504 4351 531 4400 et
556 4344 662 4400 sicnos
685 4344 753 4402 tacit
773 4345 891 4413 moveri,
907 4353 969 4402 tan·
1023 4348 1188 4406 burendum
1207 4352 1235 4402 ct
1263 4344 1336 4401 einis
1360 4343 1447 4414 juxta
1470 4342 1561 4398 altare
1583 4340 1783 4412 sepeliendus.
1810 4343 1866 4397 tna

123 4444 213 4504 quam
250 4431 401 4489 videamus
435 4440 603 4503 presentem
641 4433 797 4490 Dominum
822 4433 851 4490 in
871 4447 967 4491 cruce.
1022 4452 1083 4506 cap.
1101 4433 1235 4500 vitoni
1263 4446 1322 4489 nnn
1345 4432 1418 4488 bene
1437 4428 1613 4487 sacrificium
1643 4429 1866 4496 custodieritst

122 4521 197 4577 Idem
221 4519 258 4576 ad
283 4521 469 4576 Dardanum:
496 4521 558 4577 Una
579 4534 702 4592 persona
724 4521 802 4578 Deus
829 4529 857 4578 et
884 4522 969 4579 bomo
1023 4522 1149 4582 mnsvcl
1176 4521 1294 4592 aliquod
1324 4520 1432 4577 animal
1463 4517 1619 4575 comederit
1647 4515 1736 4582 illud,
1754 4514 1866 4575 XLdict

122 4616 175 4678 est,
195 4616 397 4680 etutrumque
420 4615 462 4666 est
477 4624 555 4667 unus
574 4609 716 4678 Cbristus,
741 4609 852 4682 ubique
877 4624 927 4681 per
942 4611 969 4666 id
1024 4612 1168 4685 poeniteat.
1200 4609 1254 4676 Qui
1277 4617 1372 4666 antem
1398 4605 1554 4680 perdiderit
1582 4604 1655 4662 illud
1685 4605 1718 4661 in
1746 4602 1865 4666 accinta

83 4710 86 4715 ·
123 4696 200 4768 qnod
216 4695 293 4752 Dens
312 4702 363 4764 cst,
381 4695 409 4751 iu
431 4696 502 4753 coelo
528 4705 625 4754 autom
647 4711 696 4767 per
724 4697 751 4753 id
779 4697 857 4768 quod
873 4698 968 4755 bomo.
1024 4709 1076 4759 aut
1101 4700 1245 4772 parsejns
1265 4697 1398 4755 ceciderit
1421 4705 1449 4754 et
1465 4710 1524 4753 non
1548 4693 1666 4750 inventa
1692 4694 1795 4764 inerit,
1811 4690 1865 4750 llll

122 4786 217 4841 Item:
234 4784 380 4841 Christum
408 4792 504 4842 autem
528 4792 555 4841 et
581 4785 692 4856 ubique
719 4793 887 4858 presentem
910 4800 971 4844 csso
1024 4789 1241 4860 diespoeniteat.
1270 4788 1361 4842 ltern:
1388 4784 1443 4852 Qui
1463 4785 1668 4857 negligentiam
1695 4797 1770 4856 erga
1792 4780 1865 4839 sacti

122 4886 181 4932 non
196 4873 312 4931 dubites
326 4881 465 4945 tanquam
490 4875 580 4930 Deum
605 4874 678 4931 etin
700 4875 762 4932 loco
785 4874 885 4946 aliquo
907 4873 970 4931 coeli
1025 4875 1123 4934 licium
1139 4874 1250 4942 lecerit,
1273 4882 1305 4931 ut
1334 4873 1364 4931 in
1383 4889 1417 4930 eo
1431 4873 1539 4929 vermis
1561 4880 1758 4942 consumptus
1780 4866 1866 4937 sicel

123 4968 240 5034 propter
255 4962 315 5018 veri
336 4963 465 5031 corporis
487 4962 615 5018 modum.
639 4963 712 5018 idem
736 4964 766 5017 in
790 4963 801 5018 l
830 4963 970 5018 detracta·
1024 4965 1148 5023 nibilum
1175 4963 1333 5030 devenerit,
1346 4963 1382 5018 lll
1402 4960 1643 5033 quadragesimas
1661 4974 1732 5016 cum
1763 4962 1865 5032 pancet

124 5052 231 5107 tionum
258 5056 353 5108 contra
379 5051 572 5117 Adimantum,
611 5051 777 5122 discipulam
804 5051 969 5107 nunciet:
1024 5053 1263 5124 aquapomiteat.
1289 5051 1317 5107 Si
1342 5050 1486 5121 integrum
1512 5049 1664 5105 inventum
1684 5046 1866 5116 interitione

122 5139 197 5197 Nam
221 5154 258 5197 ex
272 5154 305 5197 eo
331 5140 409 5212 qnod
434 5140 572 5212 scriptum
588 5147 640 5209 est,
665 5140 836 5211 sanguinem
862 5139 971 5210 pecoris
1024 5142 1133 5203 vermis
1147 5141 1346 5207 comburatur,
1363 5145 1390 5195 et
1415 5138 1488 5199 cinis
1502 5137 1557 5195 snb
1572 5137 1663 5194 altare
1686 5138 1865 5196 recondatur,

124 5230 254 5288 animam
267 5230 331 5302 ejus
344 5243 415 5293 esse,
440 5237 544 5301 prata
560 5228 590 5286 id
613 5230 693 5301 quod
713 5243 802 5301 supra
829 5228 891 5287 dixi
907 5242 968 5300 pos·
1024 5238 1053 5288 et
1076 5232 1127 5302 qni
1142 5228 1314 5301 neglexerit,
1333 5227 1485 5298 quaternis
1508 5225 1611 5283 diebus
1628 5238 1715 5283 suam
1731 5225 1865 5298 negligen-

161 5399 215 5470 (28)
235 5401 345 5460 Monac.
363 5401 570 5472 admonebitur.
