3804 5962
94 167 158 226 1091
358 164 459 222 PETRI
477 163 662 221 ABAELARDI
680 164 759 223 OPP.
779 164 869 223 PARS
887 164 981 226 hl.-
994 164 1217 224 Thsotodtca
1234 162 1281 223 tit·
1301 164 1568 224 inhospitales.

92 289 170 362 quod
199 288 327 361 plurima
353 296 412 346 tam
436 288 584 346 honestate
607 300 696 361 quam
715 285 840 348 utilitate
860 304 937 347 com·
950 290 975 348 A
989 304 1058 348 vero
1070 299 1099 348 et
1113 290 1252 348 durumc
1273 299 1375 348 contra
1395 290 1431 349 ad
1457 293 1615 362 potentiam
1631 291 1721 350 rednr

91 381 256 437 mendatur.
283 379 472 450 Inquiramus
494 393 615 450 eosqua
630 380 741 437 ratione
764 378 868 437 malint
891 379 940 438 eli·
993 385 1091 437 tantm
1103 380 1267 436 sanativum
1296 377 1420 449 dicatur,
1449 380 1528 451 quod
1549 395 1615 448 ‚non
1641 389 1721 454 potes

92 483 159 542 gere
173 469 264 526 Deum
280 482 340 525 non
353 482 415 524 esse
429 481 518 539 quam
537 481 608 530 esse,
623 475 731 526 etcum
748 468 784 525 ad
799 476 937 527 neutrum
992 467 1146 538 inllrmari,
1167 477 1196 526 et
1208 468 1316 525 durum
1328 468 1405 540 quod
1422 483 1480 526 non
1496 477 1588 540 potest
1611 469 1718 528 leviter

92 558 155 629 cogi
171 556 331 614 necessario
346 555 467 627 possint,
488 564 517 613 et
531 556 655 614 alterurn
672 558 770 615 multis
790 571 937 615 commen·
992 557 1071 614 Sicut
1096 572 1165 631 ergo
1189 559 1218 614 in
1240 571 1329 628 supra
1355 557 1465 628 positis,
1494 558 1522 614 id
1549 567 1592 615 εει
1616 567 1721 631 aegrota

91 647 176 704 detur
190 645 362 714 rationibus,
390 644 512 702 alterum
528 645 626 714 nullis,
652 646 867 717 iniquissimam
887 661 938 704 eo-
992 647 1070 704 molli
1085 648 1131 705 iila
1143 662 1224 718 posse
1238 661 1305 719 quae
1321 647 1356 704 ad
1373 648 1590 704 incommodum
1606 649 1652 706 vel
1664 648 1721 707 deb

90 749 157 793 rum
183 735 397 794 conlundamus
422 734 641 805 impudentiam,
666 734 770 807 quiid
794 737 938 808 qnodop-
992 737 1034 794 rei
1049 738 1183 805 attinent,
1206 736 1380 807 impotentia
1404 744 1447 793 est
1467 735 1561 807 potius
1581 751 1673 808 quam
1697 753 1721 810 p

92 825 197 882 timum
217 838 279 881 esse
297 838 356 880 non
380 823 525 890 dubitent,
547 824 745 896 omnibusque
767 825 854 881 etiam
877 831 936 880 tam
991 826 1031 883 ita
1061 834 1088 884 et
1102 827 1202 884 eadem
1231 840 1288 882 non
1317 839 1398 897 posse
1425 840 1441 882 e
1467 825 1612 882 contrario
1636 830 1721 898 poten

88 914 251 972 rationibus
265 926 353 985 quam
365 911 587 969 auctoritatibus
602 921 832 971 consentaneum
851 913 936 984 sequi
990 917 1205 974 ascribendum.
1221 915 1360 987 Alioquin
1376 927 1543 972 econverso
1571 914 1721 987 impotenti

87 1010 236 1074 respuant,
259 1011 286 1059 et
307 1001 484 1058 contrarium
504 1002 731 1075 amplectantur.
759 1002 880 1070 Quodsi
901 1002 936 1060 de
989 1017 1120 1060 oeremus
1147 1001 1313 1074 potentiam,
1328 1008 1356 1058 et
1371 1003 1530 1072 potentiam
1557 1001 1721 1073 impotentia

87 1092 206 1150 occultis
227 1105 328 1148 rerum
355 1091 480 1159 naturis,
510 1104 544 1147 ac
558 1091 592 1148 de
612 1092 673 1163 ipso
694 1105 812 1164 quoque
835 1104 935 1148 rerum
990 1105 1037 1147 mo
1053 1091 1150 1163 itaque
1165 1091 1255 1147 Deum
1279 1089 1464 1160 impotentem
1481 1090 1509 1145 in
1525 1089 1624 1162 aliquo
1647 1090 1721 1148 dicet

85 1181 246 1239 coelestium
276 1188 365 1250 statu,
396 1193 471 1250 quas
494 1179 701 1250 experimentis
731 1193 789 1236 non
804 1185 935 1249 possunt
989 1186 1087 1236 sumat
1103 1180 1125 1236 si
1149 1193 1208 1236 non
1232 1177 1321 1249 possit
1346 1190 1465 1247 peccam
1487 1179 1562 1235 sicut
1589 1192 1644 1235 nos
1671 1194 1721 1252 pos

86 1270 240 1339 discutere,
266 1276 299 1327 ut
313 1268 383 1325 certi
399 1268 465 1324 inde
490 1267 606 1324 valeant
627 1281 688 1325 esse
711 1267 935 1325 auctoritatibus
989 1268 1060 1339 qnia
1076 1282 1128 1324 nec
1143 1267 1172 1323 in
1195 1265 1277 1323 nohis
1304 1266 1373 1336 ipsis
1402 1265 1457 1322 hoc
1485 1267 1619 1337 potentie
1647 1267 1721 1327 tribu

87 1357 386 1427 hominnmcredunt‚
406 1370 460 1413 cur
479 1354 790 1414 deauctoreomnium
805 1356 863 1414 Deo
879 1356 934 1414 eis
987 1364 1040 1424 est,
1058 1357 1107 1413 sed
1132 1354 1304 1412 infirmitati.
1337 1353 1417 1411 Unde
1444 1361 1472 1411 et
1504 1356 1690 1428 Augustinus
1719 1359 1721 1415 3

85 1449 151 1506 dem
164 1462 223 1505 non
242 1443 453 1519 acquiescunt?
471 1444 525 1502 Sed
547 1446 606 1503 haec
631 1446 772 1503 hacteuus
793 1446 933 1503 adversus
987 1445 1088 1502 irinit.
1114 1459 1174 1501 xv:
1201 1446 1314 1513 Magna,
1344 1443 1451 1514 inquit,
1476 1445 1535 1514 ejus
1559 1447 1690 1515 potentia
1716 1469 1721 1502 t

85 1537 163 1594 banc
190 1537 312 1609 primam
335 1543 363 1592 et
392 1533 548 1593 maximam
575 1533 735 1593 infidelium
762 1535 930 1593 obstinatio·
947 1585 969 1641 B
984 1549 1063 1605 posse
1076 1535 1197 1590 mentiri.
1212 1532 1285 1590 Sunt
1313 1539 1341 1589 ot
1355 1532 1488 1604 quadam
1517 1547 1583 1606 quaa
1601 1534 1634 1592 in
1660 1535 1721 1594 aliis

85 1639 161 1683 nem.
985 1623 1118 1694 potentia
1140 1621 1305 1692 deputanda
1322 1629 1400 1690 sunt,
1428 1622 1456 1678 in
1480 1621 1547 1678 aliis
1567 1636 1637 1680 vero
1662 1625 1721 1680 min

482 1712 532 1769 lii.
683 1726 685 1732 ·
985 1726 1052 1784 quse
1068 1712 1098 1769 in
1111 1711 1175 1768 aliis
1190 1710 1347 1768 laudabilia
1371 1718 1448 1777 sunt,
1465 1711 1495 1767 in
1509 1711 1574 1767 aliis
1597 1713 1721 1783 reprebe

119 1804 204 1862 Nunc
217 1812 316 1861 autem
336 1803 373 1860 ah
388 1802 498 1859 unitate
519 1800 627 1858 divine
646 1800 826 1873 substantie,
842 1815 931 1873 quam
984 1809 1063 1868 sunt,
1082 1815 1149 1859 curn
1174 1800 1273 1857 eadem
1292 1813 1368 1870 saepe
1388 1799 1513 1856 aliarum
1540 1813 1638 1857 rerum
1665 1800 1721 1874 dign

83 1895 169 1967 qnasi
193 1893 415 1956 laudamentum
448 1890 636 1962 subjecimus,
666 1891 703 1946 ad
730 1890 931 1948 discretionem
984 1889 1194 1948 commendent.
1219 1888 1343 1945 aliarum
1367 1901 1436 1945 vero
1455 1888 1595 1958 minime;
1618 1888 1713 1947 veluti

83 1985 172 2043 trium
197 1995 398 2055 personarum,
420 1994 488 2051 quse
509 1979 604 2037 eidem
626 1979 727 2035 insunt
749 1979 930 2048 substantias,
986 1979 1134 2036 hominum
1157 1991 1245 2035 usum
1266 1977 1378 2033 viribus
1402 1990 1541 2047 superare
1564 1977 1662 2048 possit,
1691 1977 1721 2036 ht

81 2068 932 2140 ordoestoommeare,etdsdirinapotentiasensapientia
984 2083 1048 2140 gnte
1072 2067 1198 2125 hominis
1217 2066 1352 2137 potentie
1365 2065 1571 2123 ascribendum
1596 2075 1651 2124 est.
1676 2067 1721 2126 lin

81 2163 127 2220 trel
143 2161 330 2235 benignitate,
355 2162 442 2232 juxta
456 2173 534 2231 quae,
559 2166 592 2215 nt
610 2158 787 2222 dictumest,
805 2159 931 2216 tresdis·
983 2158 1091 2214 caeteris
1117 2156 1285 2213 hominihus
1315 2155 1497 2225 precelleret,
1521 2164 1549 2213 et
1573 2156 1721 2215 commend

82 2251 259 2323 tinguuntur
273 2248 445 2321 personaead
456 2247 611 2318 perlectam
625 2254 653 2303 et
668 2248 810 2318 integram
823 2248 931 2304 summi
982 2254 1065 2316 esset,
1084 2245 1162 2316 quod
1177 2245 1205 2300 in
1221 2244 1301 2301 leone
1317 2252 1413 2300 tamen
1429 2253 1457 2301 et
1479 2243 1508 2301 in
1524 2244 1678 2316 elephante
1701 2260 1720 2319 p

82 2339 150 2395 boni
164 2337 453 2402 commendationem,
480 2341 610 2404 superest
625 2334 755 2406 diligenti
781 2336 931 2393 examina·
984 2350 1041 2408 gno
1056 2334 1156 2392 nullus
1183 2334 1309 2391 haberet.
1332 2333 1403 2389 Inde
1418 2334 1494 2389 enim
1515 2333 1664 2392 hominem
1687 2349 1721 2407 po

83 2427 161 2483 tione
180 2425 332 2493 disserere,
344 2432 377 2480 ut
396 2437 455 2495 quo
469 2422 605 2493 amplius,
631 2430 772 2494 utsupra
793 2424 929 2481 memini·
982 2424 1196 2496 comparatione
1230 2420 1357 2479 aliorum
1395 2422 1547 2480 hominum
1575 2424 1721 2482 diceremtr

81 2527 156 2583 mus,
172 2514 262 2585 hujus
281 2512 350 2570 honi
369 2509 503 2582 perlectio
521 2510 639 2583 cognita
657 2510 754 2580 luerit,
779 2514 874 2585 magis
892 2512 929 2569 ad
982 2515 1096 2571 nonita
1121 2513 1229 2570 iconem
1254 2511 1299 2568 vel
1326 2511 1515 2582 elephantem.
1539 2511 1585 2568 Sic
1597 2520 1627 2570 et
1652 2513 1684 2569 in
1712 2513 1721 2570 l

81 2617 207 2660 amorem
224 2603 269 2659 sui
284 2615 431 2672 quemque
448 2599 566 2670 alliciat,
584 2601 742 2671 presertim
758 2615 825 2658 cnm
842 2602 930 2659 nullae
982 2602 1060 2674 quod
1090 2601 1241 2658 ambulare
1269 2599 1345 2657 valet
1382 2601 1514 2670 potentie
1540 2608 1582 2658 cst
1612 2600 1721 2659 ascribe

80 2693 225 2763 superbis
245 2690 373 2749 ddelhtm
385 2703 504 2762 quoque
525 2689 638 2746 animos
661 2688 793 2747 difficiles
813 2703 929 2748 morere
982 2692 1121 2763 quoniam
1136 2690 1200 2762 ejus
1219 2688 1423 2746 necessitudini
1442 2691 1588 2761 congruit,
1604 2705 1658 2765 nec
1676 2691 1708 2746 in

79 2781 189 2851 possint
204 2781 387 2852 questiones,
403 2785 431 2837 et
446 2787 526 2836 tanto
550 2778 664 2835 lacilins
684 2780 781 2836 minus
799 2778 928 2837 eruditos
981 2780 1045 2853 eius
1065 2779 1172 2836 minuit
1192 2778 1372 2849 dignitatem.
1396 2777 1430 2834 ln
1452 2780 1507 2834 beo
1530 2792 1599 2836 vero
1612 2778 1681 2851 (qui
1699 2793 1721 2836 st

79 2870 116 2926 ad
142 2870 273 2929 maxima
299 2870 414 2927 trahere
447 2866 585 2924 scandala
614 2876 702 2940 atquc
727 2866 859 2925 infideles
879 2867 925 2939 ju·
941 2885 963 2943 g
982 2871 1091 2928 luntate
1105 2867 1204 2924 omnia
1218 2866 1350 2937 complet)
1374 2867 1428 2923 hoc
1451 2866 1569 2924 omnino
1583 2866 1721 2939 superilm

79 2972 156 3024 vare,
178 2967 289 3031 quanto
316 2957 493 3014 difficiliores
520 2956 556 3012 ad
580 2956 750 3013 solvendum
775 2956 944 3015 videntur..
979 2968 1032 3028 set,
1048 2957 1127 3030 quod
1143 2958 1172 3013 in
1188 2957 1270 3014 nohis
1292 2957 1486 3013 necessarium
1504 2964 1557 3026 est,
1573 2964 1664 3028 atquc
1684 2957 1721 3015 idt

77 3051 119 3103 Ao
147 3049 242 3119 prima
272 3046 355 3103 nohis
375 3046 410 3102 de
440 3044 649 3114 omnipotentia
677 3044 727 3100 liei
757 3044 924 3103 considera·
979 3047 1122 3119 potentias,
1148 3045 1196 3102 sed
1218 3045 1288 3102 vitio
1309 3045 1403 3115 potius
1427 3044 1615 3102 tribuendum
1629 3053 1712 3126 esset

77 3135 176 3194 tiosit.
980 3136 1138 3208 presertim
1162 3148 1230 3190 cum
1258 3134 1312 3191 hoc
1340 3135 1370 3190 in
1399 3132 1499 3191 multis
1526 3133 1706 3193 excellentiae

478 3221 525 3280 tv.
978 3224 1137 3296 derogaret,
1163 3230 1196 3279 ut
1224 3222 1374 3280 ambulare
1401 3222 1533 3280 videlicet
1557 3231 1663 3293 posset.
1689 3224 1721 3280 tt:

112 3309 306 3377 Quaerendum
321 3308 421 3379 itaque
436 3308 529 3378 primo
555 3307 671 3365 videtur
690 3308 837 3381 quomodo
856 3326 925 3372 rere
977 3314 1063 3371 etiam
1092 3311 1202 3369 moveri
1231 3312 1360 3369 localiter
1397 3320 1501 3383 posset,
1528 3320 1556 3369 et
1589 3313 1718 3383 composi

77 3399 191 3456 dicatur
217 3398 406 3467 omnipotens,
436 3397 459 3452 si
488 3411 545 3454 non
573 3397 661 3468 possit
688 3400 787 3456 omnia
799 3399 923 3470 elflcere,
979 3401 1085 3472 pedum
1098 3400 1261 3467 admittere,
1276 3408 1305 3456 et
1318 3407 1351 3455 ut
1371 3400 1486 3456 mobilis
1506 3408 1533 3456 et
1551 3399 1721 3459 dissolubili

76 3486 281 3559 autquomodo
302 3486 400 3543 omnia
420 3486 519 3558 possit,
535 3486 560 3542 si
582 3483 718 3558 quaedam
739 3503 798 3545 non
822 3502 921 3560 possu-
944 3524 949 3532 ·
977 3490 1041 3561 ejus
1053 3504 1189 3561 corporea
1214 3497 1241 3546 et
1256 3496 1407 3560 compacta
1428 3490 1599 3558 substantia,
1626 3492 1721 3548 nona

78 3590 145 3634 mus
166 3590 233 3648 qum
249 3575 311 3648 ipse
334 3591 394 3634 non
416 3576 525 3648 possit:
553 3589 706 3646 possumus
728 3585 825 3636 autem
846 3592 924 3652 quaa
977 3587 1074 3638 tamen
1088 3587 1116 3635 et
1139 3579 1174 3635 de
1195 3578 1240 3634 his
1268 3578 1404 3635 omnihus
1427 3592 1493 3649 quae
1519 3577 1632 3637 ellloere
1661 3593 1721 3651 poss

76 3663 155 3730 dam,
171 3669 205 3718 ut
220 3661 379 3730 ambulare,
397 3661 489 3733 loqui,
503 3663 618 3731 sentire,
634 3676 700 3733 quae
713 3676 731 3718 a
745 3671 852 3721 natura
871 3665 923 3721 ιιι·
977 3669 1070 3724 Deum
1086 3674 1229 3737 potentem
1255 3666 1486 3738 praedicabimus,
1502 3675 1530 3725 et
1553 3668 1654 3724 omnia
1676 3683 1721 3741 qm

76 3750 209 3809 vinitatis
227 3751 342 3822 penitus
367 3751 461 3809 aliena
480 3759 559 3819 sunt,
584 3764 652 3807 cnm
669 3752 831 3810 necessaria
854 3755 919 3811 isto·
977 3770 1043 3814 mns
1056 3756 1121 3828 ejns
1136 3755 1267 3826 potentia
1282 3756 1448 3824 tribuimus,
1464 3758 1494 3812 io
1513 3772 1565 3823 qao
1587 3759 1720 3826 uicimus,

76 3855 143 3899 rum
182 3841 376 3898 instrumenta
410 3840 516 3897 habere
558 3838 725 3897 nullatenus
754 3842 923 3914 incorporea
976 3861 1048 3914 mor,
1065 3851 1197 3901 strumus
1213 3845 1286 3915 (Act.
1307 3857 1380 3910 xvir,
1401 3845 1458 3916 28),
1475 3847 1569 3916 etqui
1585 3849 1679 3903 omnio
1696 3862 1721 3919 op

76 3940 164 4003 queat
184 3931 357 3988 substantia.
388 3928 499 3998 Quibus
514 3929 633 4000 quidem
657 3929 776 4000 objectis
790 3930 819 3988 id
848 3947 922 4003 prae·
975 3936 1006 3990 ia
1021 3935 1144 4014 omnibus
1160 3934 1183 4006 (l
1199 3935 1263 3990 Cor.
1283 3947 1333 4000 xri,
1349 3933 1387 4005 6).
1412 3934 1508 3991 Utitur
1526 3933 1604 3991 enim
1628 3936 1714 3993 nobis

75 4019 230 4077 dicendum
253 4019 388 4088 arbitror,
406 4019 482 4090 quod
495 4019 582 4091 juxta
597 4019 673 4089 ipsos
692 4034 811 4092 quoqne
825 4022 921 4092 philo·
976 4023 1132 4081 liciendum
1147 4035 1213 4093 quae
1228 4020 1300 4087 vult,
1328 4021 1413 4092 quasi
1429 4020 1638 4092 instrumentis,
1655 4031 1685 4081 et
1702 4023 1721 4082 it

73 4108 188 4179 sophos,
223 4115 251 4165 et
279 4109 441 4166 communis
469 4107 608 4164 sermonis
637 4121 734 4178 mum,
766 4123 918 4182 nunquam
976 4126 1033 4184 que
1048 4111 1141 4168 lacere
1155 4111 1254 4181 atiquo
1279 4111 1362 4166 modo
1376 4110 1485 4167 dicitur
1505 4126 1571 4182 quae
1595 4126 1648 4170 nos
1668 4112 1721 4171 lact

74 4198 201 4267 potentia
216 4199 359 4269 cujusque
382 4196 424 4254 rei
444 4195 593 4268 accipitur,
612 4196 668 4253 nisi
689 4197 718 4252 in
740 4198 862 4272 hisque
884 4201 921 4257 ad
937 4171 959 4228 Β
976 4201 1025 4271 ειι,
1044 4199 1211 4257 sicutdives
1229 4199 1336 4271 aliquis
1352 4206 1460 4257 turrem
1485 4215 1657 4272 componete
1673 4216 1721 4273 pet

73 4287 257 4344 commodum
270 4286 316 4344 vel
329 4286 497 4358 dignitatem
515 4286 607 4356 ipsius
620 4286 661 4342 rei
675 4294 815 4358 spectant,
832 4291 919 4347 Nemo
975 4304 1022 4347 ces
1036 4303 1110 4361 quos
1133 4287 1260 4357 adhibet,
1287 4296 1314 4346 et
1343 4303 1423 4359 posse
1451 4289 1550 4345 omnia
1579 4289 1694 4347 allicere
1716 4311 1721 4344 t

74 4376 152 4433 enim
172 4377 227 4434 hoc
240 4376 372 4448 potentie
391 4375 517 4433 hominis
545 4376 675 4448 deputat,
702 4377 843 4448 quoditie
869 4393 918 4436 su·
974 4379 1093 4451 quisive
1109 4391 1159 4448 per
1175 4391 1215 4446 se,
1242 4377 1302 4433 sive
1318 4392 1368 4448 per
1390 4379 1550 4450 subjectam
1575 4388 1721 4437 creaturas

73 4466 169 4537 perani
197 4466 281 4523 lacile
315 4473 417 4537 potest,
446 4465 504 4522 imo
531 4465 707 4538 impotentis
720 4474 747 4524 ει
780 4465 919 4525 debilitati
973 4467 1024 4524 nia
1046 4466 1189 4539 quaerutt
1207 4467 1394 4536 etquomodo
1418 4467 1482 4524 vult
1506 4476 1653 4538 operatur.
1678 4468 1722 4525 Ns

71 4555 144 4626 ejus,
159 4555 237 4627 quod
250 4555 370 4612 minime
395 4555 591 4611 resistcresuo
610 4561 703 4626 potest
727 4554 917 4627 incommodo,
973 4571 1031 4613 non
1055 4563 1146 4626 potest
1170 4554 1330 4626 ambulare,
1351 4562 1446 4613 tamen
1473 4556 1567 4613 lacere
1581 4565 1675 4627 potest
1701 4573 1721 4615 u

71 4652 100 4700 ct
114 4644 260 4715 quidquid
287 4644 323 4700 ad
351 4644 456 4701 vitium
475 4643 600 4701 hominis
623 4644 728 4716 vergit,
765 4645 918 4717 magisque
972 4645 1101 4715 buletur,
1128 4644 1182 4702 hoc
1208 4651 1307 4702 estut
1335 4645 1412 4702 alius
1440 4643 1579 4712 ambulet,
1600 4660 1668 4703 cum
1697 4648 1721 4718 ip

72 4746 224 4804 personam
247 4732 393 4803 improbat
422 4747 510 4804 quam
534 4733 724 4803 commendet,
741 4733 917 4804 imputentiae
971 4737 1026 4794 hoc
1046 4737 1091 4793 sui
1112 4735 1257 4792 creatione
1280 4749 1428 4807 quemque
1451 4744 1552 4807 aptum
1577 4747 1721 4807 praeparet

71 4825 169 4894 potins
195 4836 284 4894 quam
317 4821 450 4893 potentiae
476 4822 681 4880 ascribendum
711 4831 762 4880 est.
781 4823 862 4882 Unde
889 4831 917 4882 et
972 4825 1032 4896 ipso
1048 4824 1146 4883 -etiam
1173 4832 1240 4882 actu
1268 4826 1363 4894 ipsum
1393 4833 1541 4882 conservet
1570 4833 1598 4883 et
1626 4835 1721 4884 susten

71 4911 237 4970 Aristoteles
256 4912 427 4969 insecundo
446 4911 596 4983 qualitatis
616 4926 731 4984 genere,
760 4911 813 4970 uhi
837 4912 917 4969 scili·
971 4914 1049 4971 hunc
1072 4915 1120 4970 ille
1144 4922 1241 4970 actum
1265 4915 1386 4984 expleat.
1405 4914 1491 4971 Posse
1505 4914 1606 4986 itaque
1620 4915 1700 4973 Deus

70 5008 115 5058 cot
128 5001 164 5057 de
179 5001 306 5072 potentia
320 5000 448 5059 naturali
465 5008 494 5058 et
509 5002 676 5073 impotentia
702 5004 811 5075 agitur,
826 5016 915 5060 sana-
970 5002 1085 5071 dicitur,
1117 5014 1175 5058 non
1199 5001 1277 5073 quod
1308 5016 1407 5059 omnes
1440 5003 1588 5074 suscipere
1617 5003 1708 5075 possit

70 5093 203 5150 tirumet
217 5091 327 5150 durum
350 5090 386 5147 ad
407 5091 566 5162 potentiam
588 5090 712 5161 reducit,
732 5099 760 5150 et
775 5091 916 5165 egrotati-
968 5105 1031 5158 nos,
1061 5090 1110 5148 sed
1138 5090 1217 5163 quod
1240 5090 1271 5146 in
1302 5091 1516 5163 omnibusque
1544 5091 1608 5149 lieri
1637 5092 1718 5162 velit,

68 5195 139 5239 snm
154 5186 183 5237 et
210 5180 295 5238 molle
311 5180 348 5236 ad
367 5180 575 5252 impotentiam,
591 5195 658 5238 cnm
682 5188 780 5239 tamen
793 5187 918 5254 egrota·
967 5179 1032 5250 eius
1051 5179 1193 5237 voluntati
1214 5180 1346 5237 resistere
1365 5187 1463 5251 queat.
1482 5181 1556 5239 ilinc
1584 5181 1657 5239 illud
1677 5189 1721 5240 est

70 5267 163 5327 dium
178 5266 309 5326 dicamus
332 5268 384 5341 qui
407 5269 492 5328 lecito
509 5278 651 5343 egrotare
678 5277 782 5341 potest,
804 5268 859 5328 hoc
872 5274 916 5328 est
968 5268 998 5325 in
1030 5268 1218 5326 tinebirtdion
1244 5270 1348 5328 heatus
1372 5278 1580 5329 commemorat
1603 5271 1721 5345 August

69 5368 128 5412 non
151 5355 234 5415 tacite
257 5357 334 5415 valet
361 5357 429 5415 hnic
446 5359 574 5430 passioni
602 5358 745 5428 resistere,
771 5365 801 5417 et
825 5357 911 5416 molle
966 5359 1061 5431 illeque
1084 5358 1207 5415 enimsi
1230 5358 1310 5415 aliud
1331 5360 1465 5416 sanator
1492 5367 1607 5418 ademar
1633 5363 1721 5434 omnig

69 5443 908 5524 qnatbmtueeutantmutparipotucsanstirum
965 5447 1721 5533 accommodatiouttfflmmmqotea
