<?xml version="1.0" encoding="UTF-8"?>
<!DOCTYPE html PUBLIC "-//W3C//DTD XHTML 1.0 Transitional//EN"
    "http://www.w3.org/TR/xhtml1/DTD/xhtml1-transitional.dtd">
<html xmlns="http://www.w3.org/1999/xhtml" xml:lang="en" lang="en">
 <head>
  <title>
</title>
<meta http-equiv="Content-Type" content="text/html;charset=utf-8" />
  <meta name='ocr-system' content='tesseract 3.04.00' />
  <meta name='ocr-capabilities' content='ocr_page ocr_carea ocr_par ocr_line ocrx_word'/>
</head>
<body>
  <div class='ocr_page' id='page_1' title='image "./patrologiaecurs53unkngoog_0680.png"; bbox 0 0 3804 5962; ppageno 0'>
   <div class='ocr_carea' id='block_1_1' title="bbox 630 163 1774 267">
    <p class='ocr_par' dir='ltr' id='par_1_1' title="bbox 630 163 1774 267">
     <span class='ocr_line' id='line_1_1' title="bbox 630 163 1774 267; baseline -0.005 -16"><span class='ocrx_word' id='word_1_1' title='bbox 630 195 683 251; x_wconf 83' lang='lat' dir='ltr'><strong><em>stc</em></strong></span> <span class='ocrx_word' id='word_1_2' title='bbox 703 196 746 251; x_wconf 85' lang='lat' dir='ltr'><strong><em>sn</em></strong></span> <span class='ocrx_word' id='word_1_3' title='bbox 764 194 846 251; x_wconf 86' lang='lat' dir='ltr'><strong><em>nou.</em></strong></span> <span class='ocrx_word' id='word_1_4' title='bbox 867 220 902 236; x_wconf 86' lang='lat'><em>-</em></span> <span class='ocrx_word' id='word_1_5' title='bbox 920 194 1115 253; x_wconf 81' lang='grc'>33333333.</span> <span class='ocrx_word' id='word_1_6' title='bbox 1682 163 1774 267; x_wconf 76' lang='grc'>3313</span> 
     </span>
    </p>
   </div>
   <div class='ocr_carea' id='block_1_2' title="bbox 79 312 1835 5335">
    <p class='ocr_par' dir='ltr' id='par_1_2' title="bbox 79 312 1835 5335">
     <span class='ocr_line' id='line_1_2' title="bbox 82 312 1750 391; baseline -0.005 -14"><span class='ocrx_word' id='word_1_7' title='bbox 82 336 101 377; x_wconf 92' lang='lat' dir='ltr'><strong><em>n</em></strong></span> <span class='ocrx_word' id='word_1_8' title='bbox 128 320 242 390; x_wconf 88' lang='lat' dir='ltr'><strong><em>scriptis</em></strong></span> <span class='ocrx_word' id='word_1_9' title='bbox 262 328 430 376; x_wconf 90' lang='lat' dir='ltr'><strong><em>sanctorum</em></strong></span> <span class='ocrx_word' id='word_1_10' title='bbox 454 317 582 391; x_wconf 80' lang='lat' dir='ltr'><strong><em>diligens</em></strong></span> <span class='ocrx_word' id='word_1_11' title='bbox 608 319 695 377; x_wconf 90' lang='lat' dir='ltr'><strong><em>lector</em></strong></span> <span class='ocrx_word' id='word_1_12' title='bbox 718 328 838 378; x_wconf 84' lang='lat' dir='ltr'><strong><em>attenta·</em></strong></span> <span class='ocrx_word' id='word_1_13' title='bbox 856 326 879 377; x_wconf 79' lang='lat' dir='ltr'><strong><em>s.</em></strong></span> <span class='ocrx_word' id='word_1_14' title='bbox 894 324 1003 374; x_wconf 86' lang='lat' dir='ltr'><strong><em>ritatem</em></strong></span> <span class='ocrx_word' id='word_1_15' title='bbox 1027 322 1119 374; x_wconf 87' lang='grc'>113131</span> <span class='ocrx_word' id='word_1_16' title='bbox 1140 317 1273 386; x_wconf 71' lang='lat' dir='ltr'><strong><em>proximi,</em></strong></span> <span class='ocrx_word' id='word_1_17' title='bbox 1300 313 1424 368; x_wconf 88' lang='lat' dir='ltr'><strong><em>nondum</em></strong></span> <span class='ocrx_word' id='word_1_18' title='bbox 1444 313 1591 368; x_wconf 74' lang='lat' dir='ltr'><strong><em>intellexit.</em></strong></span> <span class='ocrx_word' id='word_1_19' title='bbox 1620 312 1750 383; x_wconf 76' lang='lat' dir='ltr'><strong><em>Quisquis</em></strong></span> 
     </span>
     <span class='ocr_line' id='line_1_3' title="bbox 79 401 1746 478; baseline -0.005 -14"><span class='ocrx_word' id='word_1_20' title='bbox 79 407 159 476; x_wconf 83' lang='lat' dir='ltr'><strong><em>Quod</em></strong></span> <span class='ocrx_word' id='word_1_21' title='bbox 179 406 204 462; x_wconf 90' lang='lat' dir='ltr'><strong><em>si</em></strong></span> <span class='ocrx_word' id='word_1_22' title='bbox 228 404 299 462; x_wconf 87' lang='lat' dir='ltr'><strong><em>torte</em></strong></span> <span class='ocrx_word' id='word_1_23' title='bbox 324 405 393 462; x_wconf 88' lang='lat' dir='ltr'><strong><em>adeo</em></strong></span> <span class='ocrx_word' id='word_1_24' title='bbox 410 405 562 462; x_wconf 88' lang='lat' dir='ltr'><strong><em>manilesta</em></strong></span> <span class='ocrx_word' id='word_1_25' title='bbox 589 405 844 478; x_wconf 84' lang='lat' dir='ltr'><strong><em>sitcoutroversia,</em></strong></span> <span class='ocrx_word' id='word_1_26' title='bbox 899 424 961 463; x_wconf 87' lang='lat' dir='ltr'><strong><em>uero</em></strong></span> <span class='ocrx_word' id='word_1_27' title='bbox 990 406 1164 471; x_wconf 62' lang='lat' dir='ltr'><strong><em>catenatae</em></strong></span> <span class='ocrx_word' id='word_1_28' title='bbox 1187 404 1350 460; x_wconf 74' lang='lat' dir='ltr'><strong><em>sententiam</em></strong></span> <span class='ocrx_word' id='word_1_29' title='bbox 1377 401 1492 470; x_wconf 81' lang='lat' dir='ltr'><strong><em>diaerit,</em></strong></span> <span class='ocrx_word' id='word_1_30' title='bbox 1526 405 1556 457; x_wconf 92' lang='lat' dir='ltr'><strong><em>ut</em></strong></span> <span class='ocrx_word' id='word_1_31' title='bbox 1574 402 1635 456; x_wconf 88' lang='lat' dir='ltr'><strong><em>buic</em></strong></span> <span class='ocrx_word' id='word_1_32' title='bbox 1659 402 1746 474; x_wconf 76' lang='lat' dir='ltr'><strong><em>unip-</em></strong></span> 
     </span>
     <span class='ocr_line' id='line_1_4' title="bbox 79 491 1749 564; baseline -0.003 -13"><span class='ocrx_word' id='word_1_33' title='bbox 79 494 144 553; x_wconf 66' lang='lat' dir='ltr'><strong><em>rulla</em></strong></span> <span class='ocrx_word' id='word_1_34' title='bbox 166 495 254 564; x_wconf 80' lang='lat' dir='ltr'><strong>possit</strong></span> <span class='ocrx_word' id='word_1_35' title='bbox 275 494 386 550; x_wconf 85' lang='lat' dir='ltr'><strong><em>absolvi</em></strong></span> <span class='ocrx_word' id='word_1_36' title='bbox 414 494 536 561; x_wconf 88' lang='lat' dir='ltr'><strong><em>ratione,</em></strong></span> <span class='ocrx_word' id='word_1_37' title='bbox 568 492 749 551; x_wconf 79' lang='lat' dir='ltr'><strong><em>conferendae</em></strong></span> <span class='ocrx_word' id='word_1_38' title='bbox 777 504 846 553; x_wconf 87' lang='lat' dir='ltr'><strong><em>sunt</em></strong></span> <span class='ocrx_word' id='word_1_39' title='bbox 900 492 1521 556; x_wconf 79' lang='grc'>33333313311311311311113333131333133</span> <span class='ocrx_word' id='word_1_40' title='bbox 1545 491 1658 559; x_wconf 82' lang='lat' dir='ltr'><strong><em>dicerit,</em></strong></span> <span class='ocrx_word' id='word_1_41' title='bbox 1674 492 1749 561; x_wconf 88' lang='lat' dir='ltr'><strong><em>qued</em></strong></span> 
     </span>
     <span class='ocr_line' id='line_1_5' title="bbox 79 575 1747 657; baseline -0.004 -18"><span class='ocrx_word' id='word_1_42' title='bbox 79 585 195 648; x_wconf 84' lang='grc'>13113133,</span> <span class='ocrx_word' id='word_1_43' title='bbox 210 590 237 638; x_wconf 88' lang='grc'><strong><em>31</em></strong></span> <span class='ocrx_word' id='word_1_44' title='bbox 257 596 324 653; x_wconf 79' lang='lat' dir='ltr'><strong><em>qum</em></strong></span> <span class='ocrx_word' id='word_1_45' title='bbox 350 575 468 653; x_wconf 83' lang='lat' dir='ltr'><strong><em>potioris</em></strong></span> <span class='ocrx_word' id='word_1_46' title='bbox 492 589 533 639; x_wconf 84' lang='lat' dir='ltr'><strong><em>est</em></strong></span> <span class='ocrx_word' id='word_1_47' title='bbox 562 582 718 638; x_wconf 87' lang='lat' dir='ltr'><strong><em>testimonii</em></strong></span> <span class='ocrx_word' id='word_1_48' title='bbox 737 587 847 641; x_wconf 67' lang='grc'>311113-</span> <span class='ocrx_word' id='word_1_49' title='bbox 902 586 947 646; x_wconf 83' lang='grc'>1113</span> <span class='ocrx_word' id='word_1_50' title='bbox 962 602 1044 657; x_wconf 82' lang='grc'>33331</span> <span class='ocrx_word' id='word_1_51' title='bbox 1062 578 1131 653; x_wconf 79' lang='grc'>’13311</span> <span class='ocrx_word' id='word_1_52' title='bbox 1153 601 1182 639; x_wconf 89' lang='grc'><strong><em>33</em></strong></span> <span class='ocrx_word' id='word_1_53' title='bbox 1197 585 1254 639; x_wconf 85' lang='grc'>1333</span> <span class='ocrx_word' id='word_1_54' title='bbox 1276 583 1392 638; x_wconf 79' lang='lat' dir='ltr'><strong><em>sensisse</em></strong></span> <span class='ocrx_word' id='word_1_55' title='bbox 1411 580 1631 651; x_wconf 63' lang='lat' dir='ltr'><strong><em>processuum</em></strong></span> <span class='ocrx_word' id='word_1_56' title='bbox 1651 581 1747 649; x_wconf 88' lang='lat' dir='ltr'><strong><em>perni-</em></strong></span> 
     </span>
     <span class='ocr_line' id='line_1_6' title="bbox 97 666 1750 743; baseline -0.003 -16"><span class='ocrx_word' id='word_1_57' title='bbox 97 670 335 737; x_wconf 85' lang='lat' dir='ltr'><strong><em>condrmationis,</em></strong></span> <span class='ocrx_word' id='word_1_58' title='bbox 364 670 544 739; x_wconf 89' lang='lat' dir='ltr'><strong><em>potissimum</em></strong></span> <span class='ocrx_word' id='word_1_59' title='bbox 576 671 735 727; x_wconf 87' lang='lat' dir='ltr'><strong><em>retinenda.</em></strong></span> <span class='ocrx_word' id='word_1_60' title='bbox 766 672 846 730; x_wconf 83' lang='lat' dir='ltr'><strong><em>Unde</em></strong></span> <span class='ocrx_word' id='word_1_61' title='bbox 901 666 1106 743; x_wconf 74' lang='lat' dir='ltr'><strong><em>ciosetattitur,</em></strong></span> <span class='ocrx_word' id='word_1_62' title='bbox 1133 689 1180 728; x_wconf 89' lang='grc'><strong><em>333</em></strong></span> <span class='ocrx_word' id='word_1_63' title='bbox 1197 674 1306 728; x_wconf 90' lang='lat' dir='ltr'><strong><em>omnino</em></strong></span> <span class='ocrx_word' id='word_1_64' title='bbox 1319 674 1461 728; x_wconf 87' lang='lat' dir='ltr'><strong><em>mentitur.</em></strong></span> <span class='ocrx_word' id='word_1_65' title='bbox 1485 671 1557 724; x_wconf 86' lang='lat' dir='ltr'><strong><em>inest</em></strong></span> <span class='ocrx_word' id='word_1_66' title='bbox 1593 670 1695 737; x_wconf 85' lang='lat' dir='ltr'><strong><em>quippe</em></strong></span> <span class='ocrx_word' id='word_1_67' title='bbox 1720 669 1750 722; x_wconf 88' lang='lat' dir='ltr'><strong><em>in</em></strong></span> 
     </span>
     <span class='ocr_line' id='line_1_7' title="bbox 92 757 1752 830; baseline -0.003 -14"><span class='ocrx_word' id='word_1_68' title='bbox 92 767 134 816; x_wconf 89' lang='lat' dir='ltr'><strong><em>est</em></strong></span> <span class='ocrx_word' id='word_1_69' title='bbox 156 757 257 815; x_wconf 81' lang='lat' dir='ltr'>Isidori</span> <span class='ocrx_word' id='word_1_70' title='bbox 282 758 318 813; x_wconf 93' lang='lat' dir='ltr'><strong><em>ad</em></strong></span> <span class='ocrx_word' id='word_1_71' title='bbox 344 757 514 814; x_wconf 78' lang='grc'>1133313333]</span> <span class='ocrx_word' id='word_1_72' title='bbox 534 758 727 829; x_wconf 87' lang='lat' dir='ltr'><strong><em>episcopum:</em></strong></span> <span class='ocrx_word' id='word_1_73' title='bbox 746 761 847 830; x_wconf 77' lang='grc'>131133</span> <span class='ocrx_word' id='word_1_74' title='bbox 901 767 1047 820; x_wconf 88' lang='lat' dir='ltr'><strong><em>mentiente</em></strong></span> <span class='ocrx_word' id='word_1_75' title='bbox 1059 765 1186 818; x_wconf 88' lang='lat' dir='ltr'><strong><em>voluntas</em></strong></span> <span class='ocrx_word' id='word_1_76' title='bbox 1212 764 1288 830; x_wconf 79' lang='lat' dir='ltr'><strong><em>falsa</em></strong></span> <span class='ocrx_word' id='word_1_77' title='bbox 1312 761 1430 816; x_wconf 87' lang='lat' dir='ltr'><strong><em>dicendi.</em></strong></span> <span class='ocrx_word' id='word_1_78' title='bbox 1454 761 1525 815; x_wconf 83' lang='lat' dir='ltr'><strong><em>Item</em></strong></span> <span class='ocrx_word' id='word_1_79' title='bbox 1546 762 1647 812; x_wconf 93' lang='lat' dir='ltr'><strong><em>contra</em></strong></span> <span class='ocrx_word' id='word_1_80' title='bbox 1666 770 1752 812; x_wconf 90' lang='lat' dir='ltr'><strong><em>men·</em></strong></span> 
     </span>
     <span class='ocr_line' id='line_1_8' title="bbox 79 845 1749 923; baseline -0.003 -21"><span class='ocrx_word' id='word_1_81' title='bbox 79 864 90 902; x_wconf 80' lang='grc'><strong><em>3</em></strong></span> <span class='ocrx_word' id='word_1_82' title='bbox 113 847 232 916; x_wconf 82' lang='grc'>33131313</span> <span class='ocrx_word' id='word_1_83' title='bbox 254 845 303 900; x_wconf 83' lang='lat' dir='ltr'><strong><em>boc</em></strong></span> <span class='ocrx_word' id='word_1_84' title='bbox 326 845 517 900; x_wconf 87' lang='lat' dir='ltr'><strong><em>adducendum</em></strong></span> <span class='ocrx_word' id='word_1_85' title='bbox 548 849 657 916; x_wconf 87' lang='lat' dir='ltr'><strong><em>putaui,</em></strong></span> <span class='ocrx_word' id='word_1_86' title='bbox 673 851 705 901; x_wconf 91' lang='lat' dir='ltr'><strong><em>ut</em></strong></span> <span class='ocrx_word' id='word_1_87' title='bbox 725 851 847 918; x_wconf 86' lang='lat' dir='ltr'><strong><em>quoties·</em></strong></span> <span class='ocrx_word' id='word_1_88' title='bbox 900 851 1016 908; x_wconf 89' lang='lat' dir='ltr'><strong><em>dacium</em></strong></span> <span class='ocrx_word' id='word_1_89' title='bbox 1040 852 1096 923; x_wconf 87' lang='grc'>(111,</span> <span class='ocrx_word' id='word_1_90' title='bbox 1112 850 1180 920; x_wconf 82' lang='grc'>1111)</span> <span class='ocrx_word' id='word_1_91' title='bbox 1199 866 1204 904; x_wconf 94' lang='lat'><strong>:</strong></span> <span class='ocrx_word' id='word_1_92' title='bbox 1231 849 1404 905; x_wconf 78' lang='lat' dir='ltr'><strong><em>Mendacium</em></strong></span> <span class='ocrx_word' id='word_1_93' title='bbox 1427 851 1467 903; x_wconf 88' lang='lat' dir='ltr'><strong><em>est</em></strong></span> <span class='ocrx_word' id='word_1_94' title='bbox 1490 845 1749 914; x_wconf 73' lang='grc'>[313331333333113</span> 
     </span>
     <span class='ocr_line' id='line_1_9' title="bbox 79 931 1747 1005; baseline -0.002 -15"><span class='ocrx_word' id='word_1_95' title='bbox 79 950 105 990; x_wconf 85' lang='lat' dir='ltr'><strong><em>ue</em></strong></span> <span class='ocrx_word' id='word_1_96' title='bbox 123 937 154 989; x_wconf 90' lang='lat' dir='ltr'><strong><em>in</em></strong></span> <span class='ocrx_word' id='word_1_97' title='bbox 172 935 255 1002; x_wconf 87' lang='lat' dir='ltr'><strong><em>pestis</em></strong></span> <span class='ocrx_word' id='word_1_98' title='bbox 280 936 455 991; x_wconf 86' lang='lat' dir='ltr'><strong><em>conciliorum</em></strong></span> <span class='ocrx_word' id='word_1_99' title='bbox 480 935 584 989; x_wconf 89' lang='lat' dir='ltr'><strong><em>discors</em></strong></span> <span class='ocrx_word' id='word_1_100' title='bbox 611 939 749 991; x_wconf 86' lang='lat' dir='ltr'><strong><em>sententia</em></strong></span> <span class='ocrx_word' id='word_1_101' title='bbox 774 939 848 993; x_wconf 88' lang='lat' dir='ltr'><strong><em>inue-</em></strong></span> <span class='ocrx_word' id='word_1_102' title='bbox 901 938 1428 1005; x_wconf 74' lang='grc'>3331333313331331313131133311.131331</span> <span class='ocrx_word' id='word_1_103' title='bbox 1444 938 1474 992; x_wconf 93' lang='lat' dir='ltr'><strong><em>in</em></strong></span> <span class='ocrx_word' id='word_1_104' title='bbox 1494 933 1663 991; x_wconf 84' lang='lat' dir='ltr'><strong><em>Euchiridio</em></strong></span> <span class='ocrx_word' id='word_1_105' title='bbox 1683 931 1747 1002; x_wconf 84' lang='lat' dir='ltr'><strong><em>(Vl,</em></strong></span> 
     </span>
     <span class='ocr_line' id='line_1_10' title="bbox 82 1021 1752 1101; baseline -0.002 -23"><span class='ocrx_word' id='word_1_106' title='bbox 82 1024 319 1088; x_wconf 87' lang='lat' dir='ltr'><strong><em>,illiusteneatur</em></strong></span> <span class='ocrx_word' id='word_1_107' title='bbox 333 1025 422 1091; x_wconf 85' lang='lat' dir='ltr'><strong><em>maqis</em></strong></span> <span class='ocrx_word' id='word_1_108' title='bbox 446 1025 594 1092; x_wconf 83' lang='lat' dir='ltr'><strong><em>sententia,</em></strong></span> <span class='ocrx_word' id='word_1_109' title='bbox 613 1024 692 1093; x_wconf 89' lang='lat' dir='ltr'><strong><em>cujus</em></strong></span> <span class='ocrx_word' id='word_1_110' title='bbox 707 1027 848 1097; x_wconf 78' lang='lat' dir='ltr'><strong><em>antiquior</em></strong></span> <span class='ocrx_word' id='word_1_111' title='bbox 900 1030 975 1101; x_wconf 73' lang='lat'><strong><em>202),</em></strong></span> <span class='ocrx_word' id='word_1_112' title='bbox 1006 1042 1069 1098; x_wconf 90' lang='lat' dir='ltr'><strong><em>cap.</em></strong></span> <span class='ocrx_word' id='word_1_113' title='bbox 1094 1029 1127 1082; x_wconf 73' lang='lat'><strong><em>23</em></strong></span> <span class='ocrx_word' id='word_1_114' title='bbox 1158 1043 1165 1082; x_wconf 92' lang='lat'>:</span> <span class='ocrx_word' id='word_1_115' title='bbox 1206 1028 1287 1084; x_wconf 88' lang='lat' dir='ltr'><strong><em>Nemo</em></strong></span> <span class='ocrx_word' id='word_1_116' title='bbox 1323 1042 1387 1081; x_wconf 89' lang='lat' dir='ltr'><strong><em>sane</em></strong></span> <span class='ocrx_word' id='word_1_117' title='bbox 1420 1025 1551 1080; x_wconf 88' lang='lat' dir='ltr'><strong><em>mentiens</em></strong></span> <span class='ocrx_word' id='word_1_118' title='bbox 1579 1021 1752 1092; x_wconf 81' lang='lat' dir='ltr'><strong><em>judicandus</em></strong></span> 
     </span>
     <span class='ocr_line' id='line_1_11' title="bbox 79 1111 1749 1186; baseline 0.001 -22"><span class='ocrx_word' id='word_1_119' title='bbox 79 1114 435 1167; x_wconf 78' lang='grc'>1311333331313331331133.</span> <span class='ocrx_word' id='word_1_120' title='bbox 456 1111 573 1167; x_wconf 78' lang='lat' dir='ltr'><strong><em>Constat</em></strong></span> <span class='ocrx_word' id='word_1_121' title='bbox 597 1126 665 1168; x_wconf 87' lang='lat' dir='ltr'><strong><em>vero</em></strong></span> <span class='ocrx_word' id='word_1_122' title='bbox 679 1120 707 1169; x_wconf 88' lang='grc'><strong><em>31</em></strong></span> <span class='ocrx_word' id='word_1_123' title='bbox 725 1113 848 1184; x_wconf 86' lang='lat' dir='ltr'><strong><em>propbe-</em></strong></span> <span class='ocrx_word' id='word_1_124' title='bbox 901 1122 952 1184; x_wconf 89' lang='grc'>331,</span> <span class='ocrx_word' id='word_1_125' title='bbox 972 1119 1021 1184; x_wconf 88' lang='lat' dir='ltr'><strong><em>qm·</em></strong></span> <span class='ocrx_word' id='word_1_126' title='bbox 1044 1116 1112 1171; x_wconf 89' lang='lat' dir='ltr'><strong><em>dicit</em></strong></span> <span class='ocrx_word' id='word_1_127' title='bbox 1140 1116 1255 1184; x_wconf 80' lang='lat' dir='ltr'><strong><em>salsum,</em></strong></span> <span class='ocrx_word' id='word_1_128' title='bbox 1272 1116 1345 1186; x_wconf 87' lang='lat' dir='ltr'><strong><em>qaod</em></strong></span> <span class='ocrx_word' id='word_1_129' title='bbox 1371 1119 1453 1184; x_wconf 89' lang='lat' dir='ltr'><strong><em>putot</em></strong></span> <span class='ocrx_word' id='word_1_130' title='bbox 1476 1128 1568 1168; x_wconf 86' lang='lat' dir='ltr'><strong><em>uuum</em></strong></span> <span class='ocrx_word' id='word_1_131' title='bbox 1583 1128 1590 1179; x_wconf 90' lang='grc'><strong>;</strong></span> <span class='ocrx_word' id='word_1_132' title='bbox 1607 1112 1749 1177; x_wconf 88' lang='lat' dir='ltr'><strong><em>quoniam,</em></strong></span> 
     </span>
     <span class='ocr_line' id='line_1_12' title="bbox 79 1197 1750 1272; baseline -0.002 -16"><span class='ocrx_word' id='word_1_133' title='bbox 79 1213 136 1269; x_wconf 79' lang='grc'>3333</span> <span class='ocrx_word' id='word_1_134' title='bbox 164 1200 341 1271; x_wconf 89' lang='lat' dir='ltr'><strong><em>quaudoque</em></strong></span> <span class='ocrx_word' id='word_1_135' title='bbox 369 1199 524 1271; x_wconf 78' lang='lat' dir='ltr'><strong><em>prophetia</em></strong></span> <span class='ocrx_word' id='word_1_136' title='bbox 538 1200 645 1270; x_wconf 70' lang='lat' dir='ltr'><strong><em>[gratia</em></strong></span> <span class='ocrx_word' id='word_1_137' title='bbox 661 1201 798 1269; x_wconf 82' lang='lat' dir='ltr'><strong><em>caruisse,</em></strong></span> <span class='ocrx_word' id='word_1_138' title='bbox 820 1209 848 1259; x_wconf 89' lang='grc'><strong><em>33</em></strong></span> <span class='ocrx_word' id='word_1_139' title='bbox 902 1209 1036 1271; x_wconf 89' lang='lat' dir='ltr'><strong><em>quantam</em></strong></span> <span class='ocrx_word' id='word_1_140' title='bbox 1057 1203 1158 1272; x_wconf 85' lang='lat' dir='ltr'><strong><em>inipso</em></strong></span> <span class='ocrx_word' id='word_1_141' title='bbox 1177 1206 1226 1269; x_wconf 91' lang='lat' dir='ltr'><strong><em>est,</em></strong></span> <span class='ocrx_word' id='word_1_142' title='bbox 1248 1217 1302 1255; x_wconf 89' lang='lat' dir='ltr'><strong><em>non</em></strong></span> <span class='ocrx_word' id='word_1_143' title='bbox 1315 1201 1391 1268; x_wconf 74' lang='lat' dir='ltr'><strong><em>tottii</em></strong></span> <span class='ocrx_word' id='word_1_144' title='bbox 1410 1205 1477 1272; x_wconf 89' lang='lat' dir='ltr'><strong><em>ipse,</em></strong></span> <span class='ocrx_word' id='word_1_145' title='bbox 1490 1198 1536 1253; x_wconf 88' lang='lat' dir='ltr'><strong><em>sed</em></strong></span> <span class='ocrx_word' id='word_1_146' title='bbox 1550 1199 1673 1264; x_wconf 76' lang='lat' dir='ltr'><strong><em>totlitur.</em></strong></span> <span class='ocrx_word' id='word_1_147' title='bbox 1691 1197 1750 1256; x_wconf 86' lang='lat' dir='ltr'><strong><em>Non</em></strong></span> 
     </span>
     <span class='ocr_line' id='line_1_13' title="bbox 79 1288 1750 1360; baseline -0.002 -17"><span class='ocrx_word' id='word_1_148' title='bbox 79 1289 143 1344; x_wconf 73' lang='grc'>,3113</span> <span class='ocrx_word' id='word_1_149' title='bbox 157 1302 195 1344; x_wconf 83' lang='lat' dir='ltr'><strong><em>ex</em></strong></span> <span class='ocrx_word' id='word_1_150' title='bbox 205 1302 261 1345; x_wconf 92' lang='lat' dir='ltr'><strong><em>usu</em></strong></span> <span class='ocrx_word' id='word_1_151' title='bbox 278 1288 477 1358; x_wconf 88' lang='lat' dir='ltr'><strong><em>prophetandi,</em></strong></span> <span class='ocrx_word' id='word_1_152' title='bbox 498 1301 607 1344; x_wconf 87' lang='lat' dir='ltr'><strong><em>cumse</em></strong></span> <span class='ocrx_word' id='word_1_153' title='bbox 622 1288 758 1358; x_wconf 88' lang='lat' dir='ltr'><strong><em>spiritum</em></strong></span> <span class='ocrx_word' id='word_1_154' title='bbox 782 1303 846 1360; x_wconf 89' lang='lat' dir='ltr'><strong><em>pro·</em></strong></span> <span class='ocrx_word' id='word_1_155' title='bbox 902 1295 996 1359; x_wconf 86' lang='lat' dir='ltr'><strong><em>itaque</em></strong></span> <span class='ocrx_word' id='word_1_156' title='bbox 1014 1291 1161 1357; x_wconf 86' lang='lat' dir='ltr'><strong><em>mendacii,</em></strong></span> <span class='ocrx_word' id='word_1_157' title='bbox 1188 1290 1235 1346; x_wconf 89' lang='lat' dir='ltr'><strong><em>sed</em></strong></span> <span class='ocrx_word' id='word_1_158' title='bbox 1269 1289 1419 1356; x_wconf 87' lang='lat' dir='ltr'><strong><em>aliquande</em></strong></span> <span class='ocrx_word' id='word_1_159' title='bbox 1440 1289 1603 1344; x_wconf 87' lang='lat' dir='ltr'><strong><em>temeritatis</em></strong></span> <span class='ocrx_word' id='word_1_160' title='bbox 1630 1299 1750 1354; x_wconf 79' lang='lat' dir='ltr'><strong><em>anquen-</em></strong></span> 
     </span>
     <span class='ocr_line' id='line_1_14' title="bbox 80 1371 1748 1448; baseline -0.002 -16"><span class='ocrx_word' id='word_1_161' title='bbox 80 1390 105 1432; x_wconf 81' lang='grc'><strong><em>33</em></strong></span> <span class='ocrx_word' id='word_1_162' title='bbox 120 1376 225 1433; x_wconf 89' lang='lat' dir='ltr'><strong><em>babere</em></strong></span> <span class='ocrx_word' id='word_1_163' title='bbox 240 1376 399 1443; x_wconf 79' lang='lat' dir='ltr'><strong><em>crederent,</em></strong></span> <span class='ocrx_word' id='word_1_164' title='bbox 415 1390 467 1446; x_wconf 89' lang='lat' dir='ltr'><strong><em>per</em></strong></span> <span class='ocrx_word' id='word_1_165' title='bbox 494 1375 630 1446; x_wconf 90' lang='lat' dir='ltr'><strong><em>spiritum</em></strong></span> <span class='ocrx_word' id='word_1_166' title='bbox 659 1390 746 1433; x_wconf 90' lang='lat' dir='ltr'><strong><em>suum</em></strong></span> <span class='ocrx_word' id='word_1_167' title='bbox 776 1377 848 1434; x_wconf 87' lang='lat' dir='ltr'><strong><em>laisa</em></strong></span> <span class='ocrx_word' id='word_1_168' title='bbox 901 1381 953 1436; x_wconf 88' lang='lat' dir='ltr'><strong><em>dus</em></strong></span> <span class='ocrx_word' id='word_1_169' title='bbox 967 1386 1007 1436; x_wconf 90' lang='lat' dir='ltr'><strong><em>est</em></strong></span> <span class='ocrx_word' id='word_1_170' title='bbox 1032 1383 1082 1446; x_wconf 84' lang='lat' dir='ltr'><strong><em>qui</em></strong></span> <span class='ocrx_word' id='word_1_171' title='bbox 1103 1381 1179 1448; x_wconf 67' lang='lat' dir='ltr'><strong><em>suisa</em></strong></span> <span class='ocrx_word' id='word_1_172' title='bbox 1202 1381 1342 1434; x_wconf 86' lang='lat' dir='ltr'><strong><em>incautius</em></strong></span> <span class='ocrx_word' id='word_1_173' title='bbox 1366 1378 1471 1433; x_wconf 88' lang='lat' dir='ltr'><strong><em>credita</em></strong></span> <span class='ocrx_word' id='word_1_174' title='bbox 1500 1393 1553 1447; x_wconf 85' lang='lat' dir='ltr'><strong><em>pro</em></strong></span> <span class='ocrx_word' id='word_1_175' title='bbox 1567 1376 1638 1431; x_wconf 84' lang='lat' dir='ltr'><strong><em>veris</em></strong></span> <span class='ocrx_word' id='word_1_176' title='bbox 1658 1371 1748 1429; x_wconf 86' lang='grc'>13131.</span> 
     </span>
     <span class='ocr_line' id='line_1_15' title="bbox 79 1463 1748 1537; baseline -0.002 -17"><span class='ocrx_word' id='word_1_177' title='bbox 79 1463 179 1531; x_wconf 85' lang='grc'>311333;</span> <span class='ocrx_word' id='word_1_178' title='bbox 196 1470 224 1521; x_wconf 89' lang='grc'><strong><em>31</em></strong></span> <span class='ocrx_word' id='word_1_179' title='bbox 249 1463 404 1522; x_wconf 89' lang='lat' dir='ltr'><strong><em>boceisad</em></strong></span> <span class='ocrx_word' id='word_1_180' title='bbox 419 1464 770 1522; x_wconf 82' lang='lat' dir='ltr'><strong><em>humilitatiscustodiam</em></strong></span> <span class='ocrx_word' id='word_1_181' title='bbox 785 1480 848 1537; x_wconf 89' lang='lat' dir='ltr'><strong><em>per·</em></strong></span> <span class='ocrx_word' id='word_1_182' title='bbox 904 1469 1028 1525; x_wconf 84' lang='lat' dir='ltr'><strong><em>Potiuse</em></strong></span> <span class='ocrx_word' id='word_1_183' title='bbox 1053 1469 1191 1523; x_wconf 77' lang='lat' dir='ltr'><strong><em>conuerte</em></strong></span> <span class='ocrx_word' id='word_1_184' title='bbox 1216 1468 1263 1523; x_wconf 88' lang='lat' dir='ltr'><strong><em>itte</em></strong></span> <span class='ocrx_word' id='word_1_185' title='bbox 1291 1469 1431 1536; x_wconf 83' lang='lat' dir='ltr'><strong><em>mentitur,</em></strong></span> <span class='ocrx_word' id='word_1_186' title='bbox 1461 1468 1509 1532; x_wconf 87' lang='lat' dir='ltr'><strong><em>qui</em></strong></span> <span class='ocrx_word' id='word_1_187' title='bbox 1542 1465 1617 1519; x_wconf 77' lang='lat' dir='ltr'><strong><em>dimit</em></strong></span> <span class='ocrx_word' id='word_1_188' title='bbox 1643 1477 1748 1528; x_wconf 78' lang='lat' dir='ltr'><strong><em>uuum,</em></strong></span> 
     </span>
     <span class='ocr_line' id='line_1_16' title="bbox 79 1550 1751 1653; baseline -0.003 -45"><span class='ocrx_word' id='word_1_189' title='bbox 79 1566 124 1608; x_wconf 87' lang='lat' dir='ltr'><strong><em>um</em></strong></span> <span class='ocrx_word' id='word_1_190' title='bbox 140 1565 210 1617; x_wconf 88' lang='lat' dir='ltr'><strong><em>esse,</em></strong></span> <span class='ocrx_word' id='word_1_191' title='bbox 235 1559 268 1608; x_wconf 89' lang='lat' dir='ltr'><strong><em>ut</em></strong></span> <span class='ocrx_word' id='word_1_192' title='bbox 292 1553 332 1608; x_wconf 88' lang='lat' dir='ltr'><strong><em>sic</em></strong></span> <span class='ocrx_word' id='word_1_193' title='bbox 360 1551 492 1609; x_wconf 87' lang='lat' dir='ltr'><strong><em>videlicet</em></strong></span> <span class='ocrx_word' id='word_1_194' title='bbox 512 1552 609 1609; x_wconf 85' lang='lat' dir='ltr'><strong><em>verius</em></strong></span> <span class='ocrx_word' id='word_1_195' title='bbox 632 1562 843 1626; x_wconf 58' lang='lat' dir='ltr'><strong><em>cognoscerent,</em></strong></span> <span class='ocrx_word' id='word_1_196' title='bbox 864 1599 885 1653; x_wconf 72' lang='lat' dir='ltr'>B</span> <span class='ocrx_word' id='word_1_197' title='bbox 903 1556 976 1627; x_wconf 88' lang='lat' dir='ltr'><strong><em>qaod</em></strong></span> <span class='ocrx_word' id='word_1_198' title='bbox 996 1558 1079 1627; x_wconf 85' lang='grc'>33131</span> <span class='ocrx_word' id='word_1_199' title='bbox 1101 1554 1213 1622; x_wconf 78' lang='lat' dir='ltr'><strong><em>falsum,</em></strong></span> <span class='ocrx_word' id='word_1_200' title='bbox 1241 1558 1374 1625; x_wconf 84' lang='lat' dir='ltr'><strong><em>quantum</em></strong></span> <span class='ocrx_word' id='word_1_201' title='bbox 1393 1555 1467 1609; x_wconf 85' lang='lat' dir='ltr'><strong><em>enim</em></strong></span> <span class='ocrx_word' id='word_1_202' title='bbox 1491 1552 1528 1608; x_wconf 84' lang='lat' dir='ltr'><strong><em>ad</em></strong></span> <span class='ocrx_word' id='word_1_203' title='bbox 1546 1553 1667 1607; x_wconf 86' lang='lat' dir='ltr'><strong><em>animum</em></strong></span> <span class='ocrx_word' id='word_1_204' title='bbox 1692 1550 1751 1619; x_wconf 83' lang='lat' dir='ltr'><strong><em>ejus</em></strong></span> 
     </span>
     <span class='ocr_line' id='line_1_17' title="bbox 79 1639 1751 1714; baseline -0.002 -18"><span class='ocrx_word' id='word_1_205' title='bbox 79 1653 105 1696; x_wconf 83' lang='lat' dir='ltr'><strong><em>es</em></strong></span> <span class='ocrx_word' id='word_1_206' title='bbox 119 1639 318 1709; x_wconf 82' lang='lat' dir='ltr'><strong><em>perspiritum</em></strong></span> <span class='ocrx_word' id='word_1_207' title='bbox 333 1639 394 1702; x_wconf 88' lang='lat' dir='ltr'><strong><em>Dei,</em></strong></span> <span class='ocrx_word' id='word_1_208' title='bbox 415 1646 443 1695; x_wconf 89' lang='lat' dir='ltr'><strong><em>ct</em></strong></span> <span class='ocrx_word' id='word_1_209' title='bbox 458 1639 559 1710; x_wconf 83' lang='lat' dir='ltr'><strong><em>quales</em></strong></span> <span class='ocrx_word' id='word_1_210' title='bbox 574 1654 625 1710; x_wconf 86' lang='lat' dir='ltr'><strong><em>per</em></strong></span> <span class='ocrx_word' id='word_1_211' title='bbox 643 1654 730 1697; x_wconf 90' lang='lat' dir='ltr'><strong><em>suum</em></strong></span> <span class='ocrx_word' id='word_1_212' title='bbox 743 1641 846 1699; x_wconf 82' lang='lat' dir='ltr'><strong><em>existe·</em></strong></span> <span class='ocrx_word' id='word_1_213' title='bbox 905 1648 1013 1708; x_wconf 85' lang='lat' dir='ltr'><strong><em>attinet,</em></strong></span> <span class='ocrx_word' id='word_1_214' title='bbox 1032 1646 1167 1714; x_wconf 89' lang='lat' dir='ltr'><strong><em>quianon</em></strong></span> <span class='ocrx_word' id='word_1_215' title='bbox 1192 1643 1264 1713; x_wconf 87' lang='lat' dir='ltr'><strong><em>quod</em></strong></span> <span class='ocrx_word' id='word_1_216' title='bbox 1286 1643 1380 1709; x_wconf 83' lang='lat' dir='ltr'><strong><em>sentit,</em></strong></span> <span class='ocrx_word' id='word_1_217' title='bbox 1399 1643 1447 1697; x_wconf 81' lang='lat' dir='ltr'><strong><em>boe</em></strong></span> <span class='ocrx_word' id='word_1_218' title='bbox 1469 1642 1557 1707; x_wconf 83' lang='lat' dir='ltr'><strong><em>dieit,·</em></strong></span> <span class='ocrx_word' id='word_1_219' title='bbox 1581 1656 1635 1694; x_wconf 86' lang='lat' dir='ltr'><strong><em>nore</em></strong></span> <span class='ocrx_word' id='word_1_220' title='bbox 1657 1653 1751 1694; x_wconf 83' lang='grc'>333333</span> 
     </span>
     <span class='ocr_line' id='line_1_18' title="bbox 91 1727 1751 1800; baseline -0.002 -16"><span class='ocrx_word' id='word_1_221' title='bbox 91 1734 164 1784; x_wconf 92' lang='lat' dir='ltr'><strong><em>etse</em></strong></span> <span class='ocrx_word' id='word_1_222' title='bbox 182 1741 249 1784; x_wconf 88' lang='lat' dir='ltr'><strong><em>eum</em></strong></span> <span class='ocrx_word' id='word_1_223' title='bbox 274 1728 326 1799; x_wconf 91' lang='lat' dir='ltr'><strong><em>qui</em></strong></span> <span class='ocrx_word' id='word_1_224' title='bbox 345 1727 460 1784; x_wconf 87' lang='lat' dir='ltr'><strong><em>mentiri</em></strong></span> <span class='ocrx_word' id='word_1_225' title='bbox 474 1728 520 1784; x_wconf 83' lang='lat' dir='ltr'><strong><em>rel</em></strong></span> <span class='ocrx_word' id='word_1_226' title='bbox 536 1727 598 1784; x_wconf 92' lang='grc'>13111</span> <span class='ocrx_word' id='word_1_227' title='bbox 612 1730 702 1786; x_wconf 88' lang='lat' dir='ltr'><strong><em>nescit</em></strong></span> <span class='ocrx_word' id='word_1_228' title='bbox 718 1743 756 1786; x_wconf 83' lang='lat' dir='ltr'><strong><em>ex</em></strong></span> <span class='ocrx_word' id='word_1_229' title='bbox 775 1730 849 1787; x_wconf 87' lang='lat' dir='ltr'><strong><em>dono</em></strong></span> <span class='ocrx_word' id='word_1_230' title='bbox 905 1733 982 1800; x_wconf 86' lang='lat' dir='ltr'><strong><em>dicit,</em></strong></span> <span class='ocrx_word' id='word_1_231' title='bbox 1007 1734 1131 1799; x_wconf 87' lang='lat' dir='ltr'><strong><em>quamuis</em></strong></span> <span class='ocrx_word' id='word_1_232' title='bbox 1150 1748 1244 1787; x_wconf 86' lang='lat' dir='ltr'><strong><em>oerum</em></strong></span> <span class='ocrx_word' id='word_1_233' title='bbox 1267 1733 1426 1787; x_wconf 87' lang='lat' dir='ltr'><strong><em>inuenietur</em></strong></span> <span class='ocrx_word' id='word_1_234' title='bbox 1447 1728 1587 1800; x_wconf 89' lang='lat' dir='ltr'><strong><em>essequod</em></strong></span> <span class='ocrx_word' id='word_1_235' title='bbox 1603 1728 1680 1794; x_wconf 86' lang='lat' dir='ltr'><strong><em>dicit,</em></strong></span> <span class='ocrx_word' id='word_1_236' title='bbox 1704 1741 1751 1781; x_wconf 89' lang='lat' dir='ltr'><strong><em>nee</em></strong></span> 
     </span>
     <span class='ocr_line' id='line_1_19' title="bbox 79 1814 1754 1891; baseline 0.001 -18"><span class='ocrx_word' id='word_1_237' title='bbox 79 1828 119 1884; x_wconf 90' lang='lat' dir='ltr'><strong><em>re,</em></strong></span> <span class='ocrx_word' id='word_1_238' title='bbox 135 1830 203 1872; x_wconf 90' lang='lat' dir='ltr'><strong><em>cum</em></strong></span> <span class='ocrx_word' id='word_1_239' title='bbox 217 1814 366 1873; x_wconf 86' lang='lat' dir='ltr'><strong><em>baberent.</em></strong></span> <span class='ocrx_word' id='word_1_240' title='bbox 383 1816 439 1881; x_wconf 88' lang='lat' dir='ltr'><strong><em>Qui</em></strong></span> <span class='ocrx_word' id='word_1_241' title='bbox 452 1817 550 1885; x_wconf 90' lang='lat' dir='ltr'><strong><em>etiam,</em></strong></span> <span class='ocrx_word' id='word_1_242' title='bbox 565 1830 632 1873; x_wconf 91' lang='lat' dir='ltr'><strong><em>cum</em></strong></span> <span class='ocrx_word' id='word_1_243' title='bbox 659 1817 849 1891; x_wconf 75' lang='grc'>1313133111)</span> <span class='ocrx_word' id='word_1_244' title='bbox 903 1822 960 1876; x_wconf 90' lang='lat' dir='ltr'><strong><em>utto</em></strong></span> <span class='ocrx_word' id='word_1_245' title='bbox 974 1820 1052 1876; x_wconf 89' lang='lat' dir='ltr'><strong><em>modo</em></strong></span> <span class='ocrx_word' id='word_1_246' title='bbox 1067 1821 1134 1876; x_wconf 83' lang='grc'>11133</span> <span class='ocrx_word' id='word_1_247' title='bbox 1145 1825 1185 1876; x_wconf 89' lang='grc'><strong><em>331</em></strong></span> <span class='ocrx_word' id='word_1_248' title='bbox 1200 1838 1218 1875; x_wconf 90' lang='grc'><strong><em>3</em></strong></span> <span class='ocrx_word' id='word_1_249' title='bbox 1239 1820 1379 1875; x_wconf 77' lang='lat' dir='ltr'><strong><em>mendacio</em></strong></span> <span class='ocrx_word' id='word_1_250' title='bbox 1395 1821 1443 1889; x_wconf 89' lang='lat' dir='ltr'><strong><em>qui</em></strong></span> <span class='ocrx_word' id='word_1_251' title='bbox 1458 1835 1503 1875; x_wconf 91' lang='lat' dir='ltr'><strong><em>ore</em></strong></span> <span class='ocrx_word' id='word_1_252' title='bbox 1523 1819 1644 1873; x_wconf 85' lang='lat' dir='ltr'><strong><em>nesciens</em></strong></span> <span class='ocrx_word' id='word_1_253' title='bbox 1656 1829 1754 1874; x_wconf 80' lang='lat' dir='ltr'><strong><em>vuum</em></strong></span> 
     </span>
     <span class='ocr_line' id='line_1_20' title="bbox 90 1905 1751 1978; baseline -0.001 -18"><span class='ocrx_word' id='word_1_254' title='bbox 90 1905 684 1971; x_wconf 75' lang='grc'>33333313331333133131333,113333</span> <span class='ocrx_word' id='word_1_255' title='bbox 706 1906 851 1964; x_wconf 85' lang='grc'>31333331-</span> <span class='ocrx_word' id='word_1_256' title='bbox 906 1910 1037 1978; x_wconf 84' lang='grc'>13331133,</span> <span class='ocrx_word' id='word_1_257' title='bbox 1074 1913 1161 1964; x_wconf 86' lang='lat' dir='ltr'><strong><em>sciens</em></strong></span> <span class='ocrx_word' id='word_1_258' title='bbox 1185 1914 1275 1963; x_wconf 89' lang='lat' dir='ltr'><strong><em>autem</em></strong></span> <span class='ocrx_word' id='word_1_259' title='bbox 1309 1909 1448 1963; x_wconf 87' lang='lat' dir='ltr'><strong><em>uoluntate</em></strong></span> <span class='ocrx_word' id='word_1_260' title='bbox 1483 1907 1625 1962; x_wconf 82' lang='lat' dir='ltr'><strong><em>mentitur.</em></strong></span> <span class='ocrx_word' id='word_1_261' title='bbox 1656 1905 1751 1961; x_wconf 84' lang='lat' dir='ltr'><strong><em>item:</em></strong></span> 
     </span>
     <span class='ocr_line' id='line_1_21' title="bbox 79 1992 1753 2066; baseline -0.002 -17"><span class='ocrx_word' id='word_1_262' title='bbox 79 2000 199 2050; x_wconf 88' lang='lat' dir='ltr'><strong><em>mentem</em></strong></span> <span class='ocrx_word' id='word_1_263' title='bbox 212 1993 277 2063; x_wconf 85' lang='lat' dir='ltr'><strong><em>ejus</em></strong></span> <span class='ocrx_word' id='word_1_264' title='bbox 297 2007 383 2064; x_wconf 89' lang='lat' dir='ltr'><strong><em>quem</em></strong></span> <span class='ocrx_word' id='word_1_265' title='bbox 399 1993 500 2063; x_wconf 88' lang='grc'>333133,</span> <span class='ocrx_word' id='word_1_266' title='bbox 523 1993 680 2058; x_wconf 87' lang='lat' dir='ltr'><strong><em>illuminat,</em></strong></span> <span class='ocrx_word' id='word_1_267' title='bbox 703 1995 752 2051; x_wconf 88' lang='lat' dir='ltr'><strong><em>sed</em></strong></span> <span class='ocrx_word' id='word_1_268' title='bbox 766 1995 849 2052; x_wconf 90' lang='lat' dir='ltr'><strong><em>modo</em></strong></span> <span class='ocrx_word' id='word_1_269' title='bbox 906 1999 1058 2065; x_wconf 73' lang='lat' dir='ltr'><strong><em>omnesqui</em></strong></span> <span class='ocrx_word' id='word_1_270' title='bbox 1073 1999 1211 2065; x_wconf 86' lang='lat' dir='ltr'><strong><em>mentitur,</em></strong></span> <span class='ocrx_word' id='word_1_271' title='bbox 1228 2002 1324 2052; x_wconf 85' lang='lat' dir='ltr'><strong><em>contra</em></strong></span> <span class='ocrx_word' id='word_1_272' title='bbox 1344 1997 1375 2050; x_wconf 87' lang='lat' dir='ltr'><strong><em>id</em></strong></span> <span class='ocrx_word' id='word_1_273' title='bbox 1403 1996 1477 2066; x_wconf 88' lang='lat' dir='ltr'><strong><em>quod</em></strong></span> <span class='ocrx_word' id='word_1_274' title='bbox 1504 1996 1594 2049; x_wconf 85' lang='lat' dir='ltr'><strong><em>animo</em></strong></span> <span class='ocrx_word' id='word_1_275' title='bbox 1619 1993 1702 2047; x_wconf 85' lang='lat' dir='ltr'><strong><em>sentit</em></strong></span> <span class='ocrx_word' id='word_1_276' title='bbox 1717 1992 1753 2046; x_wconf 89' lang='lat' dir='ltr'><strong><em>to-</em></strong></span> 
     </span>
     <span class='ocr_line' id='line_1_22' title="bbox 82 2078 1752 2156; baseline -0.003 -19"><span class='ocrx_word' id='word_1_277' title='bbox 82 2081 166 2138; x_wconf 91' lang='lat' dir='ltr'><strong><em>modo</em></strong></span> <span class='ocrx_word' id='word_1_278' title='bbox 182 2081 254 2137; x_wconf 88' lang='lat' dir='ltr'><strong><em>illud</em></strong></span> <span class='ocrx_word' id='word_1_279' title='bbox 282 2081 400 2147; x_wconf 88' lang='lat' dir='ltr'><strong><em>revelat,</em></strong></span> <span class='ocrx_word' id='word_1_280' title='bbox 413 2088 441 2138; x_wconf 93' lang='lat' dir='ltr'><strong><em>et</em></strong></span> <span class='ocrx_word' id='word_1_281' title='bbox 455 2095 521 2138; x_wconf 92' lang='lat' dir='ltr'><strong><em>cum</em></strong></span> <span class='ocrx_word' id='word_1_282' title='bbox 542 2095 635 2138; x_wconf 88' lang='lat' dir='ltr'><strong><em>unum</em></strong></span> <span class='ocrx_word' id='word_1_283' title='bbox 658 2083 760 2152; x_wconf 86' lang='lat' dir='ltr'><strong><em>aperit,</em></strong></span> <span class='ocrx_word' id='word_1_284' title='bbox 784 2084 852 2141; x_wconf 91' lang='grc'>3113-</span> <span class='ocrx_word' id='word_1_285' title='bbox 905 2090 1000 2156; x_wconf 84' lang='lat' dir='ltr'><strong><em>quitur</em></strong></span> <span class='ocrx_word' id='word_1_286' title='bbox 1013 2087 1151 2141; x_wconf 88' lang='lat' dir='ltr'><strong><em>uoluntate</em></strong></span> <span class='ocrx_word' id='word_1_287' title='bbox 1164 2085 1291 2153; x_wconf 77' lang='lat' dir='ltr'><strong><em>fallendi.</em></strong></span> <span class='ocrx_word' id='word_1_288' title='bbox 1306 2084 1384 2141; x_wconf 86' lang='lat' dir='ltr'><strong><em>idem</em></strong></span> <span class='ocrx_word' id='word_1_289' title='bbox 1400 2097 1487 2154; x_wconf 89' lang='lat' dir='ltr'><strong><em>super</em></strong></span> <span class='ocrx_word' id='word_1_290' title='bbox 1511 2079 1679 2152; x_wconf 83' lang='lat' dir='ltr'><strong><em>Evangelia,</em></strong></span> <span class='ocrx_word' id='word_1_291' title='bbox 1700 2078 1752 2136; x_wconf 90' lang='grc'>111.</span> 
     </span>
     <span class='ocr_line' id='line_1_23' title="bbox 95 2168 1752 2245; baseline -0.002 -19"><span class='ocrx_word' id='word_1_292' title='bbox 95 2168 229 2226; x_wconf 84' lang='grc'>03331131.</span> <span class='ocrx_word' id='word_1_293' title='bbox 255 2168 338 2233; x_wconf 85' lang='lat' dir='ltr'><strong><em>Quod</em></strong></span> <span class='ocrx_word' id='word_1_294' title='bbox 365 2168 483 2240; x_wconf 87' lang='lat' dir='ltr'><strong><em>quidem</em></strong></span> <span class='ocrx_word' id='word_1_295' title='bbox 510 2169 611 2226; x_wconf 85' lang='lat' dir='ltr'><strong><em>beatus</em></strong></span> <span class='ocrx_word' id='word_1_296' title='bbox 631 2168 788 2240; x_wconf 81' lang='lat' dir='ltr'><strong><em>Gregorius</em></strong></span> <span class='ocrx_word' id='word_1_297' title='bbox 820 2171 851 2229; x_wconf 90' lang='lat' dir='ltr'><strong><em>in</em></strong></span> <span class='ocrx_word' id='word_1_298' title='bbox 906 2173 1085 2245; x_wconf 76' lang='lat' dir='ltr'><strong><em>1(v1,set):</em></strong></span> <span class='ocrx_word' id='word_1_299' title='bbox 1105 2174 1186 2229; x_wconf 87' lang='lat' dir='ltr'><strong><em>Jacob</em></strong></span> <span class='ocrx_word' id='word_1_300' title='bbox 1206 2179 1297 2227; x_wconf 89' lang='lat' dir='ltr'><strong><em>autem</em></strong></span> <span class='ocrx_word' id='word_1_301' title='bbox 1333 2172 1406 2239; x_wconf 83' lang='lat' dir='ltr'><strong><em>qaod</em></strong></span> <span class='ocrx_word' id='word_1_302' title='bbox 1431 2175 1518 2226; x_wconf 88' lang='lat' dir='ltr'><strong><em>matre</em></strong></span> <span class='ocrx_word' id='word_1_303' title='bbox 1540 2172 1604 2238; x_wconf 72' lang='lat' dir='ltr'><strong><em>fecit</em></strong></span> <span class='ocrx_word' id='word_1_304' title='bbox 1631 2173 1752 2234; x_wconf 85' lang='lat' dir='ltr'><strong><em>auctore,</em></strong></span> 
     </span>
     <span class='ocr_line' id='line_1_24' title="bbox 80 2257 1752 2332; baseline -0.002 -18"><span class='ocrx_word' id='word_1_305' title='bbox 80 2271 100 2314; x_wconf 85' lang='lat' dir='ltr'><strong><em>a</em></strong></span> <span class='ocrx_word' id='word_1_306' title='bbox 131 2271 219 2329; x_wconf 83' lang='lat' dir='ltr'><strong><em>super</em></strong></span> <span class='ocrx_word' id='word_1_307' title='bbox 249 2257 425 2314; x_wconf 79' lang='lat' dir='ltr'><strong><em>Ezechielem</em></strong></span> <span class='ocrx_word' id='word_1_308' title='bbox 454 2258 582 2325; x_wconf 80' lang='lat' dir='ltr'><strong><em>homilia,</em></strong></span> <span class='ocrx_word' id='word_1_309' title='bbox 613 2257 774 2316; x_wconf 80' lang='lat' dir='ltr'><strong><em>manifestis</em></strong></span> <span class='ocrx_word' id='word_1_310' title='bbox 801 2261 850 2318; x_wconf 90' lang='lat' dir='ltr'><strong><em>de·</em></strong></span> <span class='ocrx_word' id='word_1_311' title='bbox 904 2267 936 2316; x_wconf 88' lang='lat' dir='ltr'><strong><em>ut</em></strong></span> <span class='ocrx_word' id='word_1_312' title='bbox 956 2268 1065 2332; x_wconf 86' lang='lat' dir='ltr'><strong><em>patrem</em></strong></span> <span class='ocrx_word' id='word_1_313' title='bbox 1087 2262 1186 2329; x_wconf 76' lang='lat' dir='ltr'><strong><em>fallere</em></strong></span> <span class='ocrx_word' id='word_1_314' title='bbox 1208 2262 1356 2328; x_wconf 87' lang='lat' dir='ltr'><strong><em>uideretur,</em></strong></span> <span class='ocrx_word' id='word_1_315' title='bbox 1370 2263 1397 2315; x_wconf 85' lang='grc'><strong><em>31</em></strong></span> <span class='ocrx_word' id='word_1_316' title='bbox 1411 2261 1557 2328; x_wconf 78' lang='lat' dir='ltr'><strong><em>diliqenter</em></strong></span> <span class='ocrx_word' id='word_1_317' title='bbox 1579 2257 1752 2325; x_wconf 85' lang='lat' dir='ltr'><strong><em>attendatur,</em></strong></span> 
     </span>
     <span class='ocr_line' id='line_1_25' title="bbox 79 2344 1753 2420; baseline -0.001 -18"><span class='ocrx_word' id='word_1_318' title='bbox 79 2353 95 2403; x_wconf 89' lang='grc'><strong><em>,1</em></strong></span> <span class='ocrx_word' id='word_1_319' title='bbox 118 2344 270 2417; x_wconf 80' lang='lat' dir='ltr'><strong><em>exemplis,</em></strong></span> <span class='ocrx_word' id='word_1_320' title='bbox 300 2346 396 2417; x_wconf 90' lang='lat' dir='ltr'><strong><em>ipsum</em></strong></span> <span class='ocrx_word' id='word_1_321' title='bbox 411 2347 497 2403; x_wconf 86' lang='lat' dir='ltr'><strong><em>etiam</em></strong></span> <span class='ocrx_word' id='word_1_322' title='bbox 527 2346 724 2416; x_wconf 91' lang='lat' dir='ltr'><strong><em>apostolorum</em></strong></span> <span class='ocrx_word' id='word_1_323' title='bbox 745 2348 851 2418; x_wconf 88' lang='grc'>331331-</span> <span class='ocrx_word' id='word_1_324' title='bbox 905 2366 959 2406; x_wconf 90' lang='grc'><strong><em>333</em></strong></span> <span class='ocrx_word' id='word_1_325' title='bbox 973 2356 1012 2406; x_wconf 87' lang='grc'><strong><em>331</em></strong></span> <span class='ocrx_word' id='word_1_326' title='bbox 1023 2350 1204 2413; x_wconf 86' lang='lat' dir='ltr'><strong><em>mendacium,</em></strong></span> <span class='ocrx_word' id='word_1_327' title='bbox 1221 2351 1269 2404; x_wconf 88' lang='lat' dir='ltr'><strong><em>sed</em></strong></span> <span class='ocrx_word' id='word_1_328' title='bbox 1297 2351 1467 2420; x_wconf 71' lang='lat' dir='ltr'><strong><em>mysterium.</em></strong></span> <span class='ocrx_word' id='word_1_329' title='bbox 1498 2348 1592 2404; x_wconf 86' lang='lat' dir='ltr'><strong><em>verax</em></strong></span> <span class='ocrx_word' id='word_1_330' title='bbox 1621 2346 1753 2403; x_wconf 89' lang='lat' dir='ltr'><strong><em>enimsi·</em></strong></span> 
     </span>
     <span class='ocr_line' id='line_1_26' title="bbox 79 2432 1835 2509; baseline -0.002 -18"><span class='ocrx_word' id='word_1_331' title='bbox 79 2475 83 2499; x_wconf 85' lang='lat'><strong><em>,</em></strong></span> <span class='ocrx_word' id='word_1_332' title='bbox 99 2435 151 2505; x_wconf 89' lang='lat' dir='ltr'><strong><em>qui</em></strong></span> <span class='ocrx_word' id='word_1_333' title='bbox 165 2442 204 2491; x_wconf 92' lang='grc'><strong><em>131</em></strong></span> <span class='ocrx_word' id='word_1_334' title='bbox 223 2434 330 2491; x_wconf 79' lang='lat' dir='ltr'><strong><em>divina</em></strong></span> <span class='ocrx_word' id='word_1_335' title='bbox 344 2433 444 2506; x_wconf 78' lang='lat' dir='ltr'><strong><em>gratia</em></strong></span> <span class='ocrx_word' id='word_1_336' title='bbox 456 2434 541 2490; x_wconf 89' lang='lat' dir='ltr'><strong><em>donis</em></strong></span> <span class='ocrx_word' id='word_1_337' title='bbox 554 2441 582 2492; x_wconf 91' lang='grc'><strong><em>31</em></strong></span> <span class='ocrx_word' id='word_1_338' title='bbox 600 2435 750 2493; x_wconf 89' lang='lat' dir='ltr'><strong><em>miraculis</em></strong></span> <span class='ocrx_word' id='word_1_339' title='bbox 763 2450 851 2495; x_wconf 88' lang='grc'>3333-</span> <span class='ocrx_word' id='word_1_340' title='bbox 905 2438 1051 2509; x_wconf 76' lang='grc'>3311133113</span> <span class='ocrx_word' id='word_1_341' title='bbox 1067 2438 1147 2496; x_wconf 82' lang='lat' dir='ltr'><strong><em>trullo</em></strong></span> <span class='ocrx_word' id='word_1_342' title='bbox 1165 2438 1249 2494; x_wconf 90' lang='lat' dir='ltr'><strong><em>modo</em></strong></span> <span class='ocrx_word' id='word_1_343' title='bbox 1277 2437 1461 2494; x_wconf 86' lang='lat' dir='ltr'><strong><em>mendacium</em></strong></span> <span class='ocrx_word' id='word_1_344' title='bbox 1485 2443 1560 2492; x_wconf 90' lang='lat' dir='ltr'><strong><em>recte</em></strong></span> <span class='ocrx_word' id='word_1_345' title='bbox 1574 2442 1665 2506; x_wconf 91' lang='lat' dir='ltr'><strong><em>potest</em></strong></span> <span class='ocrx_word' id='word_1_346' title='bbox 1679 2432 1747 2490; x_wconf 90' lang='lat' dir='ltr'><strong><em>dici.</em></strong></span> <span class='ocrx_word' id='word_1_347' title='bbox 1830 2461 1835 2470; x_wconf 95' lang='lat'><em>·</em></span> 
     </span>
     <span class='ocr_line' id='line_1_27' title="bbox 79 2522 1753 2597; baseline -0.001 -18"><span class='ocrx_word' id='word_1_348' title='bbox 79 2531 115 2590; x_wconf 88' lang='grc'><strong><em>31,</em></strong></span> <span class='ocrx_word' id='word_1_349' title='bbox 132 2530 194 2593; x_wconf 91' lang='grc'>3331</span> <span class='ocrx_word' id='word_1_350' title='bbox 210 2522 359 2596; x_wconf 75' lang='grc'>(3111111313</span> <span class='ocrx_word' id='word_1_351' title='bbox 375 2537 493 2594; x_wconf 87' lang='lat' dir='ltr'><strong><em>quoque</em></strong></span> <span class='ocrx_word' id='word_1_352' title='bbox 518 2523 671 2595; x_wconf 76' lang='lat' dir='ltr'><strong><em>specialem</em></strong></span> <span class='ocrx_word' id='word_1_353' title='bbox 690 2537 707 2580; x_wconf 89' lang='lat' dir='ltr'><strong><em>a</em></strong></span> <span class='ocrx_word' id='word_1_354' title='bbox 731 2525 852 2582; x_wconf 85' lang='lat' dir='ltr'><strong><em>Domino</em></strong></span> <span class='ocrx_word' id='word_1_355' title='bbox 906 2527 1087 2585; x_wconf 78' lang='lat' dir='ltr'><strong><em>Mendacium</em></strong></span> <span class='ocrx_word' id='word_1_356' title='bbox 1102 2527 1212 2597; x_wconf 87' lang='lat' dir='ltr'><strong><em>qnippe</em></strong></span> <span class='ocrx_word' id='word_1_357' title='bbox 1237 2527 1291 2583; x_wconf 88' lang='lat' dir='ltr'><strong><em>boc</em></strong></span> <span class='ocrx_word' id='word_1_358' title='bbox 1319 2523 1671 2596; x_wconf 86' lang='grc'>1333331311331133133133</span> <span class='ocrx_word' id='word_1_359' title='bbox 1694 2535 1753 2578; x_wconf 91' lang='lat' dir='ltr'><strong><em>uon</em></strong></span> 
     </span>
     <span class='ocr_line' id='line_1_28' title="bbox 79 2609 1753 2688; baseline -0.001 -21"><span class='ocrx_word' id='word_1_360' title='bbox 79 2610 176 2668; x_wconf 83' lang='lat' dir='ltr'><strong><em>iissem</em></strong></span> <span class='ocrx_word' id='word_1_361' title='bbox 191 2610 285 2667; x_wconf 89' lang='lat' dir='ltr'><strong><em>sancti</em></strong></span> <span class='ocrx_word' id='word_1_362' title='bbox 309 2611 432 2681; x_wconf 87' lang='lat' dir='ltr'><strong><em>Spiritus</em></strong></span> <span class='ocrx_word' id='word_1_363' title='bbox 445 2609 624 2679; x_wconf 78' lang='lat' dir='ltr'><strong><em>effusionem,</em></strong></span> <span class='ocrx_word' id='word_1_364' title='bbox 656 2612 707 2683; x_wconf 90' lang='lat' dir='ltr'><strong><em>qui</em></strong></span> <span class='ocrx_word' id='word_1_365' title='bbox 730 2613 793 2684; x_wconf 84' lang='lat' dir='ltr'><strong><em>ejus</em></strong></span> <span class='ocrx_word' id='word_1_366' title='bbox 807 2613 851 2670; x_wconf 93' lang='lat' dir='ltr'><strong><em>di·</em></strong></span> <span class='ocrx_word' id='word_1_367' title='bbox 906 2617 962 2675; x_wconf 90' lang='lat' dir='ltr'><strong><em>nisi</em></strong></span> <span class='ocrx_word' id='word_1_368' title='bbox 984 2622 1135 2688; x_wconf 89' lang='lat' dir='ltr'><strong><em>peccatum</em></strong></span> <span class='ocrx_word' id='word_1_369' title='bbox 1155 2614 1271 2685; x_wconf 86' lang='lat' dir='ltr'><strong><em>accipit,</em></strong></span> <span class='ocrx_word' id='word_1_370' title='bbox 1294 2614 1372 2685; x_wconf 90' lang='lat' dir='ltr'><strong><em>quod</em></strong></span> <span class='ocrx_word' id='word_1_371' title='bbox 1398 2613 1491 2684; x_wconf 76' lang='lat' dir='ltr'><strong><em>magis</em></strong></span> <span class='ocrx_word' id='word_1_372' title='bbox 1510 2612 1598 2683; x_wconf 84' lang='lat' dir='ltr'><strong><em>juxta</em></strong></span> <span class='ocrx_word' id='word_1_373' title='bbox 1619 2609 1753 2667; x_wconf 87' lang='lat' dir='ltr'><strong><em>intentio·</em></strong></span> 
     </span>
     <span class='ocr_line' id='line_1_29' title="bbox 79 2698 1753 2773; baseline 0 -19"><span class='ocrx_word' id='word_1_374' title='bbox 79 2699 271 2756; x_wconf 86' lang='lat' dir='ltr'><strong><em>desomnem</em></strong></span> <span class='ocrx_word' id='word_1_375' title='bbox 299 2699 380 2764; x_wconf 81' lang='lat' dir='ltr'><strong><em>docet</em></strong></span> <span class='ocrx_word' id='word_1_376' title='bbox 409 2698 466 2769; x_wconf 78' lang='lat' dir='ltr'><strong><em>(il)</em></strong></span> <span class='ocrx_word' id='word_1_377' title='bbox 495 2699 658 2769; x_wconf 86' lang='lat' dir='ltr'><strong><em>veritatem,</em></strong></span> <span class='ocrx_word' id='word_1_378' title='bbox 686 2698 802 2770; x_wconf 89' lang='lat' dir='ltr'><strong><em>lapsum</em></strong></span> <span class='ocrx_word' id='word_1_379' title='bbox 822 2702 851 2756; x_wconf 91' lang='lat' dir='ltr'><strong><em>in</em></strong></span> <span class='ocrx_word' id='word_1_380' title='bbox 906 2717 972 2761; x_wconf 86' lang='lat' dir='ltr'><strong><em>uem</em></strong></span> <span class='ocrx_word' id='word_1_381' title='bbox 991 2702 1238 2773; x_wconf 83' lang='lat' dir='ltr'><strong><em>loquentisquam</em></strong></span> <span class='ocrx_word' id='word_1_382' title='bbox 1268 2702 1430 2758; x_wconf 89' lang='lat' dir='ltr'><strong><em>secuudum</em></strong></span> <span class='ocrx_word' id='word_1_383' title='bbox 1445 2700 1615 2770; x_wconf 89' lang='lat' dir='ltr'><strong><em>qualitatem</em></strong></span> <span class='ocrx_word' id='word_1_384' title='bbox 1633 2699 1753 2755; x_wconf 87' lang='lat' dir='ltr'><strong><em>locutio·</em></strong></span> 
     </span>
     <span class='ocr_line' id='line_1_30' title="bbox 79 2784 1750 2859; baseline -0.002 -15"><span class='ocrx_word' id='word_1_385' title='bbox 79 2801 133 2844; x_wconf 88' lang='lat' dir='ltr'><strong><em>rem</em></strong></span> <span class='ocrx_word' id='word_1_386' title='bbox 160 2787 195 2844; x_wconf 87' lang='lat' dir='ltr'><strong><em>de</em></strong></span> <span class='ocrx_word' id='word_1_387' title='bbox 221 2787 451 2844; x_wconf 86' lang='lat' dir='ltr'><strong><em>circumcisionis</em></strong></span> <span class='ocrx_word' id='word_1_388' title='bbox 478 2787 574 2843; x_wconf 90' lang='lat' dir='ltr'><strong><em>adbuc</em></strong></span> <span class='ocrx_word' id='word_1_389' title='bbox 600 2794 628 2843; x_wconf 89' lang='lat' dir='ltr'><strong><em>et</em></strong></span> <span class='ocrx_word' id='word_1_390' title='bbox 656 2789 851 2859; x_wconf 88' lang='lat' dir='ltr'><strong><em>quorumdam</em></strong></span> <span class='ocrx_word' id='word_1_391' title='bbox 906 2790 961 2847; x_wconf 86' lang='grc'>313.</span> <span class='ocrx_word' id='word_1_392' title='bbox 992 2790 1141 2856; x_wconf 88' lang='lat' dir='ltr'><strong><em>Dominus,</em></strong></span> <span class='ocrx_word' id='word_1_393' title='bbox 1167 2787 1219 2859; x_wconf 89' lang='lat' dir='ltr'><strong><em>qui</em></strong></span> <span class='ocrx_word' id='word_1_394' title='bbox 1246 2788 1340 2844; x_wconf 86' lang='lat' dir='ltr'><strong><em>cordis</em></strong></span> <span class='ocrx_word' id='word_1_395' title='bbox 1361 2794 1389 2843; x_wconf 94' lang='grc'><strong><em>31</em></strong></span> <span class='ocrx_word' id='word_1_396' title='bbox 1416 2799 1520 2843; x_wconf 89' lang='lat' dir='ltr'><strong><em>renum</em></strong></span> <span class='ocrx_word' id='word_1_397' title='bbox 1547 2784 1750 2855; x_wconf 77' lang='lat' dir='ltr'><strong><em>probatorem,</em></strong></span> 
     </span>
     <span class='ocr_line' id='line_1_31' title="bbox 79 2871 1753 2948; baseline -0.004 -14"><span class='ocrx_word' id='word_1_398' title='bbox 79 2889 198 2948; x_wconf 80' lang='grc'>3333331</span> <span class='ocrx_word' id='word_1_399' title='bbox 213 2877 323 2933; x_wconf 87' lang='lat' dir='ltr'><strong><em>rituum</em></strong></span> <span class='ocrx_word' id='word_1_400' title='bbox 341 2875 535 2944; x_wconf 84' lang='lat' dir='ltr'><strong><em>observantia,</em></strong></span> <span class='ocrx_word' id='word_1_401' title='bbox 552 2889 618 2933; x_wconf 92' lang='lat' dir='ltr'><strong><em>cum</em></strong></span> <span class='ocrx_word' id='word_1_402' title='bbox 641 2889 658 2930; x_wconf 90' lang='lat' dir='ltr'><strong><em>a</em></strong></span> <span class='ocrx_word' id='word_1_403' title='bbox 687 2877 850 2946; x_wconf 86' lang='lat' dir='ltr'><strong><em>coapostolo</em></strong></span> <span class='ocrx_word' id='word_1_404' title='bbox 907 2886 1018 2948; x_wconf 88' lang='lat' dir='ltr'><strong><em>pensat,</em></strong></span> <span class='ocrx_word' id='word_1_405' title='bbox 1033 2891 1092 2933; x_wconf 92' lang='lat' dir='ltr'><strong><em>non</em></strong></span> <span class='ocrx_word' id='word_1_406' title='bbox 1103 2884 1161 2933; x_wconf 89' lang='lat' dir='ltr'><strong><em>tam</em></strong></span> <span class='ocrx_word' id='word_1_407' title='bbox 1176 2889 1209 2933; x_wconf 90' lang='grc'><strong><em>33</em></strong></span> <span class='ocrx_word' id='word_1_408' title='bbox 1217 2890 1284 2946; x_wconf 78' lang='lat' dir='ltr'><strong><em>quse</em></strong></span> <span class='ocrx_word' id='word_1_409' title='bbox 1300 2874 1374 2931; x_wconf 83' lang='lat' dir='ltr'><strong><em>cunt</em></strong></span> <span class='ocrx_word' id='word_1_410' title='bbox 1389 2889 1479 2945; x_wconf 88' lang='lat' dir='ltr'><strong><em>quam</em></strong></span> <span class='ocrx_word' id='word_1_411' title='bbox 1493 2889 1552 2945; x_wconf 87' lang='lat' dir='ltr'><strong><em>quo</em></strong></span> <span class='ocrx_word' id='word_1_412' title='bbox 1565 2873 1662 2929; x_wconf 90' lang='lat' dir='ltr'><strong><em>animo</em></strong></span> <span class='ocrx_word' id='word_1_413' title='bbox 1678 2871 1753 2928; x_wconf 87' lang='grc'>11331</span> 
     </span>
     <span class='ocr_line' id='line_1_32' title="bbox 79 2942 1754 3036; baseline -0.002 -16"><span class='ocrx_word' id='word_1_414' title='bbox 79 2965 165 3022; x_wconf 84' lang='lat' dir='ltr'><strong><em>Paulo</em></strong></span> <span class='ocrx_word' id='word_1_415' title='bbox 180 2965 310 3036; x_wconf 80' lang='lat' dir='ltr'><strong><em>graviter</em></strong></span> <span class='ocrx_word' id='word_1_416' title='bbox 335 2971 423 3034; x_wconf 84' lang='lat' dir='ltr'><strong><em>atque</em></strong></span> <span class='ocrx_word' id='word_1_417' title='bbox 443 2963 599 3021; x_wconf 87' lang='lat' dir='ltr'><strong><em>salubriter</em></strong></span> <span class='ocrx_word' id='word_1_418' title='bbox 621 2963 735 3035; x_wconf 90' lang='lat' dir='ltr'><strong><em>publice</em></strong></span> <span class='ocrx_word' id='word_1_419' title='bbox 758 2978 851 3023; x_wconf 88' lang='lat' dir='ltr'><strong><em>corre·</em></strong></span> <span class='ocrx_word' id='word_1_420' title='bbox 869 2942 890 2999; x_wconf 75' lang='lat'><strong>⁰</strong></span> <span class='ocrx_word' id='word_1_421' title='bbox 908 2965 1067 3022; x_wconf 87' lang='lat' dir='ltr'><strong><em>attendens.</em></strong></span> <span class='ocrx_word' id='word_1_422' title='bbox 1089 2966 1113 3018; x_wconf 81' lang='lat' dir='ltr'>A</span> <span class='ocrx_word' id='word_1_423' title='bbox 1137 2978 1195 3035; x_wconf 91' lang='lat' dir='ltr'><strong><em>quo</em></strong></span> <span class='ocrx_word' id='word_1_424' title='bbox 1221 2963 1339 3034; x_wconf 89' lang='lat' dir='ltr'><strong><em>quidem</em></strong></span> <span class='ocrx_word' id='word_1_425' title='bbox 1363 2961 1510 3030; x_wconf 89' lang='lat' dir='ltr'><strong><em>immunis,</em></strong></span> <span class='ocrx_word' id='word_1_426' title='bbox 1538 2968 1590 3029; x_wconf 89' lang='grc'>331,</span> <span class='ocrx_word' id='word_1_427' title='bbox 1618 2958 1754 3032; x_wconf 88' lang='lat' dir='ltr'><strong><em>quisquis</em></strong></span> 
     </span>
     <span class='ocr_line' id='line_1_33' title="bbox 90 3048 1751 3124; baseline -0.003 -15"><span class='ocrx_word' id='word_1_428' title='bbox 90 3059 173 3121; x_wconf 86' lang='grc'>33331,</span> <span class='ocrx_word' id='word_1_429' title='bbox 197 3066 215 3109; x_wconf 93' lang='grc'><strong><em>3</em></strong></span> <span class='ocrx_word' id='word_1_430' title='bbox 238 3052 398 3123; x_wconf 87' lang='lat' dir='ltr'><strong><em>perniciosa</em></strong></span> <span class='ocrx_word' id='word_1_431' title='bbox 427 3050 610 3109; x_wconf 88' lang='lat' dir='ltr'><strong><em>simulatione</em></strong></span> <span class='ocrx_word' id='word_1_432' title='bbox 637 3052 772 3110; x_wconf 89' lang='lat' dir='ltr'><strong><em>desistere</em></strong></span> <span class='ocrx_word' id='word_1_433' title='bbox 795 3068 853 3111; x_wconf 92' lang='lat' dir='ltr'><strong><em>non</em></strong></span> <span class='ocrx_word' id='word_1_434' title='bbox 907 3061 993 3124; x_wconf 90' lang='lat' dir='ltr'><strong><em>prout</em></strong></span> <span class='ocrx_word' id='word_1_435' title='bbox 1005 3053 1153 3110; x_wconf 86' lang='lat' dir='ltr'><strong><em>existimat</em></strong></span> <span class='ocrx_word' id='word_1_436' title='bbox 1171 3052 1282 3108; x_wconf 89' lang='lat' dir='ltr'><strong><em>sincere</em></strong></span> <span class='ocrx_word' id='word_1_437' title='bbox 1296 3064 1330 3107; x_wconf 90' lang='grc'><strong><em>33</em></strong></span> <span class='ocrx_word' id='word_1_438' title='bbox 1351 3064 1409 3107; x_wconf 93' lang='lat' dir='ltr'><strong><em>non</em></strong></span> <span class='ocrx_word' id='word_1_439' title='bbox 1429 3048 1628 3106; x_wconf 82' lang='lat' dir='ltr'><strong><em>fraudulenter</em></strong></span> <span class='ocrx_word' id='word_1_440' title='bbox 1656 3061 1751 3118; x_wconf 89' lang='lat' dir='ltr'><strong><em>neque</em></strong></span> 
     </span>
     <span class='ocr_line' id='line_1_34' title="bbox 79 3135 1752 3214; baseline -0.005 -16"><span class='ocrx_word' id='word_1_441' title='bbox 79 3141 123 3198; x_wconf 87' lang='grc'>313.</span> <span class='ocrx_word' id='word_1_442' title='bbox 142 3139 219 3207; x_wconf 82' lang='lat' dir='ltr'><strong><em>Quid</em></strong></span> <span class='ocrx_word' id='word_1_443' title='bbox 233 3141 334 3212; x_wconf 90' lang='lat' dir='ltr'><strong><em>itaque</em></strong></span> <span class='ocrx_word' id='word_1_444' title='bbox 359 3141 476 3207; x_wconf 89' lang='lat' dir='ltr'><strong><em>mirum,</em></strong></span> <span class='ocrx_word' id='word_1_445' title='bbox 491 3154 559 3197; x_wconf 89' lang='lat' dir='ltr'><strong><em>cum</em></strong></span> <span class='ocrx_word' id='word_1_446' title='bbox 589 3141 664 3211; x_wconf 91' lang='lat' dir='ltr'><strong><em>ipsos</em></strong></span> <span class='ocrx_word' id='word_1_447' title='bbox 681 3143 768 3198; x_wconf 90' lang='lat' dir='ltr'><strong><em>etiam</em></strong></span> <span class='ocrx_word' id='word_1_448' title='bbox 785 3155 854 3212; x_wconf 90' lang='lat' dir='ltr'><strong><em>pro-</em></strong></span> <span class='ocrx_word' id='word_1_449' title='bbox 907 3157 958 3214; x_wconf 86' lang='lat' dir='ltr'><strong><em>per</em></strong></span> <span class='ocrx_word' id='word_1_450' title='bbox 978 3140 1177 3213; x_wconf 83' lang='lat' dir='ltr'><strong><em>duplicitatem</em></strong></span> <span class='ocrx_word' id='word_1_451' title='bbox 1205 3139 1344 3211; x_wconf 89' lang='lat' dir='ltr'><strong><em>loquitur,</em></strong></span> <span class='ocrx_word' id='word_1_452' title='bbox 1374 3140 1459 3211; x_wconf 82' lang='lat' dir='ltr'><strong><em>juxta</em></strong></span> <span class='ocrx_word' id='word_1_453' title='bbox 1474 3136 1551 3209; x_wconf 86' lang='lat' dir='ltr'><strong><em>quod</em></strong></span> <span class='ocrx_word' id='word_1_454' title='bbox 1575 3135 1709 3207; x_wconf 86' lang='lat' dir='ltr'><strong><em>sequitur</em></strong></span> <span class='ocrx_word' id='word_1_455' title='bbox 1724 3143 1752 3191; x_wconf 90' lang='grc'><strong><em>31</em></strong></span> 
     </span>
     <span class='ocr_line' id='line_1_35' title="bbox 79 3225 1753 3302; baseline -0.005 -16"><span class='ocrx_word' id='word_1_456' title='bbox 79 3243 107 3286; x_wconf 88' lang='grc'><strong><em>33</em></strong></span> <span class='ocrx_word' id='word_1_457' title='bbox 126 3237 154 3286; x_wconf 88' lang='grc'><strong><em>31</em></strong></span> <span class='ocrx_word' id='word_1_458' title='bbox 178 3229 320 3301; x_wconf 88' lang='lat' dir='ltr'><strong><em>apostolos</em></strong></span> <span class='ocrx_word' id='word_1_459' title='bbox 344 3229 381 3285; x_wconf 91' lang='lat' dir='ltr'><strong><em>ab</em></strong></span> <span class='ocrx_word' id='word_1_460' title='bbox 407 3243 505 3286; x_wconf 89' lang='lat' dir='ltr'><strong><em>errore</em></strong></span> <span class='ocrx_word' id='word_1_461' title='bbox 533 3243 591 3286; x_wconf 92' lang='lat' dir='ltr'><strong><em>nou</em></strong></span> <span class='ocrx_word' id='word_1_462' title='bbox 620 3230 737 3301; x_wconf 91' lang='lat' dir='ltr'><strong><em>penitus</em></strong></span> <span class='ocrx_word' id='word_1_463' title='bbox 766 3230 855 3289; x_wconf 88' lang='grc'>131333</span> <span class='ocrx_word' id='word_1_464' title='bbox 907 3231 1128 3302; x_wconf 87' lang='lat' dir='ltr'><strong><em>scriptumest:</em></strong></span> <span class='ocrx_word' id='word_1_465' title='bbox 1145 3228 1198 3294; x_wconf 82' lang='lat' dir='ltr'><strong><em>Qui</em></strong></span> <span class='ocrx_word' id='word_1_466' title='bbox 1221 3227 1526 3297; x_wconf 88' lang='lat' dir='ltr'><strong><em>ambulntsimptieiter,</em></strong></span> <span class='ocrx_word' id='word_1_467' title='bbox 1543 3225 1666 3281; x_wconf 87' lang='lat' dir='ltr'><strong><em>ambulat</em></strong></span> <span class='ocrx_word' id='word_1_468' title='bbox 1691 3239 1753 3279; x_wconf 89' lang='lat' dir='ltr'><strong><em>eon·</em></strong></span> 
     </span>
     <span class='ocr_line' id='line_1_36' title="bbox 79 3312 1754 3391; baseline -0.004 -15"><span class='ocrx_word' id='word_1_469' title='bbox 79 3318 247 3385; x_wconf 87' lang='grc'>1313113333,</span> <span class='ocrx_word' id='word_1_470' title='bbox 272 3319 342 3375; x_wconf 89' lang='grc'>3113</span> <span class='ocrx_word' id='word_1_471' title='bbox 360 3325 418 3374; x_wconf 88' lang='lat' dir='ltr'><strong><em>tam</em></strong></span> <span class='ocrx_word' id='word_1_472' title='bbox 442 3317 594 3388; x_wconf 87' lang='lat' dir='ltr'><strong><em>multiplici</em></strong></span> <span class='ocrx_word' id='word_1_473' title='bbox 611 3326 779 3375; x_wconf 87' lang='lat' dir='ltr'><strong><em>sanctorum</em></strong></span> <span class='ocrx_word' id='word_1_474' title='bbox 802 3321 852 3376; x_wconf 88' lang='lat' dir='ltr'><strong><em>Pa·</em></strong></span> <span class='ocrx_word' id='word_1_475' title='bbox 907 3320 1025 3391; x_wconf 71' lang='lat' dir='ltr'><strong><em>tidenter</em></strong></span> <span class='ocrx_word' id='word_1_476' title='bbox 1048 3320 1140 3391; x_wconf 75' lang='lat' dir='ltr'><strong><em>(Pron</em></strong></span> <span class='ocrx_word' id='word_1_477' title='bbox 1178 3318 1219 3389; x_wconf 85' lang='lat' dir='ltr'><strong><em>x).</em></strong></span> <span class='ocrx_word' id='word_1_478' title='bbox 1249 3317 1388 3388; x_wconf 82' lang='lat' dir='ltr'><strong><em>Alioquin</em></strong></span> <span class='ocrx_word' id='word_1_479' title='bbox 1421 3324 1449 3373; x_wconf 89' lang='grc'><strong><em>31</em></strong></span> <span class='ocrx_word' id='word_1_480' title='bbox 1474 3314 1619 3385; x_wconf 88' lang='lat' dir='ltr'><strong><em>apostolus</em></strong></span> <span class='ocrx_word' id='word_1_481' title='bbox 1646 3312 1754 3370; x_wconf 86' lang='lat' dir='ltr'><strong><em>Paulus</em></strong></span> 
     </span>
     <span class='ocr_line' id='line_1_37' title="bbox 79 3403 1754 3480; baseline -0.002 -18"><span class='ocrx_word' id='word_1_482' title='bbox 79 3419 87 3462; x_wconf 87' lang='grc' dir='ltr'>ι</span> <span class='ocrx_word' id='word_1_483' title='bbox 120 3407 264 3476; x_wconf 86' lang='lat' dir='ltr'><strong><em>scriptura</em></strong></span> <span class='ocrx_word' id='word_1_484' title='bbox 291 3403 434 3462; x_wconf 91' lang='lat' dir='ltr'><strong><em>nonnulla</em></strong></span> <span class='ocrx_word' id='word_1_485' title='bbox 467 3413 581 3476; x_wconf 89' lang='lat' dir='ltr'><strong><em>propter</em></strong></span> <span class='ocrx_word' id='word_1_486' title='bbox 613 3419 702 3477; x_wconf 89' lang='grc'>33333</span> <span class='ocrx_word' id='word_1_487' title='bbox 733 3406 854 3476; x_wconf 88' lang='lat' dir='ltr'><strong><em>positam</em></strong></span> <span class='ocrx_word' id='word_1_488' title='bbox 909 3408 1053 3467; x_wconf 88' lang='lat' dir='ltr'><strong><em>mendacii</em></strong></span> <span class='ocrx_word' id='word_1_489' title='bbox 1067 3407 1236 3480; x_wconf 79' lang='lat' dir='ltr'><strong><em>arguendus</em></strong></span> <span class='ocrx_word' id='word_1_490' title='bbox 1249 3413 1334 3475; x_wconf 90' lang='grc'>33331,</span> <span class='ocrx_word' id='word_1_491' title='bbox 1345 3405 1396 3477; x_wconf 89' lang='lat' dir='ltr'><strong><em>qui</em></strong></span> <span class='ocrx_word' id='word_1_492' title='bbox 1411 3403 1655 3462; x_wconf 84' lang='lat' dir='ltr'><strong><em>existimationem</em></strong></span> <span class='ocrx_word' id='word_1_493' title='bbox 1669 3413 1754 3459; x_wconf 90' lang='lat' dir='ltr'><strong><em>suam</em></strong></span> 
     </span>
     <span class='ocr_line' id='line_1_38' title="bbox 79 3488 1755 3570; baseline -0.002 -20"><span class='ocrx_word' id='word_1_494' title='bbox 79 3507 125 3550; x_wconf 91' lang='lat' dir='ltr'><strong><em>am</em></strong></span> <span class='ocrx_word' id='word_1_495' title='bbox 145 3508 264 3551; x_wconf 88' lang='lat' dir='ltr'><strong><em>erronee</em></strong></span> <span class='ocrx_word' id='word_1_496' title='bbox 292 3493 511 3564; x_wconf 79' lang='lat' dir='ltr'><strong><em>prolatamque</em></strong></span> <span class='ocrx_word' id='word_1_497' title='bbox 539 3494 646 3565; x_wconf 89' lang='lat' dir='ltr'><strong><em>scripta</em></strong></span> <span class='ocrx_word' id='word_1_498' title='bbox 671 3494 854 3552; x_wconf 78' lang='lat' dir='ltr'><strong><em>videantur?</em></strong></span> <span class='ocrx_word' id='word_1_499' title='bbox 908 3497 1001 3570; x_wconf 79' lang='lat' dir='ltr'><strong><em>magis</em></strong></span> <span class='ocrx_word' id='word_1_500' title='bbox 1030 3511 1120 3567; x_wconf 91' lang='lat' dir='ltr'><strong><em>quam</em></strong></span> <span class='ocrx_word' id='word_1_501' title='bbox 1153 3497 1304 3552; x_wconf 85' lang='lat' dir='ltr'><strong><em>veritatem</em></strong></span> <span class='ocrx_word' id='word_1_502' title='bbox 1341 3495 1382 3551; x_wconf 89' lang='grc'><strong><em>331</em></strong></span> <span class='ocrx_word' id='word_1_503' title='bbox 1412 3501 1539 3562; x_wconf 89' lang='grc'>3333133,</span> <span class='ocrx_word' id='word_1_504' title='bbox 1567 3491 1696 3548; x_wconf 86' lang='grc'>33311333</span> <span class='ocrx_word' id='word_1_505' title='bbox 1717 3488 1755 3546; x_wconf 89' lang='grc'><strong><em>331</em></strong></span> 
     </span>
     <span class='ocr_line' id='line_1_39' title="bbox 80 3582 1747 3655; baseline -0.003 -17"><span class='ocrx_word' id='word_1_506' title='bbox 80 3589 284 3654; x_wconf 88' lang='lat' dir='ltr'><strong><em>uectanquam</em></strong></span> <span class='ocrx_word' id='word_1_507' title='bbox 309 3582 451 3639; x_wconf 88' lang='lat' dir='ltr'><strong><em>mendacii</em></strong></span> <span class='ocrx_word' id='word_1_508' title='bbox 473 3596 537 3639; x_wconf 90' lang='grc'>3333</span> <span class='ocrx_word' id='word_1_509' title='bbox 553 3583 638 3653; x_wconf 81' lang='lat' dir='ltr'><strong><em>argui</em></strong></span> <span class='ocrx_word' id='word_1_510' title='bbox 656 3591 769 3639; x_wconf 87' lang='lat' dir='ltr'><strong><em>sanctos</em></strong></span> <span class='ocrx_word' id='word_1_511' title='bbox 787 3597 853 3640; x_wconf 89' lang='lat' dir='ltr'><strong><em>con·</em></strong></span> <span class='ocrx_word' id='word_1_512' title='bbox 906 3586 1052 3641; x_wconf 81' lang='lat' dir='ltr'><strong><em>Romanos</em></strong></span> <span class='ocrx_word' id='word_1_513' title='bbox 1066 3583 1129 3655; x_wconf 82' lang='lat' dir='ltr'><strong><em>(xv,</em></strong></span> <span class='ocrx_word' id='word_1_514' title='bbox 1144 3584 1203 3655; x_wconf 77' lang='grc'>18),</span> <span class='ocrx_word' id='word_1_515' title='bbox 1224 3583 1286 3639; x_wconf 90' lang='lat' dir='ltr'><strong><em>ait:</em></strong></span> <span class='ocrx_word' id='word_1_516' title='bbox 1315 3583 1372 3636; x_wconf 85' lang='grc'>1133</span> <span class='ocrx_word' id='word_1_517' title='bbox 1386 3583 1475 3650; x_wconf 85' lang='lat' dir='ltr'><strong><em>iqitnr</em></strong></span> <span class='ocrx_word' id='word_1_518' title='bbox 1500 3596 1562 3636; x_wconf 86' lang='lat' dir='ltr'><strong><em>curn</em></strong></span> <span class='ocrx_word' id='word_1_519' title='bbox 1577 3593 1747 3635; x_wconf 85' lang='lat' dir='ltr'><strong><em>eonsumma-</em></strong></span> 
     </span>
     <span class='ocr_line' id='line_1_40' title="bbox 79 3669 1752 3743; baseline -0.005 -14"><span class='ocrx_word' id='word_1_520' title='bbox 79 3678 98 3738; x_wconf 92' lang='grc'><strong><em>1,</em></strong></span> <span class='ocrx_word' id='word_1_521' title='bbox 125 3671 149 3727; x_wconf 93' lang='grc'><strong><em>31</em></strong></span> <span class='ocrx_word' id='word_1_522' title='bbox 177 3670 320 3728; x_wconf 88' lang='lat' dir='ltr'><strong><em>nonnulla</em></strong></span> <span class='ocrx_word' id='word_1_523' title='bbox 341 3671 519 3742; x_wconf 87' lang='lat' dir='ltr'><strong><em>quandoque</em></strong></span> <span class='ocrx_word' id='word_1_524' title='bbox 545 3671 628 3728; x_wconf 91' lang='lat' dir='ltr'><strong><em>aliter</em></strong></span> <span class='ocrx_word' id='word_1_525' title='bbox 647 3684 737 3743; x_wconf 87' lang='lat' dir='ltr'><strong><em>quam</em></strong></span> <span class='ocrx_word' id='word_1_526' title='bbox 765 3671 855 3728; x_wconf 89' lang='grc'>33331</span> <span class='ocrx_word' id='word_1_527' title='bbox 907 3687 980 3742; x_wconf 85' lang='lat' dir='ltr'><strong><em>nero,</em></strong></span> <span class='ocrx_word' id='word_1_528' title='bbox 1010 3678 1036 3727; x_wconf 95' lang='grc'><strong><em>33</em></strong></span> <span class='ocrx_word' id='word_1_529' title='bbox 1064 3674 1239 3740; x_wconf 81' lang='grc'>3331333333</span> <span class='ocrx_word' id='word_1_530' title='bbox 1266 3673 1304 3725; x_wconf 84' lang='lat' dir='ltr'><strong><em>eis</em></strong></span> <span class='ocrx_word' id='word_1_531' title='bbox 1320 3671 1444 3737; x_wconf 77' lang='lat' dir='ltr'><strong><em>tractum</em></strong></span> <span class='ocrx_word' id='word_1_532' title='bbox 1470 3669 1553 3735; x_wconf 88' lang='lat' dir='ltr'><strong><em>banc,</em></strong></span> <span class='ocrx_word' id='word_1_533' title='bbox 1591 3669 1752 3740; x_wconf 72' lang='lat' dir='ltr'><strong><em>proficiscar</em></strong></span> 
     </span>
     <span class='ocr_line' id='line_1_41' title="bbox 79 3753 1756 3832; baseline -0.003 -16"><span class='ocrx_word' id='word_1_534' title='bbox 79 3773 115 3816; x_wconf 85' lang='grc'><strong><em>33</em></strong></span> <span class='ocrx_word' id='word_1_535' title='bbox 138 3758 253 3828; x_wconf 87' lang='lat' dir='ltr'><strong><em>habeat,</em></strong></span> <span class='ocrx_word' id='word_1_536' title='bbox 273 3759 460 3824; x_wconf 86' lang='lat' dir='ltr'><strong><em>arbitrantes,</em></strong></span> <span class='ocrx_word' id='word_1_537' title='bbox 487 3773 546 3815; x_wconf 88' lang='lat' dir='ltr'><strong><em>non</em></strong></span> <span class='ocrx_word' id='word_1_538' title='bbox 572 3772 621 3830; x_wconf 89' lang='lat' dir='ltr'><strong><em>per</em></strong></span> <span class='ocrx_word' id='word_1_539' title='bbox 643 3759 854 3828; x_wconf 87' lang='lat' dir='ltr'><strong><em>duplicitatem,</em></strong></span> <span class='ocrx_word' id='word_1_540' title='bbox 904 3777 958 3832; x_wconf 83' lang='lat' dir='ltr'><strong><em>per</em></strong></span> <span class='ocrx_word' id='word_1_541' title='bbox 970 3775 1017 3816; x_wconf 87' lang='lat' dir='ltr'><strong><em>uos</em></strong></span> <span class='ocrx_word' id='word_1_542' title='bbox 1027 3763 1058 3815; x_wconf 90' lang='lat' dir='ltr'><strong><em>in</em></strong></span> <span class='ocrx_word' id='word_1_543' title='bbox 1069 3761 1241 3828; x_wconf 76' lang='lat' dir='ltr'><strong><em>Hispaniam.</em></strong></span> <span class='ocrx_word' id='word_1_544' title='bbox 1254 3758 1340 3814; x_wconf 73' lang='lat' dir='ltr'><strong><em>iliud</em></strong></span> <span class='ocrx_word' id='word_1_545' title='bbox 1358 3758 1455 3829; x_wconf 88' lang='lat' dir='ltr'><strong><em>itaque</em></strong></span> <span class='ocrx_word' id='word_1_546' title='bbox 1478 3764 1521 3813; x_wconf 90' lang='grc'><strong><em>331</em></strong></span> <span class='ocrx_word' id='word_1_547' title='bbox 1534 3756 1659 3821; x_wconf 84' lang='lat' dir='ltr'><strong><em>mentiri,</em></strong></span> <span class='ocrx_word' id='word_1_548' title='bbox 1674 3753 1756 3811; x_wconf 85' lang='lat' dir='ltr'><strong><em>aliud</em></strong></span> 
     </span>
     <span class='ocr_line' id='line_1_42' title="bbox 79 3841 1757 3922; baseline -0.002 -21"><span class='ocrx_word' id='word_1_549' title='bbox 79 3859 124 3916; x_wconf 90' lang='lat' dir='ltr'><strong><em>per</em></strong></span> <span class='ocrx_word' id='word_1_550' title='bbox 138 3845 334 3916; x_wconf 81' lang='lat' dir='ltr'><strong><em>ignorantiam</em></strong></span> <span class='ocrx_word' id='word_1_551' title='bbox 355 3845 473 3917; x_wconf 83' lang='lat' dir='ltr'><strong><em>dicant3</em></strong></span> <span class='ocrx_word' id='word_1_552' title='bbox 495 3860 548 3903; x_wconf 92' lang='lat' dir='ltr'><strong><em>nec</em></strong></span> <span class='ocrx_word' id='word_1_553' title='bbox 575 3847 793 3917; x_wconf 75' lang='lat' dir='ltr'><strong><em>presumptioni</em></strong></span> <span class='ocrx_word' id='word_1_554' title='bbox 807 3848 855 3904; x_wconf 85' lang='lat' dir='ltr'><strong><em>rel</em></strong></span> <span class='ocrx_word' id='word_1_555' title='bbox 911 3853 1010 3922; x_wconf 82' lang='lat' dir='ltr'><strong><em>itaque</em></strong></span> <span class='ocrx_word' id='word_1_556' title='bbox 1024 3855 1177 3905; x_wconf 90' lang='grc'>331333333</span> <span class='ocrx_word' id='word_1_557' title='bbox 1191 3847 1367 3918; x_wconf 88' lang='lat' dir='ltr'><strong><em>loquentem,</em></strong></span> <span class='ocrx_word' id='word_1_558' title='bbox 1387 3853 1414 3901; x_wconf 92' lang='grc'><strong><em>31</em></strong></span> <span class='ocrx_word' id='word_1_559' title='bbox 1444 3845 1595 3902; x_wconf 78' lang='grc'>3313311313</span> <span class='ocrx_word' id='word_1_560' title='bbox 1615 3845 1645 3900; x_wconf 88' lang='grc'><strong><em>13</em></strong></span> <span class='ocrx_word' id='word_1_561' title='bbox 1659 3841 1757 3899; x_wconf 79' lang='lat' dir='ltr'><strong><em>verbis</em></strong></span> 
     </span>
     <span class='ocr_line' id='line_1_43' title="bbox 79 3930 1757 4011; baseline -0.002 -21"><span class='ocrx_word' id='word_1_562' title='bbox 79 3940 124 3990; x_wconf 85' lang='lat' dir='ltr'><strong><em>ato</em></strong></span> <span class='ocrx_word' id='word_1_563' title='bbox 137 3933 343 4005; x_wconf 89' lang='lat' dir='ltr'><strong><em>imputandum</em></strong></span> <span class='ocrx_word' id='word_1_564' title='bbox 367 3942 420 4003; x_wconf 89' lang='lat' dir='ltr'><strong><em>est,</em></strong></span> <span class='ocrx_word' id='word_1_565' title='bbox 435 3935 580 4007; x_wconf 87' lang='lat' dir='ltr'><strong><em>quidquid</em></strong></span> <span class='ocrx_word' id='word_1_566' title='bbox 595 3948 632 3991; x_wconf 82' lang='lat' dir='ltr'><strong><em>ex</em></strong></span> <span class='ocrx_word' id='word_1_567' title='bbox 656 3936 798 3993; x_wconf 88' lang='lat' dir='ltr'><strong><em>charitate</em></strong></span> <span class='ocrx_word' id='word_1_568' title='bbox 819 3937 856 3992; x_wconf 89' lang='lat' dir='ltr'><strong><em>ad</em></strong></span> <span class='ocrx_word' id='word_1_569' title='bbox 909 3953 961 4011; x_wconf 89' lang='lat' dir='ltr'><strong><em>per</em></strong></span> <span class='ocrx_word' id='word_1_570' title='bbox 975 3951 1112 4006; x_wconf 87' lang='lat' dir='ltr'><strong><em>errorem,</em></strong></span> <span class='ocrx_word' id='word_1_571' title='bbox 1129 3950 1188 3993; x_wconf 92' lang='lat' dir='ltr'><strong><em>non</em></strong></span> <span class='ocrx_word' id='word_1_572' title='bbox 1203 3949 1255 4007; x_wconf 89' lang='lat' dir='ltr'><strong><em>per</em></strong></span> <span class='ocrx_word' id='word_1_573' title='bbox 1283 3935 1434 4003; x_wconf 87' lang='lat' dir='ltr'><strong><em>malitiam,</em></strong></span> <span class='ocrx_word' id='word_1_574' title='bbox 1464 3932 1605 3990; x_wconf 86' lang='lat' dir='ltr'><strong><em>recedere.</em></strong></span> <span class='ocrx_word' id='word_1_575' title='bbox 1635 3930 1757 3998; x_wconf 83' lang='lat' dir='ltr'><strong><em>Quodsi</em></strong></span> 
     </span>
     <span class='ocr_line' id='line_1_44' title="bbox 79 4020 1758 4102; baseline -0.003 -22"><span class='ocrx_word' id='word_1_576' title='bbox 79 4035 141 4080; x_wconf 84' lang='lat' dir='ltr'><strong><em>nam</em></strong></span> <span class='ocrx_word' id='word_1_577' title='bbox 156 4022 372 4080; x_wconf 71' lang='lat' dir='ltr'><strong><em>edificationem</em></strong></span> <span class='ocrx_word' id='word_1_578' title='bbox 387 4022 502 4090; x_wconf 88' lang='lat' dir='ltr'><strong><em>dicitur,</em></strong></span> <span class='ocrx_word' id='word_1_579' title='bbox 520 4038 586 4080; x_wconf 86' lang='lat' dir='ltr'><strong><em>cum</em></strong></span> <span class='ocrx_word' id='word_1_580' title='bbox 599 4024 679 4095; x_wconf 91' lang='lat' dir='ltr'><strong><em>apud</em></strong></span> <span class='ocrx_word' id='word_1_581' title='bbox 701 4025 855 4082; x_wconf 83' lang='lat' dir='ltr'><strong><em>Dominum</em></strong></span> <span class='ocrx_word' id='word_1_582' title='bbox 910 4026 981 4084; x_wconf 90' lang='grc'>13313</span> <span class='ocrx_word' id='word_1_583' title='bbox 995 4025 1080 4083; x_wconf 85' lang='lat' dir='ltr'><strong><em>etiam</em></strong></span> <span class='ocrx_word' id='word_1_584' title='bbox 1094 4024 1199 4082; x_wconf 88' lang='lat' dir='ltr'><strong><em>sanctis</em></strong></span> <span class='ocrx_word' id='word_1_585' title='bbox 1209 4023 1287 4094; x_wconf 90' lang='lat' dir='ltr'><strong><em>ipsis,</em></strong></span> <span class='ocrx_word' id='word_1_586' title='bbox 1314 4031 1348 4080; x_wconf 88' lang='lat' dir='ltr'><strong><em>ut</em></strong></span> <span class='ocrx_word' id='word_1_587' title='bbox 1370 4022 1509 4084; x_wconf 82' lang='lat' dir='ltr'><strong><em>diximus,</em></strong></span> <span class='ocrx_word' id='word_1_588' title='bbox 1536 4020 1666 4102; x_wconf 86' lang='lat' dir='ltr'><strong><em>accidere</em></strong></span> <span class='ocrx_word' id='word_1_589' title='bbox 1680 4021 1758 4076; x_wconf 90' lang='grc'>11333</span> 
     </span>
     <span class='ocr_line' id='line_1_45' title="bbox 81 4107 1759 4187; baseline -0.001 -20"><span class='ocrx_word' id='word_1_590' title='bbox 81 4112 109 4168; x_wconf 89' lang='grc'><strong><em>13</em></strong></span> <span class='ocrx_word' id='word_1_591' title='bbox 124 4111 230 4168; x_wconf 88' lang='lat' dir='ltr'><strong><em>discuti</em></strong></span> <span class='ocrx_word' id='word_1_592' title='bbox 247 4113 334 4183; x_wconf 80' lang='lat' dir='ltr'><strong><em>juxta</em></strong></span> <span class='ocrx_word' id='word_1_593' title='bbox 355 4112 543 4169; x_wconf 89' lang='lat' dir='ltr'><strong><em>intentionem</em></strong></span> <span class='ocrx_word' id='word_1_594' title='bbox 558 4119 677 4182; x_wconf 89' lang='lat' dir='ltr'><strong><em>constet,</em></strong></span> <span class='ocrx_word' id='word_1_595' title='bbox 701 4113 857 4170; x_wconf 89' lang='grc'>313313331-</span> <span class='ocrx_word' id='word_1_596' title='bbox 910 4115 1067 4187; x_wconf 88' lang='lat' dir='ltr'><strong><em>permittat,</em></strong></span> <span class='ocrx_word' id='word_1_597' title='bbox 1096 4113 1127 4170; x_wconf 92' lang='lat' dir='ltr'><strong><em>in</em></strong></span> <span class='ocrx_word' id='word_1_598' title='bbox 1154 4112 1199 4169; x_wconf 88' lang='lat' dir='ltr'><strong><em>bis</em></strong></span> <span class='ocrx_word' id='word_1_599' title='bbox 1223 4112 1350 4184; x_wconf 88' lang='lat' dir='ltr'><strong><em>quidem,</em></strong></span> <span class='ocrx_word' id='word_1_600' title='bbox 1375 4111 1427 4182; x_wconf 90' lang='lat' dir='ltr'><strong><em>qui</em></strong></span> <span class='ocrx_word' id='word_1_601' title='bbox 1455 4110 1570 4168; x_wconf 90' lang='lat' dir='ltr'><strong><em>nullum</em></strong></span> <span class='ocrx_word' id='word_1_602' title='bbox 1585 4108 1651 4166; x_wconf 87' lang='lat' dir='ltr'><strong><em>ddei</em></strong></span> <span class='ocrx_word' id='word_1_603' title='bbox 1675 4107 1759 4165; x_wconf 89' lang='lat' dir='ltr'><strong><em>detri.</em></strong></span> 
     </span>
     <span class='ocr_line' id='line_1_46' title="bbox 79 4198 1757 4292; baseline -0.001 -36"><span class='ocrx_word' id='word_1_604' title='bbox 79 4208 166 4256; x_wconf 86' lang='lat' dir='ltr'><strong><em>nest:</em></strong></span> <span class='ocrx_word' id='word_1_605' title='bbox 183 4200 214 4256; x_wconf 80' lang='lat' dir='ltr'><strong><em>si</em></strong></span> <span class='ocrx_word' id='word_1_606' title='bbox 239 4201 332 4255; x_wconf 87' lang='lat' dir='ltr'><strong><em>ocutus</em></strong></span> <span class='ocrx_word' id='word_1_607' title='bbox 353 4205 417 4256; x_wconf 82' lang='lat' dir='ltr'><strong><em>tuus</em></strong></span> <span class='ocrx_word' id='word_1_608' title='bbox 441 4202 680 4279; x_wconf 35' lang='lat' dir='ltr'><strong><em>tuerit-simplem,</em></strong></span> <span class='ocrx_word' id='word_1_609' title='bbox 700 4206 853 4258; x_wconf 83' lang='grc'>131333333-</span> <span class='ocrx_word' id='word_1_610' title='bbox 870 4237 893 4292; x_wconf 72' lang='lat' dir='ltr'>D</span> <span class='ocrx_word' id='word_1_611' title='bbox 910 4211 1040 4261; x_wconf 84' lang='lat' dir='ltr'><strong><em>mentum</em></strong></span> <span class='ocrx_word' id='word_1_612' title='bbox 1053 4202 1170 4267; x_wconf 88' lang='lat' dir='ltr'><strong><em>babent,</em></strong></span> <span class='ocrx_word' id='word_1_613' title='bbox 1201 4216 1254 4258; x_wconf 90' lang='lat' dir='ltr'><strong><em>nec</em></strong></span> <span class='ocrx_word' id='word_1_614' title='bbox 1274 4201 1302 4256; x_wconf 92' lang='lat' dir='ltr'><strong><em>id</em></strong></span> <span class='ocrx_word' id='word_1_615' title='bbox 1316 4201 1402 4257; x_wconf 90' lang='lat' dir='ltr'><strong><em>etiam</em></strong></span> <span class='ocrx_word' id='word_1_616' title='bbox 1428 4199 1485 4256; x_wconf 91' lang='lat' dir='ltr'><strong><em>illis</em></strong></span> <span class='ocrx_word' id='word_1_617' title='bbox 1510 4198 1689 4255; x_wconf 79' lang='lat' dir='ltr'><strong><em>infructuosa</em></strong></span> <span class='ocrx_word' id='word_1_618' title='bbox 1709 4210 1757 4254; x_wconf 88' lang='lat' dir='ltr'><strong><em>ac-</em></strong></span> 
     </span>
     <span class='ocr_line' id='line_1_47' title="bbox 79 4286 1758 4363; baseline -0.001 -19"><span class='ocrx_word' id='word_1_619' title='bbox 79 4295 157 4344; x_wconf 87' lang='lat' dir='ltr'><strong><em>tuum</em></strong></span> <span class='ocrx_word' id='word_1_620' title='bbox 189 4289 311 4344; x_wconf 85' lang='lat' dir='ltr'><strong><em>lucidam</em></strong></span> <span class='ocrx_word' id='word_1_621' title='bbox 331 4291 383 4344; x_wconf 88' lang='lat' dir='ltr'><strong><em>erit</em></strong></span> <span class='ocrx_word' id='word_1_622' title='bbox 411 4290 533 4357; x_wconf 74' lang='lat' dir='ltr'><strong><em>(Metti,</em></strong></span> <span class='ocrx_word' id='word_1_623' title='bbox 553 4289 603 4359; x_wconf 84' lang='lat' dir='ltr'><strong><em>vr).</em></strong></span> <span class='ocrx_word' id='word_1_624' title='bbox 629 4290 710 4348; x_wconf 89' lang='lat' dir='ltr'><strong><em>Unde</em></strong></span> <span class='ocrx_word' id='word_1_625' title='bbox 728 4297 755 4347; x_wconf 89' lang='lat' dir='ltr'><strong><em>et</em></strong></span> <span class='ocrx_word' id='word_1_626' title='bbox 782 4290 854 4348; x_wconf 93' lang='lat' dir='ltr'><strong><em>illud</em></strong></span> <span class='ocrx_word' id='word_1_627' title='bbox 912 4293 992 4360; x_wconf 88' lang='lat' dir='ltr'><strong><em>cidit,</em></strong></span> <span class='ocrx_word' id='word_1_628' title='bbox 1007 4291 1116 4363; x_wconf 90' lang='lat' dir='ltr'><strong><em>quibus</em></strong></span> <span class='ocrx_word' id='word_1_629' title='bbox 1130 4291 1228 4347; x_wconf 89' lang='lat' dir='ltr'><strong><em>omnia</em></strong></span> <span class='ocrx_word' id='word_1_630' title='bbox 1245 4296 1438 4360; x_wconf 87' lang='lat' dir='ltr'><strong><em>cooperantur</em></strong></span> <span class='ocrx_word' id='word_1_631' title='bbox 1459 4289 1488 4343; x_wconf 92' lang='lat' dir='ltr'><strong><em>in</em></strong></span> <span class='ocrx_word' id='word_1_632' title='bbox 1504 4288 1635 4358; x_wconf 89' lang='lat' dir='ltr'><strong><em>bouum;</em></strong></span> <span class='ocrx_word' id='word_1_633' title='bbox 1661 4286 1716 4343; x_wconf 89' lang='lat' dir='ltr'><strong><em>hoc</em></strong></span> <span class='ocrx_word' id='word_1_634' title='bbox 1730 4292 1758 4342; x_wconf 89' lang='lat' dir='ltr'><strong><em>et</em></strong></span> 
     </span>
     <span class='ocr_line' id='line_1_48' title="bbox 79 4374 1759 4453; baseline -0.003 -17"><span class='ocrx_word' id='word_1_635' title='bbox 79 4378 142 4436; x_wconf 80' lang='lat' dir='ltr'><strong><em>eati</em></strong></span> <span class='ocrx_word' id='word_1_636' title='bbox 156 4377 315 4449; x_wconf 81' lang='lat' dir='ltr'><strong><em>Augustini</em></strong></span> <span class='ocrx_word' id='word_1_637' title='bbox 343 4378 377 4435; x_wconf 89' lang='lat' dir='ltr'><strong><em>de</em></strong></span> <span class='ocrx_word' id='word_1_638' title='bbox 405 4378 596 4435; x_wconf 84' lang='lat' dir='ltr'><strong><em>ecclesiastica</em></strong></span> <span class='ocrx_word' id='word_1_639' title='bbox 619 4378 770 4448; x_wconf 89' lang='lat' dir='ltr'><strong><em>disciplina</em></strong></span> <span class='ocrx_word' id='word_1_640' title='bbox 795 4386 857 4437; x_wconf 88' lang='grc'>133-</span> <span class='ocrx_word' id='word_1_641' title='bbox 911 4379 967 4453; x_wconf 88' lang='grc'>1331</span> <span class='ocrx_word' id='word_1_642' title='bbox 999 4379 1183 4437; x_wconf 88' lang='grc'>3331331331131</span> <span class='ocrx_word' id='word_1_643' title='bbox 1211 4379 1340 4436; x_wconf 90' lang='lat' dir='ltr'><strong><em>doctores</em></strong></span> <span class='ocrx_word' id='word_1_644' title='bbox 1362 4377 1515 4449; x_wconf 76' lang='grc'>(1111333133</span> <span class='ocrx_word' id='word_1_645' title='bbox 1525 4374 1703 4434; x_wconf 87' lang='lat' dir='ltr'><strong><em>attendentes</em></strong></span> <span class='ocrx_word' id='word_1_646' title='bbox 1731 4380 1759 4431; x_wconf 91' lang='lat' dir='ltr'><strong><em>et</em></strong></span> 
     </span>
     <span class='ocr_line' id='line_1_49' title="bbox 79 4462 1757 4538; baseline -0.002 -16"><span class='ocrx_word' id='word_1_647' title='bbox 79 4466 139 4524; x_wconf 89' lang='lat' dir='ltr'><strong><em>tis:</em></strong></span> <span class='ocrx_word' id='word_1_648' title='bbox 173 4466 260 4529; x_wconf 84' lang='grc'>11313,</span> <span class='ocrx_word' id='word_1_649' title='bbox 278 4466 383 4537; x_wconf 88' lang='lat' dir='ltr'><strong><em>inquii,</em></strong></span> <span class='ocrx_word' id='word_1_650' title='bbox 413 4467 583 4536; x_wconf 82' lang='grc'>3133113133,</span> <span class='ocrx_word' id='word_1_651' title='bbox 608 4473 634 4525; x_wconf 89' lang='grc'><strong><em>31</em></strong></span> <span class='ocrx_word' id='word_1_652' title='bbox 657 4469 704 4535; x_wconf 73' lang='lat' dir='ltr'><strong><em>tac</em></strong></span> <span class='ocrx_word' id='word_1_653' title='bbox 718 4468 792 4535; x_wconf 89' lang='lat' dir='ltr'><strong><em>quod</em></strong></span> <span class='ocrx_word' id='word_1_654' title='bbox 802 4471 855 4524; x_wconf 87' lang='grc'>313.</span> <span class='ocrx_word' id='word_1_655' title='bbox 911 4467 1054 4525; x_wconf 91' lang='lat' dir='ltr'><strong><em>nonnulla</em></strong></span> <span class='ocrx_word' id='word_1_656' title='bbox 1078 4468 1108 4522; x_wconf 92' lang='lat' dir='ltr'><strong><em>in</em></strong></span> <span class='ocrx_word' id='word_1_657' title='bbox 1135 4467 1198 4524; x_wconf 90' lang='grc'>3313</span> <span class='ocrx_word' id='word_1_658' title='bbox 1221 4465 1358 4538; x_wconf 89' lang='grc'>33331133</span> <span class='ocrx_word' id='word_1_659' title='bbox 1373 4465 1544 4535; x_wconf 75' lang='lat' dir='ltr'><strong><em>corrigenda</em></strong></span> <span class='ocrx_word' id='word_1_660' title='bbox 1562 4478 1624 4521; x_wconf 89' lang='lat' dir='ltr'><strong><em>esse</em></strong></span> <span class='ocrx_word' id='word_1_661' title='bbox 1638 4462 1757 4520; x_wconf 86' lang='lat' dir='ltr'><strong><em>creden·</em></strong></span> 
     </span>
     <span class='ocr_line' id='line_1_50' title="bbox 79 4551 1759 4626; baseline -0.004 -15"><span class='ocrx_word' id='word_1_662' title='bbox 79 4568 184 4625; x_wconf 80' lang='grc'>133333</span> <span class='ocrx_word' id='word_1_663' title='bbox 209 4554 368 4624; x_wconf 83' lang='lat' dir='ltr'><strong><em>Epistulam</em></strong></span> <span class='ocrx_word' id='word_1_664' title='bbox 389 4556 509 4611; x_wconf 87' lang='lat' dir='ltr'><strong><em>loannis</em></strong></span> <span class='ocrx_word' id='word_1_665' title='bbox 525 4570 531 4610; x_wconf 92' lang='lat'>:</span> <span class='ocrx_word' id='word_1_666' title='bbox 549 4555 602 4621; x_wconf 82' lang='lat' dir='ltr'><strong><em>Qui</em></strong></span> <span class='ocrx_word' id='word_1_667' title='bbox 621 4572 674 4611; x_wconf 91' lang='lat' dir='ltr'><strong><em>non</em></strong></span> <span class='ocrx_word' id='word_1_668' title='bbox 699 4557 779 4612; x_wconf 88' lang='lat' dir='ltr'><strong><em>babet</em></strong></span> <span class='ocrx_word' id='word_1_669' title='bbox 792 4558 855 4612; x_wconf 87' lang='lat' dir='ltr'><strong><em>cba-</em></strong></span> <span class='ocrx_word' id='word_1_670' title='bbox 911 4555 1096 4626; x_wconf 66' lang='lat' dir='ltr'><strong><em>nepesinis</em></strong></span> <span class='ocrx_word' id='word_1_671' title='bbox 1114 4556 1176 4612; x_wconf 89' lang='lat' dir='ltr'><strong><em>suis</em></strong></span> <span class='ocrx_word' id='word_1_672' title='bbox 1190 4555 1362 4612; x_wconf 90' lang='lat' dir='ltr'><strong><em>emendandi</em></strong></span> <span class='ocrx_word' id='word_1_673' title='bbox 1377 4552 1422 4611; x_wconf 85' lang='lat' dir='ltr'><strong><em>vel</em></strong></span> <span class='ocrx_word' id='word_1_674' title='bbox 1441 4569 1499 4610; x_wconf 92' lang='lat' dir='ltr'><strong><em>non</em></strong></span> <span class='ocrx_word' id='word_1_675' title='bbox 1514 4552 1654 4626; x_wconf 89' lang='lat' dir='ltr'><strong><em>sequendi</em></strong></span> <span class='ocrx_word' id='word_1_676' title='bbox 1669 4551 1759 4608; x_wconf 88' lang='lat' dir='ltr'><strong><em>licen·</em></strong></span> 
     </span>
     <span class='ocr_line' id='line_1_51' title="bbox 79 4639 1756 4716; baseline -0.002 -17"><span class='ocrx_word' id='word_1_677' title='bbox 79 4659 129 4712; x_wconf 88' lang='lat' dir='ltr'><strong><em>en,</em></strong></span> <span class='ocrx_word' id='word_1_678' title='bbox 166 4658 220 4698; x_wconf 90' lang='lat' dir='ltr'><strong><em>non</em></strong></span> <span class='ocrx_word' id='word_1_679' title='bbox 244 4647 285 4699; x_wconf 89' lang='lat' dir='ltr'><strong><em>est</em></strong></span> <span class='ocrx_word' id='word_1_680' title='bbox 312 4647 442 4704; x_wconf 72' lang='grc'>331133·</span> <span class='ocrx_word' id='word_1_681' title='bbox 477 4643 616 4711; x_wconf 82' lang='lat' dir='ltr'><strong><em>quidquid</em></strong></span> <span class='ocrx_word' id='word_1_682' title='bbox 628 4642 680 4709; x_wconf 88' lang='grc'>313,</span> <span class='ocrx_word' id='word_1_683' title='bbox 698 4643 788 4714; x_wconf 83' lang='lat' dir='ltr'><strong><em>babe;</em></strong></span> <span class='ocrx_word' id='word_1_684' title='bbox 808 4643 856 4700; x_wconf 85' lang='grc'><strong><em>133</em></strong></span> <span class='ocrx_word' id='word_1_685' title='bbox 910 4646 980 4702; x_wconf 86' lang='lat' dir='ltr'><strong><em>tiam</em></strong></span> <span class='ocrx_word' id='word_1_686' title='bbox 995 4650 1209 4712; x_wconf 88' lang='lat' dir='ltr'><strong><em>concesserunt,</em></strong></span> <span class='ocrx_word' id='word_1_687' title='bbox 1226 4644 1250 4701; x_wconf 93' lang='grc'><strong><em>31</em></strong></span> <span class='ocrx_word' id='word_1_688' title='bbox 1274 4658 1335 4716; x_wconf 88' lang='lat' dir='ltr'><strong><em>qua</em></strong></span> <span class='ocrx_word' id='word_1_689' title='bbox 1362 4643 1419 4700; x_wconf 91' lang='grc'>11113</span> <span class='ocrx_word' id='word_1_690' title='bbox 1438 4651 1593 4700; x_wconf 88' lang='lat' dir='ltr'><strong><em>retractare</em></strong></span> <span class='ocrx_word' id='word_1_691' title='bbox 1611 4648 1638 4698; x_wconf 90' lang='lat' dir='ltr'><strong><em>et</em></strong></span> <span class='ocrx_word' id='word_1_692' title='bbox 1667 4639 1756 4697; x_wconf 89' lang='grc'>33331-</span> 
     </span>
     <span class='ocr_line' id='line_1_52' title="bbox 79 4729 1759 4806; baseline 0 -20"><span class='ocrx_word' id='word_1_693' title='bbox 79 4732 168 4786; x_wconf 83' lang='grc'>33131</span> <span class='ocrx_word' id='word_1_694' title='bbox 181 4730 291 4798; x_wconf 87' lang='grc'>131333,</span> <span class='ocrx_word' id='word_1_695' title='bbox 309 4731 380 4786; x_wconf 85' lang='lat' dir='ltr'><strong><em>nibil</em></strong></span> <span class='ocrx_word' id='word_1_696' title='bbox 398 4731 449 4786; x_wconf 84' lang='lat' dir='ltr'><strong><em>tibi</em></strong></span> <span class='ocrx_word' id='word_1_697' title='bbox 464 4733 598 4803; x_wconf 73' lang='lat' dir='ltr'><strong><em>prodest,</em></strong></span> <span class='ocrx_word' id='word_1_698' title='bbox 616 4733 714 4788; x_wconf 86' lang='lat' dir='ltr'><strong><em>aliosi</em></strong></span> <span class='ocrx_word' id='word_1_699' title='bbox 731 4748 785 4787; x_wconf 89' lang='lat' dir='ltr'><strong><em>non</em></strong></span> <span class='ocrx_word' id='word_1_700' title='bbox 803 4733 856 4787; x_wconf 79' lang='lat' dir='ltr'><strong><em>tra·</em></strong></span> <span class='ocrx_word' id='word_1_701' title='bbox 911 4748 978 4806; x_wconf 81' lang='lat' dir='ltr'><strong><em>gere</em></strong></span> <span class='ocrx_word' id='word_1_702' title='bbox 997 4748 1055 4790; x_wconf 92' lang='lat' dir='ltr'><strong><em>non</em></strong></span> <span class='ocrx_word' id='word_1_703' title='bbox 1078 4733 1172 4805; x_wconf 89' lang='lat' dir='ltr'><strong><em>liquit.</em></strong></span> <span class='ocrx_word' id='word_1_704' title='bbox 1198 4729 1279 4791; x_wconf 87' lang='lat' dir='ltr'><strong><em>Unde</em></strong></span> <span class='ocrx_word' id='word_1_705' title='bbox 1299 4740 1327 4789; x_wconf 91' lang='grc'><strong><em>31</em></strong></span> <span class='ocrx_word' id='word_1_706' title='bbox 1351 4746 1441 4803; x_wconf 88' lang='grc'>33333</span> <span class='ocrx_word' id='word_1_707' title='bbox 1463 4731 1631 4788; x_wconf 88' lang='lat' dir='ltr'><strong><em>nominatus</em></strong></span> <span class='ocrx_word' id='word_1_708' title='bbox 1659 4729 1759 4788; x_wconf 89' lang='lat' dir='ltr'><strong><em>doctor</em></strong></span> 
     </span>
     <span class='ocr_line' id='line_1_53' title="bbox 79 4819 1757 4895; baseline -0.007 -9"><span class='ocrx_word' id='word_1_709' title='bbox 79 4819 141 4886; x_wconf 69' lang='lat' dir='ltr'><strong><em>‚lot</em></strong></span> <span class='ocrx_word' id='word_1_710' title='bbox 155 4819 233 4888; x_wconf 71' lang='lat' dir='ltr'><strong><em>Mle,</em></strong></span> <span class='ocrx_word' id='word_1_711' title='bbox 250 4824 275 4874; x_wconf 79' lang='lat' dir='ltr'><strong><em>el</em></strong></span> <span class='ocrx_word' id='word_1_712' title='bbox 297 4821 418 4890; x_wconf 80' lang='lat' dir='ltr'><strong><em>implesti</em></strong></span> <span class='ocrx_word' id='word_1_713' title='bbox 445 4823 538 4890; x_wconf 85' lang='lat' dir='ltr'><strong><em>leqem.</em></strong></span> <span class='ocrx_word' id='word_1_714' title='bbox 567 4823 660 4878; x_wconf 86' lang='lat' dir='ltr'><strong><em>item:</em></strong></span> <span class='ocrx_word' id='word_1_715' title='bbox 685 4821 772 4878; x_wconf 89' lang='lat' dir='ltr'><strong><em>Semel</em></strong></span> <span class='ocrx_word' id='word_1_716' title='bbox 794 4836 857 4889; x_wconf 81' lang='lat' dir='ltr'><strong><em>erpo</em></strong></span> <span class='ocrx_word' id='word_1_717' title='bbox 910 4822 1093 4895; x_wconf 79' lang='lat' dir='ltr'><strong><em>Augustinus</em></strong></span> <span class='ocrx_word' id='word_1_718' title='bbox 1107 4822 1353 4879; x_wconf 70' lang='lat' dir='ltr'><strong><em>detractationum</em></strong></span> <span class='ocrx_word' id='word_1_719' title='bbox 1378 4820 1470 4878; x_wconf 89' lang='lat' dir='ltr'><strong><em>libro:</em></strong></span> <span class='ocrx_word' id='word_1_720' title='bbox 1500 4821 1639 4890; x_wconf 85' lang='lat' dir='ltr'><strong><em>Scriptum</em></strong></span> <span class='ocrx_word' id='word_1_721' title='bbox 1653 4819 1757 4887; x_wconf 67' lang='lat' dir='ltr'><strong><em>estin·</em></strong></span> 
     </span>
     <span class='ocr_line' id='line_1_54' title="bbox 79 4907 1756 4982; baseline -0.002 -17"><span class='ocrx_word' id='word_1_722' title='bbox 79 4915 267 4979; x_wconf 85' lang='lat' dir='ltr'><strong><em>epraeeptum</em></strong></span> <span class='ocrx_word' id='word_1_723' title='bbox 282 4909 331 4964; x_wconf 86' lang='lat' dir='ltr'><strong><em>tibi</em></strong></span> <span class='ocrx_word' id='word_1_724' title='bbox 354 4912 543 4980; x_wconf 77' lang='lat' dir='ltr'><strong><em>precipitur:</em></strong></span> <span class='ocrx_word' id='word_1_725' title='bbox 563 4909 657 4979; x_wconf 88' lang='lat' dir='ltr'><strong><em>diliqe,</em></strong></span> <span class='ocrx_word' id='word_1_726' title='bbox 684 4917 710 4964; x_wconf 88' lang='grc'><strong><em>31</em></strong></span> <span class='ocrx_word' id='word_1_727' title='bbox 728 4910 801 4979; x_wconf 88' lang='lat' dir='ltr'><strong><em>quod</em></strong></span> <span class='ocrx_word' id='word_1_728' title='bbox 815 4912 857 4967; x_wconf 86' lang='lat' dir='ltr'><strong><em>nis</em></strong></span> <span class='ocrx_word' id='word_1_729' title='bbox 911 4913 986 4982; x_wconf 88' lang='lat' dir='ltr'><strong><em>quit,</em></strong></span> <span class='ocrx_word' id='word_1_730' title='bbox 1017 4927 1051 4966; x_wconf 84' lang='lat' dir='ltr'><strong><em>ea</em></strong></span> <span class='ocrx_word' id='word_1_731' title='bbox 1085 4909 1257 4976; x_wconf 88' lang='lat' dir='ltr'><strong><em>multiloquio</em></strong></span> <span class='ocrx_word' id='word_1_732' title='bbox 1283 4924 1337 4965; x_wconf 91' lang='lat' dir='ltr'><strong><em>non</em></strong></span> <span class='ocrx_word' id='word_1_733' title='bbox 1364 4910 1478 4979; x_wconf 74' lang='lat' dir='ltr'><strong><em>effuqies</em></strong></span> <span class='ocrx_word' id='word_1_734' title='bbox 1495 4913 1638 4978; x_wconf 88' lang='lat' dir='ltr'><strong><em>peccatum</em></strong></span> <span class='ocrx_word' id='word_1_735' title='bbox 1663 4907 1756 4979; x_wconf 83' lang='lat' dir='ltr'><strong><em>(Pron.</em></strong></span> 
     </span>
     <span class='ocr_line' id='line_1_55' title="bbox 83 4995 1757 5071; baseline -0.001 -17"><span class='ocrx_word' id='word_1_736' title='bbox 83 4997 165 5065; x_wconf 90' lang='lat' dir='ltr'><strong><em>Item,</em></strong></span> <span class='ocrx_word' id='word_1_737' title='bbox 182 4998 223 5053; x_wconf 89' lang='lat' dir='ltr'><strong><em>De</em></strong></span> <span class='ocrx_word' id='word_1_738' title='bbox 235 4997 361 5054; x_wconf 82' lang='lat' dir='ltr'><strong><em>doctrina</em></strong></span> <span class='ocrx_word' id='word_1_739' title='bbox 375 4999 546 5062; x_wconf 73' lang='lat' dir='ltr'><strong><em>Christiana,</em></strong></span> <span class='ocrx_word' id='word_1_740' title='bbox 564 4998 637 5054; x_wconf 91' lang='lat' dir='ltr'><strong><em>libro</em></strong></span> <span class='ocrx_word' id='word_1_741' title='bbox 654 4997 854 5070; x_wconf 77' lang='grc'>331313111333.</span> <span class='ocrx_word' id='word_1_742' title='bbox 911 5014 943 5067; x_wconf 82' lang='lat' dir='ltr'><strong><em>x,</em></strong></span> <span class='ocrx_word' id='word_1_743' title='bbox 960 4998 1019 5071; x_wconf 81' lang='grc'>19).</span> <span class='ocrx_word' id='word_1_744' title='bbox 1038 4998 1277 5069; x_wconf 80' lang='grc'>11333333313133</span> <span class='ocrx_word' id='word_1_745' title='bbox 1292 4997 1416 5054; x_wconf 87' lang='grc'>1333133</span> <span class='ocrx_word' id='word_1_746' title='bbox 1443 4997 1475 5070; x_wconf 86' lang='grc' dir='ltr'>(ι,</span> <span class='ocrx_word' id='word_1_747' title='bbox 1497 4998 1559 5069; x_wconf 80' lang='grc'>19);</span> <span class='ocrx_word' id='word_1_748' title='bbox 1577 4997 1630 5065; x_wconf 79' lang='lat' dir='ltr'><strong><em>set,</em></strong></span> <span class='ocrx_word' id='word_1_749' title='bbox 1649 4995 1757 5068; x_wconf 88' lang='lat' dir='ltr'><strong><em>inquit,</em></strong></span> 
     </span>
     <span class='ocr_line' id='line_1_56' title="bbox 79 5086 1757 5158; baseline -0.001 -16"><span class='ocrx_word' id='word_1_750' title='bbox 79 5099 107 5157; x_wconf 89' lang='lat' dir='ltr'><strong><em>p.</em></strong></span> <span class='ocrx_word' id='word_1_751' title='bbox 124 5102 144 5153; x_wconf 85' lang='lat' dir='ltr'><strong><em>r,</em></strong></span> <span class='ocrx_word' id='word_1_752' title='bbox 160 5100 189 5158; x_wconf 93' lang='lat' dir='ltr'><strong><em>p.</em></strong></span> <span class='ocrx_word' id='word_1_753' title='bbox 207 5088 249 5152; x_wconf 85' lang='grc'><strong><em>17)</em></strong></span> <span class='ocrx_word' id='word_1_754' title='bbox 265 5101 271 5141; x_wconf 94' lang='lat'>:</span> <span class='ocrx_word' id='word_1_755' title='bbox 288 5087 427 5154; x_wconf 81' lang='lat' dir='ltr'><strong><em>Quisquis,</em></strong></span> <span class='ocrx_word' id='word_1_756' title='bbox 445 5087 549 5157; x_wconf 84' lang='lat' dir='ltr'><strong><em>inquit,</em></strong></span> <span class='ocrx_word' id='word_1_757' title='bbox 565 5086 674 5140; x_wconf 86' lang='lat' dir='ltr'><strong><em>diuinas</em></strong></span> <span class='ocrx_word' id='word_1_758' title='bbox 698 5086 857 5157; x_wconf 85' lang='lat' dir='ltr'><strong><em>Scripturas</em></strong></span> <span class='ocrx_word' id='word_1_759' title='bbox 911 5089 1091 5144; x_wconf 76' lang='lat' dir='ltr'><strong><em>omnishomo</em></strong></span> <span class='ocrx_word' id='word_1_760' title='bbox 1114 5086 1194 5143; x_wconf 83' lang='grc'>33133</span> <span class='ocrx_word' id='word_1_761' title='bbox 1214 5087 1252 5141; x_wconf 88' lang='lat' dir='ltr'><strong><em>od</em></strong></span> <span class='ocrx_word' id='word_1_762' title='bbox 1270 5086 1449 5151; x_wconf 87' lang='lat' dir='ltr'><strong><em>audiendum,</em></strong></span> <span class='ocrx_word' id='word_1_763' title='bbox 1475 5086 1571 5141; x_wconf 87' lang='lat' dir='ltr'><strong><em>tardus</em></strong></span> <span class='ocrx_word' id='word_1_764' title='bbox 1585 5086 1622 5140; x_wconf 90' lang='lat' dir='ltr'><strong><em>ad</em></strong></span> <span class='ocrx_word' id='word_1_765' title='bbox 1647 5087 1757 5156; x_wconf 89' lang='lat' dir='ltr'><strong><em>toquen-</em></strong></span> 
     </span>
     <span class='ocr_line' id='line_1_57' title="bbox 79 5173 1758 5246; baseline -0.001 -16"><span class='ocrx_word' id='word_1_766' title='bbox 79 5174 227 5246; x_wconf 87' lang='lat' dir='ltr'><strong><em>quamtibet</em></strong></span> <span class='ocrx_word' id='word_1_767' title='bbox 240 5191 332 5231; x_wconf 82' lang='lat' dir='ltr'><strong><em>earum</em></strong></span> <span class='ocrx_word' id='word_1_768' title='bbox 344 5180 455 5246; x_wconf 84' lang='lat' dir='ltr'><strong><em>purtem</em></strong></span> <span class='ocrx_word' id='word_1_769' title='bbox 479 5175 647 5230; x_wconf 74' lang='lat' dir='ltr'><strong><em>intellexisse</em></strong></span> <span class='ocrx_word' id='word_1_770' title='bbox 662 5174 715 5230; x_wconf 89' lang='lat' dir='ltr'><strong><em>sibi</em></strong></span> <span class='ocrx_word' id='word_1_771' title='bbox 735 5175 856 5245; x_wconf 87' lang='lat' dir='ltr'><strong><em>uidetur,</em></strong></span> <span class='ocrx_word' id='word_1_772' title='bbox 912 5176 988 5232; x_wconf 88' lang='lat' dir='ltr'><strong><em>dum.</em></strong></span> <span class='ocrx_word' id='word_1_773' title='bbox 1019 5176 1108 5233; x_wconf 92' lang='lat' dir='ltr'><strong><em>ltem:</em></strong></span> <span class='ocrx_word' id='word_1_774' title='bbox 1138 5177 1171 5231; x_wconf 91' lang='grc'><strong><em>13</em></strong></span> <span class='ocrx_word' id='word_1_775' title='bbox 1197 5176 1291 5231; x_wconf 88' lang='lat' dir='ltr'><strong><em>multis</em></strong></span> <span class='ocrx_word' id='word_1_776' title='bbox 1318 5176 1389 5231; x_wconf 88' lang='lat' dir='ltr'><strong><em>enim</em></strong></span> <span class='ocrx_word' id='word_1_777' title='bbox 1417 5175 1580 5246; x_wconf 69' lang='lat' dir='ltr'><strong><em>offendimus</em></strong></span> <span class='ocrx_word' id='word_1_778' title='bbox 1603 5188 1705 5230; x_wconf 90' lang='lat' dir='ltr'><strong><em>omnes.</em></strong></span> <span class='ocrx_word' id='word_1_779' title='bbox 1724 5173 1758 5228; x_wconf 81' lang='grc'><strong><em>81</em></strong></span> 
     </span>
     <span class='ocr_line' id='line_1_58' title="bbox 79 5261 1755 5335; baseline -0.001 -15"><span class='ocrx_word' id='word_1_780' title='bbox 79 5268 138 5320; x_wconf 83' lang='grc'>1133</span> <span class='ocrx_word' id='word_1_781' title='bbox 163 5265 302 5322; x_wconf 83' lang='lat' dir='ltr'><strong><em>intellectu</em></strong></span> <span class='ocrx_word' id='word_1_782' title='bbox 323 5279 377 5320; x_wconf 91' lang='lat' dir='ltr'><strong><em>non</em></strong></span> <span class='ocrx_word' id='word_1_783' title='bbox 391 5264 505 5334; x_wconf 67' lang='lat' dir='ltr'><strong><em>aedificet</em></strong></span> <span class='ocrx_word' id='word_1_784' title='bbox 525 5264 607 5320; x_wconf 86' lang='grc'>131333</span> <span class='ocrx_word' id='word_1_785' title='bbox 631 5265 766 5332; x_wconf 73' lang='lat' dir='ltr'><strong><em>neminum</em></strong></span> <span class='ocrx_word' id='word_1_786' title='bbox 794 5264 855 5320; x_wconf 85' lang='lat' dir='ltr'><strong><em>elta·</em></strong></span> <span class='ocrx_word' id='word_1_787' title='bbox 911 5269 973 5334; x_wconf 85' lang='lat' dir='ltr'><strong><em>quir</em></strong></span> <span class='ocrx_word' id='word_1_788' title='bbox 986 5266 1018 5319; x_wconf 88' lang='grc'><strong><em>13</em></strong></span> <span class='ocrx_word' id='word_1_789' title='bbox 1030 5264 1111 5319; x_wconf 87' lang='lat' dir='ltr'><strong><em>uerbo</em></strong></span> <span class='ocrx_word' id='word_1_790' title='bbox 1131 5279 1185 5319; x_wconf 91' lang='lat' dir='ltr'><strong><em>non</em></strong></span> <span class='ocrx_word' id='word_1_791' title='bbox 1200 5263 1326 5334; x_wconf 70' lang='lat' dir='ltr'><strong><em>offendit,</em></strong></span> <span class='ocrx_word' id='word_1_792' title='bbox 1353 5263 1396 5319; x_wconf 78' lang='lat' dir='ltr'><strong><em>liic</em></strong></span> <span class='ocrx_word' id='word_1_793' title='bbox 1415 5264 1553 5334; x_wconf 77' lang='lat' dir='ltr'><strong><em>perfectus</em></strong></span> <span class='ocrx_word' id='word_1_794' title='bbox 1572 5267 1613 5318; x_wconf 88' lang='grc'><strong><em>331</em></strong></span> <span class='ocrx_word' id='word_1_795' title='bbox 1629 5261 1755 5335; x_wconf 84' lang='lat' dir='ltr'><strong><em>uir(lac.</em></strong></span> 
     </span>
    </p>
   </div>
   <div class='ocr_carea' id='block_1_3' title="bbox 79 5369 1257 5512">
    <p class='ocr_par' dir='ltr' id='par_1_3' title="bbox 79 5369 1257 5512">
     <span class='ocr_line' id='line_1_59' title="bbox 79 5369 1257 5442; baseline -0.002 -15"><span class='ocrx_word' id='word_1_796' title='bbox 79 5371 96 5427; x_wconf 81' lang='lat'>2</span> <span class='ocrx_word' id='word_1_797' title='bbox 122 5369 208 5428; x_wconf 85' lang='lat' dir='ltr'><strong><em>Cous.</em></strong></span> <span class='ocrx_word' id='word_1_798' title='bbox 227 5369 387 5427; x_wconf 78' lang='grc'>3133133331.</span> <span class='ocrx_word' id='word_1_799' title='bbox 948 5369 1005 5442; x_wconf 76' lang='lat' dir='ltr'><strong><em>(ii)</em></strong></span> <span class='ocrx_word' id='word_1_800' title='bbox 1016 5370 1100 5428; x_wconf 84' lang='lat' dir='ltr'><strong><em>Cous.</em></strong></span> <span class='ocrx_word' id='word_1_801' title='bbox 1118 5385 1125 5426; x_wconf 78' lang='grc' dir='ltr'><strong><em>ε</em></strong></span> <span class='ocrx_word' id='word_1_802' title='bbox 1141 5370 1257 5428; x_wconf 77' lang='lat' dir='ltr'><strong><em>maeret</em></strong></span> 
     </span>
     <span class='ocr_line' id='line_1_60' title="bbox 80 5439 373 5512; baseline 0.007 -15"><span class='ocrx_word' id='word_1_803' title='bbox 80 5443 97 5497; x_wconf 78' lang='lat' dir='ltr'><strong><em>a</em></strong></span> <span class='ocrx_word' id='word_1_804' title='bbox 126 5439 216 5500; x_wconf 85' lang='lat' dir='ltr'><strong><em>Cous.</em></strong></span> <span class='ocrx_word' id='word_1_805' title='bbox 236 5455 243 5496; x_wconf 93' lang='lat'>:</span> <span class='ocrx_word' id='word_1_806' title='bbox 261 5445 373 5512; x_wconf 75' lang='lat' dir='ltr'><strong><em>pratu.</em></strong></span> 
     </span>
    </p>
   </div>
   <div class='ocr_carea' id='block_1_4' title="bbox 0 0 1909 5962">
    <p class='ocr_par' dir='ltr' id='par_1_4' title="bbox 0 0 1909 5962">
     <span class='ocr_line' id='line_1_61' title="bbox 0 0 1909 5962; baseline 0 0"><span class='ocrx_word' id='word_1_807' title='bbox 0 0 1909 5962; x_wconf 95' lang='lat' dir='ltr'><strong><em> </em></strong></span> 
     </span>
    </p>
   </div>
  </div>
 </body>
</html>
