3804 5962
161 144 228 200 tosa
436 136 540 195 PETRI
557 130 743 192 sumtuum
763 134 840 191 OPP.
860 132 950 188 PARS
968 131 1017 188 111.
1034 161 1068 173 -
1080 129 1305 188 THEOLOGICA
1323 129 1367 185 ET
1385 127 1654 188 Pullosonftlcll.
1832 131 1876 187 lttl·

153 264 212 332 Dei,
229 275 296 319 cnm
324 259 393 317 satis
422 258 507 314 fuerit
525 256 662 327 spiritum
689 269 871 325 nuncupare,
901 257 996 311 fliero-
1013 255 1210 312 bsecundum
1225 255 1254 311 id
1269 253 1347 326 qnod
1373 254 1513 325 scriptum
1537 261 1591 322 εει,
1607 251 1751 325 qnoniam
1769 253 1876 318 Dente

151 368 248 422 sagmas
275 365 357 419 super
383 349 519 414 Genesim,
543 349 571 399 in
598 346 667 400 libro
690 345 888 399 Hebraicarum
916 345 997 411 Quae-
1054 345 1183 414 spiritns,
1208 351 1297 414 potest
1312 344 1387 399 idem
1402 344 1605 401 universaliter
1618 344 1689 412 dici,
1712 343 1786 417 quia
1805 345 1874 403 olle

153 449 272 502 stionam
283 456 290 497 ε
303 443 343 497 Et
355 441 476 509 Spiritus
499 436 707 502 Detinebatur
721 451 802 505 snper
816 449 922 500 aquas:
946 448 996 502 pro
1056 441 1097 489 ter
1111 434 1237 503 spiritns,
1263 442 1290 490 et
1305 432 1396 490 Filius
1416 433 1543 504 spiritus,
1560 440 1587 490 et
1605 434 1693 490 Pater
1720 441 1876 501 sanciunt

152 528 440 605 ecquodinnostris
458 525 604 582 codicibus
624 526 764 594 scripturn
792 524 997 591 estserebatar
1052 521 1142 578 Filius
1173 530 1300 579 sanctus.
1322 525 1358 576 nt
1383 526 1574 591 postpauca:
1609 521 1740 593 Spiritus
1783 531 1875 580 εειιιιιι

152 629 180 682 ιιι
207 621 345 678 llebraico
361 617 468 673 babet:
494 614 641 678 merefeth,
669 614 747 684 quod
774 628 826 668 nos
853 612 996 682 appellare
1053 610 1186 680 quedam
1219 611 1311 666 Patris
1326 608 1449 682 Filiique
1462 610 1627 667 communio
1641 617 1696 671 est.
1712 617 1741 668 et
1758 609 1821 666 ideo
1843 610 1877 668 fc·

151 723 304 785 possumus
329 707 477 763 incubabat
496 704 558 760 sive
579 702 748 769 confovebat,
777 702 807 757 in
831 701 995 757 similitudi·
1053 706 1127 754 tasse
1153 700 1193 754 sic
1216 699 1388 769 appellatur,
1420 699 1490 769 quia
1509 699 1586 755 Patri
1601 705 1629 756 et
1651 698 1728 756 Filio
1752 706 1878 769 potesta·

153 814 219 858 nem
232 797 360 855 volucris
372 809 428 851 ova
442 793 536 849 calore
553 792 718 848 animantis.
736 791 779 846 Ex
807 805 865 861 qno
895 788 997 846 intelli·
1052 787 1116 842 dem
1131 787 1282 858 appellatio
1294 787 1457 844 convenire.
1479 787 1515 844 Ut
1524 802 1603 859 ergo,
1619 802 1657 844 ex
1679 788 1802 845 nomine
1824 788 1879 859 psal

153 892 250 962 gimns
271 901 330 943 non
346 885 381 941 de
394 882 498 953 spiritu
514 881 614 937 mnndi
630 880 695 947 dici,
714 886 745 935 ιιι
771 878 904 934 nonnulli
919 879 994 935 arbi·
1053 875 1170 946 utrique
1192 877 1335 943 convenit,
1352 878 1506 948 utriusque
1525 876 1694 933 communio
1709 875 1879 949 significan,

153 987 278 1044 trantnr,
296 975 344 1032 sed
361 974 396 1029 de
407 971 517 1042 Spiritu
540 975 649 1034 sancto,
667 968 719 1039 qui
734 975 761 1023 et
783 967 842 1036 ipse
865 967 993 1023 vivifica·
1051 971 1172 1021 vocatur
1198 964 1307 1020 donum
1333 965 1483 1021 amborum
1514 965 1639 1036 Spiritus
1668 972 1801 1023 ειιιειιιε.
1825 965 1878 1022 ides

152 1059 529 1131 toromniumaprincipio
552 1056 713 1119 uiettnmsi
742 1062 839 1111 autern
867 1047 996 1112 vivifica-
1050 1055 1080 1108 in
1104 1053 1239 1110 iibiflf:
1269 1053 1367 1110 Multis
1383 1052 1523 1125 exemplis
1549 1053 1643 1111 doceri
1675 1061 1781 1124 potest,
1801 1054 1878 1112 anub

153 1165 205 1224 tor,
220 1163 248 1211 et
270 1152 412 1216 conditor,
433 1156 461 1205 et
481 1148 565 1203 fleus.
586 1148 696 1212 Emitte,
728 1145 839 1215 inquit,
864 1146 994 1214 spiritam
1051 1156 1117 1199 rnrn
1130 1155 1227 1199 rerum
1243 1142 1383 1199 vocabula
1407 1150 1435 1199 at
1462 1141 1664 1199 universaliter
1693 1143 1764 1214 poni
1786 1152 1814 1200 ει
1832 1159 1877 1214 pn·

151 1250 227 1300 tuum
255 1246 280 1297 et
318 1241 488 1296 creabuntur.
529 1237 702 1302 Augustinus
741 1248 824 1303 super
859 1235 993 1299 Genesim,
1047 1233 1109 1301 prie
1138 1231 1301 1301 quibusdum
1324 1232 1459 1288 adhiberi.
1488 1232 1546 1287 Hoc
1577 1232 1641 1288 ideo
1666 1231 1743 1300 dixi,
1768 1246 1805 1288 ne
1829 1232 1876 1303 quit

150 1334 198 1390 lib.
211 1335 222 1386 l
235 1350 243 1389 ι
257 1331 378 1400 spiritus
394 1327 504 1382 Domini
530 1324 669 1391 serebatur
688 1338 769 1393 snper
796 1339 893 1393 aquas.
918 1323 994 1394 Ege·
1049 1328 1198 1390 propterea
1214 1334 1264 1376 nos
1291 1320 1533 1377 inconvenienter¹
1553 1320 1703 1377 existimet
1727 1319 1874 1377 cbaritum

150 1437 207 1479 nus
225 1429 311 1491 atque
331 1416 463 1487 indigens
481 1428 564 1470 amor
578 1415 617 1469 ita
631 1413 735 1483 diligit,
748 1420 779 1469 ut
807 1412 906 1479 rebus,
919 1426 993 1482 quas
1050 1407 1194 1476 appellare
1209 1407 1350 1479 Spiritum
1363 1416 1506 1475 sanctum,
1523 1408 1593 1480 quia
1614 1417 1643 1465 et
1667 1409 1749 1466 Dens
1775 1411 1874 1467 Patent

149 1505 456 1580 diligil,subjiciatur;
480 1510 639 1573 propterea,
665 1515 731 1556 curn
751 1509 992 1557 commemoretur
1050 1498 1126 1552 bens
1150 1496 1239 1552 Filius
1268 1505 1357 1567 potest
1380 1498 1507 1554 charitas
1520 1498 1699 1569 nuncupari.
1728 1499 1818 1554 Item:
1838 1499 1872 1554 bs

150 1599 271 1669 Spiritus
293 1595 352 1660 ilci,
378 1594 406 1648 in
423 1598 593 1662 qnosancta
616 1590 679 1660 elus
706 1589 903 1645 benevolentia
918 1589 991 1645 dile·
1008 1584 1028 1637 B
1046 1585 1135 1655 nique
1150 1586 1173 1641 si
1196 1587 1325 1642 innubis
1352 1586 1403 1643 Dei
1418 1587 1491 1644 nibil
1514 1587 1610 1658 majus
1636 1595 1682 1645 εει
1706 1587 1870 1645 charitates

148 1688 264 1757 otioque
292 1682 475 1752 intelligitur,
500 1678 656 1749 superferri
685 1677 779 1734 dictus
802 1685 853 1745 est,
886 1692 922 1733 ne
949 1678 990 1734 ia·
1047 1674 1161 1731 nullum
1178 1675 1271 1745 majus
1283 1682 1325 1731 est
1339 1675 1449 1732 donum
1476 1676 1526 1732 liei
1556 1690 1646 1747 quarn
1675 1676 1802 1748 Spiritus
1824 1691 1869 1734 aaa·

148 1775 250 1834 cienda
268 1785 354 1844 opera
376 1783 499 1839 suaper
527 1766 692 1837 indigentiae
720 1766 916 1823 necessitatem
941 1781 991 1836 po·
1045 1769 1119 1831 ctus,
1134 1763 1205 1833 qrrid
1221 1763 1447 1834 consequentius
1464 1778 1552 1836 quarn
1567 1772 1599 1820 ιιι
1614 1765 1677 1835 ipsc
1703 1766 1742 1822 sit
1768 1764 1869 1823 cbantu

149 1865 206 1922 tius
220 1867 308 1934 duam
327 1874 376 1930 per
386 1857 597 1914 abundantiam
607 1855 800 1911 beneficentia
809 1855 884 1910 Deus
895 1869 991 1911 amare
1045 1866 1112 1922 nuae
1126 1851 1232 1908 dicitnr
1247 1854 1320 1909 bens
1334 1861 1362 1910 ct
1376 1867 1413 1909 ex
1428 1855 1484 1910 lieo
1500 1853 1514 1909 i
1535 1855 1569 1910 Et
1583 1855 1608 1911 ει
1619 1854 1760 1923 ebaritas,
1773 1855 1869 1927 quale

147 1959 309 2024 putaretur.
337 1948 413 2003 idem
439 1947 471 2001 de
495 1949 641 2000 incarnata
665 1944 776 2009 deitate,
812 1943 850 1998 ad
881 1942 992 1997 ianua·
1045 1940 1305 2013 terdiligitFilium
1322 1950 1350 1998 ει
1364 1942 1477 1999 Patrem
1501 1943 1593 2015 diligit
1618 1943 1722 2012 Filius,
1746 1942 1871 2002 ineffabli

146 2042 219 2097 aium
234 2057 240 2094 :
259 2039 385 2112 Spiritus
398 2036 489 2108 igitur
500 2035 548 2090 liei
564 2034 616 2106 qul
629 2047 717 2103 super
732 2046 824 2102 aquas
846 2032 992 2088 ferebatur
1045 2038 1087 2086 ter
1101 2031 1338 2087 communionem
1359 2030 1511 2088 amborum
1524 2032 1715 2100 demonstrat,
1740 2033 1810 2105 qnid
1825 2047 1873 2090 con

147 2132 176 2187 in
192 2128 345 2200 principio,
370 2135 439 2197 puto
455 2124 534 2195 quod
549 2137 606 2179 non
621 2123 659 2178 sit
674 2122 750 2178 alius
765 2136 852 2191 quarn
869 2120 991 2191 Spiritus
1046 2119 1206 2176 senientius
1226 2134 1314 2191 qnam
1330 2126 1363 2175 ut
1376 2119 1421 2176 ille
1438 2121 1550 2191 proprie
1562 2121 1680 2177 dicatur
1691 2121 1873 2193 ebaritasqu

145 2226 273 2282 sanctus,
292 2230 349 2270 non
371 2222 466 2269 tamen
482 2212 539 2284 (61)
564 2210 724 2266 secundum
753 2209 913 2275 historiam,
940 2208 990 2264 sed
1043 2209 1164 2278 spiritus
1177 2217 1220 2265 est
1234 2209 1395 2265 communis
1410 2207 1745 2266 ambolusidmbrosias
1763 2213 1801 2267 be
1812 2210 1872 2281 lida:

145 2305 304 2363 secundnm
321 2301 537 2372 intelligentiam
554 2298 744 2368 spiritualem.
768 2298 843 2351 idem
870 2301 899 2351 in
920 2297 989 2351 fibro
1042 2298 1082 2353 lle
1110 2297 1216 2367 Spiritu
1239 2300 1289 2355 Dei
1313 2298 1403 2370 Virgo
1431 2299 1570 2370 concepit,
1604 2306 1633 2355 ct
1655 2299 1738 2370 quau
1765 2301 1873 2371 εειιεεμιι

145 2394 329 2460 Questianam
347 2393 444 2444 ceteris
465 2394 490 2442 et
510 2403 570 2442 naa.
590 2388 652 2454 lep,
678 2402 740 2454 cap.
766 2386 842 2441 LVI:
872 2386 901 2443 Si
927 2387 989 2442 idco
1042 2387 1096 2443 boc
1118 2388 1238 2459 peperit,
1259 2388 1365 2445 scilicet
1389 2390 1490 2457 Deum,
1520 2388 1631 2445 bomini
1654 2403 1712 2446 suo
1732 2390 1872 2457 sociatnn3

144 2481 267 2552 Spiritus
284 2486 400 2534 sanctus
428 2473 830 2546 putaturquiabeispirltns
863 2488 924 2529 csse
953 2473 989 2529 lc·
1042 2477 1189 2546 sicutipse
1209 2476 1393 2543 dixitzouod
1416 2478 1684 2534 nasciturdeearne
1707 2495 1771 2536 caro
1789 2484 1871 2547 estu

144 2571 233 2640 gitur,
248 2567 342 2624 inanis
358 2574 399 2622 est
426 2563 554 2620 assertio.
575 2563 621 2619 bit
651 2563 809 2618 Dominus:
840 2564 900 2619 Non
923 2577 988 2631 per-
1043 2564 1115 2634 qaod
1133 2567 1258 2620 nascitur
1281 2566 1431 2635 despuito
1454 2568 1626 2636 spiritasest
1645 2568 1716 2637 qnia
1741 2548 1888 2637 onaan-⁵

142 2658 261 2713 inancbit
276 2658 390 2727 spiritus
407 2668 482 2708 meas
509 2656 538 2706 in
565 2654 625 2706 istis
654 2651 817 2719 bominibus,
845 2657 989 2720 propterea
1041 2654 1110 2708 ritus
1125 2659 1164 2708 est
1186 2659 1212 2707 et
1233 2654 1266 2709 de
1285 2658 1432 2709 bennatus
1449 2661 1514 2724 est;
1534 2655 1618 2711 sicuti
1639 2657 1764 2727 angelus
1784 2654 1870 2712 adlt-

143 2747 216 2812 auod
240 2744 539 2814 sintearolficn.r1).
572 2741 649 2796 Etin
674 2740 831 2811 subjectis:
860 2738 914 2793 Sed
939 2739 986 2794 de·
1041 2742 1116 2798 riam
1140 2742 1304 2812 diuitibus.
1331 2759 1348 2811 1,
1370 2744 1414 2812 35)
1436 2744 1574 2813 :Spiritus
1598 2745 1650 2799 Dei
1671 2744 1868 2816 mpenenan

142 2836 210 2903 febo,
228 2833 333 2905 inquil,
349 2832 449 2897 omnia,
465 2829 499 2883 ab
515 2830 621 2884 tamine
633 2843 718 2898 aspere
730 2830 768 2880 aet
779 2841 863 2896 pecus
876 2825 981 2896 (ibid).
1002 2837 1076 2924 Gte,
1110 2836 1136 2886 ct
1163 2837 1265 2908 uirtus*
1283 2834 1422 2888 Altissimi
1445 2834 1616 2888 obumbrabit
1653 2834 1716 2904 tibi,
1745 2840 1868 2904 propterea
1900 2841 1902 2854 ⁴

143 2924 324 2993 libentique
349 2920 432 2986 dixit,
457 2918 527 2988 quia
552 2917 695 2974 diluvium
720 2915 854 2971 inducere
883 2914 985 2971 babuit
1040 2920 1114 2988 qnod
1137 2923 1276 2976 nascetur·
1292 2937 1326 2976 0oe
1355 2927 1380 2977 ε,
1400 2929 1526 2978 samium
1549 2924 1693 2979 vocabitur
1720 2925 1805 2980 m,
1820 2923 1866 2978 „g

142 3026 228 3083 super
243 3019 359 3068 terram.
377 3007 516 3077 Nunqnid
533 3008 579 3062 bic
608 3005 730 3075 Spiritus
756 3011 874 3060 sanctus
894 3010 985 3073 potest
1041 3008 1126 3066 Vides
1147 3025 1201 3081 ego
1226 3011 1321 3081 ipsum
1340 3010 1485 3081 spiritum,
1511 3011 1540 3068 id
1568 3020 1610 3069 est
1635 3012 1742 3069 Filium
1757 3012 1815 3081 lici,
1831 3024 1865 3067 re
1900 3013 1902 3039 l

142 3100 342 3172 intelligiille
355 3096 509 3153 animabus
524 3094 602 3150 enim
624 3094 707 3148 dixit.
737 3093 819 3148 Etin
840 3092 984 3149 Ezechiele
1038 3096 1115 3154 nisse
1129 3099 1164 3154 ad
1179 3098 1341 3170 Virginem,
1368 3108 1396 3156 ct
1428 3101 1493 3156 inde
1520 3101 1612 3157 belet
1638 3101 1865 3158 bominisliilinn
1896 3168 1899 3174 .

139 3192 180 3246 sic
205 3189 314 3245 dictum
346 3194 402 3243 cst:
436 3186 500 3239 flac
519 3184 585 3237 dicit
610 3183 739 3236 boninus
765 3182 870 3236 ossibus
898 3183 985 3242 istis.-
1037 3187 1206 3255 processisse
1230 3202 1284 3243 nec
1312 3196 1406 3245 tamen
1425 3189 1487 3259 ipso
1522 3188 1692 3247 indumento
1719 3191 1810 3247 carnis
1827 3187 1863 3245 ni
1899 3189 1902 3215 ¹

139 3277 449 3343 lictmrdamsapercos
469 3277 604 3338 cutem,et
630 3270 700 3324 dabo
727 3272 756 3323 in
780 3284 825 3325 nos
854 3271 983 3339 spiritum
1039 3274 1145 3331 Filium
1170 3288 1232 3331 essc
1260 3284 1413 3333 mutatum.
1446 3277 1582 3347 dpbraem
1601 3278 1725 3345 diacon,
1751 3279 1795 3334 fib.
1819 3278 1861 3335 K:
1898 3287 1902 3301 ¹

138 3381 234 3428 meam
249 3370 273 3418 et
287 3364 394 3417 vinetis.
410 3363 498 3415 item:
529 3359 564 3414 Et
594 3359 691 3413 anima
710 3357 834 3413 bominis
863 3359 983 3429 spiritus
1037 3363 1125 3430 Deus,
1137 3363 1261 3433 Spiritus
1277 3372 1405 3433 sanctus,
1432 3366 1512 3422 solus
1540 3366 1602 3423 sine
1626 3371 1864 3438 pcccato,pnpta

138 3453 245 3509 dicitur
258 3459 285 3508 ct
301 3458 405 3506 ventus
419 3448 563 3515 simililer,
580 3454 607 3502 et
620 3460 679 3512 aer,
693 3453 721 3502 ει
747 3446 845 3501 anima
859 3446 980 3517 pecoris,
1037 3461 1064 3509 te
1080 3453 1196 3523 proprio
1212 3452 1283 3509 Filio
1300 3468 1358 3510 non
1372 3456 1495 3525 pepercit
1509 3471 1516 3509 :
1528 3462 1555 3511 et
1574 3462 1617 3521 tn,
1636 3454 1751 3524 infelix,
1767 3455 1806 3512 tui
1818 3465 1863 3511 not
1885 3468 1902 3513 ‚³

137 3549 165 3598 et
184 3539 290 3610 angeli,
306 3546 334 3596 et
349 3551 532 3608 quecunque
556 3543 727 3604 acceperunt
743 3543 775 3591 ut
801 3535 903 3591 vivant
932 3549 982 3606 per
1035 3542 1201 3598 misereris?
1223 3544 1404 3611 Hieronymus
1429 3558 1511 3614 super
1531 3544 1671 3612 psalmam
1696 3544 1797 3602 XVll:
1817 3518 1890 3623 ιιι(

136 3630 330 3687 substantiam
347 3627 502 3697 propriam.
514 3627 601 3680 ftem:
631 3624 866 3694 Quotiescunque
881 3632 981 3681 aulem
1033 3630 1108 3686 ritus
1122 3638 1239 3687 sanctus
1254 3646 1306 3687 nec
1330 3631 1414 3688 Pater
1428 3639 1472 3687 est
1491 3630 1657 3701 molibus,
1688 3631 1741 3689 sed
1767 3629 1858 3688 dilacio
1887 3636 1890 3647 '

136 3718 282 3789 spiritum,
298 3718 351 3788 qui
367 3715 479 3787 proprie
508 3715 542 3770 de
562 3713 632 3769 culo
661 3715 716 3785 (bi)
736 3720 787 3781 εει,
814 3713 879 3769 vult
908 3712 981 3769 Scri·
1033 3732 1122 3789 quarn
1140 3719 1226 3776 babet
1240 3719 1324 3777 Pater
1347 3720 1375 3775 in
1403 3719 1472 3777 Filio
1491 3728 1519 3776 ει
1533 3720 1632 3785 Filius,
1662 3716 1862 3778 incarnata
1887 3684 1892 3761 ι-

135 3815 222 3879 ptura
250 3805 424 3878 significare,
448 3804 526 3859 addit
540 3802 638 3858 dicens
667 3801 805 3871 Spiritum
833 3809 978 3867 sanctum,
1033 3808 1061 3861 in
1086 3807 1179 3862 bonit.
1197 3810 1283 3877 lpost
1311 3811 1515 3864 ascensionem:
1536 3808 1608 3864 Cum
1635 3809 1760 3879 spiritns
1783 3806 1863 3882 grath
1890 3784 1896 3889 l

135 3904 167 3953 nt
187 3910 238 3967 per
248 3895 302 3952 boc
316 3901 450 3951 creatura
464 3907 523 3948 non
538 3890 725 3962 intelligatur.
755 3891 866 3961 llcyses
881 3899 978 3947 autem
1032 3894 1305 3965 daturbominibus,
1321 3897 1446 3967 profecto
1461 3897 1585 3954 mittitur
1599 3910 1617 3952 a
1633 3897 1720 3955 Patre
1747 3898 1865 3970 Spiritus,
1893 3908 1897 3951 ι

134 3991 380 4042 concreaturam
399 3981 532 4052 hylicam,
549 3979 634 4035 idest
659 3977 855 4036 confusionem
879 3993 977 4036 rerum
1031 3983 1156 4040 mittitur
1170 3991 1197 4041 et
1224 3997 1242 4039 a
1273 3983 1352 4052 Silio,
1369 3985 1528 4055 procedita
1555 3987 1640 4042 Patre
1663 3987 1833 4059 proceditct
1853 3996 1869 4039 ι

134 4074 307 4131 describeret
321 4086 387 4144 qun
402 4071 502 4140 utique
522 4083 610 4124 sensu
625 4069 711 4125 bruta
728 4075 778 4132 est,
808 4082 895 4138 super
919 4075 976 4124 ter·
1032 4071 1111 4138 Filio,
1127 4072 1198 4143 qula
1209 4081 1237 4130 ει
1250 4073 1314 4144 ejus
1328 4074 1425 4132 missio
1435 4083 1462 4130 ει
1476 4075 1539 4146 ipsa
1551 4082 1593 4130 cst
1609 4077 1754 4145 processio
1766 4087 1871 4149 quaer

134 4175 196 4219 ram
219 4170 247 4218 et
264 4162 402 4231 abyssum
430 4157 609 4214 tenebrosam
631 4156 764 4227 spiritum
796 4157 912 4212 Domini
924 4157 1111 4217 sn-DPatre
1127 4162 1253 4231 procedit
1264 4170 1292 4219 et
1314 4163 1394 4218 lilio.
1421 4164 1594 4233 Augustinus
1615 4163 1696 4221 inV
1729 4164 1765 4221 de
1788 4165 1872 4220 nus

133 4251 253 4323 perferri
275 4249 426 4306 interfatus
451 4255 503 4315 est,
520 4254 553 4303 ut
578 4259 661 4301 enen
680 4245 784 4314 spiritu
808 4252 835 4301 ει
861 4245 922 4302 loco
946 4245 977 4302 ln
1032 4254 1087 4305 tate
1107 4249 1192 4320 (vill,
1209 4250 1271 4322 811)
1289 4267 1296 4306 :
1314 4251 1395 4315 Quod
1415 4251 1515 4308 datum
1542 4260 1594 4317 est,
1624 4259 1653 4309 et
1678 4252 1802 4310 adeam
1827 4251 1871 4326 qni

132 4354 191 4411 uuo
204 4340 358 4404 ferebatur,
382 4336 515 4406 superior
530 4342 673 4396 creatura,
699 4347 789 4405 quam
816 4333 976 4404 spiritalem
1030 4337 1106 4394 dedit
1132 4337 1265 4406 refertur,
1282 4345 1309 4394 et
1323 4339 1360 4395 ad
1381 4353 1429 4396 eos
1444 4341 1552 4412 quibus
1575 4340 1669 4411 dedit3
1683 4341 1728 4399 ita
1755 4340 1871 4415 Spiritu

131 4429 264 4495 dicimus,
284 4433 482 4498 cognoscatur.
510 4423 584 4480 Nam
611 4436 648 4478 ειι
676 4437 709 4479 co
724 4421 802 4492 quod
819 4420 975 4493 superferri
1028 4433 1147 4482 sanctus
1160 4424 1265 4482 dicitur
1282 4434 1309 4483 et
1330 4427 1391 4496 Dei,
1408 4429 1460 4499 qni
1475 4430 1563 4496 dedit,
1580 4437 1609 4487 et
1626 4430 1729 4500 nostri,
1756 4431 1812 4503 qni
1831 4445 1870 4488 ac·

131 4519 215 4576 illum
229 4516 312 4583 dixit,
327 4522 491 4571 creaturam
511 4512 595 4568 illum
608 4510 796 4584 significavit:
821 4511 892 4582 quia
914 4525 975 4567 om·
1028 4513 1169 4583 cepimus.
1201 4514 1281 4572 Unde
1304 4517 1443 4587 scripturn
1470 4526 1513 4575 est
1535 4519 1571 4576 de
1597 4519 1718 4586 loanne,
1744 4520 1871 4591 quodie

130 4607 176 4664 nis
190 4602 383 4663 creaturabei
401 4599 494 4657 fertur
510 4601 653 4667 virtute,a
668 4612 726 4668 qno
739 4598 849 4668 accepit
873 4606 906 4654 ut
924 4598 970 4655 ειι.
1027 4601 1130 4673 spiritu
1146 4602 1216 4659 Elias
1230 4604 1365 4675 venissct;
1381 4605 1435 4662 boc
1449 4612 1476 4661 et
1489 4607 1524 4662 de
1539 4607 1633 4678 Moyse
1649 4606 1870 4680 intelligendum

129 4697 203 4753 Nam
219 4695 285 4767 ptris
299 4693 369 4749 ordo
383 4699 435 4757 est,
450 4697 483 4746 ut
508 4688 627 4759 spiritus
655 4686 769 4742 Domini
798 4685 856 4758 (63)
886 4702 974 4759 super
1027 4699 1078 4758 est,
1102 4690 1222 4749 cunrait
1243 4693 1411 4750 Dominus:
1438 4693 1544 4752 Tollam
1575 4696 1609 4750 de
1623 4695 1736 4766 Spiritu
1769 4703 1818 4753 tua
1845 4701 1867 4752 et

130 4784 367 4858 anuasferretur,
384 4794 471 4852 quem
490 4785 601 4835 constat
629 4777 731 4849 utique
754 4790 842 4846 super
857 4790 972 4833 omnem
1026 4780 1099 4836 dabo
1113 4783 1161 4847 eis,
1184 4780 1239 4838 boc
1253 4789 1294 4838 est
1310 4781 1343 4839 de
1359 4782 1467 4853 Spiritu
1490 4792 1588 4841 sancto
1609 4799 1697 4855 quem
1722 4786 1776 4844 tibi
1798 4785 1868 4844 dedi.

128 4880 372 4933 essecreaturam.
1024 4870 1112 4925 laen:
1129 4868 1159 4925 Si
1182 4883 1240 4926 non
1262 4871 1388 4939 procedit
1405 4871 1461 4929 nisi
1490 4888 1555 4930 curn
1576 4873 1674 4943 datur,
1694 4888 1751 4931 nec
1775 4889 1868 4947 proce

514 4955 617 5012 xxiv.
1025 4958 1220 5029 deretntiqne
1246 4959 1328 5029 prius
1347 4974 1436 5031 quam
1465 4970 1538 5018 esset
1569 4962 1615 5018 cni
1644 4962 1776 5021 daretur.
1800 4963 1867 5022 Nan

127 5051 205 5121 Quod
227 5049 347 5123 Spiritus
379 5052 489 5104 sanctus
515 5048 598 5131 f’ater
618 5039 727 5115 quoque
747 5050 773 5102 et
797 5044 887 5102 Filius
916 5045 971 5101 dici
1024 5046 1134 5104 donum
1150 5055 1241 5119 potest
1266 5063 1326 5104 csse
1338 5057 1365 5105 ει
1390 5057 1547 5121 antequam
1562 5050 1701 5119 donetur;
1732 5052 1866 5111 donmnnr

306 5138 315 5152 ⁸
445 5123 542 5190 P⁰⁸⁸²b
562 5122 587 5173 θ’
598 5132 661 5172 11011·
1024 5134 1318 5204 salamantinam
1343 5136 1438 5207 fuerit,
1473 5138 1555 5195 nullo
1581 5138 1740 5197 mododici
1771 5147 1865 5213 potest

163 5231 337 5301 Augustinus
354 5228 394 5283 De
411 5228 560 5294 Trinitate,
580 5223 629 5280 tto.
655 5222 677 5278 v
693 5239 700 5280 :
716 5221 839 5296 Spiritus
852 5230 969 5283 sanctas
1022 5224 1109 5296 item:
1124 5224 1181 5282 Nec
1203 5232 1316 5284 moveat
1330 5226 1410 5297 quod
1435 5227 1560 5300 Spiritus
1583 5235 1703 5291 sanctus
1731 5243 1812 5303 cum,
1832 5231 1865 5286 sit

166 5356 208 5424 61)
223 5355 307 5414 Cous.
325 5356 460 5409 :tantuna
984 5400 988 5409 .
1058 5349 1114 5424 (63)
1129 5350 1214 5409 Cous.
1232 5365 1239 5409 ι
1256 5357 1377 5410 tanetus.

164 5426 208 5493 ba)
227 5426 313 5484 Cous.
329 5439 338 5480 s
354 5426 417 5484 beo.
