3804 5962
95 190 146 249 131
391 181 493 239 PETRI
511 181 698 240 annuant
716 182 794 239 ΟΡΡ.
813 182 904 240 raas
922 182 957 238 11.
979 211 1012 223 -·
1031 181 1215 240 subitonus
1233 181 1278 238 ΕΤ
1298 181 1418 241 OPUSG.
1437 180 1555 239 ASCET.

1752 183 1850 258 ,aaa

132 309 194 367 Etsi
208 321 276 380 ergo
294 306 326 365 in
352 306 465 363 Christo
480 306 600 364 diversa
622 315 690 364 aurit
717 311 830 365 natura
844 306 944 364 divina
958 309 983 361 A
998 307 1059 376 stis,
1076 309 1128 379 qni
1141 307 1235 378 potins
1250 315 1318 364 sunt
1333 306 1373 364 ihi
1398 305 1559 377 judicaturi
1574 319 1663 377 quam
1683 304 1846 378 judicandi·

98 398 207 457 scilicet
223 401 312 468 atque
344 395 492 465 hnmana3
521 409 579 452 non
608 402 704 453 tamen
730 395 792 453 ideo
820 395 941 452 diversa

96 496 236 557 persona.
261 483 342 552 Quod
361 484 457 539 statim
476 497 608 556 congrua
623 484 812 542 similitudine
839 484 942 541 confir·

97 581 169 642 mat,
198 573 318 630 dicens:
354 575 423 631 Nom
451 572 521 628 sicut
538 575 643 641 aalma,
669 574 789 643 hocest,
818 575 893 631 sicut
913 579 942 629 ln

98 677 158 721 uuo
173 662 288 720 homine
300 662 420 719 diversae
444 671 512 719 sunt
531 673 655 726 natura,
669 662 806 734 spiritalis
827 668 855 719 el
881 676 942 719 cor·

95 752 222 824 puralis;
238 765 292 808 nec
315 758 410 808 tamen
426 750 489 808 ideo
503 752 561 809 duo
578 752 707 808 homines
722 752 768 809 vel
785 752 849 809 dnae
878 766 943 823 per·

97 855 191 899 sonae:
208 840 249 896 ita
263 841 291 896 in
306 838 419 897 Christo
446 840 522 908 dna,
538 847 570 897 nt
598 841 775 908 dictumest,
805 848 874 898 sunt
892 855 943 898 ua·

96 936 182 998 turae,
196 935 361 985 nontamen
376 930 434 985 duo
448 927 562 997 Christi,
580 928 637 985 imo
652 928 696 985 vel
725 929 791 986 duae
806 943 943 1000 personae.

99 1020 227 1076 Persona
255 1016 459 1089 quippeqnasi
493 1031 544 1088 per
566 1032 595 1074 se
610 1031 671 1074 una
685 1017 800 1086 dicitur,
823 1033 881 1074 non
904 1021 944 1075 rei

104 1108 154 1166 alii
178 1108 208 1164 in
228 1121 318 1164 unam
332 1105 500 1163 rationalem
516 1106 709 1165 substantiam
731 1109 849 1164 sociata.
877 1108 943 1165 Div-

99 1199 176 1255 nitas
192 1197 290 1268 itaque
302 1196 478 1252 humanitati
502 1196 532 1251 in
546 1196 658 1253 Christo
681 1197 837 1268 conjuncta
851 1211 901 1268 per
916 1211 945 1254 se

101 1286 143 1344 ihi
157 1298 279 1359 persona
295 1297 355 1342 una
370 1299 430 1341 non
457 1292 500 1342 est
514 1284 645 1356 dicenda,
666 1293 693 1343 et
714 1286 890 1357 humanitas,
901 1285 946 1342 al-

103 1384 175 1444 tera,
192 1374 316 1432 sedduae
327 1373 414 1431 simul
429 1388 489 1430 una
503 1383 573 1431 sunt
588 1388 720 1444 persona,
743 1390 808 1447 quae
834 1375 948 1447 proprie

100 1464 233 1522 Christus
260 1463 375 1519 dicitur.
406 1463 500 1518 omnes
529 1463 650 1519 hemines
694 1470 838 1532 resurgent
861 1465 947 1521 etlam

99 1553 143 1610 illi
157 1553 290 1625 quitunc
311 1551 492 1623 reperientur
504 1553 573 1609 vivi.
590 1552 625 1609 Hi
645 1567 772 1624 namque
800 1554 870 1610 dum
900 1567 944 1610 ra-

998 395 1111 467 quippe
1125 410 1192 468 qne
1207 395 1282 453 ratio
1303 397 1338 453 de
1351 395 1412 453 suis
1435 403 1507 470 ωηο
1521 395 1557 452 ab
1575 395 1617 453 eis
1631 395 1775 467 exigenda
1793 402 1846 462 est,

997 486 1138 543 discussio
1165 493 1208 544 est
1238 485 1377 551 iacienda,
1406 486 1457 558 qui
1495 486 1526 542 in
1556 492 1637 541 tanta
1673 484 1848 555 perfectione
1891 490 1893 513 ²

997 575 1185 633 beatitudinis
1201 574 1395 647 apparebunt,
1416 582 1448 631 ut
1472 588 1538 631 cum
1559 574 1619 645 ipso
1634 573 1754 630 homino
1780 573 1845 629 resi-

999 664 1085 722 deant
1109 664 1284 737 judicantes,
1307 678 1360 722 nec
1383 672 1442 720 tam
1467 678 1517 735 pro
1545 663 1729 719 serationem
1753 661 1848 719 reddi-

1000 752 1069 817 turi,
1092 766 1183 824 qnam
1210 767 1227 809 a
1251 753 1360 810 caeteris
1379 752 1522 809 exacturi.
1555 751 1686 822 benique
1720 749 1847 821 parvuli,

1001 839 1110 910 quibus
1131 841 1213 898 nulla
1234 840 1405 912 imputanda
1420 849 1489 897 sunt
1504 853 1602 911 opera,
1626 852 1715 911 quam
1729 838 1768 895 ibi
1795 839 1845 896 ba·

1000 928 1067 986 bent
1082 930 1224 987 rationem
1245 931 1363 988 reddere
1390 930 1424 986 de
1441 929 1562 1002 propriis
1577 929 1684 986 lactlsr
1706 926 1760 985 Sed
1782 941 1848 998 pro·

1001 1016 1083 1087 tecto,
1104 1018 1350 1090 quemadmodum
1372 1019 1502 1075 diximus
1523 1031 1622 1074 ornnes
1652 1017 1783 1073 homines
1808 1015 1847 1071 ibi

1001 1121 1162 1180 resurgere,
1180 1122 1236 1165 non
1263 1116 1295 1165 ut
1316 1111 1350 1164 de
1367 1107 1490 1181 singuiis
1507 1114 1575 1163 tunc
1589 1102 1797 1163 resurrecturis
1819 1102 1848 1158 id

1002 1211 1140 1269 cogamur
1160 1197 1329 1269 intelligere,
1345 1197 1395 1254 sed
1416 1198 1456 1253 ita
1475 1203 1544 1253 tunc
1566 1194 1696 1252 omnium
1722 1205 1847 1248 resurre-

1002 1287 1126 1344 ctionem
1151 1287 1299 1358 compleri,
1320 1295 1353 1343 ut
1371 1284 1453 1343 nulla
1473 1285 1595 1343 ulterius
1615 1284 1674 1351 liat,
1701 1282 1740 1339 ita
1754 1290 1783 1337 et
1797 1280 1850 1336 hoc

1004 1374 1065 1433 loco
1084 1390 1182 1432 omnes
1198 1377 1395 1433 tnncreddere
1409 1375 1548 1432 rationem
1568 1374 1716 1441 dicuntur,
1729 1378 1762 1428 nt
1780 1376 1850 1426 tunc

1005 1464 1040 1521 de
1056 1465 1193 1522 omnibus
1209 1465 1247 1521 ita
1258 1466 1293 1522 sit
1304 1471 1537 1521 consummatum
1550 1461 1707 1535 judicium,
1722 1457 1849 1518 utnulla

1004 1553 1137 1625 deinmps
1165 1554 1304 1611 discussio
1327 1561 1421 1622 restet,
1438 1568 1474 1609 ne
1489 1553 1523 1609 de
1550 1565 1699 1623 quoquam
1727 1549 1851 1620 amplius

102 1641 343 1714 pienturobviam
364 1641 477 1699 Christo
492 1639 523 1697 in
538 1654 615 1710 aera,
647 1641 677 1698 in
691 1643 752 1713 ipso
766 1649 861 1712 raptu,
890 1657 948 1713 quo
966 1658 987 1712 B
1005 1641 1167 1712 dubitetur,
1187 1649 1287 1698 utrum
1310 1641 1425 1712 praemio
1439 1641 1592 1711 velpoeua
1619 1639 1728 1710 dignus
1751 1640 1797 1695 sit.
1815 1640 1848 1695 Et

101 1730 193 1805 judici
216 1737 377 1799 occurrent,
403 1730 569 1798 morientes,
589 1730 685 1788 statim
711 1731 905 1801 reviviscent;
924 1739 950 1788 cl
1008 1729 1062 1786 hoc
1083 1738 1125 1787 est
1140 1746 1188 1786 eos
1208 1731 1246 1787 ihi
1268 1732 1302 1787 de
1331 1731 1455 1801 propriis
1466 1729 1603 1800 operibus
1620 1727 1736 1785 reddere
1764 1727 1848 1784 ratio·

103 1820 263 1891 hocipsnm
277 1819 333 1876 erit
346 1818 387 1876 eis
405 1833 558 1890 resurgere
577 1821 655 1891 quod
670 1820 851 1899 reviviscere.
869 1819 952 1885 Quod
1007 1834 1082 1887 nem,
1104 1820 1283 1876 manifestari
1302 1820 1438 1877 omnibus
1456 1819 1528 1888 qnid
1556 1817 1661 1873 horum
1679 1816 1848 1873 meruerint.

103 1910 305 1981 siopponatnr
338 1907 373 1964 de
397 1908 585 1979 quibusdam,
625 1922 751 1980 quorum
781 1906 951 1965 resurrectio
1006 1906 1075 1975 Quae
1099 1907 1158 1965 dno
1178 1909 1274 1965 statim
1289 1908 1470 1974 determinat,
1493 1914 1552 1963 tam
1574 1905 1729 1976 praemium
1743 1904 1848 1961 scilicet

101 1999 163 2071 jam
185 1997 324 2067 completa
345 1996 483 2064 creditur,
495 1997 586 2053 veluti
600 1997 635 2054 de
659 1996 704 2052 his
717 1997 769 2068 qui
796 1996 953 2053 Dominicis
1005 2011 1096 2069 qnam
1112 2011 1235 2068 poenam,
1256 1997 1372 2054 dicens:
1394 2000 1429 2052 Et
1444 1997 1491 2062 qui
1506 1995 1577 2050 bone
1591 1998 1714 2062 eueranr,
1730 1993 1784 2049 hoc
1798 2000 1848 2060 est,

104 2077 325 2136 resurrectionis
340 2083 424 2134 testes
439 2090 493 2134 sua
520 2077 863 2148 quoqnercsnrrectione
890 2077 949 2134 lno-
1008 2086 1038 2142 iu
1071 2087 1216 2156 proposito
1240 2086 1384 2143 nouorum
1407 2099 1526 2155 opernm
1552 2085 1642 2139 vitam
1671 2095 1853 2138 consumma.

105 2166 255 2239 runtgila
276 2166 497 2238 intelligendum
511 2173 554 2223 cst
578 2173 648 2223 tunc
661 2181 760 2224 omnes
776 2173 951 2223 resurrectn·
1007 2181 1123 2242 verunt,
1154 2175 1371 2246 qualiacunque
1401 2173 1597 2245 praecesserint
1634 2183 1731 2242 opera.
1764 2172 1854 2227 Vitam

105 2269 153 2313 ros
166 2269 239 2325 esse,
254 2261 286 2311 nt
302 2262 373 2312 tunc
391 2257 522 2311 omnium
546 2255 719 2313 resurrectio
747 2256 787 2313 ita
813 2256 953 2328 complea·
1006 2266 1146 2328 arenam,
1167 2262 1221 2318 hoc
1238 2268 1280 2318 est
1295 2260 1503 2318 beatitudinem
1519 2258 1740 2315 indeficientem.
1764 2258 1854 2327 ignem

107 2352 165 2412 tur,
185 2350 215 2399 ut
229 2343 374 2399 neminem
386 2343 521 2413 deinceps
536 2357 688 2415 resurgere
703 2345 869 2417 contingat,¹
879 2346 953 2402 sicut
1007 2353 1149 2416 alueum,
1164 2348 1218 2405 hoc
1231 2356 1272 2404 est
1284 2349 1436 2419 :summum
1449 2356 1537 2418 atque
1561 2345 1774 2402 indeficientem
1788 2358 1853 2402 cru·

107 2447 160 2491 nec
183 2439 273 2489 morte
298 2431 427 2488 dissolvi.
444 2433 510 2488 cum
541 2433 698 2503 corporibus
723 2437 790 2489 suis.
808 2434 868 2490 ileo
896 2443 953 2501 est,
1008 2437 1128 2504 clatum,
1155 2437 1215 2494 sive
1239 2437 1286 2494 ille
1301 2438 1376 2509 ignis
1404 2449 1561 2507 corporeus
1576 2441 1689 2492 tantum
1705 2433 1743 2490 sit
1771 2440 1856 2504 atque

108 2520 263 2592 resumptis
276 2519 382 2576 eisdem
411 2520 663 2593 corporibusque
691 2523 772 2593 prius
790 2522 954 2581 habuerant
1009 2525 1180 2593 materialis,
1203 2526 1265 2582 sive
1286 2526 1458 2597 quicunque
1474 2524 1594 2581 interior
1617 2522 1720 2578 animae
1743 2522 1854 2579 crucia·

112 2625 180 2668 cum
206 2609 238 2666 in
265 2616 387 2666 mortem
418 2619 603 2667 corruerunt.
626 2610 690 2668 Non
712 2612 788 2668 enim
823 2620 955 2685 resurget
1009 2620 1066 2681 tus,
1083 2615 1134 2685 qni
1150 2615 1265 2672 nomine
1283 2613 1493 2686 ignismanime
1511 2628 1562 2670 nos
1575 2612 1743 2677 cruciantis,
1760 2619 1788 2668 et
1808 2625 1855 2666 va·

108 2698 165 2756 nisi
186 2699 264 2771 qnod
286 2698 395 2756 cecidit.
424 2699 461 2755 At
485 2713 553 2756 vero
577 2706 677 2757 utrum
700 2701 741 2772 hl,
766 2702 817 2773 qui
839 2701 954 2771 parvuli
1010 2701 1098 2760 lidius
1122 2704 1328 2772 consumentis,
1354 2718 1421 2760 cum
1459 2703 1495 2758 sit
1529 2702 1645 2759 acutius
1671 2700 1857 2762 elementum,

109 2789 285 2852 moriuntur,
310 2788 355 2845 vel
378 2787 429 2859 qui
449 2788 501 2845 din
523 2788 673 2858 vixerunt,
697 2789 768 2846 illud
789 2790 893 2859 solum,
909 2790 955 2847 vel
1009 2797 1037 2847 et
1052 2792 1262 2862 penetrabilius
1285 2792 1404 2861 caeteris,
1422 2791 1581 2862 quominus
1594 2789 1619 2846 ei
1632 2789 1726 2846 resisti
1762 2795 1859 2860 queat,

107 2877 180 2935 illud
195 2877 361 2935 tantumibi
376 2878 434 2933 sint
450 2877 577 2933 habituri
597 2879 631 2933 de
647 2879 809 2949 quantitate
822 2893 882 2936 suae
896 2893 956 2935 cor-
1011 2880 1197 2951 exprimitur.
1221 2882 1257 2938 Et
1280 2881 1395 2937 attende
1420 2879 1493 2936 nibil
1521 2879 1570 2935 hic
1592 2878 1626 2935 de
1658 2877 1790 2949 parvulis
1809 2878 1861 2949 qui

111 2965 257 3036 palentiae,
269 2966 348 3038 quod
363 2964 410 3023 hic
423 2965 599 3031 habuerunt,
616 2967 756 3023 nonnulla
771 2974 814 3023 est
827 2970 958 3039 questio.
977 2954 998 3008 C
1015 2969 1087 3026 nibil
1116 2970 1223 3026 habent
1247 2970 1427 3033 meritorum,
1462 2968 1571 3024 dictum
1599 2967 1703 3033 videri,
1727 2966 1864 3038 quamvis

113 3056 257 3126 Quidquid
285 3063 379 3112 tamen
407 3054 441 3110 de
467 3053 522 3110 hoc
545 3056 731 3122 aestimemus,
758 3055 831 3112 illud
860 3057 959 3128 procul
1013 3072 1061 3114 eos
1081 3072 1268 3129 quoquenon
1284 3058 1381 3114 minns
1396 3057 1510 3129 [qnam]
1534 3056 1649 3113 adultas
1663 3055 1771 3112 salvari
1790 3069 1856 3112 con·

114 3145 203 3203 dubio
229 3151 341 3201 constat
369 3143 610 3199 resurrectionem
635 3143 690 3200 dici
716 3159 776 3200 non
792 3160 871 3216 posse
891 3148 960 3203 abs·
1015 3155 1070 3203 stet
1095 3155 1147 3203 aut
1167 3147 1310 3203 damnari.
1337 3147 1515 3204 sicutenim
1538 3154 1598 3202 tam
1623 3146 1684 3202 baec
1714 3144 1861 3216 scriptura

114 3248 172 3304 que
185 3234 235 3289 illa
259 3231 388 3302 corporis
403 3231 656 3302 substantiaque
673 3233 791 3303 pertulit
814 3249 913 3291 casum
930 3236 960 3291 in
1015 3249 1103 3306 quam
1132 3244 1241 3293 caeterae
1262 3236 1377 3292 nonnisi
1399 3236 1516 3304 adultis,
1531 3242 1558 3292 et
1573 3235 1626 3307 qui
1645 3246 1764 3305 capaces
1787 3242 1857 3291 sunt

114 3329 214 3378 morte.
1015 3324 1146 3392 rationis,
1160 3326 1195 3381 ad
1222 3325 1413 3382 eruditionem
1438 3326 1523 3393 liunt,
1552 3325 1591 3381 ita
1609 3323 1681 3380 satis
1701 3323 1801 3379 visum
1818 3330 1863 3380 cst

158 3413 194 3467 at
216 3408 356 3465 reddituri
369 3423 475 3464 sumus.
492 3409 520 3465 si
546 3411 599 3467 hoc
613 3425 731 3484 quoque
745 3411 917 3484 generaliter
927 3413 961 3468 de
1016 3412 1070 3468 hoc
1098 3413 1157 3470 loco
1182 3420 1297 3470 tantum
1313 3415 1347 3471 de
1363 3413 1408 3469 his
1422 3428 1470 3470 eos
1491 3413 1635 3470 instruere
1651 3426 1718 3483 quae
1732 3410 1769 3468 ad
1785 3412 1864 3482 ipsos

113 3499 248 3556 omnibus
265 3496 455 3569 intelligatur,
471 3501 662 3570 quaerendum
685 3501 802 3558 videtur
816 3502 961 3573 quomodo
1016 3502 1169 3571 pertinent.

115 3587 246 3660 parvulis
260 3586 449 3644 morientibus
464 3587 492 3644 id
509 3588 673 3656 conveniat,
687 3590 733 3646 vel
755 3589 887 3660 perlectis
913 3592 960 3662 jn-

350 3853 656 3946 MONITUM
681 3854 747 3943 IN
778 3853 1162 3948 OPUSGULUM
1180 3848 1626 3972 t'SUBSEQUENS.

260 4038 291 4094 ll.
333 4033 532 4092 P.Bernardus
547 4032 828 4102 PeziuS,lDiescrlote'e
842 4035 948 4106 isagog.
961 4032 998 4091 ad
1013 4043 1157 4106 partemii
1174 4036 1244 4093 tomi
1256 4036 1294 4092 111
1306 4036 1438 4092 Thesauri
1451 4035 1594 4100 Accedet„
1614 4049 1641 4107 p.
1654 4037 1731 4107 xlx).

156 4325 183 4382 Si
204 4325 254 4398 qni
285 4323 403 4394 tuerint,
418 4324 470 4396 qui
492 4338 545 4382 nos
568 4325 789 4396 reprehendant,
818 4324 896 4396 qnod
920 4321 996 4381 Petri
1019 4320 1161 4379 abelardi
1186 4321 1305 4378 Librum
1331 4321 1405 4378 Scito
1432 4330 1457 4380 te
1489 4326 1589 4395 ipsam,
1614 4330 1646 4380 ut
1675 4321 1735 4392 ipse
1761 4319 1867 4376 alicubi

119 4404 212 4465 vocat,
230 4396 365 4464 tithicam,
382 4396 426 4452 vel
450 4397 548 4455 verius
570 4397 743 4467 Theotuqtnm
763 4411 879 4462 morum,
906 4394 1162 4452 sanctnbernardo
1188 4394 1258 4450 aden
1290 4394 1414 4451 invisam
1436 4403 1464 4452 et
1482 4393 1624 4466 amagnls
1637 4392 1734 4449 saculi
1757 4391 1863 4472 dnode-

120 4469 188 4527 cimi
200 4468 275 4525 viris
290 4476 321 4525 ut
336 4467 484 4525 erroribus
507 4468 643 4526 inlamem
659 4469 891 4536 condemnatam,
912 4481 928 4523 e
953 4465 1077 4522 tenebris
1104 4464 1135 4521 in
1158 4463 1252 4522 lucem
1268 4466 1509 4534 revocaverimus,
1531 4467 1551 4521 ii
1567 4464 1750 4520 meminerint
1765 4476 1818 4518 nos
1837 4476 1866 4541 ¹.¹¹

121 4542 176 4598 hoc
198 4539 329 4597 doctrina
344 4546 371 4595 et
386 4540 548 4598 eruditione
564 4541 758 4598 maximorum
774 4539 925 4595 hominnm
939 4536 1139 4593 auctoritatem
1154 4544 1181 4593 et
1207 4536 1371 4606 exemplum
1390 4545 1510 4605 secutos,
1537 4551 1574 4593 ex
1593 4535 1701 4607 quibus
1715 4532 1865 4590 celeberri-

121 4625 187 4669 mus
201 4611 331 4668 Andreas
345 4609 484 4668 chesnius
509 4611 648 4683 pleraque
670 4609 815 4670 abelardi
830 4609 860 4666 in
882 4607 961 4665 omni
984 4621 1088 4680 genere
1102 4607 1205 4677 Opera,
1220 4607 1413 4679 undiquaque
1427 4617 1521 4675 eruta,
1541 4621 1607 4664 cum
1620 4605 1787 4677 pretatione
1797 4617 1862 4671 apo-

120 4683 242 4757 logetica
256 4696 309 4751 pro
341 4681 491 4740 abelardo
507 4696 523 4739 a
539 4683 585 4739 Fr.
601 4683 755 4742 Ambrosio
778 4681 886 4753 equite,
915 4679 1072 4736 Galliarum
1098 4678 1159 4750 regi
1182 4693 1198 4734 a
1227 4679 1417 4736 sanctioribus
1440 4678 1566 4736 consiliis
1585 4678 1701 4746 scripta,
1738 4675 1863 4731 Parisiis.

120 4768 198 4811 anno
215 4755 293 4823 1616,
322 4753 395 4824 iul,
424 4754 533 4824 publici
554 4753 631 4824 iuris
655 4754 731 4810 lecit.
752 4755 839 4809 Porro
853 4766 920 4808 cum
940 4752 970 4807 in
996 4763 1031 4807 ea
1052 4749 1175 4806 editione
1194 4749 1340 4821 praecipue
1374 4751 1517 4820 theotouin
1545 4749 1703 4807 Christiano
1730 4745 1860 4825 eiusdem

119 4825 269 4884 Abalaerdi
294 4824 517 4892 desideraretur,
545 4838 609 4881 eam
632 4825 713 4882 libris
735 4838 755 4881 v
782 4823 1029 4893 comprehensam,
1053 4820 1116 4878 licet
1131 4835 1207 4877 anno
1223 4820 1328 4878 MCXX
1351 4822 1381 4878 in
1395 4823 1505 4893 synodo
1528 4818 1725 4878 suessionensi
1741 4817 1866 4873 ltummts

121 4898 266 4967 traditam,
293 4897 339 4954 vir
357 4896 594 4968 religiosissimus
613 4894 884 4964 eruditissimusque
902 4896 931 4949 P.
948 4893 1120 4949 Edmundus
1134 4893 1261 4949 hiartene
1282 4894 1312 4948 in
1334 4901 1410 4950 tomo
1429 4893 1599 4950 VTtiesouri
1613 4892 1659 4947 sni
1685 4891 1753 4946 Novi
1775 4890 1862 4944 daec-

120 4968 256 5036 dctorum,
271 4982 332 5027 una
342 4983 407 5027 cum
420 4969 496 5025 Petri
508 4967 650 5025 abaelardi
660 4967 840 5037 dispositione
853 4966 884 5019 in
899 4966 1072 5021 Heecmeroa
1082 4964 1252 5035 publicavit.
1269 4962 1376 5034 Nempe
1392 4978 1450 5021 non
1462 4963 1635 5036 ignorabant
1645 4956 1865 5088 prudentissimi

119 5038 150 5094 hi
166 5039 234 5108 viri,
248 5040 295 5096 cui
311 5041 416 5097 nostris
432 5039 543 5095 saeculis
557 5039 625 5096 cisni
642 5035 812 5110 hujusmodi
826 5037 943 5106 scripta,
962 5049 1028 5107 quae
1043 5042 1156 5092 tantum
1170 5035 1201 5090 iu
1223 5034 1350 5092 Ecclesia
1365 5033 1642 5106 strepitomaliquau
1665 5048 1681 5088 o
1698 5030 1863 5112 excitarunt

119 5123 182 5166 esse
202 5112 323 5180 possint,
354 5112 379 5168 si
409 5111 512 5167 sobriis
540 5110 677 5183 legantur
706 5109 978 5178 expandunturque,
1002 5106 1161 5177 prasertim
1182 5121 1248 5162 cnm
1274 5106 1415 5176 proximis
1441 5106 1526 5161 annis
1552 5119 1610 5161 non
1635 5103 1787 5167 doluerint,
1811 5114 1864 5183 qui

118 5178 298 5237 absurdum
312 5196 434 5252 purgare
445 5186 570 5247 attentes,
595 5189 629 5238 ut
648 5180 771 5238 advertit
792 5179 821 5236 in
837 5177 917 5235 ecaef.
934 5186 1001 5235 tom.
1018 5177 1211 5245 Vilarleuus,
1231 5177 1401 5232 bernardum
1423 5177 1655 5234 claravallensem
1673 5174 1806 5238 abbatem,
1823 5187 1864 5253 ηρ-

120 5253 394 5308 rumsoactissa'mum
420 5269 451 5308 uc
464 5255 717 5310 mansuetissimum
739 5251 890 5322 praecipitis
901 5249 1007 5321 judicii
1020 5264 1150 5304 accusare
1170 5264 1226 5303 aon
1238 5249 1426 5316 formidavint.
1443 5247 1505 5316 Qua
1518 5249 1547 5303 in
1568 5261 1598 5303 re
1618 5254 1650 5304 ut
1665 5252 1776 5325 rectum
1795 5254 1863 5312 quis

121 5321 195 5378 ierre
207 5322 352 5394 judicium
374 5332 470 5394 possit,
500 5325 572 5381 nihil
603 5326 695 5396 magis
713 5322 907 5379 necessarium
935 5320 1066 5391 nihilque
1081 5321 1274 5391 opportunius
1283 5327 1335 5385 est,
1356 5333 1446 5391 quam
1474 5326 1506 5375 ut
1521 5321 1614 5390 capita
1632 5323 1862 5396 accersatronum,

118 5391 227 5461 quinae
236 5394 264 5451 S.
279 5392 445 5452 bernardus
460 5395 642 5453 abaelardum
654 5395 786 5466 impetiit,
804 5407 871 5450 cum
888 5390 1122 5465 genuinishu'us
1135 5391 1192 5448 scri
1214 5392 1251 5448 tis
1265 5391 1461 5448 conterantur.
1477 5391 1556 5448 inter
1569 5403 1636 5462 quae
1653 5401 1712 5445 non
1726 5386 1864 5442 ultimum

122 5463 358 5522 locumobrinere
377 5467 453 5525 Petri
473 5467 583 5525 libram
598 5484 608 5522 :
622 5468 695 5524 scite
717 5470 743 5523 te
766 5469 868 5537 ipsvm,
898 5464 1018 5522 satisex
1031 5405 1216 5523 &barnardi
1239 5462 1368 5538 epistolis
1384 5463 1433 5519 188
1457 5470 1485 5520 et
1513 5460 1575 5531 tta,
1589 5459 1656 5519 edit.
1682 5472 1732 5517 au.
1759 5456 1860 5514 {teda
