3804 5962
389 238 532 300 ntatott.
553 237 661 298 tnrtttt
681 236 899 309 rumosontt,
920 237 1069 296 JUDAEUH
1087 236 1132 294 ΕΤ
1150 230 1347 296 cuutstlttt.
1674 241 1745 299 tota

78 369 222 441 nlieum3
237 382 366 440 perque
384 367 519 425 videlicet
532 366 592 424 duo
604 367 632 423 ei
645 365 697 438 qui
712 361 846 436 simplici·
859 360 885 418 A
900 361 946 420 nis
968 361 1115 420 coactione
1135 365 1163 420 et
1177 361 1366 419 retributione
1390 360 1502 439 premii
1523 370 1650 436 angetur
1672 364 1743 424 dile·

79 473 84 513 e
108 457 225 529 proprie
249 472 398 514 summum
422 457 531 514 bonum
553 455 669 523 dicitur,
694 454 843 525 displicere
896 452 963 519 ctio,
977 458 1010 508 ut
1028 460 1155 508 nontam
1168 450 1335 508 voluntaria
1349 464 1440 522 quam
1460 451 1622 509 necessaria
1640 453 1742 511 videa·

79 548 122 603 ius
135 547 180 603 vel
192 546 303 617 placere
316 545 575 613 constantinorum
591 542 714 615 prolecto
728 552 841 601 utrum·
895 548 951 608 tur,
973 542 1012 597 ita
1027 541 1134 612 quippe
1149 540 1285 597 omnibus
1300 540 1472 596 naturaliter
1493 539 1597 597 insitus
1616 551 1659 599 est
1674 542 1743 600 ade-

79 643 130 693 ›ost
146 636 221 692 banc
236 636 326 692 vitam
346 635 488 705 sequitur.
504 633 557 702 Qui
568 633 645 690 enim
662 634 807 703 perpetuis
816 639 843 689 et
896 637 971 699 ctus,
984 636 1018 686 ut
1030 630 1093 700 ipsa
1108 629 1218 700 premii
1238 629 1391 686 retributio
1407 627 1558 700 quoddam
1581 628 1743 690 dilectionis

79 725 132 780 mis
154 723 325 781 cruciantur
343 723 443 793 poenis,
460 730 570 793 quanto
594 734 623 778 se
649 721 776 791 amplius
798 721 843 777 his
897 733 993 776 secum
1009 717 1111 775 afferat
1132 723 1322 790 augmentum
1339 723 1367 774 et
1381 717 1508 789 quadam
1525 732 1576 774 nos
1592 719 1744 776 necessita·

79 813 113 870 tri
128 814 266 879 sentiunt,
282 819 361 868 tanto
376 811 406 867 in
425 825 503 877 eum,
518 812 604 882 cujus
616 810 782 882 puniuntur
794 810 843 880 ju·
896 816 935 879 te,
948 809 991 865 vel
1005 821 1102 864 amore
1124 807 1215 865 nostri
1228 807 1323 878 potius
1344 820 1434 879 qnam
1456 807 1565 865 virtute
1580 807 1624 864 vel
1647 821 1744 865 amore

79 949 80 960 ,
100 915 136 958 ex
146 902 208 972 ipsa
223 899 418 969 desperatione
441 898 533 954 venie
547 898 611 954 odio
637 897 739 968 majori
761 897 843 953 inar-
896 898 1110 955 remunerantis
1130 898 1159 954 in
1178 897 1243 968 eius
1258 895 1439 953 dilectionem
1462 909 1515 952 nos
1539 897 1684 954 ascendat.
1711 897 1743 953 Si

79 998 126 1047 int.
143 992 232 1055 Quem
245 989 360 1058 penitus
376 1002 434 1044 non
458 1001 519 1044 esse
532 987 646 1054 vellent,
662 992 694 1043 ut
719 986 761 1043 sic
783 985 842 1041 sal·
897 986 988 1058 igitur
1002 987 1077 1043 inter
1091 985 1220 1042 homines
1234 984 1345 1042 amicus
1366 985 1402 1041 ab
1418 984 1510 1041 amico
1528 985 1680 1056 premium
1703 987 1744 1043 le·

79 1090 186 1150 tpoena
206 1077 324 1134 liberari
343 1084 458 1146 possent
480 1075 562 1132 etita
585 1075 671 1147 longe
692 1075 843 1131 deteriores
896 1082 943 1133 rat
958 1082 1029 1132 etex
1042 1075 1103 1145 ipso
1119 1073 1237 1146 premio
1260 1072 1386 1144 amplius
1401 1072 1520 1146 diligere
1539 1080 1671 1145 cogatur,
1691 1089 1745 1132 nec
1821 1145 1824 1152 Ι

79 1174 123 1223 1nt
142 1166 264 1223 odiendo
288 1178 379 1237 quam
402 1165 448 1220 bie
468 1165 643 1221 exstiterunt
661 1168 843 1220 contemnen-
897 1170 994 1221 tamen
1008 1177 1044 1220 ex
1061 1163 1114 1220 ltoo
1139 1162 1300 1220 dilectionis
1321 1169 1478 1235 augmento
1502 1176 1608 1220 rursus
1631 1177 1744 1233 prome·

79 1258 99 1312 lc
117 1254 263 1311 contrario
283 1253 453 1325 quicunque
468 1252 518 1309 illa
542 1253 593 1309 Dei
608 1253 720 1326 visione*
738 1252 841 1310 iruun-
897 1253 953 1311 reri
967 1252 1085 1321 dicitur,
1103 1251 1174 1324 quid
1197 1252 1317 1319 mirum,
1340 1250 1364 1308 si
1378 1259 1407 1308 ct
1421 1250 1451 1307 in
1476 1250 1534 1308 alia
1552 1251 1614 1308 vita
1636 1266 1674 1309 ex
1696 1267 1743 1309 su·

80 1343 114 1400 de
140 1357 200 1414 qua
226 1342 298 1398 dicit
317 1341 488 1398 Psalmista:
511 1341 652 1408 Sotiobor,
672 1357 733 1397 cam
751 1355 843 1411 oppa·
867 1339 871 1356 '
897 1349 992 1414 scepto
1007 1343 1125 1414 premio
1133 1341 1260 1413 amplius
1274 1340 1368 1397 Deum
1382 1338 1545 1412 diligentes,
1556 1353 1744 1413 nequaquam

79 1432 193 1500 egberto
217 1436 265 1485 tac
291 1429 375 1502 (Psoi.
398 1443 471 1500 nvn,
502 1429 539 1499 5),
565 1430 593 1485 id
618 1437 660 1486 est
688 1437 842 1500 postquam
897 1444 1016 1488 rursum
1038 1431 1132 1502 ipsum
1147 1429 1299 1501 premium
1317 1436 1521 1486 convertamus
1539 1429 1569 1486 in
1584 1429 1744 1487 meritum?

80 1519 158 1575 itatis
189 1525 245 1575 tue
275 1520 452 1590 majestatem
479 1533 531 1590 per
557 1518 740 1590 temetipsum
773 1517 844 1573 mibi
896 1521 953 1576 Ant
976 1517 1048 1590 quid
1071 1518 1196 1590 denique
1218 1517 1335 1576 concedi
1359 1517 1509 1590 probibeat
1534 1517 1613 1575 illam
1636 1517 1744 1576 divine

78 1607 235 1674 testaveris,
252 1608 323 1663 nillil
348 1608 470 1665 ulterius
493 1607 648 1679 indigendo
671 1607 840 1679 requiram;
856 1628 880 1705 Β
898 1607 1055 1680 malestatis
1078 1607 1201 1680 gloriam
1218 1614 1326 1664 tantam
1349 1621 1420 1674 esse,
1436 1614 1468 1664 ut
1485 1620 1599 1678 semper
1625 1607 1654 1663 in
1679 1607 1743 1679 eius

89 1704 160 1754 tunc
175 1696 305 1758 meliores
319 1696 496 1764 eluctemur,
512 1696 758 1767 quantcamplius
772 1710 839 1754 eum
895 1696 1007 1754 visione
1026 1695 1170 1768 proiectus
1195 1703 1291 1753 noster
1310 1695 1417 1767 aliquis
1431 1695 1518 1766 possit
1538 1709 1608 1765 esse,
1634 1703 1745 1767 utque

79 1795 133 1854 tut,
149 1800 236 1858 quem
260 1787 290 1842 in
318 1785 467 1855 semetipso
491 1786 590 1842 verius
619 1784 781 1853 intuentur,
810 1794 843 1843 ut
896 1785 1084 1843 diutiuseam
1098 1784 1304 1856 conspiciemus
1322 1791 1350 1841 et
1376 1784 1500 1854 seipsam
1522 1783 1604 1841 nobis
1619 1783 1745 1855 amplius

79 1876 126 1931 'cet
139 1888 253 1931 summa
275 1872 323 1929 illa
342 1873 466 1938 dilectio,
486 1873 536 1930 illa
555 1874 662 1930 summi
680 1874 748 1931 honi
771 1874 840 1930 trui-
896 1873 1065 1941 innotuerit,
1082 1872 1221 1930 beatiores
1243 1888 1295 1931 nos
1307 1873 1437 1930 elliciat‘?
1452 1872 1520 1929 Plus
1534 1873 1642 1944 quippe
1667 1873 1745 1930 istud

84 1977 128 2020 ue
143 1977 212 2019 vera
230 1970 273 2018 est
301 1962 459 2023 beatitudo,
483 1976 631 2019 summum
652 1961 777 2018 bominis
796 1962 843 2018 bo·
895 1962 1176 2035 jugebeatitudinis
1195 1962 1406 2019 incrementum
1429 1962 1517 2032 valet,
1537 1977 1627 2034 quam
1651 1963 1745 2034 maior

83 2058 158 2107 recte
178 2051 359 2107 sitdicende.
379 2050 471 2107 'lauta
493 2052 600 2122 quippe
626 2057 667 2107 est
693 2049 743 2106 itta
767 2051 842 2106 divi·
896 2051 1053 2119 beatitudo,
1079 2064 1172 2107 unum
1197 2057 1311 2108 tantum
1331 2051 1448 2108 modum
1473 2050 1639 2108 custodiens
1663 2057 1691 2109 et
1714 2051 1744 2107 in
1784 2041 1785 2044 ’

79 2137 212 2209 ιοιοεῑοῑίο
227 2138 328 2210 gloria,
343 2147 376 2195 ut
390 2153 473 2196 nemo
489 2139 551 2210 (tol.
574 2139 608 2194 te
624 2139 672 2208 R.)
694 2152 758 2195 eam
773 2153 842 2196 con·
897 2139 980 2198 nullo
994 2139 1194 2212 (interemento
1208 2139 1371 2211 proficiens.
1415 2174 1417 2179 ν

79 2232 217 2297 nequeat,
232 2227 283 2299 qui
306 2242 364 2284 non
388 2229 418 2284 in
446 2228 508 2298 ipsa
535 2227 647 2284 visione
668 2228 732 2299 eius
747 2228 843 2292 statim
932 2230 1042 2286 Pntnos.
1080 2227 1239 2296 Quomodo,
1278 2242 1386 2300 queso,
1416 2229 1447 2285 in
1481 2227 1531 2285 illa
1554 2227 1666 2285 visione
1693 2227 1745 2285 Dei

79 2315 311 2384 tstiat,undeet
329 2317 454 2374 dicitur:
477 2317 604 2372 Toltctur
626 2320 729 2387 impius
752 2319 842 2372 nori-
897 2316 1042 2388 protectus
1071 2318 1229 2388 quisquam
1257 2332 1320 2374 esse
1351 2317 1441 2388 possit
1469 2316 1514 2374 vel
1540 2316 1643 2387 aliqua
1669 2316 1754 2374 inter

79 2408 451 2478 beigtoriomllsc.xxv1,
483 2409 513 2460 l0
537 2407 615 2477 juxt.
646 2406 741 2478 LXX).
769 2405 843 2464 Cum
897 2405 1116 2476 ipsosvidentes
1140 2404 1313 2475 differentia,
1329 2404 1631 2463 cumvidelicetillud
1654 2405 1746 2462 omni·

79 2494 196 2552 riideles
224 2496 297 2567 ejus,
330 2496 380 2568 qui
407 2510 474 2552 eum
499 2510 587 2565 super
613 2495 710 2552 omnia
739 2495 843 2551 dilecte
897 2509 935 2552 no
950 2509 1098 2552 summum
1114 2495 1223 2552 bonum
1246 2496 1283 2552 sit
1306 2494 1430 2566 simplex
1455 2506 1656 2565 necunquam
1678 2507 1744 2550 eon-

101 2591 211 2641 tantam
234 2585 436 2656 conspexerint
460 2585 678 2652 beatitudinem,
701 2595 842 2656 quantam
897 2583 980 2653 spici,
995 2584 1053 2640 nisi
1068 2590 1160 2640 totum
1180 2585 1277 2654 possit,
1292 2597 1344 2640 nec
1360 2583 1471 2656 aliquid
1486 2583 1612 2654 conspici
1632 2583 1670 2639 ab
1684 2598 1747 2640 uno

83 2681 164 2729 tenus
185 2673 238 2729 lide
250 2681 387 2745 poterunt
401 2675 552 2730 aestimare:
570 2673 630 2729 bec
645 2687 749 2730 eorum
766 2687 844 2731 sum·
898 2671 976 2745 quod
991 2686 1050 2728 non
1065 2672 1263 2742 conspiciatur
1277 2672 1314 2728 ab
1329 2671 1407 2728 alio‘l

79 2762 224 2830 rsultatio,
239 2762 407 2832 perpeserit
423 2762 550 2833 ipsorum
565 2762 720 2818 beatitudo.
933 2758 1091 2819 Cunrsrmn.
1120 2760 1184 2817 Non
1208 2760 1309 2831 utique
1336 2761 1366 2816 in
1393 2773 1424 2816 re
1450 2766 1613 2831 conspecta,
1639 2760 1688 2818 sed
1716 2761 1747 2818 in

79 2866 141 2908 uos.
172 2851 266 2907 Placet
293 2850 391 2921 itaque
413 2865 561 2907 summurn
585 2851 712 2907 bominis
734 2851 844 2908 bonum
898 2850 981 2905 modo
996 2848 1188 2920 conspiciendi
1209 2856 1250 2904 est
1266 2847 1329 2920 (tol.
1347 2849 1383 2903 ll
1397 2847 1443 2920 tt.)
1464 2847 1624 2917 diversitas,
1639 2857 1747 2921 utque

79 2936 183 2995 nalum
201 2937 271 2993 illud
294 2937 490 3009 intelligique
514 2937 624 3007 melior,
648 2946 680 2994 ut
696 2939 777 3008 dicia,
798 2939 843 2995 vel
899 2938 1002 2996 melius
1026 2936 1198 3010 intelligitur
1222 2936 1482 3013 benemeritam
1506 2944 1605 2995 nostra
1629 2937 1659 2993 in
1683 2939 1748 3009 ejus

79 3028 121 3084 ior
144 3027 230 3082 bomo
253 3025 385 3083 allicitur.
413 3025 466 3082 Sed
488 3026 510 3081 si
531 3026 584 3082 boc
613 3026 644 3082 in
668 3027 767 3084 lutura
787 3028 845 3085 vita
860 2991 883 3049 G
899 3029 1010 3085 visione
1025 3031 1258 3099 augeatur.rtam
1272 3032 1300 3082 et
1314 3026 1443 3082 animem
1455 3025 1502 3082 vel
1515 3026 1652 3096 spiritum
1667 3040 1747 3097 que-

79 3114 147 3185 ugit,
168 3122 200 3171 ut
224 3114 357 3170 videlicet
387 3115 518 3171 meliores
545 3115 586 3171 ibi
603 3114 648 3171 vel
678 3115 844 3181 deteriores,
898 3117 969 3174 libet
983 3115 1170 3187 intelligendo
1189 3129 1247 3171 non
1262 3114 1415 3186 equaliter
1432 3128 1531 3172 omnes
1545 3114 1746 3186 intelligimus,

79 3203 148 3259 rhic
162 3201 333 3271 elilciamur,
346 3203 468 3272 protecto
484 3210 511 3259 et
528 3202 566 3260 ibi
581 3204 693 3275 aliquid
709 3204 844 3274 amplius,
899 3205 1035 3278 quamvis
1056 3212 1152 3261 tamen
1179 3204 1357 3274 incorporeae
1380 3210 1493 3260 nature
1519 3211 1613 3273 partes
1636 3202 1666 3259 in
1688 3216 1748 3260 suae

78 3308 88 3348 t
116 3293 163 3349 hic
187 3292 343 3362 promereri
363 3292 506 3348 videmur.
534 3291 595 3359 Quo
614 3293 691 3348 enim
715 3294 847 3349 meliores
899 3294 1029 3352 essentiae
1056 3293 1218 3365 quantitate
1246 3307 1306 3350 non
1331 3293 1440 3350 habere
1470 3292 1593 3349 dicatur.
1622 3292 1747 3348 Etcum

79 3395 140 3437 mur
165 3381 210 3437 vel
232 3380 385 3437 deteriores
407 3394 497 3451 quam
519 3381 610 3451 prius,
635 3383 737 3452 majori
761 3396 847 3451 poena
899 3398 1005 3454 corpus
1019 3381 1168 3452 quodlibet
1191 3379 1236 3437 vel
1254 3379 1353 3452 aliqua
1380 3394 1447 3452 pars
1461 3381 1524 3453 ejus
1538 3379 1575 3436 ab
1599 3379 1748 3451 aliquibus

79 3470 184 3526 traetnio
210 3470 290 3541 digni
325 3471 502 3541 judicamur.
535 3468 616 3536 Quod
639 3468 846 3541 siibiquoque
899 3471 986 3528 simul
1001 3471 1155 3541 accipitur,
1176 3470 1278 3527 melius
1298 3470 1335 3526 ab
1348 3469 1403 3526 isto
1418 3483 1508 3541 quam
1527 3469 1564 3525 ab
1579 3468 1636 3525 alio
1656 3469 1746 3525 bomi-

79 3573 102 3615 ιι
119 3559 156 3616 sit
177 3558 307 3625 allectus,
323 3567 356 3614 ut
372 3573 431 3629 quo
444 3557 570 3629 amplius
585 3558 677 3613 Deum
700 3559 847 3629 cognosci·
900 3574 937 3616 ne
958 3560 1054 3630 ipsum
1076 3560 1262 3631 cognoscitur
1286 3568 1314 3615 et
1342 3559 1484 3629 perlectus
1511 3558 1692 3630 intelligitur,
1720 3565 1748 3615 et

92 3648 184 3719 magis
197 3662 262 3704 eum
280 3647 436 3716 diligamus
449 3655 477 3703 et
493 3661 559 3702 cum
575 3647 638 3717 ipsa
659 3646 848 3703 retributione
899 3663 967 3705 cum
987 3648 1090 3705 eadem
1106 3661 1152 3704 res
1176 3648 1212 3704 sit
1230 3647 1381 3716 intellecta,
1409 3661 1466 3703 non
1487 3654 1584 3703 tamen
1598 3646 1748 3717 equaliter

79 3744 219 3793 ernostra
243 3736 356 3792 dilectio
382 3744 490 3792 crescat
515 3735 544 3792 in
566 3737 631 3804 lieo,
668 3745 700 3793 ut
735 3749 848 3806 semper
900 3737 965 3809 ejus
987 3745 1123 3793 naturam
1140 3735 1311 3807 percipiunt.
1341 3735 1387 3791 Sic
1405 3735 1573 3793 Deushulc
1596 3733 1749 3805 perlectius

79 3840 128 3882 »res
142 3826 316 3894 efficiamur,
333 3824 458 3895 prolecto
483 3826 512 3880 in
527 3824 675 3881 inlinitum
689 3825 729 3883 ite
744 3833 847 3882 nostre
901 3840 935 3882 ac
947 3824 1050 3883 melius
1065 3838 1153 3895 quam
1170 3823 1210 3879 illi
1225 3823 1270 3881 sui
1286 3823 1418 3880 notitiam
1441 3836 1492 3894 pro
1513 3823 1623 3879 meritis
1646 3823 1748 3892 imper-

79 3913 187 3970 tudinis
214 3913 382 3970 extenditur
402 3920 606 3985 augmentum,
635 3920 668 3969 ut
694 3927 847 3985 nunquam
901 3914 946 3980 tit,
960 3927 994 3970 ac
1009 3926 1039 3970 se
1055 3912 1182 3985 amplius
1203 3911 1375 3969 manilestat.
1401 3913 1495 3969 Potest
1510 3911 1619 3983 quippe
1637 3910 1750 3967 contin·

79 4002 214 4070 intectum,
232 4004 302 4073 quia
317 4017 429 4073 semper
444 4002 545 4072 recipit
561 4002 790 4060 incrementum.
901 4009 1022 4074 gerent,
1037 4016 1104 4059 cnm
1120 4001 1217 4058 omnia
1240 4001 1313 4058 sciat
1337 4002 1398 4068 iste,
1424 4014 1489 4071 que
1503 3999 1561 4067 ille,
1586 3999 1692 4057 melius
1706 4007 1749 4056 ta·

79 4106 195 4148 nrsrtart.
220 4092 318 4148 Nescis
341 4092 419 4162 quod
442 4091 472 4147 in
498 4092 553 4147 hac
568 4091 628 4146 vita
644 4099 757 4148 tautum
777 4098 848 4147 tem·
902 4105 968 4147 men
989 4104 1022 4148 ac
1037 4090 1189 4162 perfectius
1212 4089 1329 4162 singula
1353 4090 1424 4146 sciat
1447 4089 1498 4146 iste
1522 4102 1612 4161 quam
1640 4088 1697 4158 ille,
1721 4096 1749 4147 et

79 4180 107 4236 tit
122 4181 314 4250 promerendi,
331 4187 359 4236 et
382 4181 410 4236 in
428 4180 477 4236 illa
495 4179 684 4248 retribuendi,
701 4180 746 4237 bic
767 4180 847 4237 vide·
901 4193 969 4236 cum
985 4186 1025 4237 tot
1039 4193 1083 4236 res
1098 4179 1135 4235 ab
1150 4178 1203 4237 isto
1226 4192 1315 4249 quam
1335 4178 1371 4236 ab
1395 4178 1443 4236 illo
1465 4179 1605 4246 sciantur,
1626 4190 1684 4233 non
1709 4183 1750 4233 ta·

80 4269 253 4333 seminandi,
272 4269 308 4325 ibi
336 4269 500 4341 colligendi.
530 4269 669 4335 Quamvis
695 4268 785 4341 igitur
808 4269 848 4327 ibi
863 4277 885 4332 υ
901 4283 967 4325 men
980 4277 1019 4326 tot
1032 4268 1067 4326 de
1081 4268 1191 4324 eisdem
1205 4268 1294 4325 rebus
1314 4267 1449 4324 scientias
1470 4267 1556 4325 habet
1570 4281 1657 4337 unus,
1678 4273 1750 4338 quot

79 4370 131 4414 tres
150 4357 292 4414 etticimus
306 4372 341 4413 en
357 4358 475 4428 premio
491 4360 669 4427 meritorum,
692 4372 782 4429 quam
799 4358 848 4415 hic
903 4358 987 4424 alter,
1001 4364 1052 4414 aut
1066 4371 1124 4413 non
1139 4365 1197 4413 tam
1213 4357 1286 4414 bene
1300 4358 1372 4415 sciat
1384 4357 1493 4415 eadem.

79 4446 162 4503 eritis
183 4445 345 4514 fueramus,
369 4456 537 4504 nontamen
560 4461 674 4504 necesse
696 4454 738 4504 est
762 4454 793 4505 ut
810 4448 848 4505 ibi
940 4446 1049 4502 Peleos.
1067 4445 1207 4516 Nunquid
1223 4444 1300 4501 illam
1313 4445 1452 4502 visionem
1479 4443 1539 4506 liei,
1556 4443 1662 4516 inqua
1684 4443 1750 4501 bea·

79 4546 104 4588 rs
118 4532 229 4603 aliquid
257 4547 482 4603 promereamus.
513 4534 573 4590 iloc
597 4535 693 4604 ipsum
718 4531 845 4607 quoque,
903 4534 997 4592 titudo
1025 4547 1095 4589 vera
1123 4534 1254 4591 consistit
1287 4533 1394 4606 angeli,
1419 4546 1493 4605 quos
1520 4532 1615 4603 lapsos
1643 4532 1750 4600 dicitis,

86 4621 123 4676 ibi
147 4621 278 4678 meliores
302 4635 392 4691 quam
428 4621 475 4677 hic
500 4621 656 4691 eiiicimur,
679 4623 848 4681 meritorum
903 4622 1249 4694 nunquambabuerunt,
1266 4623 1311 4679 vel
1335 4623 1434 4680 saltem
1452 4622 1499 4679 ille
1521 4622 1596 4678 inter
1615 4635 1665 4678 eos
1679 4635 1749 4692 pre·

78 4710 232 4767 rabitorum
255 4710 405 4766 retributio
428 4717 480 4775 est,
506 4724 573 4781 que
603 4711 713 4767 meritis
739 4712 849 4769 reddita
904 4713 1019 4784 cipuus,
1044 4712 1098 4785 qui
1122 4720 1291 4769 ceterorum
1319 4712 1534 4782 comparatione
1562 4709 1682 4768 lucifero
1708 4716 1751 4768 est

78 4798 199 4855 neliores
216 4797 322 4855 elliciat
341 4813 399 4856 non
415 4797 520 4855 iterum
536 4800 689 4867 premium
708 4815 851 4870 promere·
904 4801 1111 4873 comparatus?

79 4901 141 4958 que
164 4888 194 4942 in
216 4887 367 4958 premium
393 4887 561 4944 meritorum
587 4895 702 4945 tantum
716 4897 760 4945 est
781 4903 850 4947 con·
940 4890 1100 4949 Genrsrmn.
1121 4890 1315 4962 Nequaquam
1339 4889 1443 4960 utique
1468 4887 1605 4947 habuisse
1630 4888 1751 4945 creden-

79 4985 113 5042 ta,
130 4991 187 5032 uon
203 4977 239 5033 ad
252 4975 367 5048 aliquid
383 4976 605 5047 promerendum
621 4990 725 5033 rursus
740 4977 848 5034 habita.
905 4978 975 5037 dnm
987 4988 1039 5046 cst,
1061 4994 1114 5036 nec
1132 4979 1239 5050 aliquis
1268 4992 1379 5047 eorum,
1408 4977 1460 5050 qui
1488 4978 1610 5046 euenit,
1640 4975 1751 5034 necilli

91 5072 119 5120 et
133 5063 213 5134 apud
227 5078 280 5121 nos
295 5080 361 5121 cum
381 5064 426 5134 (4³
457 5063 501 5137 V.)
522 5063 629 5135 aliquis
652 5065 786 5121 amicitie
806 5080 849 5123 re·
905 5068 1144 5139 etiam,quinon
1168 5066 1458 5135 corruerunt,donec
1481 5073 1543 5137 post
1567 5064 1752 5123 aliornmla·

79 5153 233 5210 arationem
261 5153 297 5210 ab
324 5153 416 5209 amico
433 5151 554 5223 suscipit
583 5159 611 5210 et
638 5167 707 5211 enm
730 5167 768 5212 ex
797 5155 851 5212 bac
906 5170 991 5229 psum
1005 5157 1081 5214 banc
1093 5154 1244 5223 visionem,
1261 5168 1312 5227 per
1334 5169 1423 5226 quam
1446 5154 1533 5213 simul
1560 5161 1588 5212 et
1611 5153 1689 5212 beati
1703 5153 1752 5212 fle-

79 5249 119 5298 ter
146 5243 200 5298 boc
228 5243 329 5315 diligit,
347 5257 405 5299 non
433 5242 539 5298 iterum
567 5242 644 5312 apud
664 5256 730 5299 eum
745 5257 782 5300 ex
797 5244 852 5301 bac
905 5253 970 5304 rent
983 5252 1011 5302 et
1024 5243 1196 5313 confirmati,
1212 5258 1249 5301 ne
1264 5243 1390 5316 amplius
1413 5243 1515 5302 cadere
1535 5251 1649 5315 possent
1664 5244 1694 5301 in
1709 5257 1752 5300 re-

79 5331 106 5387 ·ri
121 5330 283 5399 dilectione,
299 5345 364 5402 que
378 5330 485 5388 scilicet
501 5329 579 5387 venit
602 5345 639 5387 en
654 5332 771 5402 premio
785 5333 851 5390 red·
906 5332 1136 5390 munerationem
1164 5346 1226 5390 sue
1247 5331 1421 5390 humilitatis
1446 5331 1619 5403 acceperint.
1647 5330 1752 5389 Omnes

79 5421 251 5490 ‚premium
269 5418 545 5492 mercrijudicatur,
559 5424 592 5476 ut
610 5419 690 5477 sicin
704 5419 851 5479 inlinitum
906 5421 1121 5495 quippeangeli
1135 5421 1212 5480 sicut
1232 5429 1260 5480 et
1274 5420 1405 5479 homines
1428 5421 1500 5480 tales
1524 5419 1613 5480 creati
1635 5428 1705 5480 sunt
1719 5426 1752 5478 ut

79 5513 140 5568 tum
159 5507 344 5567 extendatur.
368 5506 507 5574 Quamvis
530 5508 638 5568 etenim
665 5509 850 5570 necessitudi·
905 5509 979 5571 bene
993 5524 1079 5586 agere
1102 5519 1217 5585 possent
1230 5517 1258 5570 et
1271 5510 1355 5571 male.
1372 5509 1523 5584 Alioquin,
1536 5510 1588 5584 qui
1610 5525 1669 5568 non
1686 5523 1750 5582 pcc-
