3736 5962
59 165 109 220 aas
842 156 1029 218 scissuri.
1754 162 1808 223 m

56 291 183 344 strarent
210 282 334 352 hminis,
368 281 567 340 instituerunt.
596 277 709 337 &imus
738 277 857 352 quidem
882 287 910 338 et
925 287 950 343 h
964 280 1090 340 randum
1109 289 1163 351 est,
1186 290 1214 339 et
1234 281 1312 354 quod
1340 283 1424 341 nobis
1446 282 1561 356 expedit
1587 283 1808 344 instituendum.

56 373 233 446 Apostolum
253 369 556 429 Thessalonicensibus
575 368 747 426 scribentem
767 369 909 440 quosdam
963 369 1089 427 Maxime
1107 385 1178 428 vero
1195 371 1231 429 de
1252 371 1352 429 oidciis
1370 371 1576 440 ecclesiasticis,
1595 380 1624 430 et
1642 372 1677 430 de
1696 373 1811 432 ordina-

55 464 149 521 otiose
171 462 218 520 rel
240 462 355 520 curiose
379 459 512 517 viventes
533 458 605 515 adeo
634 456 849 527 constrinxisse,
878 464 911 514 ut
964 459 1040 517 tione
1059 460 1237 530 psalmorum
1261 461 1473 531 providendum
1495 468 1548 529 est,
1568 468 1600 519 ut
1624 461 1653 517 in
1676 461 1732 519 hoc
1750 462 1811 521 sal-

53 552 226 623 pcaeciperet
251 550 392 620 quoniam
412 547 436 604 si
459 548 525 619 quis
542 561 602 603 non
624 546 688 603 vult
714 546 830 616 operari
853 560 911 603 non
963 557 1032 615 tem,
1055 549 1079 605 si
1102 548 1203 620 piacet,
1229 557 1356 606 nostram
1380 563 1519 608 exoneres
1540 550 1747 609 infirmitatem.
1768 551 1811 611 Ne

52 640 215 696 manducet
232 638 271 709 (il
294 640 385 693 Thess.
402 651 443 703 ιιι,
472 636 529 707 l0);
544 643 573 692 et
586 635 702 692 beatum
726 635 910 692 Benedictum
964 651 1031 694 cum
1054 637 1222 708 psalterium
1243 651 1293 707 per
1314 638 1522 695 hebdomadam
1541 638 1721 710 expleamus,
1743 654 1810 699 ιοι-

52 730 134 799 (cap.
150 729 198 799 48)
220 727 348 784 maxime
370 739 421 796 pro
444 724 585 782 otiositate
604 722 724 781 vitanda
747 736 834 794 opera
848 737 911 780 ma·
964 724 1029 781 dem
1054 739 1168 783 neeesse
1185 727 1221 783 ιιι
1235 726 1360 798 psalmos
1379 728 1478 798 repeti.
1494 726 1586 795 Quam
1604 728 1695 785 etiam
1707 728 1809 787 beatus

53 830 153 873 nuum
180 814 354 887 injunxisse.
379 812 434 870 Sed
453 811 589 884 nunquid
613 811 705 867 biacia
723 810 811 868 otiose
831 812 909 868 sede·
965 814 1135 872 Benedictus
1150 814 1223 885 (cap.
1242 816 1297 887 ιι),
1317 829 1384 873 cum
1403 829 1468 872 eam
1486 829 1538 887 pro
1557 816 1623 874 visu
1642 831 1696 875 suo
1709 815 1808 877 distri-

55 906 118 973 bat‚
137 912 170 962 ut
189 903 280 961 verba
299 902 406 959 Christi
424 901 561 959 audiret?
580 900 658 970 (buc.
675 915 705 968 ιι,
725 898 781 972 39.)
799 900 912 957 ilartha
965 903 1082 970 buisset,
1098 903 1128 960 in
1152 904 1275 961 aliorum
1299 919 1417 976 quoquc
1444 905 1555 962 actione
1574 919 1629 962 sua
1642 905 1672 962 id
1690 905 1810 978 reliquit

54 1001 118 1050 taur
133 994 161 1051 ei
181 1006 272 1065 quam
294 990 414 1048 homino
428 989 589 1058 laborante,
611 989 687 1046 etde
710 989 808 1061 quiete
829 1002 912 1045 soro-
965 990 1131 1055 admonitio,
1155 998 1187 1048 ιι
1211 990 1235 1048 ιι
1255 991 1304 1048 ιιι
1327 992 1430 1048 melius
1451 990 1600 1050 videretur
1626 992 1709 1051 aliter
1733 993 1810 1067 ipsos

55 1087 98 1139 ris
128 1091 269 1154 tanquam
299 1080 399 1137 invida
426 1087 624 1146 memorante,
653 1076 738 1150 quasi
763 1092 830 1149 qua
852 1077 913 1134 sola
964 1077 1120 1135 ordinaret.
1143 1080 1299 1136 attendens
1323 1080 1454 1137 videlicet
1474 1080 1552 1150 quod
1574 1094 1623 1152 per
1647 1088 1810 1155 temporum

56 1172 176 1242 pondus
191 1171 250 1229 diei
263 1177 291 1228 ιι
303 1179 390 1228 cestus
409 1167 589 1240 portaverit?
608 1167 690 1225 Unde
703 1175 731 1224 et
745 1166 830 1224 hodie
853 1166 912 1223 ire·
964 1166 1174 1225 successionem
1191 1167 1325 1225 Ecclesiae
1348 1169 1434 1226 decor
1452 1170 1586 1240 creverit,
1601 1176 1629 1227 et
1648 1185 1715 1242 qua
1729 1170 1811 1245 prius

55 1269 185 1331 quentec
198 1272 384 1317 murmurare
399 1272 447 1315 eos
468 1257 624 1325 cernimus,
645 1255 697 1326 qui
717 1256 747 1312 in
760 1253 912 1313 exteriori·
964 1256 1037 1313 rude
1059 1263 1224 1326 susceperat
1247 1255 1481 1326 fundamentum,
1498 1259 1679 1329 postmodum
1696 1257 1811 1317 mdidcii

57 1350 117 1405 bus
130 1348 273 1416 laborant,
294 1362 362 1405 cum
383 1347 430 1404 his
444 1345 496 1418 qui
515 1344 622 1402 divinis
636 1344 770 1415 occupati
790 1350 859 1401 sunt
873 1343 913 1399 cl·
964 1351 1050 1401 nacta
1067 1353 1110 1400 est
1132 1352 1345 1402 ornamentum.
1370 1345 1445 1403 illud
1473 1353 1572 1404 autem
1594 1361 1654 1419 prae
1674 1346 1811 1423 omnibns

58 1438 133 1494 liciis
155 1445 270 1495 uicena
293 1437 469 1493 ministrant.
494 1434 532 1491 Ει
551 1447 625 1504 sepe
650 1432 685 1490 de
700 1433 767 1507 his,
781 1446 848 1504 quse
866 1439 912 1502 ty·
964 1431 1089 1490 diliinire
1109 1440 1136 1491 ιι
1157 1434 1293 1492 volumus
1316 1435 1387 1505 quid
1401 1435 1437 1492 de
1458 1434 1624 1508 evangelica
1639 1435 1758 1493 lectione
1779 1436 1811 1493 in

58 1527 146 1583 canni
159 1530 289 1597 rapiunt,
310 1527 408 1582 minus
426 1530 657 1594 conqueruntur,
677 1535 766 1593 quam
783 1534 849 1592 quae
863 1520 910 1577 de
928 1526 949 1581 Β
966 1521 1072 1594 vigiliis
1092 1523 1244 1581 nocturnis
1264 1523 1348 1581 nubis
1371 1523 1516 1596 agendum
1541 1525 1586 1580 sit.
1614 1522 1811 1581 Periculosum

57 1614 185 1683 sidiosis,
203 1622 236 1671 ut
249 1615 344 1684 aiunt,
359 1612 420 1670 istis
431 1619 460 1670 et
474 1611 573 1668 otiosis
585 1610 734 1667 exsolvere
752 1618 908 1681 coguntur.
967 1610 1076 1681 quippe
1095 1610 1210 1668 ridetur
1231 1625 1265 1667 ιο
1286 1620 1412 1683 ternpore
1435 1611 1471 1668 ad
1504 1626 1556 1669 nos
1579 1612 1739 1669 sacerdotes
1760 1620 1811 1671 ant

57 1706 137 1773 Quos
154 1712 251 1761 ιιιιιι
265 1717 323 1761 non
342 1702 437 1760 solnm
455 1701 545 1758 verba
561 1699 667 1758 Christi
680 1699 792 1766 audire,
808 1711 910 1756 verum
965 1698 1102 1756 diaconos
1135 1699 1259 1768 admitti,
1285 1714 1336 1772 per
1366 1714 1441 1771 quos
1471 1700 1533 1757 haec
1555 1699 1638 1758 lectio
1665 1700 1811 1771 recitetur,

57 1795 148 1851 etiam
167 1793 198 1848 in
222 1793 268 1849 his
291 1791 405 1848 assidue
425 1789 554 1862 legendis
572 1795 601 1845 ιι
624 1786 811 1845 decantandis
829 1800 912 1843 occu·
965 1801 1040 1858 quas
1066 1789 1209 1859 precipue
1241 1789 1278 1846 ab
1300 1789 1379 1847 omni
1403 1789 1554 1846 hominurn
1582 1802 1699 1847 accessu
1723 1797 1813 1863 atque

57 1892 142 1955 patos
171 1881 355 1938 considerant
395 1893 463 1938 esse.
494 1877 552 1935 Nec
584 1877 737 1935 attendunt
761 1890 819 1933 non
851 1888 912 1932 esse
965 1884 1083 1945 aspectu
1102 1884 1266 1948 segregatas
1283 1892 1344 1934 esse
1367 1878 1517 1948 convenit;
1540 1884 1603 1935 tum
1623 1883 1656 1935 ut
1670 1877 1812 1936 sincerius

58 1983 213 2042 magnum,
228 1976 268 2053 ut·
282 1968 321 2025 ait
339 1965 502 2038 Apostolus,
520 1965 544 2022 si
562 1966 603 2022 eis
623 1963 837 2022 communicent
851 1977 911 2019 cor·
964 1964 1022 2019 Deo
1045 1977 1150 2021 vacare
1177 1965 1331 2037 possimus,
1353 1975 1415 2023 tum
1449 1964 1537 2023 etlam
1559 1973 1591 2023 ut
1617 1979 1635 2022 a
1656 1965 1812 2026 tentatione

59 2057 184 2129 poralia,
209 2070 226 2112 a
248 2056 358 2129 quibus
378 2060 547 2125 exspectant
568 2053 733 2123 spiritualia
752 2051 777 2123 (l
794 2052 855 2108 Cor.
870 2066 909 2115 ιιι,
966 2052 1086 2109 tutiores
1106 2053 1208 2109 simus.
1228 2053 1291 2109 'libi
1317 2069 1408 2121 nunc,
1429 2040 1553 2114 domine.
1575 2055 1645 2111 dum
1663 2054 1749 2125 vivis,
1765 2054 1812 2112 in·

60 2148 117 2218 ιι).
133 2145 193 2204 Nec
214 2145 368 2216 indignum
391 2158 462 2212 esse,
479 2151 513 2201 ut
536 2142 588 2214 qui
608 2140 729 2198 terrenis
748 2140 910 2208 intendunt,
965 2139 1076 2197 cumhit
1090 2140 1240 2199 instituere
1251 2141 1286 2198 de
1299 2141 1383 2199 nobis
1400 2142 1470 2214 quid
1485 2142 1699 2214 inperpetuum
1713 2151 1811 2200 tenen·

60 2237 106 2293 his
127 2235 182 2307 qui
204 2233 406 2305 spiritualibus
437 2238 619 2302 occupantur
642 2228 816 2286 deserviant.
841 2229 912 2285 Hinc
965 2228 1036 2286 dum
1059 2229 1095 2285 sit
1118 2229 1211 2287 nobis.
1234 2231 1278 2287 Tu
1308 2230 1416 2302 quippe
1439 2239 1501 2301 post
1524 2231 1615 2288 Deum
1641 2230 1731 2302 hujus
1758 2229 1812 2289 loci

59 2325 169 2382 etenim
183 2338 220 2381 ex
235 2324 297 2395 ipsa
316 2335 434 2394 quoque
449 2321 520 2393 legis
538 2319 687 2377 sanctione
706 2317 846 2376 ministris
860 2319 912 2374 Ec-
965 2317 1112 2386 lundator,
1141 2326 1173 2375 tu
1201 2333 1253 2389 per
1277 2319 1368 2376 Deum
1396 2326 1503 2375 nostrae
1528 2318 1759 2391 congregationis
1781 2333 1813 2377 es

59 2413 155 2471 clesiae
172 2413 233 2469 ιιι
254 2410 382 2469 salubris
403 2410 454 2466 otii
470 2409 587 2467 libertas
608 2414 799 2474 concessant
818 2406 912 2463 tribus
966 2404 1121 2477 plantator,
1138 2414 1169 2463 tu
1185 2421 1252 2464 cum
1277 2408 1334 2464 ileo
1350 2415 1456 2464 nostra
1477 2407 1515 2463 sis
1536 2407 1683 2480 religionis
1696 2407 1813 2467 institu-

61 2504 128 2560 levi
152 2502 226 2559 nihil
247 2498 423 2557 haereditatis
446 2506 566 2555 ιιιιιιιι
586 2496 755 2569 perciperet,
778 2509 838 2566 quo
857 2508 912 2551 ex·
967 2502 1020 2552 tor.
1046 2497 1250 2566 Praeceptorcm
1269 2496 1359 2554 alium
1384 2504 1494 2567 postte
1517 2496 1644 2553 lortassis
1669 2495 1814 2555 habituras

60 2592 188 2664 peditius
206 2589 329 2647 Domino
352 2588 525 2658 deserviret;
547 2586 597 2643 sed
615 2586 651 2641 de
672 2584 772 2641 labore
788 2583 912 2639 aliorum
966 2596 1078 2650 sumus,
1093 2591 1121 2640 et
1136 2585 1188 2655 qui
1202 2599 1290 2654 super
1306 2584 1434 2642 alienum
1443 2583 1554 2654 aliquid
1570 2584 1620 2656 [oi.
1634 2583 1813 2657 aliudlitedi·

63 2680 191 2738 decimas
215 2688 243 2736 et
266 2678 426 2736 oblationes
450 2678 606 2747 susciperet
634 2674 727 2745 (ilum.
747 2686 828 2741 xvnr,
853 2671 910 2743 ιι).
967 2670 1032 2727 iicet
1045 2670 1276 2729 tundamentum.
1295 2671 1419 2742 ideoque
1432 2684 1567 2728 veremur
1578 2670 1612 2727 de
1626 2669 1814 2729 nobisminus

62 2772 103 2828 [ie
118 2769 295 2827 abstinentia
311 2781 430 2840 quoque
446 2766 635 2838 jejuniorum,
652 2776 742 2835 quam
758 2761 852 2834 magis
869 2761 913 2818 vi·
967 2759 1086 2816 iuturus
1102 2760 1253 2825 sollicitus,
1268 2760 1315 2817 vei
1337 2772 1354 2815 a
1378 2759 1461 2816 nobis
1485 2760 1583 2815 minus
1601 2757 1774 2827 audiendus,
1785 2766 1814 2817 et

63 2866 173 2917 tiorum
196 2872 286 2930 quam
307 2857 439 2914 ciborum
462 2854 616 2912 Christiani
634 2858 784 2923 appetunt,
802 2849 913 2922 siquid
967 2847 1172 2920 quidamque,
1198 2849 1221 2904 si
1241 2862 1325 2920 aeque
1348 2847 1428 2918 velit,
1448 2860 1507 2904 non
1528 2859 1611 2917 aeque
1638 2846 1734 2916 possit.
1758 2848 1813 2903 lo-

64 2948 200 3006 licciesiae
234 2945 408 3004 institutioni
434 2943 590 3015 superaddi
617 2942 786 3005 decreveris,
809 2938 913 2997 delibe-
928 2936 950 2993 G
966 2951 1055 3008 quere
1071 2945 1102 2994 tu
1116 2937 1211 3005 nobis,
1223 2945 1252 2996 ιι
1264 2936 1427 2995 audiemus.
1445 2935 1522 2993 Vale.

796 3203 996 3274 deistunt
1018 3204 1088 3274 vll.

287 3356 367 3439 Qua
398 3362 451 3425 est
473 3375 611 3424 rursum
629 3353 720 3423 Petri
743 3353 786 3421 ed
808 3351 1012 3420 Heioissam.
1040 3349 1085 3416 Ile
1110 3349 1243 3432 origine
1265 3350 1590 3419 sanctimonialium.

67 3622 279 3678 Αιιιιιιιιτιιι.
300 3646 335 3656 -
350 3613 509 3671 hbaiordus
522 3613 557 3668 ob
573 3611 697 3668 Heloisso
710 3612 847 3680 superiore
870 3609 986 3677 epistota
1003 3608 1125 3674 roqotus,
1149 3607 1180 3658 ut
1191 3604 1220 3681 ’ee'
1234 3605 1261 3658 et
1273 3603 1413 3659 sodalibus
1436 3602 1507 3673 ejus,
1528 3602 1562 3658 de
1584 3604 1690 3674 oriqtue
1708 3602 1818 3659 ordinis

104 3692 268 3746 monialium
286 3686 435 3743 scriberet:
461 3685 512 3740 boc
534 3684 650 3754 epistota
664 3683 724 3752 ejus
744 3685 770 3736 et
792 3681 904 3736 dicrum
924 3678 1062 3734 uoluntati
1094 3689 1139 3730 ora
1160 3675 1262 3730 lissima
1294 3674 1438 3745 respondet
1461 3689 1468 3727 :
1490 3677 1635 3744 ipsumque
1656 3674 1779 3730 udinem
1801 3688 1820 3728 o

101 3765 247 3833 primitius
273 3759 404 3824 decurio,
426 3759 481 3811 imo
506 3760 531 3810 et
547 3756 582 3809 ob
606 3754 667 3824 ipso
691 3753 800 3808 Domini
820 3752 970 3806 conlatoris
995 3761 1073 3803 socco
1093 3747 1126 3801 de
1146 3749 1203 3802 ueit
1225 3746 1347 3813 coiteqio,
1367 3744 1480 3815 etquid
1504 3746 1585 3801 Philo
1608 3745 1731 3813 iudeus,
1749 3743 1820 3814 quid

106 3834 264 3902 triportito
287 3831 404 3886 historio
424 3828 570 3897 deprimis
588 3826 687 3909 ascetis
706 3827 822 3907 uoreeru
846 3825 973 3904 recenset.
996 3820 1100 3901 Secum
1126 3820 1216 3898 euicta
1238 3818 1435 3898 femineumliu
1453 3816 1572 3896 siliquiis
1602 3817 1673 3900 ejses·
1685 3815 1820 3883 aradibus

104 3918 200 4030 titt.
210 3897 691 4042 thabithatatltlh
702 3886 1542 4030 ltt‘tltstlititiahtt'ttttttllllhts
1553 3886 1820 4023 sustitit

106 4061 181 4101 mum
195 4046 357 4111 encomium
368 4043 452 4098 latius
465 4046 554 4096 tomen
566 4039 739 4107 oirqinitotis
754 4034 862 4091 ioudem
880 4033 1067 4104 prosequitur,
1087 4029 1165 4099 eteius
1179 4030 1263 4084 etiam
1280 4028 1356 4098 opud
1370 4040 1491 4098 poqooos
1509 4029 1575 4081 miri
1586 4029 1665 4080 octus
1682 4026 1820 4094 ιιιιιιιιιι.

105 4279 245 4340 charitati
276 4285 344 4346 tue,
369 4273 538 4334 charissima
562 4286 655 4340 soror,
681 4270 840 4342 delordine
866 4277 922 4328 tum
939 4272 962 4328 il
977 4272 1071 4342 cipere
1089 4270 1164 4342 (buc.
1190 4283 1220 4335 ιι,
1240 4266 1297 4341 ιι),
1323 4275 1351 4325 ιι
1376 4265 1527 4339 prophetia
1548 4266 1654 4340 repleri
1673 4264 1823 4327 meruerit.

71 4369 255 4443 prolessionis
282 4374 341 4424 tam
371 4365 423 4422 tibi
458 4377 548 4434 quam
578 4358 779 4432 spiritualibus
806 4359 922 4416 tiliabus
975 4359 1055 4416 Finis
1076 4358 1175 4430 itaque
1190 4357 1320 4415 Christus
1332 4357 1463 4429 justitiae,
1483 4364 1511 4413 et
1529 4357 1659 4415 omnium
1681 4355 1834 4415 bonorum,

71 4462 131 4518 tuis
144 4458 305 4525 suscitanti,
325 4454 404 4512 unde
426 4452 534 4510 scilicet
549 4449 720 4508 monialium
740 4448 859 4520 eoeperit
877 4463 922 4506 re·
975 4446 1196 4516 consummatio,
1224 4445 1254 4502 in
1281 4445 1459 4517 plenitudine
1480 4445 1617 4517 temporis
1638 4443 1768 4511 veniens,
1791 4448 1824 4501 ut

71 4550 151 4622 ligio,
168 4546 269 4618 paucis
289 4546 314 4602 si
331 4552 429 4616 potero
447 4542 652 4611 succincteque
672 4538 841 4596 rescribam.
862 4537 922 4595 lio·
976 4536 1112 4594 inchoata
1132 4534 1280 4606 perliceret
1303 4533 1388 4602 bona,
1409 4532 1457 4591 vel
1482 4534 1632 4591 exhiberet
1655 4531 1824 4604 incognita3

71 4638 235 4696 nachorum
250 4635 392 4706 siquidem
406 4631 473 4703 isica
491 4628 664 4687 monialium
686 4627 756 4685 ordo
769 4639 788 4682 a
802 4624 923 4682 Domino
977 4628 1052 4683 sicut
1068 4633 1228 4695 utrumque
1250 4636 1353 4680 sexum
1371 4636 1476 4680 vocare
1496 4628 1614 4680 venerat
1637 4628 1725 4694 atque
1747 4620 1826 4677 redi-

72 4736 173 4784 nostro
194 4726 264 4782 iesu
287 4723 401 4781 Christo
426 4718 574 4792 religionis
593 4731 653 4776 sua
674 4717 796 4775 iormam
821 4713 924 4787 plenis·
977 4726 1065 4782 mere,
1082 4713 1122 4769 ita
1148 4720 1308 4783 utrumque
1329 4724 1432 4768 sexum
1445 4710 1474 4766 in
1489 4723 1557 4766 vero
1576 4708 1751 4765 monachatu
1764 4719 1826 4765 sum

72 4818 146 4874 sime
159 4813 293 4887 sumpsit.
308 4810 448 4876 Quamvis
464 4817 492 4866 et
505 4817 572 4866 ante
587 4807 676 4878 ipsius
692 4803 925 4863 incarnationem
978 4800 1211 4874 congregationis
1229 4800 1367 4873 dignatus
1388 4807 1430 4856 est
1454 4797 1594 4864 adunare,
1620 4802 1652 4853 ut
1679 4795 1746 4854 inde
1766 4803 1827 4853 ιιιι

71 4903 215 4963 nonnulla
227 4903 317 4974 hujus
332 4899 469 4971 propositi
484 4905 544 4955 tam
561 4897 591 4953 in
604 4896 677 4954 viris
690 4909 779 4967 qnam
795 4893 827 4950 in
841 4891 925 4949 iemi-
979 4891 1050 4948 viris
1071 4904 1161 4962 quam
1182 4888 1297 4946 leminis
1318 4887 1408 4959 hujus
1432 4885 1615 4957 prolessionis
1637 4884 1758 4943 daretur
1779 4897 1829 4941 au·

71 4996 120 5052 nis
143 4990 320 5064 precesserit
340 4987 494 5046 inchoatio.
523 4985 604 5043 Unde
621 4992 649 5043 et
678 4984 870 5054 Hieronymus
888 4978 926 5036 ad
979 4980 1105 5048 ctoritas,
1143 4985 1172 5035 et
1197 4976 1334 5035 omnibus
1358 4974 1492 5046 perfectio
1523 4973 1590 5031 vitae
1620 4979 1828 5045 proponeretur

71 5080 264 5141 Eustochium
285 5079 416 5137 scribens
433 5079 530 5149 (epist.
554 5075 603 5146 ll:
622 5092 637 5126 e
662 5071 758 5139 Filios,
782 5091 798 5124 ι
817 5069 925 5141 inquit,
980 5082 1071 5140 quam
1085 5067 1280 5125 imitarentur.
1294 5063 1337 5120 lbi
1351 5062 1460 5135 quippe
1475 5076 1542 5120 cnm
1555 5061 1690 5135 apostolis
1703 5059 1827 5120 ιιιιιιι-

72 5195 88 5225 ι
103 5173 325 5243 prophetarum,
347 5180 421 5240 quos
446 5163 604 5222 monachos
631 5160 755 5233 legimus
776 5159 807 5217 in
829 5156 926 5217 Veteri
980 5172 1038 5230 que
1056 5156 1215 5227 discipulis,
1230 5166 1297 5210 cnm
1314 5158 1405 5209 matre
1420 5151 1512 5223 ipsius
1523 5159 1691 5209 sanctarum
1703 5149 1828 5222 legimns

70 5262 293 5323 Testamenta»
321 5264 375 5314 etc.
396 5256 512 5313 Annam
534 5263 653 5325 quoque
681 5249 803 5307 viduam
820 5245 927 5317 templo
980 5236 1828 5314 conventummulierumlbuc.vu1,2):quasellicetssscnio

72 5358 102 5409 ιι
113 5349 215 5407 ιιιιιο
234 5346 328 5407 cultui
350 5345 499 5403 assiduam
513 5338 692 5413 evangelista
711 5340 928 5403 commemorat,
981 5331 1233 5399 abrenuntiantes,
1244 5343 1418 5402 omnemque
1433 5328 1636 5404 proprietatem
1648 5326 1827 5393 abdicantes,

73 5453 143 5515 qne
160 5438 269 5512 witer
289 5448 357 5497 cnm
369 5435 502 5495 simeone
516 5428 674 5493 ιιιιιιιιιι
691 5426 724 5488 in
744 5423 852 5500 templo
866 5437 930 5485 ens·
981 5428 1016 5483 ιι
1032 5420 1127 5483 solnm
1140 5419 1320 5494 possiderent
1335 5416 1495 5491 cucurum,
1514 5417 1590 5479 rictu
1603 5416 1746 5489 scriptum
1758 5420 1827 5477 eet:
