3804 5962
43 188 94 244 381

845 184 963 246 subito
982 187 1005 244 1.
1025 241 1027 245 ,

42 326 100 383 ερε
146 317 328 382 praecesserat
366 309 462 381 culpa,
492 316 521 367 et
557 309 663 368 eaedem
689 317 812 379 nature,
843 325 894 382 per
909 312 933 366 lt
948 320 1080 385 pretatur
1096 316 1282 382 caementum,
1303 312 1374 384 quid
1389 311 1564 370 aliudnobis
1577 312 1690 384 libauit,
1707 328 1797 386 qnam

41 414 115 473 quas
130 398 242 456 vulnus
257 406 299 456 est
320 396 474 467 indictum,
498 398 657 456 curationis
682 398 818 457 alternent
833 415 896 458 me-

41 492 250 555 dicamentum,
272 496 299 544 ει
317 488 395 544 unde
418 487 498 545 illata
523 495 565 544 est
591 488 686 560 plaga,
710 489 776 546 inde
804 489 895 546 mira-

41 579 137 635 biliter
159 577 350 633 conficeretur
379 576 565 646 cataplasma.
596 579 682 634 Actor
708 582 803 651 plagae
833 580 894 635 dla-

45 669 136 733 holus,
162 666 294 721 minister
327 665 485 721 curationis
506 665 637 737 angelus.
667 667 706 722 lle
740 681 895 738 quonunc

45 757 151 812 dieitur
178 772 185 810 :
222 758 319 810 illesus
348 759 386 809 est
412 755 524 821 aitpelcs
554 756 667 809 Gabriel
696 772 714 810 a
748 759 809 824 Deo,
839 764 893 813 etc.

45 845 121 911 (lue.
146 859 167 914 1,
191 843 249 915 ιθ).
273 843 395 913 Serpens
410 857 427 898 a
442 842 554 900 diabolo
571 844 727 912 immissus,
743 845 791 901 hic
805 859 822 900 a
838 846 894 902 Deo

46 941 225 990 memoratur
248 933 370 1002 missus;
395 939 437 998 nt,
463 947 497 988 ex
531 932 592 1002 ipsa
619 933 717 989 statim
744 932 835 991 tronto
855 934 895 991 le·

45 1024 157 1088 cilonis,
184 1036 235 1093 spe
269 1023 375 1078 divinae
410 1021 511 1093 gratie
545 1021 637 1078 saucii
664 1022 829 1085 releventur
858 1025 895 1081 ad

45 1113 183 1169 nuntium
215 1111 326 1168 salutis.
353 1112 427 1169 Bene
452 1118 548 1168 autem
572 1111 694 1183 angelus
719 1112 895 1170 cunemine

45 1203 224 1270 designatur,
248 1215 341 1273 quum
363 1200 468 1258 dicitur
491 1200 618 1269 Gabriel;
642 1207 674 1257 ut
699 1215 792 1271 quum
819 1202 894 1259 idem

44 1291 187 1347 referatur
218 1289 325 1346 missus
348 1291 383 1346 ad
405 1290 538 1358 Mariam,
561 1304 648 1362 quern
672 1290 733 1360 jam
760 1291 895 1362 superius

44 1378 223 1450 evangelista
244 1378 358 1436 dixerat
390 1378 511 1436 missum
535 1379 571 1435 ad
594 1379 775 1449 Zachariam,
799 1379 841 1437 sic
868 1389 895 1438 ει

44 1472 95 1525 ista
115 1468 270 1539 promissio
289 1467 458 1538 complenda
481 1467 627 1536 credatur,
649 1469 723 1526 sicut
742 1469 791 1525 illa
814 1484 895 1527 com-

950 416 1088 474 magnaro
1120 402 1151 459 in
1187 417 1220 460 eo
1257 402 1460 473 perlectionem
1502 400 1667 459 virtutum?
1706 402 1799 468 Quem

949 493 1046 559 etiam,
1063 498 1095 549 ut
1109 493 1210 548 beatus
1226 491 1355 548 meminit
1370 492 1560 560 Hieronymus
1570 490 1627 561 (77)
1643 490 1798 564 virginem,

950 581 1023 637 sicut
1047 594 1181 651 sponsam
1208 581 1308 651 ipsius,
1338 587 1448 635 constat
1476 579 1675 657 permansisse.
1699 581 1800 652 Aqua

950 668 1074 740 proiecto
1095 671 1270 742 virginitatis
1290 669 1460 739 perfectione
1488 668 1512 724 si
1546 682 1596 738 per
1625 681 1800 726 consensum

950 761 1124 816 imminutus
1146 767 1218 814 εεεει
1249 758 1374 814 carnalis
1403 757 1658 827 concupiscentie,
1684 771 1799 828 nequa-

950 863 1038 920 quam
1062 849 1184 920 dignum
1206 856 1279 903 esset
1311 847 1348 903 ab
1372 847 1549 918 evangelista
1578 846 1798 902 commemorari

949 953 1016 995 eum
1043 939 1147 1008 ioseph
1179 936 1333 993 nominari.
1360 935 1415 1004 Qui
1444 936 1626 1007 postmodum
1655 943 1798 1006 comperto

949 1027 1075 1099 Virginis
1090 1034 1241 1098 conceptu,
1263 1032 1341 1084 tauto
1366 1026 1486 1098 gravius
1508 1025 1537 1081 id
1558 1039 1625 1081 eum
1645 1024 1799 1094 lerreluon

949 1126 991 1175 est
1020 1115 1158 1186 mirabile,
1195 1123 1305 1187 quanto
1330 1130 1360 1172 se
1388 1116 1481 1187 magis
1517 1113 1635 1171 illusum
1674 1112 1797 1183 dolebat,

950 1221 1037 1279 quem
1060 1206 1096 1262 ad
1118 1205 1300 1263 continentie
1324 1218 1496 1262 consensum
1524 1216 1629 1274 sponsa
1652 1209 1798 1273 pertraxe-

950 1304 1004 1352 rat.
1027 1296 1102 1365 ,ipsa
1128 1295 1214 1352 ctiam
1242 1294 1342 1366 Virgo,
1372 1308 1465 1366 quum
1493 1293 1527 1349 de
1555 1307 1585 1349 se
1615 1291 1799 1363 postmodum

949 1383 1010 1441 ait:
1048 1383 1182 1450 Quomodo
1210 1387 1255 1455 fiet
1279 1383 1365 1451 istud,
1395 1385 1525 1454 quonium
1549 1383 1640 1437 uirum
1667 1395 1722 1437 uon
1750 1394 1799 1437 co·

949 1472 1063 1543 gnoscoi
1097 1472 1173 1546 (huc.
1201 1489 1220 1541 ι,
1255 1473 1300 1544 34)
1322 1480 1452 1542 patenter
1477 1472 1582 1540 innuit,
1610 1482 1799 1542 nequequam

45 1559 117 1629 plata
141 1558 204 1629 Jam
229 1557 367 1615 noscitur.
393 1557 475 1615 Unde
492 1557 596 1628 etipse
612 1566 674 1628 post
698 1558 817 1615 modum
835 1563 893 1615 hn-
951 1563 982 1619 in
1008 1575 1096 1620 usum
1124 1561 1309 1619 camiseam
1336 1561 1522 1628 consensisse,
1552 1574 1606 1616 nec
1634 1559 1664 1614 in
1691 1572 1798 1616 concu-

46 1647 123 1719 gelus
150 1647 230 1703 illam
255 1647 285 1702 in
320 1646 409 1718 hujus
434 1653 642 1719 argumentum
671 1646 829 1704 inducens:
857 1652 893 1704 ut
911 1669 932 1723 g
950 1651 1088 1724 piscantia
1110 1665 1140 1707 εε
1164 1650 1227 1708 viro
1247 1650 1409 1708 foederasse.
1431 1650 1467 1707 Ut
1487 1648 1559 1721 quid
1585 1647 1663 1704 enim
1682 1645 1798 1714 diceret,

46 1753 107 1803 ecee,
132 1737 241 1807 inquit,
268 1737 411 1791 Elisabeth
434 1740 548 1805 cogente
574 1741 631 1805 tue,
656 1744 709 1792 etc.
737 1736 830 1808 (ibid,
853 1740 896 1811 36)
953 1741 1084 1811 quomodo
1101 1743 1147 1810 fiet
1175 1741 1236 1808 boc,
1266 1743 1332 1810 quio
1364 1743 1454 1796 cirum
1482 1755 1537 1795 noo
1558 1733 1744 1806 cognoscoisi
1769 1733 1800 1792 in

47 1825 122 1892 Quod
138 1839 208 1881 voro
224 1824 367 1890 mittatur,
384 1823 897 1896 diligenterevangelistaldescribit‚
952 1838 1047 1888 mente
1074 1831 1193 1887 haberet
1219 1829 1282 1886 viro
1306 1829 1503 1887 commisceri?
1529 1829 1565 1885 Et
1595 1829 1619 1883 si
1644 1825 1721 1882 enim
1737 1823 1799 1895 iam

48 1929 135 1986 quum
165 1913 204 1969 ait
229 1929 235 1968 :
259 1915 292 1967 in
316 1915 451 1968 civitatem
484 1914 612 1982 Golttaeae,
643 1917 686 1969 cei
721 1931 816 1970 nomen
841 1917 898 1972 Nc·
952 1921 1100 1976 commista
1135 1934 1194 1975 non
1234 1926 1317 1988 esset,
1353 1927 1446 1989 posset
1483 1918 1584 1988 utique
1616 1912 1800 1986 postmodum

51 2005 139 2057 :cretb
172 2002 253 2073 (ibid.
280 2004 339 2073 ab).
369 2003 476 2059 Civitas
501 2004 608 2074 quippe
639 2018 697 2060 non
726 2019 897 2074 paucorum,
952 2006 1140 2074 commisceri,
1168 2013 1199 2062 ut
1222 2006 1389 2062 mirandum
1413 2020 1470 2062 nou
1498 2012 1580 2072 esset,
1603 2004 1626 2060 si
1648 2003 1710 2073 ipsa
1728 2014 1801 2071 quo·

51 2095 91 2148 sed
112 2094 275 2149 mullorum
301 2095 353 2148 est.
383 2093 418 2149 Et
440 2093 494 2148 ista
522 2093 633 2149 curatio
654 2094 897 2151 nonuniuslan-
953 2110 1020 2166 que,
1045 2096 1119 2151 sicut
1151 2095 1309 2161 Elisabeth,
1327 2109 1378 2165 per
1396 2094 1500 2150 divinae
1515 2093 1614 2165 gratiae
1633 2092 1742 2148 donum
1762 2102 1799 2146 ex

53 2183 136 2253 guidi,
166 2181 217 2237 sed
247 2182 335 2237 totius
365 2181 485 2238 humani
510 2182 624 2253 generis
654 2188 696 2238 εει
725 2182 834 2239 lutura.
862 2184 899 2239 lit
952 2186 1015 2242 viro
1030 2184 1199 2253 conciperet.
1225 2183 1336 2240 Sciebat
1357 2185 1445 2240 etiam
1473 2198 1525 2239 nec
1554 2181 1683 2238 homines
1712 2179 1800 2236 latere

53 2275 112 2342 quia
144 2286 205 2326 non
230 2270 413 2342 singulorum
441 2270 603 2338 hominum,
629 2271 678 2327 sed
700 2285 802 2328 eorum
830 2280 898 2328 tan·
953 2273 1146 2345 integritatem
1169 2273 1345 2344 virginitatis
1371 2287 1441 2329 suae.
1468 2272 1527 2329 Cur
1555 2285 1623 2343 ergo
1644 2266 1800 2341 quasiad-

52 2368 115 2427 tom,
135 2360 189 2430 qui
209 2359 239 2414 in
256 2372 310 2414 sua
333 2373 391 2415 non
415 2367 596 2415 remanentes
620 2359 749 2431 ignavia,
771 2360 806 2416 de
824 2360 898 2417 valle
953 2362 1064 2418 mirans
1099 2370 1242 2433 quereret
1270 2361 1395 2432 qualiter
1423 2362 1451 2417 id
1480 2361 1542 2418 tieri
1572 2362 1677 2431 posset,
1706 2368 1800 2430 quum

52 2450 184 2505 uitiorum
221 2449 375 2518 migraturi
410 2456 478 2504 sunt
512 2448 547 2503 ad
586 2456 710 2504 montem
743 2449 897 2517 virtutum,
952 2451 1049 2508 virum
1066 2450 1126 2519 ipsa
1149 2464 1207 2505 nun
1233 2449 1482 2520 cognosceretlSi
1498 2449 1583 2517 hanc,
1608 2448 1740 2519 inquam,
1754 2461 1801 2504 co-

54 2546 120 2594 reete
137 2538 242 2593 civitas
269 2538 321 2592 ista
344 2544 522 2593 memoratur
548 2551 608 2592 esse
631 2536 665 2593 de
684 2536 809 2594 Galilaea.
829 2537 898 2602 Quae
953 2539 1111 2611 guitionem
1135 2538 1192 2594 viri
1222 2538 1258 2594 ad
1290 2537 1514 2595 commistionem
1547 2538 1643 2594 carnis
1669 2535 1799 2603 reterrel,

53 2635 74 2681 ει
105 2627 181 2682 ρερε
211 2624 363 2691 Nazareth,
389 2625 442 2681 boc
470 2631 513 2681 est
546 2623 608 2692 ilos,
636 2625 820 2694 nominatur;
848 2625 899 2682 uhi
954 2627 1098 2700 quomodo
1120 2627 1155 2683 de
1178 2627 1271 2683 Adam
1296 2628 1341 2684 vel
1367 2626 1516 2683 nonnullis
1536 2625 1599 2682 aliis
1618 2625 1727 2681 dictum
1746 2631 1798 2690 est,

54 2715 129 2771 hodie
169 2714 222 2770 llos
251 2722 407 2783 conceptus
439 2721 480 2769 εει
509 2714 643 2785 avirga,
672 2714 706 2770 de
726 2729 786 2785 qno
810 2715 900 2770 isaias
955 2718 1024 2788 qrria
1045 2723 1243 2787 coguoverunt
1258 2730 1365 2773 uxores
1384 2716 1469 2772 suasi
1481 2714 1555 2783 Quid
1575 2722 1618 2771 est
1633 2728 1701 2784 ergo
1721 2711 1800 2785 quod

54 2805 244 2874 predixerat:
269 2801 432 2870 Egredleter
454 2805 535 2870 uirgo
554 2802 693 2857 deradice
717 2805 899 2872 lessedene
954 2805 1016 2863 ait:
1050 2807 1146 2863 Virum
1168 2821 1223 2859 non
1249 2807 1371 2872 cognovi,
1395 2804 1450 2860 nisi
1475 2805 1545 2875 quia
1568 2802 1643 2859 nulli
1668 2815 1800 2874 unquam

54 2893 193 2947 deradice
215 2892 274 2962 ejus
294 2892 417 2946 aseeerdet
439 2892 509 2963 (Iso.
531 2907 573 2960 xi,
602 2894 638 2962 l).
669 2893 722 2956 Qui
750 2893 837 2949 etiam
865 2892 900 2949 de
954 2907 1095 2949 consensu
1118 2890 1228 2949 carnali
1250 2905 1296 2948 me
1325 2891 1501 2948 commisceri
1524 2888 1678 2962 acquievit
1692 2889 1726 2944 iu
1740 2900 1800 2959 quo

54 2982 198 3051 semetipso
214 2982 253 3037 ait
274 2997 280 3036 :
303 2984 360 3050 Ego
378 2984 426 3049 {los
445 2983 545 3051 compi,
573 2986 599 3035 et
625 2982 715 3036 lilium
734 2981 898 3038 convallium
953 2996 1022 3054 ergo
1041 2988 1224 3038 consenserat
1244 2980 1347 3050 loseph
1370 2995 1463 3052 quum
1487 2980 1522 3035 ah
1552 2994 1584 3035 co
1611 2979 1800 3049 desponsare·

56 3070 136 3135 [Cant.
158 3084 188 3137 n,
218 3069 253 3141 ι).
277 3071 312 3127 Ut
340 3083 408 3141 ergo
428 3070 507 3126 hunc
532 3069 631 3125 liorem
658 3069 743 3141 virga
759 3069 808 3125 illa
829 3085 897 3141 pro·
953 3081 1012 3138 tur,
1039 3071 1094 3127 nisi
1119 3077 1150 3127 ut
1173 3070 1348 3126 castimonia
1372 3070 1508 3126 virtulem
1535 3067 1598 3138 pari
1622 3066 1800 3124 custodirent

54 3158 141 3226 ducat,
164 3159 202 3215 ad
240 3158 390 3229 Virginem
419 3159 510 3230 ipsam
536 3158 656 3231 angelus
680 3158 812 3226 mittitur,
846 3160 898 3230 qui
952 3158 1113 3218 consensu?
1137 3159 1256 3216 Videbat
1279 3159 1386 3230 quippe
1408 3172 1438 3215 se
1461 3173 1478 3214 a
1500 3157 1666 3227 parentibus
1685 3155 1722 3212 ad
1743 3169 1800 3212 nu·

53 3248 158 3303 eumad
176 3247 231 3302 hoc
245 3254 396 3316 preparet,
413 3255 440 3303 ει
456 3247 539 3318 qnasi
560 3247 686 3318 quodam
702 3261 763 3303 suae
778 3261 897 3303 annun·
954 3247 1596 3320 ptlascogi,exipsamaximelegissanctioue,
1607 3243 1800 3316 qnaesubma·

53 3336 175 3392 dationis
205 3336 322 3392 sarculo
359 3337 394 3391 ad
436 3336 641 3392 fecunditatem
666 3336 787 3393 excolat.
819 3336 899 3393 Unde
953 3339 1054 3395 ledicto
1066 3337 1296 3408 ponebatomnes
1310 3337 1430 3409 quinon
1443 3336 1639 3409 relinquerent
1657 3347 1755 3392 semen
1770 3332 1801 3390 in

52 3433 147 3497 etpost
171 3424 269 3482 locum
296 3439 354 3496 qno
383 3425 517 3494 mittitur,
548 3426 582 3481 de
607 3439 729 3495 persona
752 3425 896 3493 subditur,
953 3427 1050 3484 lsrael.

53 3515 82 3570 ad
111 3529 205 3587 quam
232 3514 284 3571 iste
309 3514 451 3586 legatione
480 3514 635 3586 iungitur:
663 3513 711 3569 Ad
743 3516 897 3584 Virginem,
988 3516 1113 3574 Noverat
1126 3517 1211 3589 virgo
1229 3515 1372 3588 virginem
1389 3515 1502 3585 loseph,
1521 3529 1608 3586 quem
1621 3527 1657 3569 ex
1667 3512 1801 3570 castimo-

53 3603 153 3675 inquit,
183 3605 377 3673 desponsatam
404 3602 482 3675 (Leo.
508 3620 528 3672 1,
557 3603 614 3674 26),
640 3602 789 3675 Virginem
823 3617 899 3674 prae·
954 3605 1009 3662 niae
1024 3620 1129 3674 amore,
1147 3613 1176 3662 et
1198 3605 1379 3677 cognationis
1400 3604 1612 3674 propinquitate
1632 3602 1803 3659 lamiliarem

52 3694 130 3750 mittit
153 3693 344 3762 desponsatae,
370 3708 427 3750 non
459 3702 517 3749 tam
546 3693 681 3762 temporis
700 3706 788 3763 quam
808 3693 901 3764 digni·
953 3695 1087 3751 habebat.
1114 3695 1198 3750 Hunc
1225 3694 1315 3765 igitur
1333 3694 1418 3765 elegit
1441 3691 1471 3748 in
1497 3705 1645 3761 sponsum,
1669 3706 1756 3762 quem
1771 3690 1803 3746 in

52 3784 111 3839 tatis
135 3782 252 3838 ordine.
281 3781 334 3839 Sed
360 3796 426 3852 quae
460 3782 523 3849 ista,
557 3796 665 3852 quaeso,
693 3788 735 3837 est
761 3781 898 3852 dignitas,
954 3798 1041 3840 snum
1061 3784 1174 3841 trahere
1203 3781 1364 3839 confidebat
1390 3795 1573 3847 consensum,
1601 3794 1637 3836 ne
1660 3781 1685 3836 si
1712 3780 1803 3837 alium

51 3886 104 3928 esse
119 3872 269 3942 virginem
289 3870 320 3926 iu
344 3884 441 3937 carne,
458 3869 482 3927 si
502 3871 564 3941 jam
579 3884 627 3940 per
652 3884 822 3926 consensum
839 3883 901 3926 cor·
954 3880 1105 3942 cogeretur
1139 3873 1276 3941 accipere,
1301 3870 1378 3941 quod
1392 3877 1511 3926 voverat
1538 3870 1594 3924 lleo
1623 3882 1683 3924 nou
1710 3874 1803 3939 posset

51 3969 132 4030 rupta
156 3959 255 4015 luerat
270 3961 386 4015 mente?
409 3958 473 4015 Non
492 3959 569 4015 enlm
588 3959 768 4028 desponsari,
780 3959 823 4014 vel
839 3973 900 4015 ma·
955 3959 1107 4016 custodire.
1124 3960 1163 4015 De
1185 3973 1245 4029 qua
1267 3958 1353 4013 etlam
1370 3970 1462 4027 quum
1485 3955 1614 4012 dicitur:
1636 3957 1671 4009 Et
1692 3957 1804 4024 inpres-

51 4047 220 4104 trimonium
255 4046 397 4114 contrahi,
427 4046 489 4102 nihi
513 4046 574 4115 pari
608 4046 732 4102 duorum
759 4061 900 4103 consensu
955 4064 1000 4104 ses
1022 4054 1061 4104 est
1080 4047 1117 4102 cd
1140 4063 1199 4103 eom
1224 4048 1336 4115 angeles
1355 4045 1428 4118 (Lac.
1447 4062 1466 4112 ι,
1485 4046 1542 4115 28),
1567 4043 1720 4115 diligenter
1740 4056 1804 4100 san·

53 4145 156 4207 potest3
183 4150 237 4192 nec
269 4135 353 4192 aliter
391 4136 452 4206 ipsa
486 4135 595 4205 conjux
623 4135 669 4191 vel
697 4149 771 4191 uxor
797 4136 900 4205 loseph
956 4145 1034 4194 ctum
1055 4138 1117 4209 ejus
1138 4137 1315 4208 propositum
1337 4133 1520 4204 describitur,
1538 4148 1604 4204 quae
1624 4131 1804 4203 noninpla·

52 4233 205 4281 locarelur
223 4224 260 4281 ab
281 4223 468 4296 evangelista.
495 4223 564 4288 Quis
587 4223 676 4294 igitur
702 4224 754 4279 iste
781 4238 899 4280 consen·
957 4227 1008 4284 teis
1036 4228 1165 4285 exterius
1191 4242 1261 4284 cum
1294 4225 1482 4284 secularibus
1510 4224 1624 4282 leminis
1648 4222 1803 4295 reperitur,

52 4328 98 4371 ερε
129 4312 211 4370 tuit?
242 4313 384 4384 Numquid
416 4311 621 4369 commistionis
650 4311 783 4380 carnalis
810 4320 844 4369 ut
871 4310 1005 4375 inDsed
1019 4318 1116 4374 clauso
1132 4316 1260 4375 cubiculi
1274 4316 1335 4372 suis
1347 4316 1428 4384 ostio,
1445 4317 1501 4372 Deo
1517 4316 1616 4373 devote
1638 4314 1805 4385 supplicans

53 4402 105 4458 ¹1⁰⁰
128 4404 194 4473 jam
217 4401 308 4473 Virgo
342 4403 541 4468 wssssesssisseh
570 4401 648 4472 quod
682 4402 781 4458 stlitem
809 4402 902 4473 digni·
955 4415 982 4466 ει
996 4421 1100 4474 orans;
1125 4416 1156 4464 ut
1183 4404 1367 4462 continentie
1397 4405 1475 4476 qnod
1498 4404 1602 4461 iecerat
1624 4412 1724 4462 votum
1747 4408 1805 4459 ιειρ

53 4491 116 4546 totis
130 4490 301 4546 amitteret?
315 4490 395 4547 Absit
415 4491 468 4548 hoc
491 4503 509 4546 a
530 4490 586 4561 piis
611 4490 767 4559 mentibus,
784 4499 816 4547 nt
836 4505 902 4561 quae

52 4580 142 4647 prima
167 4578 345 4649 virginitatis
374 4593 480 4636 munus
512 4579 649 4636 obtulisse
677 4580 734 4636 Deo
762 4579 900 4648 creditur,

53 4666 80 4722 in
103 4667 187 4723 hunc
207 4680 381 4723 consensum
400 4668 487 4725 ducta
508 4669 676 4735 estimetur,
704 4669 734 4725 in
756 4682 842 4740 quem
863 4676 902 4726 ιει

52 4761 180 4832 virgines
206 4774 243 4816 ne
264 4761 405 4829 venirent,
437 4761 504 4818 vilre
528 4761 710 4831 dispendium
741 4762 900 4834 elegerunt,

53 4858 78 4904 ει
98 4849 138 4906 sic
163 4851 285 4920 agnum
305 4850 388 4920 sequi
416 4864 592 4921 quocunque
617 4849 692 4916 ierit,
722 4865 780 4906 nou
808 4850 901 4907 solum

54 4946 256 5007 permanentes
281 4939 420 5009 virgines,
447 4939 661 4995 verumetiam
686 4938 766 4995 iactae
796 4938 902 4996 mulie-

51 5027 106 5083 res!
132 5026 205 5096 Quis
236 5025 283 5082 hic
315 5034 412 5083 autem
444 5041 602 5084 consensus
637 5026 841 5098 intelligendus
867 5027 904 5084 sit

51 5116 154 5174 tamin
185 5130 292 5186 sponsa
315 5131 404 5187 quam
420 5117 449 5173 in
472 5116 596 5188 virgine,
621 5117 781 5188 sequentia,
801 5116 830 5172 ni
853 5116 903 5174 ial-

49 5205 100 5275 lor,
124 5204 292 5262 insinuant.
324 5207 363 5262 Ι)ε
384 5220 489 5277 ερερεε
510 5205 640 5276 quidem,
663 5221 755 5277 quum
777 5220 829 5262 nec
853 5221 904 5263 no·

49 5309 113 5353 ιιιερ
134 5294 231 5366 ipsius
251 5294 402 5365 reticetur,
432 5310 525 5368 quum
547 5294 677 5351 dicitur:
711 5296 775 5351 Viro
796 5297 840 5350 cue·
853 5311 902 5351 eo-

49 5401 106 5441 uen
120 5388 186 5440 erat
202 5385 302 5455 ioseph
324 5383 427 5457 (ibid).
449 5384 552 5455 loseph
573 5383 691 5455 quippe,
712 5383 791 5454 quod
812 5383 904 5441 inler-

958 4495 1012 4553 sibi
1032 4510 1122 4567 quam
1145 4509 1249 4566 sponso
1277 4509 1330 4550 suo
1352 4494 1493 4550 custodiat
1517 4493 1698 4549 inviolatum.
1725 4490 1807 4548 Unde

955 4593 982 4642 et
1006 4585 1035 4640 in
1070 4584 1137 4655 ipsis
1157 4585 1218 4640 suis
1245 4582 1378 4654 precibus
1403 4584 1436 4638 de
1460 4596 1514 4638 sna
1547 4582 1680 4653 petitione
1708 4579 1806 4636 statim

956 4673 1179 4730 consolationem
1200 4672 1308 4729 meruit
1331 4671 1469 4741 accipere,
1486 4679 1513 4726 et
1533 4670 1713 4726 securitatem
1734 4667 1807 4725 obti-

957 4776 1035 4819 nere.
1063 4763 1103 4819 De
1125 4763 1179 4820 hoc
1195 4771 1293 4819 autem
1316 4760 1442 4816 cubiculi
1468 4758 1514 4814 sui
1533 4767 1640 4813 secreto
1666 4765 1806 4826 tanquam

954 4852 1070 4908 oraculo
1085 4851 1192 4918 divino,
1210 4865 1299 4921 quam
1318 4857 1417 4904 sancto
1440 4845 1479 4903 ihi
1496 4853 1635 4915 occupata
1656 4851 1729 4901 esset
1743 4851 1805 4901 stu·

956 4940 1012 5008 diu,
1037 4941 1138 4997 beatus
1163 4940 1334 4997 Atubrosius
1356 4938 1428 4993 libro
1456 4939 1493 4991 De
1524 4936 1684 5002 uirginitate
1717 4949 1736 4990 11
1761 4932 1807 4990 his

956 5030 1056 5087 scribit
1082 5028 1177 5086 verbis
1202 5043 1208 5083 :
1239 5050 1253 5080 ε
1278 5030 1343 5084 llaec
1368 5025 1404 5081 ad
1433 5024 1508 5094 ipsos
1532 5023 1679 5094 ingressus
1699 5021 1806 5095 angeli,

957 5118 1076 5174 iuventa
1098 5117 1175 5174 domi
1203 5117 1232 5172 in
1260 5113 1455 5187 penetralibus
1471 5114 1532 5170 sine
1553 5111 1665 5179 comite,
1686 5113 1808 5185 nequis

958 5207 1147 5263 intentionem
1173 5205 1369 5274 abrumperet,
1402 5217 1437 5260 ne
1459 5202 1526 5273 quis
1551 5202 1736 5274 obstreperet.
1752 5202 1808 5260 Nu·

956 5310 1013 5366 que
1028 5295 1113 5362 lenim
1142 5294 1260 5350 comites
1286 5292 1407 5350 [eminas
1429 5291 1618 5361 desiderabat,
1636 5306 1702 5363 oute
1716 5291 1807 5349 bonas

955 5383 1061 5456 cogitat
1071 5397 1139 5440 ones
1154 5382 1288 5440 habebat.
1316 5381 1394 5447 Quin
1418 5382 1597 5440 etiamtunc
1622 5382 1678 5439 sibi
1701 5380 1810 5440 minus

81 5512 140 5585 (77)
170 5510 216 5569 De
237 5512 380 5582 perpetua
404 5508 615 5584 regnicolas
642 5508 742 5571 itariae
765 5509 908 5571 advemm
925 5509 1102 5578 Helvidium,
1117 5506 1322 5604 Patrologiaet
1337 5505 1438 5575 llltlll,
1454 5505 1508 5564 col.
1525 5508 1585 5564 let.
1601 5507 1683 5567 horr.
