3804 5962
105 212 158 269 898

283 265 290 271 .
370 207 475 265 ruunt
493 204 682 265 ABAELARDI
700 204 778 263 OPP.
796 203 886 263 Plus
904 205 943 262 lll
962 234 997 250 -

1017 204 1269 265 ruinosortttce
1287 207 1330 263 ΕΤ
1347 205 1579 265 monentes.
1796 210 1848 265 896

105 343 133 393 et
152 334 231 407 qnod
244 333 381 391 volumus
394 339 423 390 et
437 332 515 404 quod
527 332 665 390 nolumus
680 330 832 400 aldelmus,
847 338 880 389 ut
894 345 944 389 su·
958 328 985 388 Α
1001 331 1062 389 nali
1083 332 1167 403 lacto,
1188 331 1267 405 quod
1291 331 1437 406 significat
1460 345 1527 390 cum
1556 331 1638 403 dicit,
1664 334 1721 389 lloe
1746 337 1787 390 est
1818 334 1848 388 iu

105 437 159 497 pra
174 423 264 494 posito
274 422 403 493 exemplo
417 422 488 478 dum
503 422 592 479 eoacti
607 421 753 478 bominem
778 421 947 490 occidimus,

104 520 226 569 mortem
252 526 304 582 per
332 511 384 567 boc
402 511 545 567 evitamus
560 511 637 581 quod
654 507 800 578 volumus,
815 517 843 566 et
855 510 948 566 bomi-

105 601 213 658 cidium
226 600 349 656 iacimus
365 599 444 670 quod
456 600 603 657 nolumus.
620 599 666 656 Sic
684 608 711 657 et
722 599 753 655 in
783 601 860 656 coitu
875 612 948 655 uxo·
970 608 974 616 ’

105 690 145 746 ris
159 689 277 745 alterius
292 690 351 759 ipse
371 688 454 744 nobis
469 688 561 759 placet
584 687 766 758 concubitus,
787 703 847 745 nou
863 687 949 745 adul-

104 776 300 845 teriioliensa,
320 777 365 834 vel
390 784 487 834 reatus
522 791 609 849 quem
645 778 834 835 incurrimus.
865 777 950 834 Coitu

103 867 203 938 itaque
221 875 346 929 tantum,
362 880 419 922 nou
435 865 576 932 adulterio
590 865 776 934 delectamur,
793 867 865 937 quia
877 864 949 922 nibil

103 956 141 1012 ad
160 955 335 1025 voluptatem
358 953 491 1010 adulterii
506 957 603 1010 reatus
627 955 757 1024 pertinet,
785 954 833 1010 sed
857 953 949 1025 magis

103 1045 140 1101 ad
159 1044 340 1101 conscientiae
368 1050 554 1101 tormentum.
580 1044 612 1098 Et
639 1042 797 1114 quominus
822 1055 950 1112 peccare

103 1141 266 1205 musatque
280 1133 458 1190 adulterium
468 1131 637 1200 vitaremus,
653 1145 715 1189 eam
731 1145 797 1188 cum
815 1146 876 1202 qua
892 1131 947 1187 tor-

102 1224 237 1280 nicamur
264 1237 453 1295 nequaquam
489 1223 674 1293 conjugatam
711 1234 771 1277 esse
798 1218 946 1277 vellemus.

101 1312 175 1370 Cum
191 1313 289 1383 itaque
317 1312 435 1382 dicitur,
451 1328 506 1368 non
528 1310 600 1382 quod
624 1325 686 1379 ogo,
711 1309 760 1365 red
788 1309 947 1376 querceto,

102 1401 174 1458 nibil
190 1400 306 1458 obestsi
321 1400 395 1460 nolle
410 1409 438 1458 et
448 1400 521 1457 velle
548 1399 664 1470 proprio
678 1406 705 1455 et
738 1399 845 1454 usitato
863 1397 948 1454 modo

101 1504 253 1546 sumamus
276 1503 327 1561 pro
343 1490 495 1561 placereet
524 1488 687 1559 displicere,
719 1487 789 1559 quia
815 1487 949 1558 lrequen·

102 1586 155 1646 ter,
171 1585 203 1634 ut
218 1577 395 1646 dictumest,
413 1579 442 1634 in
457 1578 556 1634 eodem
575 1581 642 1633 actu
655 1584 683 1632 et
714 1576 792 1646 quod
818 1575 948 1646 placetet

1003 436 1085 478 carne
1109 437 1178 478 meo.
1193 423 1263 479 Nem
1277 422 1352 478 cette.
1374 422 1478 479 Probat
1497 435 1527 478 se
1541 423 1649 479 virtuto
1678 422 1847 480 destitutum

1003 523 1070 566 cum
1091 509 1200 566 bonum
1216 509 1295 580 quod
1316 508 1390 577 vult,
1412 511 1438 565 id
1453 517 1495 566 est
1510 523 1561 580 per
1590 510 1729 567 rationem
1743 510 1848 568 iacien-

1003 599 1072 656 dum
1093 613 1153 656 esse
1179 600 1328 669 approbat,
1359 599 1476 669 implere
1498 613 1548 670 per
1563 599 1760 656 infirmitatem
1786 614 1845 657 oar-

1002 687 1086 745 malis
1114 688 1353 758 concupiscentiae
1367 703 1426 744 non
1440 696 1537 758 queat.
1567 688 1704 745 Periicere
1726 688 1846 758 bonum,

1003 786 1045 833 est
1065 777 1146 834 bonae
1163 777 1304 833 voluntati
1319 776 1427 834 iactum
1443 777 1601 850 adjungere
1618 793 1625 832 ι
1642 778 1719 849 quod
1747 779 1779 834 in
1791 793 1846 848 me,

1004 865 1180 937 iuquit,non
1198 867 1324 933 invenio,
1341 867 1365 922 si
1384 866 1457 922 bene
1483 880 1527 922 me
1555 867 1798 938 circumspiciam,
1821 874 1848 924 ct

1003 954 1155 1026 diligenter
1169 955 1332 1011 discutiam.
1350 954 1428 1011 Velle
1451 955 1550 1025 itaque
1578 954 1648 1011 mihi
1676 955 1849 1012 naturaliter

1003 1045 1125 1115 adjacet,
1141 1044 1263 1115 quiaex
1278 1058 1323 1100 me
1349 1044 1410 1114 ipso
1433 1051 1461 1099 et
1485 1043 1603 1114 propria
1629 1045 1773 1101 creatione
1803 1059 1849 1100 ra·

1003 1135 1110 1190 tionem
1137 1133 1238 1202 babeo,
1267 1146 1318 1203 per
1334 1146 1422 1204 qnam
1451 1133 1560 1189 bonurn
1594 1132 1758 1190 laciendum
1785 1147 1847 1189 esse

1002 1222 1141 1293 approbo,
1156 1221 1252 1278 sodex
1278 1236 1323 1278 me
1341 1222 1412 1278 illud
1435 1221 1571 1293 perticere
1594 1236 1652 1278 non
1674 1221 1776 1290 babeo,
1792 1221 1849 1278 nisi

1002 1311 1137 1369 videlicet
1154 1325 1191 1367 ex
1215 1311 1346 1381 apposita
1358 1311 1428 1366 mihi
1457 1311 1560 1383 gratia.
1584 1311 1644 1366 Non
1668 1312 1740 1365 enim
1762 1310 1847 1382 quad,

1003 1414 1036 1456 ar
1058 1400 1081 1456 si
1109 1399 1233 1457 diceret:
1256 1399 1318 1455 Non
1345 1399 1461 1455 invenio
1489 1413 1534 1455 me
1566 1399 1700 1469 perficere
1727 1400 1846 1456 bouum.

1003 1490 1079 1557 Quod
1092 1491 1160 1556 eote,
1178 1489 1297 1560 quiaex
1311 1488 1454 1544 contrario
1484 1488 1556 1544 illud
1585 1488 1706 1553 dimitto,
1733 1495 1760 1545 et
1785 1502 1848 1544 ma-

1004 1580 1064 1636 lum
1080 1579 1202 1646 iacio,et
1218 1578 1302 1650 itaut
1317 1591 1534 1649 supraquoque
1550 1577 1691 1634 meminit.
1708 1577 1761 1634 Sed
1777 1577 1850 1647 quod

101 1666 230 1737 displicet
254 1667 429 1733 invenimus,
451 1666 526 1723 sicut
574 1666 603 1721 in
632 1666 694 1736 ipso
718 1666 797 1722 coitu
820 1662 946 1719 earnalis
963 1673 984 1727 Β
1001 1669 1063 1724 nolo
1077 1668 1148 1723 illud
1161 1670 1243 1736 faeie.
1260 1668 1378 1735 Noueqo
1400 1683 1505 1737 operor,
1536 1674 1589 1723 etc.
1614 1668 1726 1722 inuento
1750 1668 1846 1734 igitur.

101 1756 259 1827 voluptatis
271 1764 298 1813 et
311 1756 446 1813 adulterii
465 1754 561 1827 culpa.
574 1757 729 1811 Possumus
743 1762 771 1810 et
787 1753 873 1824 juxta
896 1766 947 1808 su·
1037 1757 1278 1827 Quandoquidem
1289 1756 1348 1823 lex,
1362 1763 1395 1813 ut
1410 1757 1610 1827 supradictum
1634 1762 1688 1823 est,
1711 1755 1849 1827 cognitio-

102 1846 243 1916 periorem
257 1845 365 1902 velleet
386 1844 462 1901 nolle
483 1858 533 1914 pro
558 1844 716 1914 approbare
732 1851 760 1899 et
784 1842 948 1912 improbare
1002 1861 1069 1903 nem
1084 1845 1274 1917 peceatimibi
1290 1845 1396 1912 attulit,
1423 1859 1474 1916 per
1500 1858 1589 1916 quam
1604 1845 1722 1916 quidem
1744 1845 1848 1916 cogni·

100 1935 239 2005 accipere,
265 1933 381 2004 quando
404 1940 432 1989 et
461 1933 535 1988 Deus
556 1931 698 1988 nonnulla
721 1930 794 1987 velle
821 1938 848 1986 et
871 1929 947 1986 nolle
1002 1936 1108 1994 etonem
1124 1934 1189 1990 volo
1222 1935 1330 1991 bonum
1346 1935 1448 2000 lacere,
1470 1932 1549 2004 quod
1567 1933 1630 2003 ipsa
1649 1933 1745 2002 docet,
1775 1932 1847 1990 etei

101 2022 217 2080 dicitur.
245 2022 344 2094 Neque
372 2021 448 2078 enim
477 2021 508 2078 iu
537 2036 570 2077 eo
599 2027 688 2091 potest
712 2033 772 2076 esse
795 2018 947 2075 commotio
1002 2038 1051 2096 per
1075 2024 1214 2080 rationem
1239 2023 1395 2089 consentio,
1421 2022 1484 2078 licet
1500 2022 1565 2079 inde
1588 2029 1738 2093 peceatum
1765 2035 1848 2078 occa-

101 2112 202 2180 animi,
219 2126 285 2183 quae
311 2110 341 2167 in
358 2111 441 2168 nobis
457 2110 590 2167 voluntas
611 2124 664 2166 seu
692 2108 835 2180 voluptas,
856 2107 948 2164 idest
1001 2114 1113 2170 sionem
1137 2113 1288 2182 acceperit.
1309 2114 1398 2180 igitur
1421 2114 1539 2181 tanente,
1556 2113 1641 2169 idest
1663 2125 1714 2183 per
1727 2118 1845 2168 memet·

101 2200 250 2257 delectatio
272 2200 390 2266 dicitur,
420 2200 468 2256 sed
492 2206 535 2256 est
562 2213 630 2256 cum
653 2198 726 2255 velle
745 2196 856 2269 aliquid
872 2197 947 2252 dici·
1002 2201 1098 2270 ipsum
1118 2200 1240 2270 propriae
1252 2199 1372 2255 rationis
1388 2198 1497 2274 judicio
1512 2198 1664 2269 comperio,
1683 2201 1774 2271 legem
1788 2210 1849 2254 esse

102 2300 177 2354 mus,
194 2294 245 2343 aut
258 2288 323 2358 ejus
344 2288 581 2356 approbationem
600 2294 651 2343 aut
678 2286 894 2356 dispositionem
908 2286 947 2341 si·
1003 2289 1225 2345 bonametrem
1252 2286 1351 2343 utilem
1379 2287 1447 2343 mihi
1470 2287 1515 2343 vel
1557 2286 1720 2343 ministram
1749 2283 1849 2358 magni

101 2374 283 2446 gnificamus.
299 2375 415 2445 Alioqui
426 2389 492 2430 cum
509 2375 577 2432 dicit
604 2375 739 2432 Veritas:
771 2374 879 2441 Quoties
903 2389 948 2429 ce-

101 2464 142 2519 lui
165 2478 329 2531 congregare
350 2464 419 2533 filios
447 2468 518 2531 tuos,
551 2470 576 2518 et
604 2465 719 2519 noluisti
734 2464 844 2534 (blatii.
862 2476 946 2530 xxvii,

102 2552 177 2623 iil?
200 2552 245 2609 vel
259 2552 414 2622 Apostolus
431 2552 501 2619 :Qui
525 2555 595 2619 cult,
619 2554 726 2624 inquit,
744 2568 835 2608 ornnes
858 2553 947 2608 satoos

100 2644 171 2712 lteri,
194 2645 220 2696 et
241 2643 374 2696 nerninem
393 2645 488 2712 perire
509 2643 531 2713 (l
558 2645 625 2699 Tim.
653 2642 742 2713 11,4);
779 2651 807 2699 et
843 2655 948 2698 rursus

101 2729 272 2787 Psalmista:
289 2729 461 2801 Quaecunque
487 2732 573 2786 coluit
595 2732 661 2798 tecit
683 2732 767 2802 (Psoi.
796 2744 876 2792 extu,
891 2729 947 2801 3),·

101 2819 147 2875 vel
169 2820 243 2876 idem
265 2819 438 2889 Apostolus:
468 2820 611 2877 Voluntati
630 2822 702 2876 euim
712 2821 770 2890 ejus
805 2822 855 2889 qui
877 2821 947 2873 resi·

101 2911 150 2963 stit
176 2908 263 2981 (Rom.
281 2923 321 2979 rx,
349 2909 422 2980 llil?
449 2908 607 2964 maximam
637 2909 853 2965 incurreremus
881 2921 947 2963 con·

1002 2377 1079 2444 boni,
1110 2391 1178 2433 cum
1192 2390 1242 2446 per
1255 2377 1319 2447 ejus
1332 2376 1492 2432 doctrinam
1508 2376 1574 2432 boni
1590 2390 1641 2432 seu
1657 2374 1724 2431 mali
1744 2375 1849 2431 discre-

1003 2467 1107 2523 tionem
1131 2465 1254 2534 adeptus
1272 2464 1337 2531 sim,
1366 2465 1447 2533 milri,
1479 2465 1611 2535 iuquam,
1649 2463 1758 2520 volenti
1785 2477 1848 2519 eam

1002 2556 1106 2620 lacere,
1130 2554 1217 2610 idest
1241 2554 1349 2610 bonum
1374 2554 1451 2625 quod
1477 2554 1539 2624 ipsa
1563 2554 1690 2625 praecipit
1716 2552 1846 2624 implere.

1001 2645 1034 2700 ln
1058 2644 1111 2701 hoe
1133 2644 1239 2714 quippe
1263 2643 1323 2713 ipso
1347 2643 1423 2714 quod
1446 2642 1475 2698 id
1504 2643 1581 2714 quod
1609 2641 1740 2715 precipit
1756 2641 1848 2698 iacere

1002 2732 1114 2802 volo,et
1139 2746 1187 2803 per
1211 2732 1350 2787 rationem
1375 2738 1515 2801 appetere,
1542 2744 1643 2788 revera
1677 2743 1848 2802 recognosco

1002 2821 1079 2892 quod
1107 2821 1182 2877 bona
1201 2827 1254 2887 est,
1270 2822 1298 2875 in
1315 2819 1375 2875 suis
1396 2819 1529 2877 videlicet
1557 2820 1715 2891 praeceptis.
1754 2818 1849 2886 Quare

1002 2908 1223 2974 autemdixerit‚
1238 2909 1340 2963 uolenti
1365 2912 1458 2978 polius
1474 2925 1557 2976 quarn
1569 2911 1694 2977 foetenti,
1711 2907 1848 2979 supponit

102 2997 284 3055 troversiam.
318 2998 351 3053 ln
375 2997 573 3067 superioribus
607 2998 706 3067 itaque
739 2997 854 3054 duobus
878 2996 947 3052 locis
962 3010 985 3067 q
1000 2998 1112 3054 dicens:
1155 2996 1288 3062 Quoniam
1301 2997 1371 3052 milti
1394 2997 1497 3052 enatum
1527 2999 1644 3068 adjacet,
1660 2999 1689 3055 id
1708 3003 1751 3054 est
1767 2995 1848 3069 gravi

102 3085 175 3143 velle
194 3086 242 3142 Dei
271 3086 431 3156 approbare
450 3087 567 3153 dicitur,
592 3093 625 3141 ut
651 3086 680 3142 id
705 3086 835 3142 videlieet
868 3085 946 3156 quod
1000 3086 1219 3143 consuetudinis
1240 3086 1313 3158 jugo
1341 3101 1469 3159 premor,
1490 3102 1556 3159 quae
1590 3088 1696 3144 bonam
1728 3085 1847 3156 impedit

102 3175 241 3245 approbat
257 3188 307 3230 seu
323 3173 447 3230 consulit
470 3182 502 3230 ut
521 3174 581 3244 ilat,
604 3182 632 3231 et
646 3175 723 3245 quod
750 3175 773 3230 si
788 3176 894 3231 laetum
910 3175 947 3231 sit
1000 3175 1190 3232 voluntatem.

102 3270 242 3333 tanquam
273 3263 328 3319 sibi
353 3263 491 3332 placitum
520 3270 696 3330 remunerat,
723 3261 796 3319 velle
823 3263 946 3320 dicatur.
1038 3264 1211 3321 condelector
1231 3267 1312 3320 euim.
1333 3264 1495 3331 Quiadixit
1523 3279 1553 3322 se
1582 3265 1627 3321 vel
1661 3264 1754 3321 iacere
1797 3263 1845 3320 bo·

103 3351 234 3421 Reliquis
262 3364 329 3407 vero
356 3350 471 3407 duobus
494 3351 678 3408 interioribus
703 3351 771 3407 locis
794 3351 949 3423 vellesius
1003 3367 1075 3410 num
1089 3353 1167 3424 quod
1185 3353 1231 3409 lex
1247 3352 1384 3423 praecipit,
1403 3361 1430 3410 et
1454 3360 1550 3409 tamen
1573 3351 1748 3427 nonfacere,
1772 3349 1847 3408 unde

103 3439 255 3510 disponere
272 3438 487 3511 dirimuntque
501 3440 580 3510 apud
599 3455 630 3496 se
657 3440 784 3497 stabilire
807 3440 884 3510 quod
904 3438 948 3494 ia·

103 3531 205 3584 cturus
219 3534 270 3584 est.
288 3527 357 3595 Quae
379 3529 496 3600 quidem
512 3528 649 3585 voluntas
678 3543 831 3600 nunquam
845 3527 948 3586 ellectu

104 3616 223 3685 carebit,
237 3631 290 3673 uec
300 3617 326 3673 ei
345 3617 496 3688 abaliquo
516 3618 674 3675 resistetur.

140 3708 217 3764 Nunc
234 3711 336 3762 autem.
357 3706 512 3778 Postquam
539 3708 579 3763 ita
602 3707 735 3764 videlicet
756 3706 948 3778 legiconsen-

105 3795 144 3851 tio
168 3809 218 3866 per
240 3797 392 3864 rationem,
413 3799 441 3853 et
464 3810 538 3853 ame
562 3797 622 3867 ipso
644 3797 765 3853 dissideo
791 3796 948 3866 peripsam

104 3883 254 3953 rationem,
271 3892 299 3941 et
333 3899 385 3955 per
407 3885 552 3942 carnalem
581 3886 854 3956 concupiscentiam,
878 3885 948 3942 dum

104 3973 365 4043 epiritusvidelicet
380 3977 520 4032 adversus
543 3988 669 4043 carnem,
692 3983 720 4031 et
743 3988 809 4030 caro
842 3974 948 4030 adver·

104 4075 155 4118 sus
178 4064 310 4134 spiritum
332 4064 512 4134 concupiscit
537 4065 609 4136 (dol.
648 4079 677 4130 v,
711 4064 766 4135 lt).
791 4066 852 4119 tarn
894 4078 949 4119 non

104 4151 349 4220 epoilludmalum
378 4168 482 4224 operor,
500 4153 548 4208 sed
567 4157 719 4222 peccatum,
745 4153 835 4209 idest
858 4165 949 4223 prava

1003 3449 1163 3512 utrumque
1176 3441 1279 3497 accidit
1295 3442 1415 3512 exponit
1439 3442 1545 3509 dicens,
1564 3443 1635 3513 quia
1660 3456 1690 3497 se
1717 3438 1848 3496 condele-

1003 3530 1075 3586 ctari
1095 3530 1151 3601 legi
1172 3531 1332 3587 secundum
1352 3532 1517 3588 interiorem
1551 3530 1710 3587 bominem:
1750 3529 1780 3585 id
1807 3533 1849 3584 est

1003 3620 1115 3690 placere
1128 3620 1155 3676 ei
1183 3621 1261 3690 quod
1276 3620 1322 3676 lex
1348 3621 1482 3690 precipit,
1499 3628 1570 3677 etse
1599 3620 1670 3676 illud
1695 3632 1747 3690 per
1762 3617 1848 3675 ratio-

1003 3723 1069 3765 nem
1096 3715 1238 3780 appetere,
1264 3708 1342 3780 quod
1368 3709 1421 3764 boc
1436 3709 1495 3765 loeo
1522 3708 1685 3765 interiorem
1701 3706 1847 3763 homiuem

1003 3796 1139 3868 appellat,
1165 3796 1193 3852 id
1215 3804 1258 3854 est
1283 3796 1462 3867 spiritualem
1475 3803 1503 3853 et
1520 3796 1694 3853 invisibilem
1710 3795 1762 3852 liei
1781 3795 1851 3851 ima·

1003 3888 1111 3958 ginem,
1128 3886 1232 3957 inqua
1254 3885 1346 3942 iactus
1358 3893 1401 3942 est
1424 3886 1510 3941 homo
1529 3886 1689 3942 secuudum
1711 3885 1849 3950 animem,

1003 3975 1073 4031 dum
1086 3973 1234 4032 rationalis
1249 3983 1364 4031 creatus
1384 3984 1435 4043 est,
1462 3982 1551 4045 etper
1570 3975 1625 4030 hoe
1649 3973 1761 4030 coeteris
1781 3985 1849 4044 prae·

1003 4063 1080 4120 latus
1093 4063 1243 4120 creaturis.
1261 4064 1296 4118 Et
1308 4078 1410 4121 rursus
1425 4064 1522 4119 dicens
1532 4077 1562 4119 se
1582 4063 1680 4118 videre
1710 4062 1798 4119 aliam
1814 4062 1851 4120 le

1003 4153 1113 4225 gemin
1128 4152 1265 4209 membris
1284 4153 1355 4220 suis,
1382 4161 1448 4220 etc,
1472 4154 1499 4207 ld
1527 4160 1570 4208 est
1618 4166 1647 4207 se
1678 4164 1850 4223 cognoscere

104 4241 347 4311 concupiscentia.
364 4241 426 4298 Non
437 4243 506 4298 dicit
528 4242 709 4315 simpliciter,
736 4257 790 4296 uon
811 4256 860 4310 ega
876 4240 949 4295 illud
964 4261 986 4315 ῃ
1003 4241 1098 4311 ipsum
1128 4241 1234 4311 peceati
1263 4240 1388 4297 tomitem
1420 4241 1517 4297 carnis
1539 4239 1586 4296 vel
1611 4240 1850 4309 concupiscentiae

104 4344 210 4399 operor,
239 4329 340 4385 sedita
362 4331 439 4399 dicit,
463 4347 518 4386 non
541 4347 598 4401 ego,
623 4331 671 4387 sed
692 4336 851 4401 peccatum:
871 4331 949 4401 quod

104 4426 145 4474 est
159 4418 270 4475 dicere:
288 4419 350 4477 Nou
370 4421 405 4475 ad
423 4420 476 4477 boc
490 4435 527 4477 ex
542 4429 659 4487 natura,
682 4421 730 4477 sed
754 4434 791 4476 ex
808 4419 877 4476 vitio
899 4432 950 4474 na-

104 4512 178 4564 turae
190 4508 250 4580 jam
274 4510 298 4565 ei
316 4508 483 4565 dominante
508 4510 668 4580 pertrahor,
690 4508 747 4565 imo
761 4521 799 4564 ex
831 4515 948 4574 natura,

103 4610 258 4668 perquam
286 4597 436 4654 rationalis
462 4611 560 4654 suma
580 4599 635 4653 lieo
663 4604 788 4667 creatus,
823 4596 951 4653 reluctor

103 4687 351 4756 concupiscentiae,
383 4694 488 4744 eteam
518 4686 624 4742 damno
650 4686 855 4757 potiusquam
880 4699 949 4741 con·

104 4773 206 4830 sentio.
234 4774 305 4830 Cum
321 4773 400 4840 dicit,
421 4772 495 4844 quod
515 4773 623 4827 habitat
644 4774 729 4827 inme
757 4777 905 4843 peccatum,
922 4779 950 4829 et

104 4875 162 4918 non
180 4862 259 4928 dicit,
273 4863 351 4934 quod
369 4869 412 4918 est
426 4864 454 4918 in
470 4876 525 4929 me,
545 4861 628 4931 quasi
658 4860 858 4918 advenientem
873 4862 950 4917 inco·

104 4950 173 5020 lam,
190 4966 248 5008 non
271 4949 432 5008 naturalem
459 4952 551 5007 civem
582 4949 678 5020 ipsum
699 4950 885 5019 demonstrat,
922 4957 950 5007 et

101 5039 161 5111 jam
178 5039 378 5097 babitaculum
395 5040 423 5096 in
444 5053 473 5095 se
484 5039 636 5096 habentem
654 5053 704 5111 per
724 5039 866 5096 diutinam
880 5055 948 5096 oon·

104 5128 295 5197 suetudinem,
311 5142 369 5184 non
385 5129 548 5186 transitum.
576 5127 637 5184 Scio
657 5130 739 5184 enim.
764 5129 797 5184 ln
814 5142 858 5184 me
876 5129 948 5199 jam,

104 5223 136 5273 ut
155 5216 263 5274 dietum
293 5224 346 5284 est,
368 5218 477 5274 carnali
505 5218 579 5275 lacto
619 5226 768 5284 peccatum
795 5217 948 5286 inhabitat,

1005 4330 1146 4396 stimulos,
1163 4330 1271 4401 quibus
1294 4338 1434 4401 tanquam
1450 4330 1506 4402 legi
1521 4343 1571 4399 per
1588 4329 1684 4385 carnis
1699 4329 1851 4385 infirmita-

1003 4421 1060 4475 tem
1075 4417 1183 4482 obedit,
1204 4417 1233 4473 in
1250 4417 1386 4474 membris
1400 4419 1528 4486 eorporis
1543 4419 1589 4474 sui
1610 4431 1733 4490 regnare
1747 4425 1775 4474 et
1795 4417 1849 4476 sibi

1004 4507 1156 4574 dominari,
1181 4506 1255 4563 sicut
1290 4506 1475 4578 gulositatem
1492 4522 1518 4562 vn
1549 4508 1627 4578 gula,
1652 4506 1802 4563 luxuriam
1822 4507 1852 4563 in

999 4587 1188 4667 genitalibus,
1211 4603 1239 4652 et
1253 4603 1356 4652 caetera
1370 4596 1442 4652 vitia
1463 4597 1493 4652 in
1509 4595 1619 4652 caeteris
1641 4595 1774 4666 partibus
1788 4608 1849 4652 cor·

1005 4686 1081 4755 poris
1112 4699 1163 4756 per
1192 4693 1460 4756 quasexercentur.
1484 4686 1589 4755 Legem
1614 4684 1691 4741 illam
1717 4684 1852 4754 concupi·

1004 4775 1120 4830 scentiae
1149 4774 1212 4831 dico
1234 4774 1496 4845 repugnantemid
1520 4782 1562 4830 est
1599 4773 1776 4829 contrariam
1798 4773 1851 4842 legi

1003 4863 1129 4917 naturali
1143 4877 1207 4917 meae
1227 4867 1336 4928 mentis,
1352 4861 1434 4919 idest
1471 4864 1587 4928 rationi,
1609 4875 1674 4932 quea
1705 4861 1851 4933 moquasi

1004 4952 1051 5008 lex
1066 4965 1164 5023 regere
1178 4951 1269 5007 debet.
1290 4951 1344 5006 Per
1371 4951 1511 5007 rationem
1529 4951 1638 5021 quippe
1655 4950 1785 5018 bonum,
1802 4962 1852 5022 per

1004 5038 1267 5110 concupiscentiam
1281 5046 1384 5109 appeto
1399 5040 1518 5112 malum.
1540 5043 1574 5095 Et
1598 5043 1782 5111 captivantem
1798 5056 1850 5109 me,

1005 5129 1086 5185 idest
1110 5129 1192 5199 quasi
1221 5128 1369 5198 captivum
1386 5137 1414 5185 et
1440 5127 1583 5185 nolentem
1608 5143 1653 5185 me
1676 5130 1850 5198 trahentem,

1004 5220 1033 5273 tn
1049 5216 1142 5284 legem
1157 5217 1186 5273 id
1201 5224 1243 5273 est
1268 5217 1298 5273 iu
1320 5217 1510 5273 obedientiam
1527 5218 1637 5288 peccati
1664 5226 1759 5274 mente
1784 5233 1853 5275 eon·

104 5304 132 5361 id
154 5312 196 5362 est
210 5306 326 5362 assidue
347 5315 452 5375 manet,
468 5316 500 5364 ut
521 5309 582 5380 jam
604 5307 688 5379 quasi
716 5307 746 5363 in
764 5307 895 5364 habitum
911 5307 950 5364 sit
1004 5307 1089 5376 cepti,
1113 5312 1145 5364 ut
1171 5320 1255 5377 opere
1270 5306 1343 5362 illud
1368 5306 1510 5376 impleam.
1528 5307 1597 5374 Quae
1621 5307 1729 5364 scilicet
1746 5306 1794 5364 lex
1813 5308 1853 5364 ita

104 5394 174 5450 mihi
189 5408 371 5452 conversum.
391 5395 589 5465 Quodbonum,
628 5397 709 5454 idest
724 5395 816 5453 virtus
828 5409 894 5467 quae
907 5401 950 5453 ost
1004 5409 1050 5453 me
1062 5396 1220 5466 captivans,
1234 5401 1293 5452 eta
1313 5396 1371 5452 Deo
1400 5397 1518 5466 proprio
1537 5397 1660 5453 Domino
1688 5411 1751 5454 meo
1766 5411 1851 5455 aver·

104 5481 229 5556 optimus
247 5482 336 5542 animi
354 5484 482 5551 habitus,
508 5484 569 5556 jam
583 5499 643 5544 uon
657 5491 756 5543 menet
768 5484 800 5544 in
817 5499 863 5543 me
885 5496 949 5542 car·
1004 5491 1079 5555 tens,
1093 5483 1169 5542 sicut
1187 5483 1250 5557 jem
1270 5483 1387 5549 ¹dietum
1405 5489 1459 5554 est,
1476 5486 1507 5540 in
1532 5485 1660 5543 membru
1674 5488 1755 5545 meu.
1772 5486 1855 5546 Unde
