3804 5962
1510 34 1806 53 ἡ

550 206 750 265 inanimata
769 207 989 265 culusitana.
1005 238 1040 248 -
1052 209 1118 265 titt.
1138 209 1173 266 ll.
1670 215 1739 270 {206

77 328 259 388 tdmiratione
282 330 451 403 suscipitur,
482 331 561 402 quod
582 332 613 388 in
633 331 833 389 Consolatione
849 332 872 387 A
888 346 995 404 magna
1008 333 1081 391 cisa
1102 336 1160 390 Deo
1185 333 1262 391 dona
1279 342 1336 392 tam
1352 335 1381 391 in
1401 335 1457 392 hac
1480 349 1569 406 quam
1588 335 1618 393 in
1640 337 1741 397 lutura

105 427 196 477 morte
224 420 421 478 Valentiniani
453 421 635 491 imperatoris
660 422 696 477 ad
724 435 835 478 sorores
891 423 951 479 vita
966 436 1024 479 non
1045 423 1222 494 acquisierit,
1237 431 1265 480 et
1280 438 1346 495 qum
1368 425 1528 481 necessaria
1543 425 1633 482 saluti
1646 433 1740 484 essent

77 508 211 566 rbcatus
242 509 386 580 scripserit
425 509 605 566 Ambrosius.
634 510 688 567 Ubi
717 510 835 582 quidem
890 511 1058 581 ostenderit,
1079 512 1371 583 cumscriptumsit:
1388 515 1543 569 intellectas
1568 514 1652 570 bonus
1676 531 1738 571 om-

79 605 142 654 etus
157 599 404 655 sanctusomnino
426 606 556 656 astruere
568 599 750 670 intelligitur,
766 612 833 656 cum
889 600 969 655 nibus
988 603 1152 669 facientibus
1186 617 1246 656 cum
1271 602 1355 674 (Psoi.
1390 616 1451 669 cir„
1469 605 1522 671 itt),
1549 609 1576 659 et
1597 611 1677 660 tanta
1702 603 1739 660 sit

78 700 125 743 am
154 687 372 756 catechizatum,
402 686 452 744 sed
479 687 610 744 nondum
643 687 831 758 baptizatum,
888 689 995 745 divinae
1009 692 1104 761 gratia
1122 689 1334 754 misericordia,
1355 698 1389 748 ut
1413 691 1512 748 invitis
1533 705 1651 763 quoque
1682 707 1737 751 sna

78 783 175 832 teactae
190 776 257 832 vitas
274 775 359 832 bonis
380 775 515 846 operibus
534 777 650 833 veniam
664 777 833 847 impetrasse
887 785 1000 848 prestet
1013 779 1174 836 beneficia?

78 867 200 930 nortem,
225 870 253 920 et
278 872 383 920 sortem
416 865 573 922 electorum
604 866 666 923 sine
694 865 832 936 baptismi
923 866 1039 931 Quodsi
1054 877 1115 939 post
1140 868 1231 926 vitam
1251 868 1491 939 philosophorum
1515 867 1599 926 nohis
1614 869 1651 925 ad
1669 882 1737 926 nos·

78 993 80 1006 .
99 954 268 1024 percepisse,
294 967 362 1009 cum
385 953 438 1010 hoc
452 967 511 1010 non
541 953 636 1011 solnm
660 955 831 1026 Evangelio,
887 964 938 1013 trze
948 955 1145 1013 conlusionem
1165 957 1352 1028 impudentias
1366 971 1383 1012 a
1396 958 1502 1014 sanctis
1514 957 1651 1014 Patribus
1666 973 1736 1029 pro-

78 1048 130 1098 rat
154 1042 262 1099 sanetis
284 1042 450 1099 doctoribus
481 1044 630 1100 adversari
660 1043 776 1114 penitus
792 1044 833 1101 vi·
886 1045 1007 1117 positam
1035 1046 1069 1102 dc
1102 1060 1203 1102 eorum
1228 1046 1358 1103 doctrina
1376 1046 1520 1103 discutere
1540 1045 1620 1114 libet,
1632 1045 1735 1104 intelli·

78 1144 96 1186 r.
118 1130 198 1188 Unde
219 1131 404 1202 Augustinus
427 1131 483 1202 (69)
509 1132 549 1187 De
572 1132 733 1189 orthodoxa
753 1133 829 1190 ilde:
886 1149 987 1206 gemus
1005 1141 1065 1191 tam
1089 1134 1260 1191 testimoniis
1274 1143 1452 1203 sanctorum,
1478 1149 1567 1207 qnam
1582 1136 1735 1193 manifesta

78 1219 167 1276 linaiis
181 1226 294 1276 tantum
310 1220 446 1276 interesse
475 1219 588 1289 salutis,
608 1220 723 1279 nullum
751 1229 830 1279 cate·
884 1224 1007 1293 ratione,
1027 1225 1170 1296 quamsit
1185 1238 1219 1280 aa
1245 1239 1364 1297 quoquc
1379 1225 1468 1281 sacris
1488 1223 1590 1282 litteris
1605 1238 1736 1283 neccssa-

78 1322 169 1375 inum,
186 1309 322 1380 quamvis
338 1308 367 1364 in
384 1308 465 1366 bonis
487 1310 622 1380 operibus
644 1310 825 1380 defunctum,
885 1313 938 1379 ria,
954 1328 1013 1369 non
1033 1312 1127 1370 solum
1142 1313 1173 1369 in
1195 1313 1240 1369 his
1262 1328 1328 1384 quae
1357 1314 1393 1370 ad
1420 1313 1594 1370 documenta
1618 1327 1734 1372 morum

88 1404 226 1454 aeternam
240 1397 347 1453 habere
366 1398 526 1463 credamus,
546 1407 662 1469 excepto
679 1400 827 1469 martyrio,
884 1403 1016 1470 attinent,
1041 1416 1093 1458 seu
1117 1401 1154 1458 ad
1176 1415 1265 1459 sacrm
1290 1401 1356 1459 Adel
1374 1401 1549 1469 testimonia,
1572 1416 1675 1459 verum
1695 1403 1732 1460 ad

78 1494 117 1543 tta
145 1485 284 1559 baptismi
310 1493 491 1542 sacramenta
522 1487 711 1557 complentur.
730 1509 743 1538 o
762 1489 829 1544 llaec
883 1491 980 1547 omnia
1004 1491 1199 1562 quaestionum
1224 1504 1330 1562 genera
1353 1489 1517 1548 rationibus
1536 1490 1731 1559 terminanda,

78 1575 223 1632 ,suntillo
247 1575 390 1632 Ambrosii
412 1575 499 1632 verba
516 1575 548 1632 in
574 1576 693 1647 praelata
707 1576 827 1647 epistola
843 1623 865 1679 B
882 1580 943 1636 sive
969 1579 1175 1651 allegoriarum
1209 1594 1327 1652 quoque
1368 1579 1506 1649 mysteria
1537 1579 1731 1652 discutienda,

78 1671 126 1721 irio
148 1662 346 1725 Valentiniani
367 1665 403 1721 ad
423 1679 533 1723 sorores
556 1665 665 1737 ipsius:
690 1687 704 1718 e
733 1665 825 1723 Audio
883 1682 957 1741 quas
974 1669 1142 1740 trequenter
1163 1669 1192 1726 in
1213 1669 1327 1726 naturis
1355 1682 1547 1726 numerorum
1571 1668 1731 1742 investiga·

78 1752 225 1825 lorsquod
244 1753 422 1825 nonaccepit
434 1762 614 1811 sacramenta
633 1753 824 1825 baptismatis.
881 1771 956 1815 mus.
972 1758 1053 1815 Unda
1068 1757 1150 1814 nobis
1169 1758 1317 1828 praecipua
1345 1767 1404 1816 tam
1428 1756 1610 1815 dialecticam
1638 1772 1730 1829 qnam

83 1842 168 1910 mihi,
184 1843 234 1914 qui
251 1842 338 1899 ctiam
359 1843 472 1899 dudum
489 1843 542 1900 hoc
566 1845 627 1900 voti
656 1843 769 1912 habuit,
794 1846 827 1900 ut
880 1846 1091 1904 arithmeticam
1106 1846 1209 1903 beatus
1228 1853 1435 1904 commemoaat
1462 1846 1659 1918 Augustinus,
1676 1846 1729 1918 qui

78 1931 215 1988 titaliam
230 1931 353 1989 venisset
367 1931 542 2001 initiaretur,
559 1938 587 1988 ct
601 1933 732 2003 proxime
753 1933 825 2003 bap-
881 1936 943 1993 ideo
958 1935 989 1992 in
1011 1935 1137 1992 secundo
1165 1935 1239 1993 libro
1260 1936 1300 1992 ilc
1324 1935 1425 1992 ordina
1443 1934 1623 1991 dialecticam
1651 1949 1729 1992 oom-

78 2033 184 2078 mama
198 2020 385 2092 significavit:
403 2027 431 2078 et
456 2020 518 2077 ideo
548 2021 701 2091 preteritis
729 2020 825 2078 causis
879 2023 1017 2080 mandare
1048 2037 1140 2080 ansus
1163 2029 1213 2089 est,
1242 2030 1275 2080 ut
1296 2037 1361 2080 eam
1383 2023 1475 2081 solam
1494 2037 1555 2080 esse
1577 2022 1727 2080 scientiam

78 2110 252 2167 oersendum
289 2110 411 2180 putavit.
450 2110 513 2168 Non
540 2110 628 2167 habet
660 2125 729 2182 ergo
757 2123 823 2182 gra·
878 2112 1005 2184 profiteri
1032 2111 1177 2178 videatur,
1210 2125 1277 2167 cum
1311 2124 1374 2167 eam
1406 2110 1496 2167 solam
1525 2125 1607 2183 posse
1630 2110 1726 2168 lacere

79 2212 160 2271 quam
184 2199 377 2256 desideravit?
399 2213 457 2256 non
484 2199 573 2256 hahet
602 2213 691 2271 quam
720 2213 820 2270 popos·
878 2202 1000 2258 scientes
1031 2200 1131 2257 dicat:
1152 2221 1167 2250 «
1199 2198 1397 2270 Disciplinam,
1424 2197 1531 2270 inquit,
1558 2197 1722 2270 disciplina·

79 2287 174 2360 tquia
199 2289 338 2359 poposcit,
368 2288 490 2359 accepit.
521 2289 557 2345 Et
585 2288 637 2345 ubi
664 2288 736 2344 illud
759 2294 820 2346 est:
877 2306 956 2358 rum,
987 2306 1078 2363 quam
1098 2290 1278 2348 dialecticam
1297 2296 1413 2357 vocant,
1441 2289 1497 2347 hoe
1515 2289 1719 2358 docetdocera,
1757 2340 1761 2356 ,

96 2394 259 2450 quaeamus
294 2383 379 2433 morte
403 2383 559 2448 preventus
594 2379 690 2446 (emt,
726 2379 821 2432 animo
877 2382 931 2439 hoc
945 2381 1025 2438 docet
1040 2380 1157 2437 discere.
1175 2381 1208 2436 ln
1235 2380 1289 2436 hac
1311 2379 1335 2435 si
1365 2379 1425 2449 ipsa
1447 2378 1520 2434 ratio
1546 2378 1725 2435 demonstrat

79 2471 204 2537 araquio
225 2469 287 2523 erit.
313 2467 396 2524 Solve
423 2467 523 2538 igitur,
540 2468 623 2522 Pater
632 2473 739 2533 sancte,
757 2480 820 2523 mn·
876 2478 964 2543 atquc
978 2469 1079 2541 aperit,
1106 2483 1172 2540 quas
1199 2468 1253 2525 scit
1275 2467 1346 2539 qnid
1364 2466 1443 2524 velit.
1469 2466 1528 2524 Scit
1553 2464 1636 2535 scire,
1660 2465 1723 2524 sola

79 2571 128 2614 rso
150 2565 210 2614 tuo.
229 2577 240 2605 ι
258 2558 351 2612 item:
376 2556 468 2613 «Non
488 2555 634 2613 metuebat
654 2554 820 2612 hominibus
875 2558 996 2615 scientes
1024 2558 1117 2614 lacere
1146 2571 1205 2613 non
1243 2556 1336 2613 solum
1360 2554 1434 2623 vult,
1463 2554 1512 2612 scd
1535 2562 1563 2612 et
1585 2561 1686 2626 potest.
1703 2576 1717 2606 a

79 2659 135 2713 cre,
162 2643 325 2702 uttibisoli
355 2644 478 2714 placeret
492 2644 521 2700 in
550 2643 677 2713 Christ03
697 2642 817 2715 quiha·
874 2648 955 2704 idern
990 2647 1020 2703 in
1051 2646 1178 2703 secundo
1212 2646 1251 2702 ile
1288 2643 1420 2701 doctrina
1458 2642 1624 2699 Christiana
1653 2656 1720 2699 cum

79 2734 183 2791 iritum
196 2741 289 2802 tuum,
311 2733 456 2805 quomodo
484 2748 542 2789 non
562 2733 670 2803 accepit
695 2732 817 2805 gratiam
874 2736 949 2793 inter
963 2748 1062 2792 omnes
1077 2742 1153 2790 artes
1172 2733 1317 2804 principue
1337 2731 1515 2787 dialecticam
1537 2737 1565 2787 et
1580 2729 1719 2787 arithme-

101 2822 202 2883 autsi,
230 2819 301 2892 quia
328 2820 493 2877 solemniter
508 2835 564 2877 non
588 2827 658 2877 sunt
672 2821 816 2877 celebrata
874 2826 960 2882 ticam
983 2837 1072 2880 sacrae
1101 2822 1216 2894 paginae
1233 2819 1409 2877 necessarias
1433 2832 1494 2875 essa
1522 2817 1716 2888 profiteretur,

80 2911 119 2979 ia,
136 2911 190 2967 hoc
204 2910 323 2966 movet?
345 2910 421 2982 Ergo
446 2924 499 2966 nec
522 2918 674 2980 martyres,
696 2911 721 2966 si
743 2918 817 2966 cate·
835 2881 856 2937 C
873 2914 951 2971 iliam
975 2913 1093 2984 quidem
1120 2910 1158 2967 ad
1191 2908 1387 2967 dissolvendas
1421 2905 1605 2977 questiones,
1640 2904 1717 2961 hanc

79 2999 109 3058 ni
121 3000 239 3068 luerint,
249 3007 436 3056 coronantur.
452 2999 532 3067 Quod
548 2999 573 3055 si
587 3013 640 3056 suo
655 2999 816 3056 abluuntur
871 3003 907 3060 ad
923 3002 1131 3073 allegoriarum
1145 2995 1482 3072 mysteriadiscutienda,
1498 3009 1565 3067 quae
1580 2994 1717 3066 iraquan-

80 3104 127 3154 ne,
142 3095 170 3147 et
183 3088 261 3145 hunc
276 3096 326 3145 tua
341 3067 432 3159 pietas
458 3088 560 3154 abluit,
590 3096 617 3144 et
644 3087 812 3145 voluntas.»
870 3098 914 3147 ter
928 3090 957 3146 in
973 3089 1088 3147 naturis
1107 3101 1297 3146 numerorum
1319 3085 1536 3155 investigamus,
1553 3089 1634 3140 tanto
1653 3097 1715 3138 arn·

83 3199 98 3228 c
114 3177 148 3235 Et
164 3178 233 3235 huic
253 3177 351 3233 adhuc
377 3177 609 3234 intercessionem
624 3177 749 3245 addisco,
768 3177 815 3234 cui
869 3180 944 3251 plius
972 3178 1148 3235 dialecticam
1173 3175 1286 3232 extulit.
1311 3181 1421 3246 quanto
1444 3171 1570 3242 amplius
1589 3185 1716 3228 necessa·

79 3267 231 3325 arationem
253 3281 408 3337 praesumo,
429 3267 476 3337 pio
493 3266 624 3338 requiem
638 3266 701 3336 ejus
716 3280 814 3337 posca·
868 3269 944 3326 riam
958 3282 1022 3325 eam
1035 3266 1193 3339 assignavit
1209 3264 1245 3321 ad
1261 3276 1360 3320 omncs
1372 3259 1502 3318 videlicet
1517 3259 1712 3332 quaestionum

79 3356 163 3414 lectu.
180 3378 195 3407 ι
212 3358 279 3412 ltem
293 3372 299 3410 :
312 3378 326 3405 ι
340 3354 424 3411 Doleo
441 3355 471 3410 in
493 3362 530 3422 te,
548 3354 586 3411 illi
601 3355 746 3420 Gratiano,
761 3356 814 3411 do·
868 3357 1062 3415 dubitationes
1077 3353 1291 3419 terminandas;
1308 3352 1348 3408 ait
1366 3358 1464 3407 antem
1478 3349 1543 3406 sic:
1567 3370 1578 3401 ι
1595 3349 1715 3406 Restant

79 3447 160 3504 imin
177 3455 213 3510 te,
237 3445 278 3501 lili
297 3428 506 3501 valentiniane.
530 3444 574 3500 'l'u
591 3458 642 3513 per
662 3458 707 3500 ma
730 3453 811 3515 puta·
867 3462 901 3505 aa
930 3460 997 3517 quaa
1023 3460 1082 3502 non
1115 3443 1151 3500 ad
1182 3441 1309 3512 corporis
1339 3454 1458 3507 sensus,
1482 3438 1530 3495 sad
1566 3437 1603 3494 ad
1627 3435 1712 3494 ratio-

79 3534 304 3607 pitepericulis,
322 3541 354 3590 tu
368 3547 413 3589 uic
428 3532 636 3589 nonsolumnt
665 3540 813 3603 parentem
868 3548 933 3591 nem
958 3534 1112 3605 pertinent,
1136 3531 1187 3588 ubi
1217 3528 1370 3600 disciplina
1395 3542 1487 3599 regna
1510 3525 1714 3598 disputationis

79 3637 118 3691 as,
143 3623 193 3679 sed
221 3630 254 3680 ut
272 3623 481 3692 redemptorem
506 3621 546 3678 tui
576 3628 603 3677 et
630 3620 812 3677 liberatorem
867 3631 895 3679 et
919 3621 1045 3679 numeri.
1074 3620 1128 3677 Sed
1156 3617 1360 3690 disputationis
1387 3614 1540 3686 disciplina
1576 3615 1612 3670 ad
1651 3628 1713 3671 om·

80 3725 113 3768 ts.
143 3713 187 3769 To
214 3711 346 3768 dicebas:
363 3711 517 3767 «Putasne
555 3710 658 3767 videbo
699 3710 812 3765 Patrem
866 3711 916 3767 nio
941 3723 1047 3782 genera
1081 3709 1286 3780 questionum,
1317 3721 1383 3777 quaa
1420 3705 1450 3761 in
1480 3703 1587 3760 sanctis
1610 3701 1714 3759 litteris

80 3800 115 3858 nl
131 3800 288 3871 »Speciosa
303 3799 338 3855 de
353 3813 398 3855 me
413 3797 548 3855 voluntas
564 3805 624 3865 tua,
644 3796 692 3853 sed
703 3795 811 3852 nonel·
866 3807 935 3857 sunt
956 3797 1144 3869 penetranda.
1161 3795 1322 3867 plurimum
1345 3792 1442 3882 valet:
1470 3799 1583 3849 tantum
1613 3790 1651 3848 ibi
1666 3804 1712 3847 ca·

80 3889 251 3960 raesumptio.
269 3888 319 3944 ilei
333 3887 423 3944 mihil
443 3887 524 3944 llana
539 3900 602 3955 spes
622 3887 651 3941 in
677 3884 809 3941 homine!
865 3887 961 3945 venda
974 3892 1017 3943 est
1036 3885 1123 3941 libido
1136 3883 1263 3946 rixandi,
1287 3889 1315 3938 et
1333 3881 1452 3952 puerilis
1467 3878 1601 3951 quae'dam
1616 3886 1710 3936 osten·

80 3979 132 4034 ihi!
166 3978 236 4050 quid
268 3977 448 4034 voluntatem
478 3983 557 4032 tuam
590 3989 648 4031 non
669 3982 736 4030 ante
764 3989 810 4030 co·
865 3977 935 4032 tatio
960 3973 1120 4044 decipiendi
1149 3970 1359 4037 aduersarium.
1397 3968 1471 4025 Sunt
1500 3968 1577 4023 enim
1619 3964 1713 4024 multa

80 4068 220 4135 Domine,
238 4067 309 4138 quia
329 4064 601 4135 nemohabetquod
620 4062 811 4133 ailiplusde·
865 4080 931 4137 quie
959 4063 1144 4135 appellantur
1183 4061 1369 4132 sophismata,
1401 4058 1480 4115 false
1516 4055 1712 4113 conclusiones

80 4171 152 4215 nam
172 4158 250 4229 quod
269 4157 322 4213 tibi
338 4163 427 4226 optat,
452 4170 509 4210 non
526 4168 571 4210 me
584 4154 620 4210 eb
645 4153 711 4209 aliis
731 4167 811 4223 sepa·
826 4165 849 4219 p
866 4157 1053 4222 rationum,et
1067 4151 1239 4224 plerumque
1263 4151 1303 4206 ita
1324 4162 1408 4205 veras
1435 4145 1588 4213 imitantes,
1603 4150 1710 4201 utnon

80 4254 101 4304 il
130 4254 261 4311 mortem,
291 4260 364 4317 quos
397 4246 427 4301 in
456 4244 510 4300 hac
537 4242 598 4299 vita
625 4243 810 4299 charissimos
864 4244 956 4300 solum
981 4240 1152 4309 tardos,sed
1171 4238 1336 4311 ingeniosos
1360 4236 1446 4293 etiarn
1463 4235 1560 4292 minus
1588 4239 1711 4291 attentos

80 4337 188 4394 lomine
204 4343 267 4405 peto
286 4343 318 4391 ut
338 4334 388 4390 ubi
404 4347 456 4404 ego
480 4333 562 4389 luero
575 4340 603 4390 et
623 4332 663 4388 illi
683 4332 740 4388 sint
756 4344 811 4387 me-
865 4333 1019 4403 decipiant.
1036 4330 1118 4396 Quod
1146 4343 1239 4400 genus
1267 4327 1462 4398 captiosarum
1490 4321 1710 4380 conclusionum

80 4439 223 4496 eqnaeso,
243 4438 355 4481 summe
372 4424 456 4491 Deus,
474 4429 506 4478 ut
532 4421 716 4478 charissimos
724 4420 810 4492 juve·
865 4421 1010 4489 scriptura
1036 4425 1179 4488 qnantum
1208 4415 1342 4472 existimo
1375 4414 1534 4470 detestatur
1557 4410 1604 4466 illo
1638 4408 1708 4471 loco,
1763 4479 1765 4482 Α

80 4520 155 4571 itura
178 4513 388 4570 resurrcctione
417 4511 544 4574 suscites,
562 4517 589 4567 at
604 4509 765 4578 resuscites,
782 4514 809 4564 et
865 4509 916 4567 ubi
941 4507 1050 4564 dictum
1074 4513 1136 4562 cst:
1168 4504 1220 4570 Qui
1237 4503 1381 4574 sophistice
1395 4503 1526 4572 loquitur,
1551 4498 1711 4555 odibilisest

80 4616 158 4659 trum
175 4600 255 4658 hunc
282 4601 349 4657 vitm
373 4600 456 4656 istius
475 4613 595 4656 cursum
624 4606 740 4655 matura
768 4611 810 4655 re·
866 4597 960 4670 (boeti.
989 4606 1105 4664 xxxvii,
1128 4592 1184 4664 23).
1206 4592 1262 4660 Qui
1287 4602 1390 4648 rursus
1410 4604 1441 4645 rn
1467 4588 1567 4645 eodem
1589 4599 1657 4643 cnm
1679 4585 1709 4640 in

80 4691 150 4748 ione
164 4703 338 4761 compenses.
357 4710 368 4738 ι
387 4688 468 4754 Quod
486 4688 510 4744 si
532 4687 562 4744 hi
583 4694 646 4758 post
661 4684 810 4757 Evangelii
865 4687 932 4758 ipsis
943 4682 1178 4755 philosophorum
1205 4680 1287 4737 dictis
1302 4692 1438 4751 magnam
1460 4689 1573 4733 morum
1588 4672 1708 4731 aedifica·

83 4793 160 4846 nem,
180 4780 242 4835 sine
269 4778 324 4834 ilde
352 4778 419 4834 iesu
437 4775 553 4839 Christi,
571 4774 615 4831 vel
632 4775 726 4846 gratia
741 4774 811 4844 bap·
866 4774 982 4840 tionem,
998 4778 1025 4828 et
1040 4768 1212 4827 nonnullam
1224 4767 1259 4824 dc
1272 4766 1327 4823 lide
1349 4764 1468 4823 etcultu
1482 4763 1571 4820 unius
1584 4760 1634 4818 Dei
1645 4760 1711 4817 doc·

82 4875 149 4925 anta
175 4868 253 4938 apud
281 4868 373 4923 Deum
397 4880 433 4922 en
456 4872 595 4921 anteacto
617 4864 683 4919 vitea
698 4863 809 4918 meritis
865 4861 971 4918 trinam
989 4859 1195 4926 consideraret,
1210 4855 1312 4927 adiecit
1327 4862 1414 4924 atquc
1435 4853 1497 4909 ait:
1516 4847 1711 4920 «Philosophi

80 4957 154 5023 erint,
184 4955 258 5027 qnid
289 4955 324 5012 de
352 4954 530 5026 philosophis
562 4959 628 5008 ante
653 4950 811 5006 adventum
866 4951 1086 5021 quivocantur,
1113 4946 1211 5016 siqua
1227 4945 1297 5001 lortc
1316 4956 1385 4999 vera
1409 4949 1437 4998 et
1466 4939 1709 4997 lideinostraaac·

80 5090 82 5099 r
111 5051 171 5101 tam
195 5044 249 5100 lide
282 5058 370 5115 quaro
396 5044 455 5100 vita
484 5040 659 5107 clarissimis,
684 5038 811 5095 diltldere
866 5037 1016 5096 commoda
1041 5037 1177 5104 dixerint,
1203 5033 1329 5090 maxime
1357 5030 1505 5088 Platonici.
1535 5042 1594 5085 non
1617 5025 1710 5084 solum

80 5147 115 5200 rr,
133 5148 168 5189 ne
183 5132 392 5204 indulgentiam
412 5131 470 5187 sint
493 5128 624 5192 assecuti,
642 5136 693 5184 aut
711 5141 811 5184 corum
866 5127 1049 5184 lormidanda
1060 5140 1118 5182 non
1131 5132 1198 5181 sunt
1217 5141 1224 5191 ;
1241 5121 1389 5180 sedetiam
1406 5118 1443 5176 ab
1460 5118 1502 5176 eis
1518 5114 1712 5188 tanquamin·

82 5222 170 5279 unius
186 5221 235 5278 liei
259 5223 365 5288 cultus,
391 5233 478 5291 quem
508 5217 561 5288 ipsi
589 5225 658 5274 tunc
677 5216 813 5288 temporis
864 5216 952 5288 justis
971 5213 1183 5286 possessoribus
1211 5213 1240 5268 in
1265 5225 1350 5268 usum
1376 5215 1509 5266 nostrum
1525 5203 1711 5263 vindicanda.

81 5324 111 5368 ie
136 5311 312 5377 habuerunt,
334 5317 361 5365 et
389 5306 540 5365 scribendo
568 5305 811 5377 praedicaverunt,
867 5304 1036 5362 sicutenim
1048 5304 1188 5373 A'gyptns
1202 5314 1258 5356 non
1287 5305 1399 5356 tantum
1415 5294 1491 5353 idola
1507 5294 1712 5365 habebatque

81 5417 205 5476 lennad.
221 5419 261 5474 De
281 5418 346 5489 dog.
362 5416 439 5473 Eccl.
456 5430 481 5471 c.
494 5417 538 5470 ii.
556 5414 604 5470 ilic
618 5413 698 5476 liber,
714 5413 813 5481 utjarn
867 5410 989 5468 silicnsis
1005 5405 1173 5480 presbyteri,
1208 5405 1262 5463 sub
1291 5405 1375 5476 cujus
1399 5403 1515 5461 nomine
1541 5416 1600 5460 non
1627 5399 1713 5459 semel

81 5489 194 5558 ivimus,
208 5503 267 5546 non
281 5496 324 5546 cst
343 5486 512 5559 Augustini,
524 5486 572 5543 sed
586 5484 729 5544 Gennadii
738 5485 812 5543 hlas-
869 5496 935 5541 eum
949 5483 1018 5539 citat
1030 5477 1209 5537 Abalardus.
