3804 5962
544 199 746 262 tunoleum
765 201 988 262 numentana,
1003 233 1037 246 -
1052 201 1117 262 LlB.
1138 202 1185 262 1v.
1453 196 1457 203 “
1656 197 1728 262 'lttb

79 329 141 384 oon
152 329 243 387 entus
256 342 348 385 mrum
369 326 455 400 (Psoi.
469 337 565 393 narn,
581 330 619 398 d).
635 329 672 386 lit
693 324 864 387 salvatori
878 326 1045 400 adoptivus,
1061 329 1137 387 sicut
1149 324 1181 386 et¹
1200 329 1298 386 statim
1312 327 1523 394 determinatur
1547 336 1614 386 cum
1629 319 1727 386 subdi-¹

79 417 187 489 menos
208 419 332 473 enitatis
367 418 415 488 qui
436 433 454 472 o
478 419 559 474 Patre
589 417 715 489 procedit
737 418 825 490 (ioca.
882 425 931 476 tur
945 427 1004 474 non
1028 417 1130 486 alium,
1156 418 1206 475 sed
1232 418 1340 476 desua
1362 418 1535 475 substantia.
1563 416 1616 475 Sed
1641 424 1669 474 et
1683 422 1730 474 se*-

79 506 103 579 ·).
123 527 133 556 ι
152 506 187 563 Εῖ
205 506 310 563 beatus
324 505 508 578 Augustinus
527 507 560 562 in
574 520 615 563 xv
629 509 666 562 lte
681 508 827 576 trinitate,
881 507 1011 564 cundum
1028 507 1082 564 boc
1102 506 1180 578 quod
1192 507 1281 579 juxta
1302 507 1487 578 philosophos
1511 513 1580 564 nata
1601 505 1730 579 airaga·-

79 597 111 650 i:
129 614 144 645 ιι
158 594 221 653 lion
237 594 346 651 trustra
363 597 394 650 in
409 594 464 651 bac
488 595 627 653 Trinitate
642 609 701 652 non
722 596 829 654 dicitur
881 595 942 653 nita
961 597 1060 653 omnia
1087 596 1226 653 dicuntur
1247 602 1314 668 quae
1337 597 1373 653 ab
1396 596 1495 667 aliquo
1521 594 1629 652 babent
1656 600 1728 664 esse,

81 684 175 741 milei
196 682 252 740 nisi
267 683 368 752 lilino,
388 685 570 741 neritonum
591 684 642 742 Dei
667 685 723 741 nisi
743 685 828 757 Spiri-
882 686 996 757 proprie
1022 685 1112 743 Filius
1134 685 1212 743 solus
1232 699 1270 742 ex
1292 688 1375 744 Patre
1394 693 1481 742 natus
1503 691 1566 755 est;
1590 683 1661 755 quia
1683 689 1727 740 so:

79 781 166 840 τεῖρε,
183 786 236 830 nec
249 772 285 829 de
308 786 367 843 quo
381 773 513 844 genitum
532 780 574 830 est
593 774 775 844 verbumst
793 776 829 834 dc
882 773 930 832 lus
942 775 1002 846 ipse
1016 775 1161 832 nascendo
1173 775 1283 846 exipsa
1294 775 1387 832 Patris
1402 774 1565 831 substantia
1588 778 1642 830 est.
1665 770 1727 843 Spi-

79 861 193 920 trooedit
225 861 423 934 principaliter
454 861 577 932 Spiritus
605 871 742 932 sanctus,
761 864 827 922 ¹nisi
881 864 954 920 ritus
966 877 1034 922 vero
1049 872 1167 921 sanctus
1181 864 1342 922 secundnm
1366 864 1420 920 boc
1434 877 1471 920 ex
1485 862 1545 920 solo
1566 863 1729 945 Paireprei

79 951 164 1011 later.
181 950 247 1007 ldeo
262 957 359 1006 autern
376 949 473 1007 addidi
497 950 778 1024 principaliterquia
800 960 828 1012 et
881 953 943 1023 prie
971 952 1126 1024 procedere
1156 953 1274 1023 dicitur,
1303 953 1381 1025 quod
1411 952 1447 1010 ab
1474 967 1507 1009 eo
1532 950 1575 1008 sie
1599 948 1729 1022 procedit
1815 999 1817 1004 .

79 1039 109 1096 io
128 1038 254 1110 Spiritus
275 1045 394 1096 sanctus
417 1040 571 1110 procedere
595 1041 749 1111 reperitur.
773 1042 828 1100 Sed
881 1040 1006 1111 quasia
1032 1055 1145 1098 summo
1172 1041 1322 1114 principio,
1343 1042 1422 1114 quod
1448 1041 1580 1098 videlicet
1607 1039 1644 1096 ab
1670 1037 1727 1097 alio

79 1142 166 1199 toque
181 1127 233 1186 'illi
255 1129 339 1184 Pater
359 1126 448 1195 dedit,
473 1142 532 1184 non
555 1128 617 1200 iam
644 1129 778 1188 existenti
799 1138 828 1189 et
880 1136 1006 1186 nonest.
1029 1130 1098 1187 inde
1113 1131 1190 1189 enim
1217 1130 1329 1202 aliquid
1349 1130 1464 1202 proprie
1484 1129 1636 1201 procedere
1657 1126 1727 1184 dici-

82 1231 110 1273 m
124 1216 253 1284 babenti,
271 1215 321 1273 scd
335 1215 480 1288 quidquid
504 1216 655 1289 unigenito
672 1218 764 1277 Verbo
779 1219 825 1277 de
881 1225 939 1287 tur,
956 1218 1034 1276 unde
1049 1220 1142 1291 primo
1156 1219 1256 1277 venire
1270 1233 1305 1276 ac
1319 1220 1429 1277 moveri
1444 1220 1538 1290 erepit,
1560 1218 1636 1275 sieut
1646 1215 1727 1273 lacus

79 1305 193 1377 gnentm
208 1303 300 1363 dedit..
316 1323 331 1355 a
347 1304 392 1362 Sic
406 1318 474 1374 ergo
486 1319 555 1362 eum
566 1307 677 1378 genuit,
693 1313 725 1363 ut
739 1305 826 1362 etiam
879 1319 917 1363 ex
931 1304 1010 1364 fonte
1025 1321 1086 1365 non
1101 1322 1139 1366 ex
1164 1309 1240 1377 rivo,
1268 1309 1317 1366 sed
1341 1322 1393 1380 per
1414 1308 1522 1377 rivum,
1552 1306 1591 1363 in·
1610 1317 1726 1378 quem-a

98 1392 208 1454 bonnm
223 1407 375 1451 commune
398 1392 438 1466 (³)
455 1395 627 1465 procederet,
650 1409 685 1452 ac
704 1395 728 1452 si
743 1408 826 1466 aper·
880 1394 957 1453 ionic
975 1396 1099 1454 emissus
1124 1410 1175 1468 per
1197 1410 1265 1455 eum
1284 1396 1398 1455 transiit
1413 1410 1447 1454 ac
1472 1393 1602 1467 persenit
1622 1395 1653 1451 in
1672 1399 1728 1450 ste:

79 1482 210 1555 tustinus
237 1483 283 1540 bis
311 1483 407 1542 verbis
430 1481 600 1542 determinet
621 1498 672 1555 per
693 1484 748 1541 boc
762 1483 824 1556 Spi-
878 1498 980 1555 gnum.
1005 1483 1050 1542 Sic
1077 1493 1106 1543 et
1138 1485 1263 1557 Spiritus
1291 1488 1409 1543 sanctus
1436 1500 1473 1543 ex
1501 1487 1584 1541 Patre
1609 1481 1727 1554 proprie

82 1579 216 1631 sanctum
242 1571 439 1644 principaliter
461 1586 499 1630 ex
519 1575 602 1630 Patre
624 1574 777 1644 procedere
798 1580 826 1631 et
849 1602 859 1607 -ι
880 1573 1032 1644 procedere
1060 1574 1166 1632 dicitur
1201 1575 1286 1646 quasi
1311 1588 1330 1631 a
1356 1588 1472 1632 summa
1510 1572 1632 1645 origine,
1658 1579 1727 1643 quas

78 1661 251 1733 eincipalner
264 1674 301 1718 ex
320 1662 403 1730 Filio,
426 1661 496 1733 quia
511 1663 553 1719 sic
571 1663 712 1734 eleatre
726 1677 823 1735 proce·
879 1661 989 1720 scilicet
1001 1663 1120 1721 aliunde
1140 1666 1259 1733 nonsit,
1276 1673 1303 1722 et
1321 1665 1358 1722 ab
1377 1664 1438 1736 ipso
1460 1665 1490 1721 in
1514 1663 1618 1720 Filium
1642 1659 1726 1732 qnasi

79 1750 117 1807 asi
132 1749 226 1820 primo
241 1751 313 1819 loco,
329 1764 395 1808 cum
411 1751 495 1809 Pater
512 1752 549 1808 ab
564 1751 623 1809 alio
637 1759 696 1810 non
710 1752 824 1818 babeat,
879 1750 909 1806 in
919 1751 1037 1823 ritum3
1053 1751 1125 1823 quia
1141 1760 1170 1809 et
1193 1752 1271 1825 quod
1293 1752 1379 1810 babet
1401 1751 1491 1810 Filius
1506 1751 1620 1822 abipso
1639 1749 1727 1808 babet

79 1836 167 1909 seipso
193 1838 343 1895 sicuteta
368 1838 462 1908 seipso
488 1846 539 1907 est,
571 1839 682 1897 bocest
712 1839 825 1914 nonab
879 1853 977 1911 aquo
991 1847 1019 1898 et
1034 1840 1089 1897 boc
1103 1842 1200 1913 ipsum
1222 1842 1308 1900 babet
1323 1841 1402 1915 quod
1417 1841 1477 1913 ipse
1495 1848 1549 1908 est,
1572 1847 1601 1897 et
1616 1852 1667 1910 per
1681 1837 1726 1895 lii·

79 1925 152 1984 'ilius
166 1940 246 1995 vcro,
275 1941 344 1985 cum
368 1941 385 1984 a
399 1941 429 1986 se
443 1941 502 1984 non
526 1927 565 1985 sit
577 1928 627 1986 sed
655 1928 780 1998 aPatre,
797 1935 826 1987 et
878 1928 951 1986 lium
962 1928 999 1985 ad
1018 1944 1071 1986 nos
1085 1930 1200 1987 tandem
1214 1932 1299 2002 quasi
1315 1931 1345 1988 in
1361 1939 1497 2003 stagnum
1513 1930 1602 2003 bujns
1613 1926 1725 1985 seculi.

83 2029 166 2088 psum
182 2014 329 2088 ,Spiritum
346 2030 361 2073 a
378 2017 462 2075 Patre
483 2017 684 2089 hebetaque
707 2031 758 2088 per
772 2033 824 2090 ge-
879 2017 1058 2090 Quippequi
1073 2020 1171 2076 omnia
1187 2020 1216 2076 in
1236 2019 1385 2091 Sapientia
1399 2020 1467 2076 iacit
1481 2033 1515 2076 ac
1533 2016 1681 2088 disponit;
1697 2022 1726 2073 et

79 2119 155 2167 >nem
179 2119 240 2162 esse
254 2105 351 2162 babet.
376 2105 431 2163 Sed
457 2107 529 2177 quid
550 2095 689 2178 estquod
712 2106 824 2165 dictum
878 2107 909 2164 in
924 2106 980 2172 bac
997 2106 1060 2179 ipsa
1075 2108 1217 2179 sapientia
1240 2122 1294 2166 sua
1318 2107 1455 2179 Spiritum
1479 2107 1579 2164 tribuit
1603 2112 1726 2163 suorum

79 2194 148 2266 iprie
163 2195 304 2266 Spiritum
319 2209 357 2252 ex
377 2195 461 2252 Patre
484 2195 661 2266 procedere?
683 2195 825 2267 Nunquid
878 2196 1096 2254 distributorem
1119 2198 1261 2256 donorum
1288 2213 1348 2256 non
1373 2197 1536 2268 improvide
1557 2193 1602 2252 vel
1622 2187 1726 2251 incon-⁴·

79 2283 146 2342 eibi
172 2285 282 2342 dictum
309 2293 352 2342 eat
371 2285 446 2343 sicut
469 2285 527 2341 boc
544 2284 604 2341 loco
626 2285 825 2356 principaliter
878 2284 1010 2341 siderate.
1043 2285 1124 2343 Unde
1147 2293 1175 2343 et
1201 2287 1302 2344 beatus
1327 2285 1455 2344 Hilarius
1479 2282 1650 2356 Spirituma
1672 2283 1724 2337 Pa·
1792 2300 1795 2308 ·

79 2386 138 2431 asse
152 2374 253 2431 eodem
267 2374 352 2432 modo
374 2374 430 2430 dici
445 2374 537 2431 videri
549 2381 656 2447 posset,
673 2374 729 2432 nisi
745 2374 824 2446 quod
879 2379 922 2429 tre
937 2386 988 2444 per
1002 2373 1108 2432 Filium
1131 2375 1224 2448 magis
1247 2390 1337 2447 quam
1350 2389 1367 2432 a
1381 2375 1464 2431 Patre
1488 2381 1516 2430 et
1534 2372 1605 2430 Filio
1627 2384 1726 2442 proeo-

79 2465 221 2520 erseritur
243 2463 321 2535 qnod
344 2470 371 2520 et
397 2462 487 2521 rili-us
509 2477 547 2521 en
570 2465 653 2521 Patre
677 2471 764 2522 natus
787 2464 825 2521 sit
878 2460 945 2518 dere
959 2475 1086 2520 senense
1109 2464 1184 2521 sicut
1205 2472 1233 2521 et
1257 2464 1334 2521 mitti
1356 2462 1498 2534 perhibet,
1513 2462 1555 2518 ita
1580 2460 1617 2517 ad
1629 2460 1728 2516 lisuni-

79 2565 100 2620 ε,
129 2552 206 2612 sicut
229 2560 257 2609 et
280 2552 405 2623 Spiritus
424 2567 442 2609 a
462 2554 547 2610 Patre
571 2551 698 2624 proprie,
716 2552 825 2611 dicitur
878 2551 991 2608 Patrem
1013 2554 1047 2609 de
1069 2552 1177 2624 Spiritu
1199 2554 1262 2624 ipso
1285 2560 1313 2610 et
1336 2552 1408 2609 Filio
1429 2551 1552 2623 loquens
1568 2550 1603 2607 in·
1620 2562 1661 2604 ru
1684 2548 1726 2605 De

79 2640 194 2700 Dictum
205 2641 314 2713 quippe
330 2640 385 2698 ibi·
878 2639 1017 2699 trinitate
1040 2640 1135 2699 libro:
1153 2662 1169 2693 o
1187 2643 1221 2699 ln
1235 2648 1334 2699 sancto
1353 2641 1464 2712 Spiritu
1488 2648 1538 2697 tuo
1562 2652 1600 2696 ex
1616 2644 1643 2694 te
1660 2650 1724 2709 pro·

78 2736 123 2787 st:
148 2730 240 2786 lilius
261 2744 320 2787 non
343 2743 380 2788 ex
452 2729 584 2788 dbaritas
610 2729 671 2798 liei,
704 2744 764 2802 qua
793 2744 824 2788 se
876 2725 949 2785 lecto
971 2736 1001 2786 et
1024 2743 1076 2801 per
1090 2743 1157 2787 eum
1181 2731 1276 2787 misso.
1291 2751 1306 2780 o
1332 2731 1420 2788 ltern:
1437 2730 1513 2785 «lix
1538 2735 1564 2785 te
1585 2740 1635 2798 per
1656 2732 1724 2782 eum

79 2831 129 2889 pao
151 2827 307 2888 natusest,
330 2819 379 2876 sed
416 2834 467 2890 per
499 2828 647 2877 creaturas
681 2819 718 2878 ad
753 2819 820 2876 eile-
878 2814 1002 2887 Spiritus
1026 2825 1144 2876 sanctus
1167 2825 1236 2877 tuus
1259 2826 1311 2876 est.
1334 2839 1349 2868 »
1374 2819 1466 2876 Item:
1484 2837 1499 2869 «
1514 2815 1619 2873 Filium
1641 2822 1724 2872 tuum

79 2915 123 2966 tre
146 2916 233 2965 natus
255 2915 298 2964 est
317 2922 383 2980 pro·
420 2900 499 2965 ctum
533 2908 673 2973 extendit,
716 2907 745 2966 id
782 2915 825 2966 est
840 2894 862 2953 G
878 2918 938 2962 una
963 2912 1057 2963 tecum
1080 2907 1209 2976 adorem,
1232 2914 1367 2966 sanctum
1388 2906 1528 2979 Spiritum
1553 2912 1647 2972 tuum,
1670 2899 1723 2972 qui

79 3010 123 3053 ton
143 2997 315 3068 intempore
333 2997 382 3054 sed
418 2996 496 3053 bona
523 2997 587 3069 eius
608 3011 679 3070 erga
703 3011 752 3055 eas
774 3011 822 3055 vo·
877 3001 1018 3066 exteper
1032 2996 1215 3067 unigenitum
1231 3004 1316 3054 tuum
1330 3004 1383 3065 est,
1399 3008 1575 3068 promerear.
1593 3014 1605 3042 ι
1620 2992 1656 3048 Et
1671 2989 1727 3046 boc

79 3098 95 3156 ·,
115 3098 174 3142 non
197 3085 314 3143 aliunde
332 3084 381 3142 sed
417 3085 525 3149 luntas.
546 3093 605 3143 tarn
636 3087 666 3143 in
692 3085 734 3143 eis
756 3099 822 3143 eon·
878 3081 997 3140 tortasse
1024 3084 1108 3141 modo
1123 3084 1148 3142 si
1176 3085 1267 3144 asolo
1296 3087 1379 3144 Patre
1405 3085 1560 3157 procedere
1586 3077 1725 3154 Spiritum

79 3186 91 3231 t
117 3173 293 3240 substantia,
321 3188 380 3230 non
416 3174 519 3232 dennis
544 3188 635 3246 quam
665 3175 823 3247 disponcn·
877 3169 965 3228 Graeoi
982 3171 1155 3246 intelligant,
1180 3189 1214 3232 eo
1238 3174 1370 3232 videlicet
1388 3175 1468 3246 quod
1488 3173 1531 3230 sic
1544 3171 1580 3230 ab
1604 3171 1664 3242 ipso
1685 3167 1723 3224 sit

79 3263 181 3320 nased
195 3264 231 3320 de
245 3276 299 3320 sua
314 3276 376 3333 pro·
415 3262 471 3331 dis,
504 3276 564 3334 qua
593 3263 724 3321 videlicet
747 3265 824 3321 bens
878 3261 996 3331 quasia
1017 3277 1131 3320 summo
1153 3272 1183 3321 et
1200 3278 1259 3323 non
1280 3263 1472 3322 existenteab
1491 3263 1558 3332 atio,
1581 3260 1723 3320 nullacst

79 3351 106 3409 lt
127 3365 207 3422 vero,
233 3352 257 3408 si
280 3352 378 3409 eodeni
417 3366 474 3408 non
498 3350 594 3409 solum
617 3352 725 3410 bonum
748 3352 822 3422 vult,
877 3350 1026 3407 sententia
1055 3354 1261 3420 controversia,
1295 3353 1344 3410 sed
1371 3351 1527 3410 verborum
1561 3349 1730 3408 (iilttiiiiiib⁸

79 3447 107 3498 et
128 3440 159 3497 in
189 3440 259 3498 Filio
292 3449 319 3497 et
348 3442 379 3498 in
415 3440 576 3498 sedetiam
603 3441 684 3507 bene.
715 3448 748 3499 ut
768 3455 824 3500 ra·
877 3433 993 3494 Certum
1020 3440 1126 3511 quippe
1150 3449 1193 3498 est
1216 3450 1244 3499 et
1258 3443 1349 3499 solam
1377 3455 1529 3513 personam
1548 3439 1644 3497 Patris
1669 3436 1733 3494 boc:

79 3538 205 3587 isaacio
239 3530 382 3600 accipitur
418 3530 534 3600 tionalis
567 3537 754 3599 monstretur,
787 3545 823 3590 ex
877 3524 961 3582 niodo
986 3540 1132 3586 summam
1155 3530 1258 3588 debere
1288 3531 1451 3603 predicari,
1473 3536 1501 3588 ct
1524 3527 1668 3600 Spiritum-
1687 3525 1734 3582 ab'

79 3632 98 3693 t,
121 3633 189 3677 cum
206 3617 252 3675 bic
272 3619 380 3677 scilicet
417 3620 500 3677 Patre
533 3620 683 3691 procedere
717 3619 827 3678 dicitur
875 3611 1069 3687 institiaeque
1093 3631 1155 3675 esse
1177 3619 1251 3676 sicut
1272 3632 1291 3675 a
1316 3619 1398 3687 Filio,
1419 3619 1472 3691 qui
1495 3618 1587 3690 ipsius
1607 3620 1724 3690 quoque

79 3706 179 3762 enasci
199 3718 237 3762 ex
255 3706 339 3763 Patre
351 3712 379 3762 et
415 3713 443 3762 et
472 3704 554 3772 Filio,
568 3704 623 3762 boo
640 3713 683 3762 est
707 3704 738 3761 in
768 3703 823 3761 illis
876 3701 950 3759 sicut
960 3711 988 3760 et
1002 3704 1068 3761 Filii
1083 3706 1207 3777 Spiritus
1221 3707 1337 3765 dicitur.

79 3794 181 3865 noprie
228 3794 379 3865 procedere
415 3793 499 3865 quasi
512 3793 704 3865 primordium
716 3800 744 3850 et
758 3806 824 3851 eeu·
912 3790 995 3856 duod
1009 3807 1076 3851 vero
1100 3794 1237 3852 nonnulli
1259 3802 1415 3853 morentur
1438 3809 1476 3852 ex
1503 3810 1535 3853 eo
1551 3796 1629 3868 quod
1653 3793 1731 3852 dici·'

79 3896 143 3939 *ex
170 3882 253 3940 Patre
274 3891 302 3940 et
325 3884 381 3940 tale
418 3896 480 3940 sam
503 3897 564 3940 suae
589 3883 749 3940 existentias
771 3883 831 3939 ba·'
877 3894 943 3938 mus
956 3881 1062 3940 Filium
1078 3896 1095 3940 a
1110 3884 1193 3941 Patre
1215 3898 1265 3955 per
1279 3885 1493 3957 generationem
1517 3899 1587 3954 esse,
1609 3893 1638 3942 et
1659 3884 1742 3964 8ρί··χ

79 3981 131 4026 ere
150 3969 264 4040 propria
290 3982 325 4025 ac
353 3969 375 4026 si
414 3970 489 4037 bere,
515 3984 584 4027 cum
620 3983 656 4027 ex
684 3984 717 4026 eo
745 3970 829 4027 Deus.
876 3971 966 4033 ritum
982 3974 1096 4029 aPatre
1117 3973 1264 4030 ataniiio
1282 3981 1335 4045 ’ρετ
1360 3974 1581 4046 processionem,
1608 3988 1664 4030 nee
1679 3969 1731 4056 αὖ·

80 4070 116 4114 ur
173 4057 380 4128 principaliter.
415 4059 597 4118 rationaliter
632 4058 700 4116 velit
731 4058 820 4130 quid·
876 4060 1018 4119 menideo
1040 4061 1154 4118 Patrem
1178 4076 1229 4134 per
1247 4062 1430 4120 existentiam
1452 4062 1577 4134 priorem
1598 4077 1658 4121 esse
1678 4056 1730 4120 lii-²

79 4144 120 4203 »do
145 4145 251 4204 Fdium
268 4161 304 4204 ex
327 4148 379 4204 Pa·
417 4147 487 4219 quid
520 4148 556 4205 de
588 4147 744 4206 condendis
775 4147 923 4226 velplio,
941 4150 985 4207 vel
1013 4150 1126 4207 Patrem
1149 4158 1200 4207 aut
1226 4150 1334 4209 Filium
1362 4151 1471 4223 Spiritu
1489 4159 1605 4210 sancto:
1630 4151 1725 4226 potest

79 4233 255 4305 rincipaliter
299 4236 380 4294 nasci
416 4237 605 4308 disponendis
619 4237 762 4295 creaturis
777 4237 821 4294 in·
877 4252 914 4295 ex
930 4237 1090 4297 multorum
1116 4239 1308 4298 similitudine
1331 4241 1531 4312 exemplorum
1547 4239 1647 4298 refelli.
1675 4240 1730 4299 So·'

79 4335 196 4388 tecum
214 4338 302 4382 exeo
320 4327 380 4383 solo
417 4327 523 4390 stituit,
556 4328 626 4398 quia
659 4334 688 4384 et
723 4336 820 4398 poten·
876 4326 1216 4400 lisquippesubstantia
1241 4337 1270 4387 et
1292 4329 1443 4401 splendida
1468 4337 1553 4388 estet
1573 4329 1728 4387 illumina-1

79 4410 132 4469 titt
145 4412 204 4469 nisi
223 4413 294 4471 lorte
308 4429 376 4472 cum
414 4415 484 4472 tiam
504 4422 531 4472 et
551 4415 698 4473 solertiam
724 4415 754 4472 in
778 4416 832 4472 bis>
876 4416 953 4486 bilis,
979 4418 1067 4475 idest
1095 4426 1195 4489 potens
1220 4417 1384 4476 illuminare
1410 4418 1543 4491 aliquid;
1564 4426 1592 4476 et
1606 4416 1733 4476 cum'sit·

109 4503 208 4560 statim
245 4503 376 4561 additum
413 4503 459 4562 vel
481 4504 637 4562 condendis
658 4504 704 4562 vel
726 4505 821 4577 dispo·
876 4505 1015 4577 splendor.
1042 4519 1079 4564 ex
1112 4505 1171 4564 sole
1203 4514 1231 4564 et
1265 4506 1498 4565 illuminabilitas
1529 4521 1567 4564 ex
1596 4506 1654 4565 sole
1683 4504 1725 4564 si-

79 4590 298 4662 .temporaliter
327 4594 376 4650 sed
413 4593 515 4652 nendis
547 4594 666 4668 plenam
701 4594 819 4658 obtinet,
875 4592 936 4651 mul
964 4602 1004 4651 et,
1032 4593 1193 4665 splendore,
1226 4609 1382 4667 nunquam
1419 4602 1513 4654 tamen
1546 4594 1660 4667 aliquid
1686 4608 1724 4652 ex

79 4684 230 4749 &respectu
245 4687 358 4750 tempo·
705 4677 708 4682 ’
875 4682 921 4740 bis
950 4682 1044 4740 tribus
1071 4697 1122 4756 per
1146 4683 1332 4742 existentiam
1371 4684 1483 4757 aliquid
1511 4685 1617 4742 borum
1655 4687 1730 4757 prte‘

79 4767 252 4825 onerationis
272 4768 401 4839 ejusdcm
425 4768 490 4827 Filii
515 4769 544 4827 id
571 4769 682 4830 dictum
708 4768 753 4838 sit,
784 4774 818 4827 ut
875 4773 1002 4831 cesserit.

79 4863 105 4913 ct
126 4856 187 4913 boso
209 4857 378 4929 principalis
390 4866 417 4916 εῖ
432 4860 526 4932 prima
539 4861 576 4917 sit
591 4875 657 4932 quse
675 4866 718 4916 est
732 4867 819 4916 aeter-
910 4861 975 4930 Sed,
989 4869 1016 4920 et
1030 4862 1053 4920 si
1067 4863 1134 4934 quis
1149 4862 1228 4920 illam
1253 4862 1480 4934 pbilosopbioam
1501 4863 1657 4922 Platonicae
1680 4877 1726 4922 ra·

79 4959 197 5015 nquam
221 4945 257 5002 ab
277 4948 441 5017 squalitate
469 4948 562 5005 Patris
583 4963 642 5005 non
662 4947 817 5016 receditur,
875 4951 961 5008 tinnis
986 4952 1243 5008 considerationem
1269 4953 1358 5010 altius
1385 4952 1527 5024 inspiciat,
1551 4968 1617 5026 quae
1643 4954 1723 5012 vide·

79 5045 115 5090 tro
137 5035 222 5105 quasi
246 5036 385 5106 posterior
407 5045 436 5093 εῖ
463 5037 629 5108 temporalis
657 5037 818 5094 secundum
873 5038 938 5097 licet
959 5040 994 5097 de
1010 5041 1067 5097 lieo
1086 5040 1186 5111 opilioe
1202 5042 1238 5098 ad
1258 5042 1477 5100 similitudinem
1500 5044 1665 5116 quamdam·
1678 5059 1725 5102 so-

79 5123 171 5181 minor
185 5124 270 5181 Patre
284 5123 374 5181 Filius
394 5125 452 5195 ipse
476 5126 594 5183 dicitur.
619 5128 776 5184 Possumus
790 5133 818 5183 et
873 5129 953 5186 lertia
981 5129 1101 5187 artificis
1124 5131 1193 5202 agit,
1218 5132 1446 5202 praemeditantis
1471 5132 1581 5190 scilicet
1601 5142 1630 5192 et
1650 5132 1722 5192 libe-

83 5210 114 5268 in
149 5227 183 5269 eo
205 5213 313 5270 Filium
336 5227 374 5270 ex
395 5216 480 5271 Patre
495 5215 607 5286 proprie
626 5221 729 5272 natum
756 5228 818 5272 csse
872 5219 965 5277 rantis
984 5230 1022 5274 ea
1045 5232 1111 5288 quae
1129 5217 1259 5277 iacturus
1280 5228 1332 5288 est,
1356 5234 1392 5277 ne
1420 5220 1491 5292 quid
1519 5220 1723 5280 inconvenien-

80 5299 186 5370 nitum,
206 5303 292 5374 ‘qnod
316 5303 459 5360 naturalis
482 5304 546 5374 ejus
571 5305 608 5361 sit
633 5304 834 5376 Filius,'nbn'
873 5314 916 5363 ter
930 5313 1100 5378 componat,
1113 5313 1141 5364 ct
1156 5308 1237 5378 prius
1253 5309 1371 5381 'singula
1396 5308 1506 5368 ratione
1529 5325 1620 5383 quarn
1635 5303 1731 5384 opera

79 5461 357 5550 ‚pdn'nugu'stinnm
373 5474 476 5536 donant
489 5474 638 5537 commune.
665 5475 688 5480 ”
736 5470 740 5480 '
