3804 5962
106 213 160 269 4111

398 211 499 267 rotat
517 213 702 269 tsmtanot
722 209 799 269 OPP.
819 211 907 268 etos
925 212 961 268 11.
981 240 1016 254 -
1034 210 1220 271 SERMONES
1238 211 1283 267 ΕΤ
1302 207 1423 266 OPUSC.
1443 208 1565 265 ASCET.

1805 206 1857 259 tto

104 338 180 409 (isat.
205 351 285 404 xviii,
301 338 339 403 t).
364 336 423 392 iloc
458 343 554 393 autem
572 342 688 407 propter
716 335 869 393 Persarum
886 351 956 409 gen·
971 337 995 392 Α
1012 337 1085 408 buit,
1113 333 1377 399 demonstrandam,
1400 345 1470 390 vera
1497 331 1548 389 illa
1575 329 1788 389 columhalicet
1805 345 1856 387 no·

100 434 158 486 tom
186 425 351 494 terribilem,
385 433 413 482 et
430 425 515 496 cujus
540 424 672 496 potentia
700 424 800 482 nullus
832 427 955 497 populus

102 514 335 584 comparabatur.
352 515 391 570 Ile
413 513 457 569 bis
484 514 655 570 muneribus
682 522 709 571 et
729 515 837 570 David:
866 517 953 585 Reges

104 605 216 662 Tlturst's
239 615 264 658 et
291 604 399 670 insuta,
420 613 474 660 etc.
510 602 595 674 (Psoi.
633 617 710 667 tant,
743 602 794 676 10).
824 605 897 662 Nam
925 611 953 661 cl

101 708 202 766 magos
224 706 305 763 reges
335 691 436 749 habuit
463 692 573 749 Oriens.
608 691 682 760 Quot
708 706 775 750 vero
807 694 850 749 isti
876 691 954 764 magi

103 782 219 848 tuerint,
235 795 272 837 er
293 794 414 837 numero
439 781 521 837 trinae
545 780 697 838 oblationis
713 790 770 839 tres
794 796 842 839 eos
867 782 954 840 tuisse

103 871 186 928 multi
209 870 416 940 suspirantum
431 884 498 927 cunt
525 870 692 927 hortamen
722 871 803 927 nulla
830 872 954 928 auctori·

102 966 161 1018 tate
171 959 327 1029 Scripturae
346 959 512 1027 deliniatur,
525 960 645 1031 etjuxta
673 960 727 1016 hoc
754 960 832 1032 quod
860 961 953 1030 Chry·

102 1056 244 1105 sostomus
274 1049 408 1119 superius
435 1049 534 1105 retulit
559 1048 711 1105 duodecim
741 1049 833 1120 magis
865 1049 952 1105 tuisse

100 1144 297 1194 memorentur
313 1154 321 1203 ;
335 1150 369 1191 ac
383 1137 407 1192 si
423 1137 483 1208 jam
501 1137 529 1193 iu
558 1137 626 1208 ipss
641 1136 771 1207 gentium
803 1137 947 1207 primitiis,

103 1225 187 1296 primi
214 1223 424 1295 discipulorum
468 1225 572 1283 Christi
608 1226 853 1298 praesignarentur
887 1239 953 1296 apo·

103 1312 178 1370 stoli.
208 1315 281 1370 cum
310 1322 404 1370 autem
439 1328 566 1384 praesens
592 1313 767 1380 solemnitas,
797 1323 830 1371 ut
861 1327 951 1385 supra

102 1401 296 1468 meminimus,
319 1417 375 1459 non
392 1402 484 1459 solum
501 1417 537 1459 ex
552 1404 731 1474 apparitione
754 1403 841 1460 stella
862 1405 952 1460 mira-

105 1490 180 1558 bilis,
210 1504 312 1546 nerum
340 1493 425 1548 etiam
456 1507 493 1549 ex
529 1492 675 1549 Ditmiuioo
714 1493 865 1564 baptismo,
905 1491 950 1548 vel

1008 427 1083 483 viter
1102 426 1186 491 lacta,
1202 437 1287 495 super
1301 438 1366 480 eum
1384 422 1519 479 insederit
1531 423 1617 491 juxta
1638 421 1708 477 illud
1734 421 1858 490 prophe·

1006 517 1096 574 ticum
1114 531 1120 570 ι
1137 515 1260 585 Spiritus
1280 516 1391 570 Domini
1409 527 1493 582 super
1520 527 1570 574 me,
1589 526 1618 566 eo
1643 511 1716 580 quod
1744 512 1857 565 unxerit

1007 621 1048 660 me
1072 621 1079 661 :
1105 605 1143 659 od
1169 603 1394 659 annuntiandum
1419 603 1569 656 mansuetis
1595 601 1672 654 misit
1698 615 1739 654 me
1772 601 1840 668 (lsai

1007 709 1063 760 txt,
1081 695 1115 762 l).
1132 694 1211 750 Unde
1225 700 1253 749 ct
1276 693 1348 749 bene
1377 692 1407 746 in
1431 688 1600 761 hujusmodi
1620 703 1683 757 are,
1709 703 1774 759 quae
1796 702 1853 757 pra

1007 786 1116 840 caeteris
1143 783 1172 838 iu
1200 788 1313 838 lantum
1338 779 1443 837 blanda
1460 789 1487 836 et
1514 787 1664 834 mausueta
1688 777 1854 833 essecredi·

1007 879 1064 940 tur,
1081 879 1114 928 ut
1126 869 1283 928 iracundiae
1303 870 1365 927 telle
1383 880 1480 926 carere
1493 868 1616 924 dicatur.
1632 869 1745 932 Quanta
1769 879 1852 921 man·

1006 961 1158 1018 suetudine
1173 960 1218 1017 vel
1244 959 1408 1015 innocentia
1428 959 1478 1014 ists
1505 959 1606 1028 Agnus
1633 957 1694 1023 Dei,
1717 954 1792 1010 sicut
1821 954 1855 1007 de

1006 1050 1065 1121 ipso
1094 1051 1222 1119 Baptista
1255 1056 1442 1119 protestatur,
1479 1048 1687 1117 praeminuerit,
1717 1043 1855 1100 universa

1005 1142 1068 1210 ejus
1080 1152 1166 1209 opera
1183 1138 1343 1209 loquuntur
1364 1143 1452 1206 atque
1468 1142 1619 1206 praecepta,
1649 1148 1715 1204 quae
1746 1139 1854 1187 tantam

1005 1230 1176 1287 suavitatem
1205 1227 1331 1284 redolent
1360 1225 1518 1284 charitatis.
1549 1234 1582 1282 ut
1601 1240 1654 1281 uec
1682 1221 1854 1281 inimicisli·

1006 1327 1067 1376 ceat
1080 1317 1173 1374 irasci.
1193 1317 1251 1375 Nec
1267 1316 1427 1386 putandum
1444 1323 1486 1372 est
1506 1316 1544 1370 ita
1559 1314 1696 1384 Spiritum
1721 1318 1853 1369 sanctum

1007 1408 1037 1466 iu
1064 1407 1155 1478 specio
1176 1405 1316 1462 columbae
1345 1405 1440 1460 visum
1460 1418 1529 1468 esse,
1544 1411 1575 1460 ut
1594 1402 1740 1459 ullatenus
1767 1401 1792 1456 ei
1816 1400 1855 1456 in.

1006 1500 1219 1566 corporaretur,
1240 1500 1291 1548 aut
1305 1492 1333 1546 in
1343 1505 1491 1561 personam
1512 1491 1668 1546 uniretur:
1687 1489 1736 1544 sed
1751 1487 1843 1544 solnm

106 1579 275 1649 nuptiarum
306 1579 446 1637 miraculo
464 1581 606 1637 habeatur
627 1580 759 1651 insignis,
773 1581 857 1652 jurat
871 1586 898 1637 et
916 1580 951 1636 de
967 1605 989 1660 g
1006 1584 1091 1640 modo
1107 1596 1141 1638 ea
1156 1595 1242 1638 usum
1262 1594 1323 1637 esse
1348 1594 1399 1650 pro
1418 1579 1511 1651 signo,
1533 1579 1608 1635 sicut
1622 1586 1649 1635 et
1665 1577 1774 1648 linguis
1799 1576 1855 1631 illis

103 1666 166 1723 istis
183 1679 275 1736 pauca
291 1682 450 1725 memorare
478 1669 506 1724 in
524 1668 611 1739 hujus
632 1669 763 1725 maxima
784 1668 841 1724 diei
853 1667 949 1724 laude.

138 1756 253 1810 Factum
271 1761 320 1824 est,
347 1757 441 1827 iuquit
468 1757 655 1828 evangelista,
680 1773 740 1812 cum
764 1757 951 1827 baptizaretur

103 1845 189 1900 omnis
202 1845 331 1914 popolus,
352 1851 378 1900 et
404 1848 469 1901 testi
496 1847 633 1916 baptizato
647 1851 673 1900 et
691 1851 796 1912 oronte,
825 1850 951 1916 apertum

103 1937 145 1988 est
167 1933 272 2000 culum,
304 1939 330 1988 et
362 1935 503 1990 descendit
530 1936 652 2005 Spiritus
676 1943 786 1990 sauctus
813 1935 951 2004 corporati

102 2023 192 2091 speeie
212 2024 283 2077 sicot
299 2023 423 2079 columbo
440 2026 468 2079 ia
498 2026 600 2094 ipsunt.
617 2027 652 2080 Et
672 2041 725 2079 eoo
748 2025 952 2092 desolatorio

103 2114 155 2175 est,
167 2110 281 2166 diceas:
298 2113 375 2166 Tuos
396 2114 484 2169 Filius
504 2128 578 2169 meus
600 2114 771 2181 dilatatam
789 2119 815 2169 le
829 2114 952 2184 complo-

104 2201 150 2256 rat
168 2201 244 2272 (hirc.
276 2214 318 2268 nr,
341 2200 398 2272 st).
427 2201 508 2269 Quod
538 2202 678 2259 hominus
696 2217 763 2258 curn
793 2202 897 2273 populo
916 2202 952 2258 ad

104 2288 280 2359 baptismum
299 2291 422 2359 venerit,
448 2291 492 2347 vel
522 2294 596 2347 inter
624 2292 726 2348 turbas
754 2291 893 2363 diguatus
916 2292 952 2346 sit

105 2376 255 2448 baptizari,
280 2391 421 2449 magnum
444 2387 486 2435 est
510 2379 681 2435 humilitatis
700 2379 850 2447 iudicium,
866 2390 953 2450 atque

105 2478 268 2535 congruum
286 2467 410 2535 mysterii
422 2467 549 2538 signum.
582 2469 742 2538 baptizatus
765 2469 873 2540 quippe
885 2483 952 2525 cunt

105 2555 226 2620 caeteris,
244 2567 430 2626 nequaquam
447 2555 636 2613 circumcisus
659 2556 745 2613 tuisse
766 2557 872 2628 legitur
887 2570 952 2613 oum

106 2642 180 2698 aliis.
197 2644 241 2699 Ex
272 2657 330 2714 quo
357 2659 414 2701 nou
440 2644 600 2702 absurdum
623 2655 665 2701 est
689 2645 876 2717 presignare,
896 2656 954 2699 non

104 2729 165 2802 jam
184 2731 287 2801 populo
317 2733 367 2789 Dei
394 2732 642 2790 circumcisionem
672 2732 861 2790 necessariam
894 2745 954 2788 esse

1005 1672 1107 1745 igneis,
1123 1670 1231 1742 quibus
1252 1683 1339 1740 super
1359 1668 1500 1738 apostolos
1513 1676 1644 1725 ostensus
1670 1673 1722 1734 est,
1750 1665 1855 1731 Unde,-

1005 1769 1033 1818 et
1053 1761 1152 1817 beatus
1176 1759 1307 1815 meminit
1334 1758 1517 1828 Augustinus
1548 1755 1667 1827 (ot-ss),
1700 1769 1852 1825 nunquam

1005 1848 1144 1919 Spiritum
1159 1854 1291 1903 sanetum
1307 1848 1389 1902 Patre
1405 1846 1544 1902 minorem
1561 1844 1618 1901 disi
1646 1844 1779 1916 legimus,
1810 1857 1852 1898 se-

1005 1937 1133 1994 cundum
1163 1936 1288 2007 aliquem
1319 1934 1456 1991 unionem
1496 1941 1632 1990 naturae:
1658 1947 1725 1990 oum
1755 1941 1852 1988 tamen

1007 2026 1095 2084 Filius
1124 2025 1284 2082 secundum
1307 2021 1499 2080 humanitatis
1538 2022 1773 2092 assumptionem,
1801 2021 1853 2074 Pa·

1007 2123 1078 2172 trem
1112 2129 1141 2170 se
1174 2114 1312 2184 maiorem
1344 2126 1405 2168 esse
1441 2118 1570 2168 testetur.
1595 2109 1735 2166 Colttmba
1768 2121 1854 2178 super

1008 2203 1162 2260 bominum
1179 2201 1329 2265 insidente,
1344 2208 1372 2256 et
1396 2214 1462 2256 eum
1479 2214 1496 2255 a
1512 2200 1620 2256 caeteris
1646 2197 1702 2254 dist
1715 2205 1852 2268 nguente,

1006 2300 1034 2349 et
1059 2300 1199 2362 tanquam
1225 2290 1314 2361 digito
1340 2303 1404 2354 suo,
1434 2287 1484 2360 qui
1526 2287 1649 2358 Spiritus
1673 2285 1853 2357 intelligitur,

1007 2382 1089 2437 Patre
1104 2380 1199 2450 ipsum
1214 2378 1438 2445 demonstrante,
1463 2391 1520 2433 vox
1539 2377 1663 2446 desuper
1690 2375 1782 2430 Patris
1806 2388 1855 2429 au-

1007 2469 1067 2525 dita
1094 2475 1144 2524 est.
1173 2466 1242 2534 011ae
1269 2467 1386 2537 quidem
1413 2479 1467 2522 von
1497 2465 1526 2521 in
1550 2477 1670 2535 persona
1705 2463 1797 2519 Patris
1827 2464 1854 2516 in

1008 2571 1073 2614 aere
1100 2557 1175 2613 lacta
1198 2563 1240 2611 est
1261 2555 1321 2611 sive
1349 2568 1400 2624 per
1422 2554 1568 2625 angeium,
1595 2553 1654 2609 sive
1678 2565 1853 2622 quocunque

1008 2646 1064 2702 alio
1087 2644 1171 2702 modo
1196 2644 1328 2699 lormata.
1358 2642 1508 2698 Nonenim
1530 2643 1614 2697 Pater
1635 2655 1741 2710 corpus
1759 2640 1854 2703 habet,

1008 2742 1058 2790 aut
1073 2733 1168 2804 ipsum
1185 2745 1316 2803 uuquam
1327 2729 1459 2798 assumit,
1480 2736 1513 2786 ut
1532 2729 1732 2799 corporalibus
1748 2729 1855 2784 iustru-

105 2821 180 2877 sicut
196 2821 328 2891 baptismi
340 2831 563 2889 sacramentum,
593 2822 671 2894 quod
699 2829 810 2879 constat
833 2834 952 2891 genera·
971 2845 992 2903 ρ
1010 2822 1113 2879 mentis
1129 2823 1188 2892 ipss
1209 2835 1308 2878 vocem
1332 2821 1456 2877 tornare
1478 2821 1576 2889 possit.
1605 2818 1763 2889 Diligenter
1788 2830 1856 2871 reru

105 2907 171 2965 liter
186 2911 297 2966 cunctis
313 2911 349 2966 ab
371 2911 433 2981 ipso
446 2912 611 2968 institutum
627 2925 697 2966 osse.
730 2911 809 2974 Quod
826 2910 953 2979 baptiza-

106 2997 201 3054 tusad
225 3000 383 3054 orationem
410 3012 440 3054 se
463 2999 614 3066 convertit,
643 2998 738 3054 innuit
763 3004 892 3069 patenter
911 2999 955 3054 his

105 3085 157 3156 qul
182 3086 314 3157 baptizati
331 3094 399 3142 sunt
423 3100 535 3156 semper
560 3086 754 3143 necessarium
778 3102 839 3144 esse
872 3101 953 3158 opem

105 3174 235 3231 divinam
247 3175 402 3245 postulare,
418 3183 451 3231 ιιι
467 3175 495 3230 iu
510 3188 544 3230 ea
563 3190 651 3246 quarn
679 3184 874 3249 perceperunt
888 3189 953 3232 san·

106 3261 278 3319 ctidcatione
300 3262 417 3319 valeant
439 3276 619 3334 permanere,
648 3271 677 3321 et
712 3266 753 3321 sic
773 3265 826 3321 sibi
848 3263 954 3336 aperiri

105 3349 228 3420 ianuam
244 3351 366 3407 coelestis
385 3352 460 3408 vitae.
477 3352 556 3420 Qttod
571 3353 666 3409 statim
698 3353 872 3420 declaratur,
888 3367 955 3409 curn

105 3453 139 3496 eo
154 3439 295 3510 baptizato
318 3447 346 3496 et
369 3448 478 3506 orante,
508 3441 570 3497 ooeli
599 3440 704 3511 aperiri
722 3441 899 3509 releruntur,
928 3450 956 3499 et

106 3528 232 3601 Spiritus
287 3528 456 3585 descendere
497 3538 748 3586 commensuratur.
793 3530 956 3601 Baptismus

105 3619 215 3690 quippe
243 3616 329 3674 coelos
370 3624 487 3685 reserat,
517 3626 544 3674 et
585 3619 803 3689 perseverantia
831 3621 954 3690 gratiam

107 3706 294 3763 orationobis
318 3707 461 3777 impetrat.
487 3706 583 3764 blultis
610 3721 677 3764 cum
701 3708 768 3765 lesu
795 3708 954 3777 baptizatis,

107 3798 215 3866 pariter
235 3809 317 3852 uerno
341 3808 382 3852 est
406 3803 509 3865 praeter
531 3810 609 3863 eum,
635 3809 724 3868 super
749 3811 834 3867 quern
850 3796 956 3867 aperiri

105 3885 220 3950 coelttm,
240 3885 285 3942 vel
311 3884 435 3954 Spiritus
461 3885 633 3942 descendero
660 3894 857 3941 memoretur:
885 3886 955 3957 quia

105 3975 276 4046 quicunque
290 3973 320 4031 iu
337 3988 454 4043 corpure
472 3974 545 4044 ejus,
567 3974 643 4045 quod
674 3982 717 4031 est
738 3974 876 4041 Ecclesia,
897 3988 955 4031 mm

1009 2912 1117 2967 dictum
1136 2918 1188 2977 est,
1209 2925 1266 2966 non
1283 2910 1313 2966 in
1332 2924 1390 2980 quo
1407 2909 1525 2980 placuit,
1541 2908 1628 2964 sedin
1645 2922 1704 2978 quo
1729 2905 1857 2975 compla-

1010 3002 1079 3068 cuit,
1096 3008 1128 3057 ut
1142 3014 1200 3056 non
1230 3000 1322 3056 solum
1341 3004 1428 3070 caput
1457 2997 1550 3067 ipsum
1568 2996 1621 3052 sibi
1650 2996 1761 3066 placere
1788 2995 1856 3050 insl-

1008 3095 1088 3155 nuet,
1110 3088 1159 3145 sed
1178 3103 1244 3145 curu
1271 3088 1332 3158 ipso
1356 3088 1443 3144 etiarn
1470 3100 1504 3142 ac
1530 3099 1580 3155 per
1608 3085 1703 3156 ipsum
1728 3083 1858 3140 membra

1009 3179 1073 3250 ejus
1092 3177 1237 3249 gratasibi
1257 3177 1416 3233 denuntiet.

1045 3267 1141 3323 Restat
1160 3266 1286 3337 denique
1301 3265 1413 3321 tertiam
1440 3261 1595 3319 Dominirae
1619 3259 1858 3318 manifestationis

1009 3355 1227 3427 apparitionem,
1249 3356 1277 3410 in
1292 3353 1430 3410 miraculo
1454 3350 1560 3408 seilicet
1590 3351 1772 3421 nuptiarum,
1790 3350 1857 3406 hre-

1009 3445 1084 3500 viter
1107 3442 1358 3513 comprehendere.
1378 3443 1416 3498 [ie
1444 3453 1503 3510 quo
1519 3439 1634 3508 quidem
1664 3440 1789 3494 ioannes
1817 3452 1858 3492 re·

1009 3533 1063 3591 lert
1083 3535 1173 3606 (toea.
1195 3548 1214 3599 1,
1239 3532 1297 3601 43),
1326 3531 1403 3601 quod
1427 3539 1489 3600 post
1524 3529 1703 3585 vocationem
1733 3525 1857 3594 Philippi

1009 3623 1055 3679 die
1085 3623 1178 3689 tertio,
1199 3621 1236 3676 ab
1265 3621 1319 3675 hac
1334 3619 1465 3676 videlicet
1487 3619 1550 3690 ejus
1578 3616 1727 3673 roratione
1747 3615 1858 3685 nuptiae

1010 3711 1180 3777 lactaesunt,
1196 3711 1231 3765 ad
1248 3722 1323 3780 quas
1339 3708 1420 3764 iesus
1446 3716 1473 3764 et
1500 3705 1632 3776 discipuli
1658 3704 1722 3774 ejus
1751 3717 1856 3760 convo·

1008 3802 1064 3858 cati
1080 3801 1206 3858 luerunt.
1223 3798 1303 3867 Quod
1314 3805 1410 3853 autem
1425 3794 1605 3852 Dominusad
1621 3793 1740 3863 nuptias
1756 3794 1856 3848 venire

1010 3891 1215 3962 dignatusest,
1230 3897 1257 3945 et
1273 3901 1321 3943 eas
1343 3894 1400 3941 tam
1416 3886 1567 3956 praesentia
1590 3886 1646 3951 sui,
1660 3896 1749 3955 quarn
1772 3882 1857 3939 hene-

1010 3979 1074 4034 holo
1104 3977 1234 4034 miraculi
1261 3976 1407 4042 decorare,
1433 3989 1534 4031 eorum
1567 3973 1697 4029 haeresim
1727 3979 1859 4042 pale-uter

105 4064 301 4131 continentur,
326 4071 384 4119 tarn
406 4076 423 4117 a
442 4061 535 4132 janua
561 4062 624 4118 coeli
650 4076 765 4134 quama
791 4064 885 4134 gratia
905 4062 956 4120 liei
973 4085 994 4142 [ι
1010 4068 1128 4124 damnat
1152 4065 1202 4137 qui
1232 4064 1349 4134 nuptias
1368 4064 1516 4119 damnant.
1536 4062 1609 4118 Sunt
1629 4059 1760 4118 nonnulli
1776 4060 1858 4116 oleri·

106 4161 174 4211 sunt
188 4152 308 4208 exclusi.
326 4151 410 4208 Solus
431 4150 539 4221 quippe
569 4150 627 4222 ipse
654 4160 696 4207 est
723 4151 775 4223 qui
803 4153 905 4222 aperit,
927 4161 956 4209 st

104 4256 189 4298 nomo
202 4241 320 4306 claudit,
339 4254 489 4310 perquem
508 4254 748 4312 unumquemque
778 4241 952 4298 salvandum

105 4330 143 4386 ad
158 4329 245 4385 vitam
263 4328 374 4399 ingredi
389 4343 503 4386 neeesse
518 4337 572 4386 est.

141 4416 329 4473 [loculumba
352 4424 459 4488 autem,
484 4419 512 4473 in
542 4432 601 4488 qua
620 4419 744 4489 Spiritus
775 4426 893 4476 sanctus
917 4419 953 4474 o-

107 4513 229 4581 goratus
257 4507 429 4574 ostenditur,
471 4507 544 4563 sieut
571 4510 648 4562 etde
684 4508 775 4575 stella,
806 4507 954 4564 sciendum

104 4604 157 4666 ast,
184 4609 221 4652 ex
250 4595 398 4653 elementis
428 4595 534 4653 seilicet
564 4603 661 4653 ereata
691 4597 805 4652 noviter
829 4604 955 4668 utraque

106 4685 272 4742 credatur:
296 4698 362 4756 qua
390 4684 483 4741 olllrio
510 4697 562 4741 suo
588 4685 623 4740 ad
652 4683 731 4755 ipuod
758 4691 861 4740 creatae
885 4693 955 4741 sunt

105 4774 247 4846 completo
274 4787 335 4830 esse
366 4773 523 4840 desierunt,
561 4772 590 4829 iu
618 4772 759 4829 elementa
787 4773 848 4843 ipsa
878 4786 952 4830 reso.

103 4862 183 4919 luta.
201 4862 324 4932 Spiritus
347 4869 453 4926 autem,
483 4862 535 4933 qui
565 4875 614 4931 per
636 4861 819 4932 presentiam
845 4861 952 4917 divini-

104 4951 172 5007 tatis
189 4950 362 5021 ubiqueest,
380 4965 432 5007 neo
459 4950 587 5006 localiter
610 4963 759 5020 quoquam
782 4950 952 5008 descendere

104 5045 194 5110 potest
218 5038 247 5094 in
276 5053 330 5096 soa
355 5039 528 5109 incorporali
554 5038 825 5109 substantiamque
852 5039 952 5096 invisi·

105 5126 167 5196 bili,
191 5125 296 5183 dicitur
318 5133 413 5183 tamen
430 5127 608 5184 descendisse
634 5140 722 5198 super
742 5127 896 5184 Dominum
924 5128 952 5183 in

102 5214 196 5286 specie
215 5213 357 5285 corporali
379 5216 455 5272 sicut
481 5215 640 5272 columba:
669 5229 702 5272 eo
727 5216 860 5272 videlieet
874 5216 951 5286 quod

103 5303 141 5360 ad
157 5302 364 5374 plenitudinem
383 5302 507 5375 Spiritus
529 5305 631 5373 sancti,
659 5317 749 5378 quam
772 5315 882 5375 semper
897 5303 952 5360 ha·

146 5443 246 5498 ‘os-ott·
264 5446 354 5500 serm.
369 5445 433 5509 iol,
452 5446 525 5501 Patr.
541 5451 559 5500 t.
578 5444 611 5511 ι’,
632 5447 685 5500 sol.
705 5448 780 5500 tois.

1012 4170 1121 4223 corum,
1138 4154 1190 4225 qui
1207 4153 1260 4209 hoc
1276 4153 1368 4223 ipsum
1385 4152 1497 4208 bontini
1514 4151 1620 4207 lactum
1639 4151 1666 4206 in
1692 4148 1856 4218 exemplum

1011 4245 1153 4310 trahente,
1183 4241 1299 4298 moleste
1326 4241 1490 4305 sustinent,
1519 4251 1546 4296 et
1577 4239 1705 4312 graviter
1737 4238 1856 4306 ierunt,

1010 4333 1088 4405 quod
1103 4332 1137 4388 ad
1153 4330 1319 4387 convivium
1334 4331 1501 4400 nuptiarum
1518 4339 1684 4385 sanctorum
1699 4329 1857 4384 auctoritas

1011 4422 1127 4477 Parrum
1145 4431 1261 4490 parcere
1281 4418 1407 4474 decrevit
1435 4424 1523 4487 atque
1544 4417 1685 4481 inhibere,
1718 4430 1774 4471 non
1789 4415 1857 4486 qni-

1008 4510 1072 4566 dem
1088 4509 1266 4565 attendentes
1282 4506 1423 4562 hominus
1442 4519 1502 4576 qua
1519 4506 1589 4563 illud
1605 4505 1715 4561 ratione
1726 4505 1856 4575 gesserit,

1008 4608 1036 4656 et
1060 4596 1137 4670 quod
1157 4603 1319 4667 opportune
1343 4594 1396 4651 hoc
1419 4594 1504 4651 eliam
1534 4594 1714 4665 posmodum
1735 4593 1857 4648 interdi-

1009 4696 1087 4745 ctum
1107 4686 1153 4742 sit.
1170 4686 1230 4741 Nun
1244 4691 1278 4741 ut
1292 4684 1460 4740 carnalibus
1473 4684 1547 4740 escis
1561 4696 1591 4739 se
1619 4683 1783 4753 compleret,
1809 4695 1857 4737 re·

1008 4774 1169 4847 nilquipps
1183 4773 1219 4830 ad
1234 4773 1351 4844 nuptias
1370 4772 1520 4841 hominus,
1536 4772 1587 4844 qui
1605 4773 1687 4828 nulla
1703 4771 1858 4828 tentatione

1006 4863 1179 4923 commoveri
1213 4870 1332 4932 poterat,
1359 4863 1405 4918 sed
1432 4870 1464 4918 ιιι
1492 4862 1644 4933 praesentia
1682 4859 1728 4916 sui
1765 4859 1859 4930 magis

1007 4952 1208 5020 sanctitlearet,
1230 4959 1258 5008 et
1284 4951 1390 5022 ipsum,
1412 4952 1447 5008 ds
1460 4951 1576 5021 nuptiis,
1593 4958 1625 5007 ιιι
1639 4951 1754 5015 dicitur,
1774 4963 1859 5012 sprin-

1007 5057 1072 5099 sunt
1088 5041 1289 5114 magnitudine
1300 5040 1432 5097 miraculi
1445 5041 1482 5096 ad
1498 5041 1675 5103 retraheret,
1692 5046 1720 5095 et
1740 5037 1857 5108 nuptia·

1007 5144 1071 5187 rum
1099 5132 1233 5200 copulam
1254 5142 1312 5185 uon
1337 5142 1398 5184 esse
1427 5127 1657 5198 improbandam,
1688 5127 1771 5197 virgo
1798 5127 1858 5195 ipse

1007 5218 1149 5289 probaret.
1167 5217 1194 5274 Si
1210 5220 1277 5289 quis
1297 5219 1386 5288 igitur
1413 5216 1583 5274 clericorum
1612 5225 1699 5272 tantae
1717 5222 1856 5285 opportu-

1008 5304 1109 5362 nitatis
1129 5306 1307 5363 occasiouem
1329 5318 1359 5364 se
1387 5303 1493 5362 babere
1526 5302 1783 5372 contidit,acosdat
1807 5300 1854 5357 in·
