3804 5962
738 191 792 248 sle
810 191 854 247 ΕΤ
871 192 954 251 NON.

1661 201 1731 256 tttl

79 325 101 377 it
125 324 154 377 in
171 336 276 377 omnem
295 321 430 387 regionem
451 318 580 375 iordanis
602 317 755 389 predicans
773 318 820 372 bo·
837 317 860 369 Δ
878 320 916 375 tia
944 319 1030 378 luerit
1056 327 1174 378 renatas
1202 320 1299 390 bomo,
1326 322 1421 379 omnis
1445 322 1544 379 anima
1577 322 1730 396 originalis

79 428 108 467 :m
125 413 290 481 punitentia
306 409 532 464 inremissionem
554 413 728 478 peccalorum
744 406 820 478 (Luc.

81 499 200 557 Cunctis
228 497 392 569 legentibus
419 497 508 568 liquet
534 499 605 568 quin
626 499 751 553 loannes
773 496 820 551 ba·

79 602 117 644 tau
134 585 308 658 poenitentiae
335 600 392 641 non
411 584 504 640 solum
521 584 698 654 predicavit,
719 597 822 640 verum

79 675 252 747 quibusdam
267 672 420 742 dedlt3srd
434 681 529 728 tamen
544 672 720 744 baptismum
734 686 821 728 snum

79 763 231 820 nissionem
261 768 441 832 peccatorum
465 761 534 816 darc
557 775 615 817 nou
647 759 746 831 potuit.
770 760 820 817 ile·

103 851 181 909 cuim
217 858 398 921 peccalorum
425 851 454 906 in
484 850 567 906 uobis
594 850 653 907 sole
681 849 822 920 baptismo

79 943 83 998 l
111 941 258 998 tribuitur.
287 939 451 994 Notandum
480 938 578 1010 itaque
605 939 683 1009 quod
714 938 823 995 dieitur

79 1046 128 1085 ans
150 1030 315 1098 baptismum
335 1029 502 1097 paenitentiae
518 1028 743 1082 inremissionem
761 1042 820 1096 pee-

79 1135 109 1187 n,
131 1118 271 1189 quoniam
297 1115 481 1185 baptismum,
501 1117 579 1185 quod
596 1124 710 1186 peccam
730 1117 821 1172 solve-

79 1209 110 1263 ,ιε
133 1207 202 1263 dare
217 1220 274 1261 non
297 1212 416 1275 poterat,
438 1204 620 1275 praedicabat,
639 1213 671 1261 ut
689 1205 763 1261 sieut
779 1205 821 1260 in·

80 1310 128 1353 unt
147 1294 271 1351 Verbum
290 1293 381 1348 Patris
400 1291 594 1362 praecurrebat
610 1292 697 1348 verbo
719 1294 821 1363 praedi·

79 1399 107 1452 ε,
132 1384 172 1440 ita
198 1382 372 1453 baptismum
405 1379 590 1451 poenitentia,
616 1396 673 1453 quo
707 1388 823 1452 peccata

79 1480 141 1540 tur,
162 1477 348 1542 praecurreret
362 1483 414 1526 suo
429 1469 610 1540 baptismate,
628 1485 686 1540 que
706 1479 822 1540 peecata

878 409 986 479 peccati
1002 408 1128 467 vinculis
1150 416 1192 466 εει
1214 411 1358 467 obstricta.
1388 411 1460 469 Hinc
1482 412 1560 468 enim
1586 411 1727 483 scriptum

877 505 939 553 est:
956 498 1014 554 Non
1039 504 1079 554 est
1107 499 1226 554 mundns
1254 501 1283 554 in
1312 505 1456 571 conspeetu
1485 502 1544 571 ejus
1573 518 1620 557 nec
1643 503 1727 558 unias

877 585 933 640 diei
959 589 1053 654 insons
1080 603 1165 657 super·
1190 593 1292 643 terram
1319 589 1377 660 (Job
1405 603 1473 659 xiv,
1499 589 1540 660 d).
1573 589 1647 646 Hino
1672 591 1725 646 Da·

877 674 927 730 vid
954 676 995 731 ait
1022 674 1107 746 (Psoi.
1142 690 1170 743 a,
1208 678 1320 747 7):1n
1348 678 1544 743 iniquitatibus
1580 684 1723 748 conceptus

877 778 947 818 sum.
976 765 1019 818 Ha
1043 764 1112 820 libro
1139 763 1291 835 Sapientia
1315 766 1387 837 (vata,
1419 767 1483 836 llll:
1514 765 1639 824 Sortitus
1661 779 1728 824 sum

877 852 1005 908 animam
1040 851 1156 920 bonam,
1194 860 1222 910 et
1258 868 1325 911 cum
1362 869 1452 912 essem
1490 855 1583 927 magis
1619 854 1724 925 bonus,

876 939 944 996 veui
969 940 1005 997 ad
1025 954 1130 1011 corpus
1150 941 1416 1014 incoinquinatum.
1443 944 1486 998 lia
1506 944 1633 1010 obsequio
1655 959 1727 999 mor·

878 1034 995 1098 luorum,
1029 1044 1088 1101 quo
1116 1028 1153 1084 ad
1186 1030 1278 1088 Deum
1307 1031 1433 1088 dicitur:
1471 1031 1508 1088 Ul
1535 1032 1663 1089 animam
1691 1032 1727 1090 ad

878 1124 904 1172 te
940 1126 1130 1175 revertentem
1168 1119 1274 1176 blande
1302 1119 1465 1191 leniterque
1493 1120 1645 1192 suscipias.
1683 1121 1728 1178 Eo

877 1205 946 1260 lib-ro
974 1208 1134 1277 Hieronymi
1163 1210 1201 1264 ad
1235 1209 1424 1277 augustinum
1454 1206 1504 1279 (³),
1537 1211 1586 1279 qni
1615 1211 1654 1265 sic
1686 1211 1728 1264 in·

876 1296 961 1364 cipit:
986 1298 1024 1350 De
1049 1299 1163 1364 reliquis
1188 1313 1249 1368 quae
1274 1297 1312 1352 od
1334 1297 1416 1367 fidem
1442 1297 1483 1369 (4)
1509 1299 1650 1368 pertinent
1667 1297 1727 1370 (5):

877 1383 921 1440 An
936 1391 1022 1450 eene,
1038 1386 1116 1455 quod
1131 1385 1356 1444 ecclesiasticum
1371 1394 1414 1444 est
1434 1386 1597 1443 secuudum
1611 1386 1728 1458 eloquia

877 1471 1033 1529 Sallaecus
1061 1473 1148 1544 (Jooa.
1177 1491 1203 1543 v,
1236 1473 1302 1544 l7):
1335 1477 1416 1530 Pater
1436 1490 1512 1530 meos
1532 1490 1619 1545 usqne
1645 1474 1726 1530 modo

79 1576 126 1618 aon
142 1567 274 1631 possuut;
299 1567 331 1615 ut
345 1558 417 1630 quia
435 1558 498 1629 eius
517 1572 610 1614 sermo
626 1559 822 1628 praecurrebat
839 1597 860 1657 Β
877 1559 916 1631 (6)
931 1565 1062 1629 operatur
1080 1566 1106 1616 el
1125 1577 1172 1631 ego
1187 1577 1297 1632 operor3
1312 1569 1339 1618 et
1355 1561 1426 1619 illud
1441 1562 1539 1619 Isaiae:
1556 1561 1610 1628 Qui
1623 1563 1728 1630 [mmai

79 1651 160 1705 aliam
188 1648 394 1718 Redemptoris,
421 1646 516 1717 ipsum
540 1662 657 1717 quoque
682 1648 746 1719 ejns
771 1647 820 1705 ba·

79 1756 86 1796 t
99 1737 285 1810 praecedcudo
296 1737 376 1793 iteret
388 1736 490 1792 umbra
503 1736 644 1793 veritatis.

355 1841 440 1899 CXV.

79 1934 142 1989 nibil
155 1933 245 1988 adbuc
266 1933 408 2055 definitum
430 1932 467 1984 sii
490 1929 523 1984 de
547 1931 652 1999 origine
672 1932 781 1999 animae,
797 1935 823 1987 el

344 2017 392 2056 aaa
406 2018 449 2056 ra.

79 2096 182 2150 usiinus
211 2091 508 2147 Reiraclotionnmlib.
535 2091 565 2146 1:
592 2090 663 2147 Item
678 2090 733 2147 alio
761 2091 822 2150 loco

79 2183 132 2238 inae
147 2181 232 2237 dixi:
252 2202 263 2230 ι
287 2179 421 2236 Securior
447 2179 594 2235 rediturus
619 2177 650 2234 in
675 2178 820 2236 caelum.»

97 2277 193 2326 autem
223 2282 311 2339 quam
344 2267 484 2322 redituum
513 2267 650 2324 dixissem
679 2269 820 2335 securius,

79 2372 154 2416 reos
177 2358 228 2428 qul
245 2363 347 2427 putant
365 2356 477 2412 animos
493 2356 636 2412 humanos
659 2370 709 2427 pro
730 2357 821 2413 meri-

79 2455 208 2503 catorum
230 2458 351 2501 suorum
367 2445 401 2501 de
424 2444 494 2500 coelo
509 2443 603 2514 lapsos
621 2445 681 2501 sive
700 2446 822 2517 dejectos

79 2549 154 2606 pora
184 2533 238 2590 ista
265 2532 391 2589 detrudi.
422 2532 475 2589 Sed
501 2532 540 2588 ita
565 2533 628 2588 dixi
653 2537 683 2588 ia
713 2535 820 2604 cellam,

79 2637 117 2680 tm
135 2622 257 2679 dicerem
282 2622 434 2687 addeum,
463 2621 513 2692 qui
534 2623 596 2691 ejus
619 2629 662 2678 εει
681 2622 819 2687 conditor.

79 2711 178 2768 beatus
205 2708 365 2780 Cyprianus
389 2723 447 2765 non
463 2717 617 2766 cunctatus
641 2717 683 2766 est
707 2711 820 2768 dicere:

79 2813 132 2856 :um
155 2812 261 2869 corpus
286 2806 408 2863 eterra,
431 2797 565 2868 spiritum
588 2798 785 2869 possideamus
805 2813 821 2856 ε

879 1649 1008 1717 spiritum
1037 1649 1152 1706 borninis
1180 1654 1211 1706 in
1245 1652 1306 1721 ipso
1331 1649 1421 1722 (Zoelt.
1451 1664 1503 1718 xit,
1534 1652 1640 1718 l;1sa.
1666 1665 1727 1710 xull

877 1744 905 1793 ει
919 1736 986 1808 ιιιι)
1011 1745 1039 1794 ει
1067 1738 1098 1793 in
1122 1738 1239 1808 psalmis
1265 1738 1445 1810 (xxx11l5l:
1475 1739 1527 1806 Qui
1552 1739 1655 1812 [plagii]
1676 1756 1727 1812 per

878 1827 998 1893 singulos
1014 1826 1097 1881 eorda
1120 1842 1221 1895 eorum,
1244 1827 1374 1898 quotidie
1390 1828 1466 1883 Deus
1485 1827 1644 1885 lubricatur
1662 1830 1725 1887 ani·

878 1926 940 1969 mas
954 1921 982 1970 et
1000 1914 1130 1970 conditor
1148 1929 1282 1972 essenon
1301 1916 1414 1972 cessat?
1432 1916 1521 1971 Itan:
1543 1914 1599 1983 Qui
1625 1917 1726 1976 dicunt

876 2001 959 2071 prius
974 2001 1086 2058 animas
1111 2001 1201 2060 luisse
1217 2016 1306 2074 quam
1327 2003 1389 2059 uati
1404 2003 1471 2070 sint,
1487 2011 1516 2061 et
1539 2019 1597 2061 uon
1613 2007 1726 2078 corpori

876 2088 1037 2145 secundum
1052 2089 1217 2160 exemplum
1238 2090 1323 2160 primi
1338 2089 1463 2148 bominis
1486 2091 1577 2149 alie-o
1596 2093 1725 2164 quetidie

877 2175 954 2244 lieris
975 2176 1130 2233 anathema
1145 2179 1212 2234 sint.
1237 2178 1401 2235 Ambrosius
1422 2180 1491 2235 libro
1505 2180 1531 2235 11
1553 2181 1586 2237 de
1601 2181 1676 2237 Cain
1698 2186 1725 2238 et

875 2265 946 2320 Abel
960 2265 996 2337 (7)
1012 2279 1019 2322 :
1036 2266 1178 2322 Inseritur
1191 2266 1245 2324 boe
1259 2267 1321 2323 loco
1337 2266 1442 2339 dogma
1457 2267 1492 2324 de
1507 2268 1725 2340 incorruptione

876 2355 990 2420 animae,
1006 2355 1121 2426 qnodin
1137 2356 1197 2426 ipsa
1208 2370 1278 2413 vera
1293 2364 1320 2412 ει
1330 2356 1484 2414 bectorita
1499 2356 1545 2424 sit,
1561 2372 1623 2429 qua
1633 2372 1723 2416 unus·

877 2443 1003 2514 quisque
1017 2443 1089 2500 bene
1108 2458 1176 2501 cum
1198 2445 1355 2513 saevivit,
1372 2445 1462 2502 multo
1481 2445 1584 2516 purius
1607 2461 1642 2503 ac
1655 2447 1723 2506 bea·

876 2532 934 2587 tius
956 2545 1023 2587 cum
1049 2531 1135 2602 buius
1155 2534 1251 2589 carnis
1264 2533 1362 2589 anima
1380 2542 1479 2591 nostra
1498 2533 1660 2605 deposuerit
1675 2534 1723 2592 in-

875 2619 1039 2688 volucrum,
1054 2629 1082 2677 et
1100 2621 1186 2692 quasi
1198 2622 1324 2693 quodam
1340 2635 1453 2678 carcere
1468 2622 1521 2680 isto
1536 2621 1623 2680 iuerit
1639 2623 1721 2682 abso·

875 2707 938 2764 luta
957 2722 1103 2777 corporeo,
1123 2708 1154 2765 in
1177 2708 1259 2766 illum
1284 2709 1463 2780 superiorem
1482 2709 1601 2768 evolans
1615 2710 1722 2783 locunt,

876 2796 953 2852 uude
965 2798 1070 2871 nostris
1095 2795 1191 2853 inlusa
1214 2797 1374 2853 visceribus
1389 2810 1457 2852 cum
1472 2797 1604 2867 passione
1622 2814 1722 2872 eorpo-

79 2889 106 2944 Xt
125 2888 154 2943 iu
179 2887 254 2944 libro
278 2886 582 2956 sustenementum)
604 2886 818 2957 scriptumest:
837 2891 858 2948 c
875 2884 914 2940 ris
928 2885 991 2956 ejus
1006 2885 1158 2956 ingemuit.
1180 2885 1335 2941 Geranadius
1359 2885 1393 2940 de
1415 2886 1543 2955 dogmate
1566 2887 1723 2948 Gbristiono

79 2979 264 3031 uraomtolnr
285 2974 322 3028 ad
340 2976 436 3041 Deum,
453 2975 500 3042 qui
526 2973 600 3029 dedit
624 2976 712 3030 illum.
737 2961 819 3043 Quod

104 3065 146 3121 sic
171 3062 390 3134 intelligendum
413 3068 466 3129 cst,
499 3071 532 3119 ιιι
558 3077 616 3119 uon
651 3064 821 3121 resistamus

79 3153 109 3209 le
140 3151 245 3209 dicenti
274 3151 404 3207 noudum
435 3158 516 3208 natos
547 3151 620 3208 nibil
643 3152 734 3224 egisse
753 3153 821 3210 boui

79 3241 120 3298 ali.
137 3240 202 3298 Sine
218 3240 416 3296 controversia
429 3254 499 3310 ergo
513 3241 647 3312 quaedam
665 3241 822 3313 lorigiualis

79 3329 267 3389 beatitudinis
291 3329 382 3385 animi
410 3330 561 3395 deusest,
587 3329 638 3400 qui
666 3345 736 3388 eum
762 3346 821 3387 uon

79 3433 94 3475 u
112 3420 148 3476 dc
161 3434 191 3476 se
210 3419 271 3488 ipse
285 3417 396 3489 genuit,
412 3417 461 3473 sed
481 3417 516 3473 de
537 3416 618 3474 nulla
640 3433 671 3475 rc
686 3420 743 3475 alia
756 3436 823 3477 eou-

79 3508 157 3576 Quod
171 3515 268 3565 autem
292 3506 393 3563 attinet
408 3507 445 3562 ad
465 3505 529 3576 ejus
544 3506 695 3578 originem,
723 3516 823 3565 utrum

91 3611 149 3654 une
174 3598 210 3653 sit
233 3594 285 3666 qui
301 3595 430 3666 primum
445 3599 559 3650 creatus
577 3603 629 3662 εει,
646 3597 762 3667 quando
779 3597 822 3653 la-

79 3692 109 3742 ut
132 3685 227 3752 bomo,
253 3697 292 3740 au
314 3682 447 3740 similiter
470 3683 539 3739 baut
561 3683 671 3755 singuli
689 3685 823 3756 singulis,

79 3788 119 3831 ¹nc
134 3774 259 3831 sciebam
276 3787 328 3829 nec
343 3772 439 3828 adbuc
459 3772 527 3828 scio.
549 3773 700 3841 Gregorius
721 3774 825 3830 seeun-

79 3877 146 3918 :eroo
170 3863 223 3916 Dei
245 3861 348 3916 incluso
382 3859 458 3930 (opp.
483 3861 520 3930 ll,
544 3861 625 3932 titul:
653 3862 691 3916 be
712 3862 826 3934 origine

79 3951 172 4007 linter
186 3959 299 4006 sanctos
320 3949 418 4005 Patres
439 3948 586 4020 requisitio
608 3963 665 4005 non
681 3963 770 4020 parva
784 3959 826 4008 est

79 4053 104 4095 a.
130 4039 183 4097 Sed
208 4046 309 4095 ulrum
333 4038 396 4108 ipsa
412 4037 447 4093 ab
471 4037 564 4092 Adam
584 4037 771 4109 descenderit,
787 4054 826 4096 an

79 4127 200 4200 singulis
224 4126 321 4189 detur,
348 4125 492 4181 incertum
517 4122 678 4193 remansit3
703 4141 826 4199 eamque

875 2972 932 3042 (8);
950 2973 1067 3031 Animas
1087 2973 1239 3030 bominum
1259 2989 1318 3031 non
1338 2989 1399 3032 esse
1419 2975 1455 3032 ab
1481 2973 1562 3033 initio
1578 2977 1653 3035 iuter
1666 2993 1722 3038 εε-

876 3068 950 3117 teras
971 3061 1177 3119 intellectuales
1192 3069 1313 3119 naturas
1328 3077 1382 3120 nec
1404 3063 1493 3120 simul
1508 3071 1629 3135 creatas,
1646 3067 1722 3128 sicut

875 3149 1011 3221 Origenes
1038 3149 1131 3223 lingit,
1153 3165 1248 3223 neque
1276 3165 1343 3208 cum
1364 3151 1535 3222 corporibus
1555 3166 1607 3224 per
1631 3155 1724 3216 coitus

876 3237 1022 3307 seminari,
1043 3238 1119 3296 sicut
1139 3238 1332 3306 Luceleriaui,
1355 3237 1479 3310 Cyrillus
1500 3248 1528 3297 el
1542 3240 1635 3313 aliqui
1651 3244 1725 3304 Lati·

876 3340 980 3382 uorum
997 3336 1217 3398 praesumptores
1240 3327 1398 3394 allirmaut,
1419 3328 1504 3398 quasi
1523 3336 1635 3388 naturae
1658 3347 1725 3391 con·

877 3415 1058 3485 sequentiam
1075 3424 1223 3472 servantes
1246 3415 1299 3488 (9);
1328 3415 1377 3473 sed
1394 3415 1518 3497 dicimus
1541 3432 1646 3489 eorpus
1661 3427 1724 3479 tan·

878 3510 1005 3573 lumper
1023 3504 1150 3576 conjugii
1166 3504 1300 3575 copulam
1322 3504 1470 3573 seminari,
1494 3504 1546 3563 Dei
1564 3521 1632 3565 vero
1645 3510 1724 3582 judi·

878 3591 921 3646 cio
946 3592 1095 3663 coagulari
1122 3600 1210 3663 atque
1234 3592 1379 3664 compingi
1406 3600 1434 3651 el
1457 3594 1589 3667 formari,
1613 3611 1648 3654 ac
1670 3599 1726 3658 lar·

879 3685 955 3734 mato
969 3679 1030 3748 jam
1045 3694 1163 3751 corpore
1178 3681 1306 3737 animam
1322 3683 1414 3738 creari
1429 3691 1456 3741 et
1479 3684 1606 3750 inlundi,
1631 3695 1663 3744 ut
1678 3690 1726 3747 vi·
1822 3746 1826 3754 ,

878 3774 928 3820 vat
942 3765 1028 3824 homo
1042 3783 1080 3824 ex
1094 3769 1191 3825 anima
1206 3776 1340 3826 constans
1358 3778 1386 3826 ει
1400 3786 1533 3845 corpore;
1550 3777 1725 3834 creationem

879 3868 947 3911 vcro
962 3857 1068 3914 animae
1096 3858 1188 3914 solum
1211 3858 1374 3917 Creatorem
1392 3875 1484 3917 nosse.
1502 3864 1591 3919 Item:
1618 3864 1725 3921 Anima

881 3943 1011 4002 bumana
1031 3962 1089 4003 nou
1107 3962 1173 4004 eum
1189 3962 1275 4005 carue
1300 3949 1435 4017 moritur,
1455 3950 1535 4021 quia,
1561 3959 1595 4009 ut
1617 3952 1727 4010 dictum

880 4041 933 4103 est,
949 4049 1007 4090 uon
1025 4049 1093 4092 cum
1108 4050 1195 4092 carue
1209 4037 1379 4109 seminatur,
1395 4039 1455 4107 sed,
1470 4039 1593 4098 formato
1611 4040 1641 4098 in
1656 4056 1726 4101 ven·

881 4126 925 4178 tre
943 4124 1045 4180 matris
1067 4139 1196 4197 corpore,
1218 4127 1268 4183 Dei
1288 4127 1398 4198 judicio
1419 4137 1536 4186 creatur
1551 4137 1579 4187 et
1598 4130 1726 4188 iulundi-

79 4218 158 4274 avita
173 4214 366 4283 insolubilem,
381 4212 450 4271 lassi
466 4222 534 4270 suut
552 4229 612 4271 esse
626 4216 823 4286 quaestionem.
841 4234 865 4290 q
881 4219 939 4268 tur.
956 4214 1083 4269 Hilarius
1109 4229 1193 4285 super
1213 4216 1352 4285 psalmum
1375 4215 1503 4274 CXXIX:
1526 4220 1611 4290 Deus,
1634 4219 1727 4277 bomi-

79 4306 171 4362 lenim
185 4312 227 4361 est
241 4303 371 4375 quaestio,
388 4318 440 4359 nec
459 4302 535 4360 valet
555 4303 592 4358 ab
617 4304 732 4361 bomine
746 4319 827 4361 cem-

79 4394 135 4463 adi;
151 4395 233 4464 quia,
252 4393 276 4450 si
293 4391 327 4448 de
343 4391 435 4447 Adam
461 4392 623 4449 substantia
638 4392 740 4449 anima
760 4407 827 4452 cum

95 4483 236 4550 nascitur,
267 4495 320 4538 cur
357 4495 415 4537 uon
441 4481 529 4538 etiam
555 4496 622 4539 curn
654 4495 741 4540 carue
765 4498 828 4539 mo·

103 4570 132 4626 Si
158 4583 226 4627 vero
252 4583 319 4626 cum
345 4583 431 4625 carne
462 4583 519 4625 non
552 4571 693 4637 nascitur,
717 4585 770 4627 cur
799 4572 829 4628 in

79 4672 145 4727 rue,
182 4673 248 4729 qnae
279 4658 314 4715 de
346 4658 438 4715 Adam
470 4658 583 4728 prolata
616 4667 669 4726 εει,
703 4659 829 4731 obligata

81 4747 104 4805 is
119 4747 254 4805 tenetur?
278 4745 331 4803 Sed
361 4760 426 4803 cum
452 4746 506 4802 buc
527 4745 563 4815 sit
587 4745 740 4815 incertum,
757 4748 829 4806 illud

79 4850 125 4893 um
145 4849 204 4892 nou
227 4841 280 4903 εει,
305 4835 376 4906 quia
398 4833 541 4897 nisisacri
564 4833 745 4904 baptismatis
764 4849 828 4908 gra·

85 4991 200 5051 Cous:
228 4995 350 5049 inanire
372 4993 450 5063 opud
475 4993 673 5062 augustinum,
702 5000 777 5049 recte
800 4993 830 5050 in

79 5065 167 5121 atione
182 5070 367 5135 conquestus.
385 5065 499 5121 nullum
515 5065 545 5120 in
560 5064 738 5121 editionibus
753 5065 829 5134 apud

79 5134 178 5191 atinum
198 5136 326 5192 Jeremiae
346 5136 451 5193 librum
473 5136 601 5206 reperiri.
624 5136 764 5191 Caeterum
785 5136 834 5207 hic

78 5205 184 5262 nonin
208 5206 373 5277 Hieronymi
399 5208 433 5262 ad
460 5207 659 5277 augustinum
675 5206 765 5272 libris,
782 5207 831 5263 sed

80 5279 209 5350 erouymi
237 5279 357 5349 epistola
384 5277 419 5333 ad
448 5277 665 5332 Pammacblum
694 5278 831 5334 adversus

79 5362 107 5404 es
134 5347 253 5405 loannis
286 5347 517 5421 ierosolymitaui
548 5347 675 5419 episcopi
713 5348 829 5421 legitur.

79 5420 112 5475 td.
128 5418 262 5476 blattina.
279 5420 328 5488 tv,
342 5422 404 5476 318.

79 5488 157 5551 dous.
169 5504 176 5548 :
189 5492 280 5562 inan.

206 5589 337 5661 Parnon.
361 5589 561 5661 cuxxvnt.

883 4315 948 4357 nem
965 4301 1001 4358 ad
1017 4301 1173 4374 imaginem
1188 4305 1234 4360 sui
1256 4305 1374 4373 taciens,
1398 4320 1466 4364 eunt
1491 4322 1528 4364 ex
1550 4308 1654 4366 humili
1676 4322 1729 4367 na·

884 4395 950 4446 lura
968 4390 1134 4463 coelestique
1153 4395 1324 4463 composuit.
1347 4395 1446 4452 aalma
1471 4395 1604 4454 videlicet
1618 4404 1646 4455 et
1667 4411 1729 4455 cor-

883 4493 966 4550 pore;
982 4486 1010 4536 et
1024 4480 1106 4550 prius
1120 4481 1239 4552 quidem
1255 4482 1382 4539 animam
1396 4483 1431 4539 de
1445 4497 1505 4539 uno
1515 4483 1564 4542 illo
1578 4493 1606 4542 et
1619 4485 1731 4543 incom-

885 4566 1071 4638 prebensibili
1097 4569 1180 4626 uobis
1208 4571 1326 4627 virtutis
1360 4586 1420 4628 suae
1453 4586 1536 4642 opero
1570 4572 1728 4631 constituit.

883 4655 944 4711 Nau
957 4655 1036 4712 enim
1046 4671 1112 4713 curn
1127 4658 1163 4714 ad
1173 4658 1329 4731 imaginem
1345 4660 1394 4716 Del
1410 4660 1554 4718 bominem
1569 4661 1645 4732 lecit,
1662 4669 1732 4720 tunc

884 4752 911 4801 et
925 4759 1029 4816 eorpus
1043 4744 1147 4802 elleclt.
1169 4746 1286 4804 Genesis
1300 4749 1407 4818 edocet,
1426 4749 1509 4823 lenge
1530 4759 1627 4821 postea
1641 4764 1731 4824 quam

884 4834 921 4890 ad
949 4833 1105 4908 imaginem
1129 4835 1180 4893 Dei
1206 4837 1292 4893 homo
1315 4846 1377 4895 erat
1404 4838 1507 4909 lactus,
1532 4841 1651 4911 pulvere
1674 4841 1732 4912 (lo)

921 4991 959 5066 (b)
974 4994 1015 5053 Cl.
1034 4995 1149 5051 llierou.
1167 5009 1232 5066 opp.
1248 4996 1297 5066 IV,
1314 4998 1376 5052 ild.

921 5067 961 5132 (6)
976 5065 1060 5122 Cous.
1075 5081 1082 5120 :
1098 5082 1210 5121 mecum.

932 5141 959 5201 t)
974 5137 1025 5191 llic
1039 5137 1118 5192 locus
1135 5137 1255 5193 omuino
1266 5138 1344 5193 deest
1361 5138 1391 5194 in
1403 5138 1514 5196 Monac.

933 5210 972 5350 88))
990 5207 1102 5266 Edita:
1125 5208 1159 5264 de
1182 5210 1369 5284 ecelesiasticis
1394 5208 1567 5279 dogmatibus
1600 5209 1674 5284 (cap.
1702 5210 1734 5266 ld

934 5347 963 5418 9)
989 5347 1091 5406 Cous:
1122 5352 1204 5420 quasi
1228 5354 1334 5407 notura
1371 5354 1563 5424 consequentia
1592 5356 1733 5413 seroiema

937 5418 981 5491 ιθ)
996 5418 1081 5479 Cous,
1093 5434 1100 5477 :
1113 5421 1264 5492 pulberem.

1472 5603 1515 5664 48
