3804 5962
684 163 690 174 .
757 121 967 178 snunucaittt
985 119 1209 181 scuonnsrtci

429 510 746 603 mussona
784 510 1077 603 EJUSDEM
1114 511 1531 624 BERENGARII,

721 749 878 818 CONTRA
901 749 1236 818 ciuiuustsrtsns

143 1148 291 1208 Fratribus
305 1147 465 1206 Cartbusiae
480 1147 683 1218 professionem
700 1147 807 1219 juratis
827 1148 858 1204 B.
883 1162 950 1205 cum
965 1151 991 1204 a
1005 1149 1085 1206 citis:
1121 1151 1215 1208 cuitus
1230 1152 1349 1221 justitiae
1371 1152 1587 1222 multiloquium.
1606 1152 1685 1218 Quae
1707 1152 1789 1207 enim
1806 1150 1879 1207 tora-

105 1237 224 1305 Lazaro,
260 1238 409 1311 quondam
442 1250 579 1308 paupere,
615 1245 753 1294 aeternam
776 1237 881 1294 babere
909 1251 951 1294 re·

106 1326 216 1399 quiem.

142 1416 252 1483 mpuor
279 1414 315 1471 ad
341 1414 472 1471 dominos
496 1428 583 1482 meos,
609 1430 670 1469 cum
688 1417 741 1469 sim
763 1415 856 1485 puteis
871 1421 896 1471 et
917 1419 955 1471 ci-

106 1507 150 1563 nis
178 1506 260 1578 (Gen.
282 1505 376 1578 xvut).
403 1505 457 1562 Sed
483 1506 685 1574 annumeratum
699 1507 791 1572 suctus
806 1521 865 1561 sum
880 1508 955 1576 opud

107 1609 159 1655 vos
171 1596 260 1665 (Psoi.
276 1595 381 1664 cxxii),
402 1602 546 1651 ettamen
570 1595 691 1650 dominer
716 1603 741 1650 et
754 1600 880 1664 jumento
903 1596 955 1651 sci·

107 1685 194 1752 ccbis,
210 1686 320 1740 Domine
343 1684 427 1756 (Psoi.
458 1684 563 1754 xxxv).
592 1683 880 1754 multiplicantibus
903 1683 953 1740 mi·

109 1772 296 1830 sericordiam
314 1786 408 1840 suam,
428 1772 480 1843 qui
505 1773 691 1843 congregavit
709 1788 759 1830 vos
783 1788 800 1829 a
828 1782 956 1845 quatuor

108 1860 201 1918 ventis
215 1861 289 1928 cmii,
306 1868 338 1918 ut
365 1862 541 1918 recumbatis
570 1876 638 1917 cum
653 1862 798 1918 Abrabam
819 1863 850 1918 in
865 1877 953 1934 regno

109 1950 201 2007 Patris
220 1949 278 2006 sui.
296 1948 402 2005 Fidelis
425 1947 471 2004 iiie
488 1949 518 2006 in
544 1958 602 2007 tota
617 1951 701 2007 domu
725 1952 842 2023 AEgppti
858 1952 892 2007 de
907 1966 955 2006 ve·

110 2046 171 2096 stra
186 2052 237 2095 vos
259 2038 388 2095 extraxit
402 2039 526 2110 AEgypto
546 2040 576 2096 in
601 2054 692 2095 nianu
719 2041 825 2111 putenti
848 2050 875 2098 et
891 2042 957 2097 bra·

111 2127 175 2199 chio
190 2128 315 2199 excelso,
343 2137 373 2185 nt
394 2138 557 2185 evomentes
581 2129 653 2186 oiias
676 2132 809 2187 carnium
833 2132 957 2187 ciamare

83 2212 86 2217 ’
111 2217 224 2288 possitis
253 2218 282 2273 in
307 2217 426 2282 deserto,
454 2217 585 2275 Manbu?
605 2219 678 2285 Quid
701 2224 742 2274 est
764 2219 837 2274 boc?
852 2220 952 2288 (duod.

112 2303 185 2376 xvv).
209 2306 271 2362 Vox
293 2307 363 2371 brec,
386 2320 442 2362 vox
467 2306 582 2362 deserti.
609 2308 674 2363 Haec
689 2321 746 2363 vox
763 2307 891 2377 pluviam
909 2308 957 2363 ad·

112 2395 237 2451 miratur
258 2392 379 2450 coeiestis
401 2394 502 2462 edulii,
526 2409 615 2466 quam
645 2396 771 2465 proterre
793 2412 849 2453 uon
871 2398 957 2452 susti·

1010 1252 1076 1309 quae
1103 1241 1235 1310 pretoria
1263 1248 1343 1297 tanto
1377 1241 1478 1298 ardent
1507 1241 1602 1313 litigio
1633 1256 1816 1309 causarum,
1841 1251 1862 1296 ut

1010 1336 1154 1385 montanae
1174 1329 1333 1386 Carthasim
1361 1330 1543 1387 claustrum‘i
1561 1331 1603 1387 ini
1626 1346 1691 1387 non
1722 1340 1862 1387 accusator

1010 1417 1118 1485 obiicit,
1144 1432 1201 1474 nnn
1224 1419 1384 1474 advocatur
1410 1419 1521 1489 objecta
1551 1419 1696 1490 detergit,
1718 1429 1747 1476 et
1763 1435 1820 1475 non
1838 1421 1863 1475 dr

1011 1514 1107 1562 vestra
1121 1507 1264 1563 sententia
1289 1506 1390 1578 iasone
1405 1507 1545 1579 nefasque
1566 1507 1767 1566 unitoriu'ter
1791 1508 1861 1563 dani·

1011 1603 1071 1663 nat,
1099 1610 1152 1651 nec
1179 1596 1312 1652 absolvit.
1337 1596 1427 1667 Super
1447 1598 1541 1653 nubes
1563 1598 1676 1653 voiatis
1700 1599 1821 1668 aquiiae,
1843 1604 1864 1652 et

1012 1698 1105 1755 penna
1121 1685 1236 1740 tandem
1259 1686 1423 1743 remissiore
1451 1686 1486 1741 ad
1508 1694 1639 1743 vestrum
1657 1687 1793 1743 cadaver
1811 1701 1862 1742 rar·

1012 1773 1137 1843 pendum
1159 1785 1253 1830 rostra
1279 1774 1430 1844 deponitis.
1459 1773 1618 1832 sustinetis
1653 1790 1673 1831 a
1702 1777 1862 1832 carnatibus
1897 1788 1899 1797 ·

1011 1862 1165 1933 pecudum,
1193 1870 1221 1918 et
1244 1863 1306 1919 sine
1335 1864 1393 1919 saie
1408 1877 1509 1919 carues
1534 1864 1695 1920 bominum
1719 1865 1861 1921 devoratis.

1011 1949 1083 2005 bitis
1096 1951 1174 2006 enim
1192 1967 1223 2004 τι
1244 1952 1310 2008 Haec
1326 1952 1430 2007 mulier
1450 1966 1608 2023 praegnaus
1639 1962 1697 2018 est,
1716 1968 1773 2009 non
1798 1968 1862 2008 ase-

1012 2039 1089 2093 mine
1100 2040 1144 2094 sui
1158 2039 1264 2106 mariti,
1281 2040 1330 2095 iila
1345 2040 1412 2095 coiit
1433 2042 1539 2096 multos
1559 2043 1690 2098 amasios
1701 2058 1710 2112 ;
1734 2043 1863 2097 canonici

1014 2127 1056 2183 itii
1068 2135 1109 2183 ter
1121 2129 1148 2184 in
1164 2128 1209 2184 die
1235 2129 1374 2186 carnibus
1401 2143 1516 2186 ventres
1531 2131 1738 2200 contundunt;
1754 2132 1800 2185 iiic
1812 2146 1863 2186 ru-

1012 2223 1062 2273 ctu
1096 2217 1236 2287 pigmenti
1278 2232 1345 2273 aera
1369 2219 1475 2288 imdat3
1503 2219 1551 2275 iiie
1586 2220 1742 2275 scuzeiiam
1770 2221 1860 2275 bautii

1013 2319 1107 2375 usque
1122 2306 1157 2361 ad
1171 2308 1331 2365 vomitum.
1351 2329 1362 2356 ι
1379 2308 1490 2363 vacans
1509 2311 1570 2364 otio
1585 2316 1613 2365 et
1647 2310 1715 2366 idco
1739 2310 1805 2364 iaiia
1820 2324 1859 2363 ru·

1013 2395 1105 2454 utatis.
1127 2397 1195 2451 Vere
1210 2397 1304 2452 Crittus
1314 2397 1435 2464 Jusittta
1462 2397 1615 2453 silentium.
1635 2398 1722 2463 Quini
1741 2399 1859 2453 nondum

113 2491 161 2540 net
171 2490 273 2555 guttur
287 2482 417 2554 AEgypti.
446 2484 550 2554 Igitur,
567 2499 603 2541 ne
623 2485 786 2542 redoleretis
803 2487 869 2542 attia
886 2489 956 2543 Piia·
974 2495 994 2549 Β
1013 2484 1092 2540 veuit
1109 2484 1137 2539 in
1164 2482 1305 2554 lingnam,
1337 2485 1415 2553 apud
1443 2497 1495 2538 vos
1513 2482 1577 2554 jam
1597 2495 1717 2541 constat
1735 2500 1795 2540 esse
1819 2499 1858 2554 pa-

57 2605 61 2611 ·
113 2575 221 2638 raonis,
234 2579 393 2629 arcessistis
412 2573 447 2628 ad
467 2575 623 2644 hyssopum
648 2575 753 2643 crucis,
770 2583 796 2632 et
813 2577 959 2646 proAEgy-
1015 2580 1132 2629 tratum.
1154 2572 1291 2628 Dubietas
1317 2581 1414 2628 nostra
1441 2588 1527 2643 penes
1553 2587 1606 2628 vos
1631 2582 1677 2630 est
1698 2575 1798 2644 jurate
1818 2587 1857 2626 re·

114 2661 173 2733 ptio
202 2663 311 2733 gemitu
337 2661 459 2718 ccelesiis
474 2662 535 2718 aliti
551 2663 691 2719 desiderio
715 2664 865 2721 clamatis:
886 2666 959 2729 Quid
1013 2663 1099 2718 ritas:
1127 2662 1222 2718 cottiis
1254 2663 1373 2731 justitie
1401 2663 1552 2716 sitentium.
1582 2661 1604 2720 0
1629 2662 1789 2718 clementes
1814 2676 1859 2717 me

114 2750 240 2807 estnec?
263 2751 419 2821 aregiono
435 2751 537 2807 deserti
559 2753 638 2808 venit
653 2766 760 2809 manna
779 2754 815 2808 ad
837 2753 959 2810 visores
1013 2750 1100 2812 dicos,
1118 2750 1169 2820 oui
1183 2764 1239 2805 uun
1257 2764 1349 2820 aegros
1378 2748 1582 2804 curationibus
1605 2764 1729 2815 eierare,
1755 2750 1801 2804 sed
1822 2764 1860 2803 eo·

114 2838 230 2903 deserti,
240 2847 268 2895 et
280 2839 470 2910 juredicitis:
486 2841 558 2907 Quid
572 2847 612 2895 est
633 2842 704 2896 boc?
724 2842 805 2913 quid,
827 2843 958 2913 inquam,
1013 2851 1080 2894 rum
1093 2838 1215 2894 vulnera
1230 2840 1375 2907 suscipere
1399 2838 1524 2903 simient,
1544 2847 1577 2893 ut
1600 2852 1673 2895 cum
1696 2841 1739 2894 esss
1764 2839 1861 2908 pariter

115 2929 245 3000 estquod
262 2927 366 2985 tamem
385 2929 507 2994 repellit,
532 2931 610 3000 qnod
634 2931 806 2987 desiderium
821 2932 916 2996 satiat,
932 2940 959 2988 et
1013 2925 1169 2998 aegroteuti
1195 2926 1269 2992 Quid
1288 2926 1409 2995 prodest,
1427 2925 1538 2993 iratres,
1561 2926 1647 2982 exire
1669 2926 1699 2981 in
1728 2939 1863 2987 eremum,

115 3017 245 3073 satiendo
259 3017 427 3074 accendit?
454 3018 561 3088 Rapuit
581 3032 687 3074 manus
714 3017 763 3074 iiia
777 3006 961 3078 inexbaustae
1013 3024 1041 3072 et
1068 3015 1097 3070 in
1123 3029 1218 3072 eremo
1242 3014 1348 3070 babere
1370 3028 1419 3070 cur
1441 3014 1637 3084 AEgyptium‘i
1660 3014 1733 3078 Quid
1753 3014 1864 3084 prodest

115 3104 272 3162 clementie
295 3104 389 3161 lutum
414 3105 449 3161 de
477 3105 548 3172 luto,
575 3115 603 3162 et
619 3106 648 3161 in
667 3106 958 3164 diadematesalomu·
1014 3104 1131 3175 AEgypti
1160 3117 1248 3159 ranas
1272 3103 1374 3171 vitare,
1401 3111 1429 3159 et
1454 3103 1588 3159 obscenis
1611 3103 1864 3159 detractationibus

114 3195 171 3262 uis,
196 3210 255 3267 quo
275 3195 422 3252 coronavit
440 3210 507 3251 enm
537 3196 731 3266 niaterwunt.
761 3197 812 3267 ιιι),
831 3197 894 3253 iecit
912 3213 961 3253 vus
1015 3191 1211 3263 concrepare?
1239 3193 1348 3263 Ecqui
1378 3192 1432 3248 sub
1453 3192 1604 3247 Pharaone
1632 3191 1802 3263 languistis,
1817 3191 1862 3246 sub

115 3297 218 3342 aureos
233 3283 268 3338 de
287 3283 357 3338 tuto.
384 3281 438 3338 Sed
458 3283 621 3352 nescioquo
648 3291 730 3352 pacto
756 3297 835 3339 nunc
854 3299 961 3342 aurum
1015 3297 1107 3340 mauu
1136 3282 1225 3351 niovst
1247 3281 1425 3351 exspirastis.
1456 3280 1642 3350 argumento
1661 3283 1746 3338 vobis
1768 3293 1807 3337 est
1823 3281 1861 3335 tu-

115 3369 200 3427 rediit
221 3370 251 3424 in
276 3368 416 3425 intumet
442 3369 471 3424 iu
497 3369 564 3425 terri
589 3370 728 3426 vilitatem
753 3372 835 3427 aurei
863 3375 961 3432 saculi
1016 3385 1082 3429 mus
1098 3371 1204 3441 linguae
1219 3378 1331 3431 vestrae.
1348 3369 1398 3440 qui
1413 3382 1481 3425 cnm
1503 3368 1613 3424 iontem
1644 3370 1755 3426 bibatis
1778 3370 1806 3425 in
1827 3384 1862 3424 se·

116 3465 231 3512 moneta
241 3452 403 3526 degenerat.
424 3458 550 3513 Levastis
564 3472 684 3528 corpora
702 3469 797 3515 vestra
825 3461 854 3516 iu
877 3477 961 3518 mon·
1016 3461 1138 3517 cretario
1149 3458 1226 3515 celim
1239 3469 1350 3524 vestrae,
1363 3457 1501 3513 detractio
1513 3457 1542 3512 in
1555 3457 1640 3515 celiis
1650 3460 1823 3528 concipitur,
1839 3459 1864 3514 in

116 3550 168 3611 tes,
183 3544 230 3601 scd
243 3553 350 3601 mentes
366 3547 395 3601 in
415 3547 542 3603 vaiiibus
568 3556 779 3605 romanserunt.
796 3550 876 3606 Unde
893 3564 961 3622 ergo
1017 3547 1296 3606 claustrisvomitur.
1311 3547 1373 3603 Nou
1392 3554 1435 3603 est
1455 3547 1610 3603 carthusia
1621 3548 1746 3617 cretum,
1762 3564 1818 3607 non
1830 3557 1864 3604 est

115 3633 211 3691 veniet
225 3627 368 3691 auxilium
393 3635 496 3691 vobis?
516 3635 710 3706 sperabamus
727 3639 803 3709 quod
824 3639 852 3695 in
874 3653 960 3696 caen.
1017 3636 1171 3696 cirtensia
1200 3635 1359 3706 paradisus.
1399 3634 1504 3691 adnuo
1531 3643 1576 3691 est
1609 3637 1775 3694 carthusia
1802 3641 1864 3692 inter

117 3723 399 3780 minibusmontium
429 3739 538 3794 pennas
557 3728 710 3792 cuderetis,
728 3741 794 3796 cuae
815 3729 960 3785 vostr—be·
1018 3725 1140 3782 {Iuntina
1163 3724 1328 3794 Babylonis.
1358 3725 1388 3780 in
1418 3725 1489 3780 coeio
1514 3734 1653 3794 apostata
1676 3728 1707 3782 in
1742 3727 1865 3797 paracio

116 3820 182 3892 rent
209 3813 246 3868 ad
263 3813 412 3870 dexteram
430 3813 532 3869 Patris.
558 3814 679 3871 Seduxit
692 3829 744 3870 nos
765 3816 963 3885 opinioinbri·
1019 3822 1233 3887 praevarcator.
1264 3812 1337 3881 Quid
1363 3812 1429 3870 tacit
1454 3813 1484 3868 in
1514 3813 1678 3870 Cartbusia
1712 3813 1866 3871 detractor?

117 3913 161 3968 ea,
181 3908 209 3956 et
225 3900 315 3971 (quod
327 3902 409 3958 vaide
424 3902 580 3974 gemimus)
594 3903 706 3958 alarum
719 3905 827 3960 nudate
842 3906 962 3977 remigio
1016 3903 1083 3961 Post
1095 3905 1194 3960 seoriae
1218 3911 1382 3973 puritatem,
1402 3910 1461 3972 post
1476 3904 1720 3972 compunctionis
1736 3905 1868 3974 iacrymas

117 3987 148 4046 in
169 3989 275 4069 piumis
291 3991 421 4064 corporis
431 3991 559 4061 gravitas
573 4005 623 4048 vos
637 3993 813 4061 pessumdat.
840 3995 962 4051 Putaba-
1017 3993 1076 4049 itur
1093 3993 1121 4048 in
1135 3991 1232 4048 tortrm
1245 3991 1375 4056 claustri,
1391 3999 1418 4046 et
1444 3990 1553 4062 liuguae
1577 3992 1691 4050 ostium
1716 4010 1773 4050 nou
1800 4008 1867 4050 rese·

117 4090 184 4134 mus
198 4078 274 4149 quod
285 4077 362 4134 Deus
378 4085 451 4135 esset
475 4086 616 4135 munuum
633 4072 748 4136 tantum
764 4082 837 4138 Deus
848 4099 856 4149 3
868 4083 916 4139 sed
935 4089 963 4140 et
1017 4088 1110 4149 ratur,
1123 4082 1170 4136 sed
1183 4080 1339 4151 trangitur.
1363 4079 1501 4149 Quisquis
1522 4094 1592 4137 vero
1611 4095 1666 4151 per
1683 4083 1755 4140 iliud
1768 4083 1868 4140 ostium

117 4168 200 4223 vatim
225 4167 404 4224 abundabunt
425 4170 564 4235 frumento
590 4169 674 4239 (Psoi.
701 4172 792 4242 cxiv).
813 4171 964 4242 Suscipere
1018 4185 1076 4227 uon
1105 4170 1257 4236 introierit,
1290 4183 1349 4228 non
1389 4170 1532 4241 palpatur,
1565 4172 1616 4226 sed
1643 4174 1797 4245 creditur;
1820 4186 1869 4229 nou

118 4255 258 4335 debuistis
280 4272 383 4338 pacem
409 4255 513 4327 populo
539 4266 649 4313 montes
673 4265 701 4315 et
717 4257 824 4331 {iugum
849 4261 961 4329 spionia
1019 4267 1149 4326 curatur,
1175 4259 1222 4316 sed
1243 4259 1411 4330 judicatur;
1437 4273 1495 4315 non
1520 4259 1667 4329 reiicitur,
1698 4264 1749 4318 sed
1775 4272 1870 4319 marta-

119 4345 368 4403 vibrastisnonin
394 4345 545 4418 populum.
571 4347 618 4404 sed
642 4347 670 4402 in
691 4349 792 4405 Deum.
813 4350 964 4421 Cuttnsju-
1018 4356 1080 4416 tur;
1104 4356 1141 4416 et,
1163 4348 1342 4406 utbreviter
1369 4347 1476 4417 dicam,
1508 4346 1571 4405 sine
1609 4350 1741 4408 crimine
1777 4352 1868 4409 nntius

119 4437 212 4501 stitia,
241 4443 310 4492 teste
341 4437 555 4506 prophetismi
582 4437 723 4492 sitentium
760 4438 825 4509 (iso.
855 4440 961 4512 ιιιιι).
1018 4438 1167 4508 apudros.

120 4522 214 4589 Quam
229 4537 318 4597 grave
331 4525 473 4581 trutinata
487 4524 516 4580 in
536 4534 642 4582 statera
662 4526 787 4597 Spiritus
801 4529 960 4585 sauctisen·
1054 4526 1110 4598 (io)
1127 4525 1205 4583 Dixit
1227 4530 1262 4582 Α.
1283 4526 1313 4582 Ρ.
1331 4525 1404 4584 dixit
1432 4528 1464 4583 P.
1487 4529 1521 4581 Α.
1550 4526 1631 4584 Dixit
1654 4528 1755 4587 eidem
1787 4531 1872 4587 idem:

108 4601 310 4670 tentiaiitium
328 4613 361 4686 [r.
378 4611 546 4686 silentium}
562 4613 635 4670 Nam
664 4613 787 4671 stultitia
803 4617 964 4673 etiusuria
1017 4613 1088 4673 Cum
1107 4614 1153 4680 sit,
1182 4614 1273 4679 Petre,
1300 4615 1431 4672 Christus
1461 4616 1545 4681 DeuS,
1575 4629 1593 4672 a
1625 4631 1693 4688 quo
1720 4618 1873 4677 Christiani

118 4701 225 4760 excidit
247 4709 298 4759 aut
328 4701 432 4758 delicit.
462 4702 544 4760 Uitra
562 4702 681 4772 prosiiit,
707 4713 758 4761 aut
782 4704 854 4761 citra
873 4705 961 4776 jacet,
1018 4704 1166 4769 dicuutur,
1191 4703 1252 4760 sola
1270 4711 1312 4761 est
1336 4719 1407 4776 gens
1425 4711 1580 4770 nostram
1599 4706 1730 4776 aestimo,
1746 4724 1819 4781 quae
1835 4709 1875 4766 di·

119 4791 173 4850 nisi
195 4790 275 4848 irene
295 4790 402 4849 silentii
427 4792 619 4862 gubernetur.
638 4793 731 4866 Hujus
751 4794 823 4850 trini
846 4795 965 4865 rupistis
1017 4793 1079 4851 vini
1094 4793 1220 4850 nominis
1230 4793 1422 4864 appellatione
1432 4793 1470 4849 sit
1485 4793 1645 4865 insignata.

117 4879 283 4953 juncturas,
304 4877 546 4951 ctavosiregiszis,
577 4888 604 4937 et
627 4881 782 4953 languente
797 4884 901 4954 auriga
913 4896 964 4937 ve-
1054 4883 1084 4937 P.
1111 4881 1165 4953 ipsi
1188 4882 1290 4954 gioria,
1322 4883 1374 4954 qui
1402 4884 1473 4940 tanti
1504 4883 1634 4939 nominis
1667 4886 1803 4957 gbiriam
1829 4899 1876 4946 tam

121 4966 173 5026 iuti
207 4967 333 5027 infrenes
356 4969 424 5041 eqni
454 4979 521 5026 ante
541 4970 652 5027 sentitis
682 4972 842 5041 praecpitia
875 4984 963 5041 quam
1019 4969 1144 5027 infirmae
1168 4972 1308 5028 concessit
1329 4979 1480 5036 creaturae,
1508 4978 1540 5028 ut
1564 4972 1627 5041 ipso
1654 4989 1785 5048 quoque
1805 4993 1876 5035 voca·

60 5107 63 5113 1
121 5057 256 5115 bravium
284 5058 452 5131 acquiratis.
480 5059 528 5115 iiie
543 5058 661 5129 quidem
682 5058 779 5115 dixit:
803 5061 902 5115 Cutius
912 5061 957 5128 ju·
982 5057 1088 5117 Dbuin
1104 5059 1131 5115 ei
1150 5061 1236 5130 capiti
1258 5060 1343 5132 cujus
1364 5061 1493 5116 membra
1514 5059 1636 5130 iuimus,
1659 5068 1833 5137 cunjuncti.
1849 5082 1878 5123 ιι

122 5150 206 5204 stitiae
225 5148 374 5204 sitentium.
409 5148 463 5207 Vos
490 5162 558 5205 vero
584 5148 669 5204 aliter
691 5149 911 5220 interpretantes
925 5149 965 5204 di·
1021 5147 1084 5219 ipsa
1102 5150 1228 5207 nominis
1254 5149 1488 5222 interpretatione
1506 5147 1534 5206 id
1555 5151 1637 5222 quod
1666 5153 1807 5215 dicimur
1829 5171 1877 5214 scr·

122 5322 426 5465 quiiidiiguxltldegulrnbtic
448 5327 568 5387 atterius
585 5340 647 5384 esse
670 5327 796 5385 auctoris
820 5326 963 5399 dialogus,
990 5335 1019 5384 et
1055 5327 1137 5394 torte,
1168 5325 1332 5399 Abaelardi3
1359 5341 1413 5386 uec
1444 5327 1483 5395 ad
1512 5326 1667 5400 epistolam
1715 5333 1877 5409 uereugarir
