<?xml version="1.0" encoding="UTF-8"?>
<!DOCTYPE html PUBLIC "-//W3C//DTD XHTML 1.0 Transitional//EN"
    "http://www.w3.org/TR/xhtml1/DTD/xhtml1-transitional.dtd">
<html xmlns="http://www.w3.org/1999/xhtml" xml:lang="en" lang="en">
 <head>
  <title>
</title>
<meta http-equiv="Content-Type" content="text/html;charset=utf-8" />
  <meta name='ocr-system' content='tesseract 3.04.00' />
  <meta name='ocr-capabilities' content='ocr_page ocr_carea ocr_par ocr_line ocrx_word'/>
</head>
<body>
  <div class='ocr_page' id='page_1' title='image "./patrologiaecurs53unkngoog_0237.png"; bbox 0 0 3804 5962; ppageno 0'>
   <div class='ocr_carea' id='block_1_1' title="bbox 107 192 1857 262">
    <p class='ocr_par' dir='ltr' id='par_1_1' title="bbox 107 192 1857 262">
     <span class='ocr_line' id='line_1_1' title="bbox 107 192 1857 262; baseline 0 -10"><span class='ocrx_word' id='word_1_1' title='bbox 107 204 160 262; x_wconf 70' lang='lat' dir='ltr'><strong>m</strong></span> <span class='ocrx_word' id='word_1_2' title='bbox 393 195 493 253; x_wconf 78' lang='lat' dir='ltr'><strong>emm</strong></span> <span class='ocrx_word' id='word_1_3' title='bbox 512 195 699 253; x_wconf 74' lang='lat' dir='ltr'><strong>seminant</strong></span> <span class='ocrx_word' id='word_1_4' title='bbox 718 195 794 252; x_wconf 68' lang='lat' dir='ltr'><strong>erl).</strong></span> <span class='ocrx_word' id='word_1_5' title='bbox 816 194 905 252; x_wconf 76' lang='lat' dir='ltr'><strong>eles</strong></span> <span class='ocrx_word' id='word_1_6' title='bbox 924 194 961 250; x_wconf 85' lang='grc' dir='ltr'><strong>ΙΙ.</strong></span> <span class='ocrx_word' id='word_1_7' title='bbox 981 223 1015 236; x_wconf 90' lang='grc'>-</span> <span class='ocrx_word' id='word_1_8' title='bbox 1034 192 1222 253; x_wconf 70' lang='grc' dir='ltr'><strong>ΒΕΒΜΟΝΕΕ</strong></span> <span class='ocrx_word' id='word_1_9' title='bbox 1245 194 1288 250; x_wconf 81' lang='grc' dir='ltr'><strong>ΕΤ</strong></span> <span class='ocrx_word' id='word_1_10' title='bbox 1311 193 1430 253; x_wconf 84' lang='lat' dir='ltr'><strong>OPUSG.</strong></span> <span class='ocrx_word' id='word_1_11' title='bbox 1450 194 1570 253; x_wconf 76' lang='lat' dir='ltr'><strong>ascet.</strong></span> <span class='ocrx_word' id='word_1_12' title='bbox 1804 195 1857 252; x_wconf 76' lang='lat' dir='ltr'><strong>tol</strong></span> 
     </span>
    </p>
   </div>
   <div class='ocr_carea' id='block_1_2' title="bbox 99 304 1858 3330">
    <p class='ocr_par' dir='ltr' id='par_1_2' title="bbox 99 304 1858 3330">
     <span class='ocr_line' id='line_1_2' title="bbox 107 304 1857 400; baseline -0.004 -16"><span class='ocrx_word' id='word_1_13' title='bbox 107 326 179 400; x_wconf 81' lang='lat' dir='ltr'><strong>qnia</strong></span> <span class='ocrx_word' id='word_1_14' title='bbox 192 333 382 396; x_wconf 81' lang='lat' dir='ltr'><strong>nequaquam</strong></span> <span class='ocrx_word' id='word_1_15' title='bbox 406 321 522 378; x_wconf 88' lang='lat' dir='ltr'><strong>decebat</strong></span> <span class='ocrx_word' id='word_1_16' title='bbox 536 319 566 377; x_wconf 93' lang='lat' dir='ltr'><strong>in</strong></span> <span class='ocrx_word' id='word_1_17' title='bbox 591 319 711 377; x_wconf 89' lang='lat' dir='ltr'><strong>alterius</strong></span> <span class='ocrx_word' id='word_1_18' title='bbox 725 319 832 390; x_wconf 86' lang='lat' dir='ltr'><strong>doma,</strong></span> <span class='ocrx_word' id='word_1_19' title='bbox 852 304 898 376; x_wconf 80' lang='lat' dir='ltr'><strong>yel</strong></span> <span class='ocrx_word' id='word_1_20' title='bbox 921 319 956 377; x_wconf 87' lang='lat' dir='ltr'><strong>de</strong></span> <span class='ocrx_word' id='word_1_21' title='bbox 970 320 995 375; x_wconf 80' lang='grc' dir='ltr'><strong>Α</strong></span> <span class='ocrx_word' id='word_1_22' title='bbox 1009 333 1043 378; x_wconf 91' lang='lat' dir='ltr'><strong>eo</strong></span> <span class='ocrx_word' id='word_1_23' title='bbox 1056 319 1143 376; x_wconf 87' lang='lat' dir='ltr'><strong>ctiam</strong></span> <span class='ocrx_word' id='word_1_24' title='bbox 1158 319 1264 390; x_wconf 90' lang='lat' dir='ltr'><strong>azymis</strong></span> <span class='ocrx_word' id='word_1_25' title='bbox 1289 335 1359 377; x_wconf 89' lang='lat' dir='ltr'><strong>cum</strong></span> <span class='ocrx_word' id='word_1_26' title='bbox 1382 320 1501 378; x_wconf 79' lang='lat' dir='ltr'>lactucis</span> <span class='ocrx_word' id='word_1_27' title='bbox 1524 320 1687 392; x_wconf 75' lang='lat' dir='ltr'>agrestibus</span> <span class='ocrx_word' id='word_1_28' title='bbox 1710 334 1857 378; x_wconf 58' lang='lat' dir='ltr'><strong>aresceren-</strong></span> 
     </span>
     <span class='ocr_line' id='line_1_3' title="bbox 107 407 1856 483; baseline -0.003 -11"><span class='ocrx_word' id='word_1_29' title='bbox 107 413 209 473; x_wconf 88' lang='lat' dir='ltr'><strong>allenls</strong></span> <span class='ocrx_word' id='word_1_30' title='bbox 243 410 407 483; x_wconf 81' lang='lat' dir='ltr'><strong>sumptibus</strong></span> <span class='ocrx_word' id='word_1_31' title='bbox 442 409 564 467; x_wconf 86' lang='lat' dir='ltr'><strong>Domino</strong></span> <span class='ocrx_word' id='word_1_32' title='bbox 600 407 787 466; x_wconf 90' lang='lat' dir='ltr'><strong>ministrare.</strong></span> <span class='ocrx_word' id='word_1_33' title='bbox 812 408 952 465; x_wconf 85' lang='lat' dir='ltr'><strong>Praeteera</strong></span> <span class='ocrx_word' id='word_1_34' title='bbox 1007 415 1064 466; x_wconf 88' lang='lat' dir='ltr'><strong>tur.</strong></span> <span class='ocrx_word' id='word_1_35' title='bbox 1091 407 1208 466; x_wconf 86' lang='lat' dir='ltr'><strong>Paschae</strong></span> <span class='ocrx_word' id='word_1_36' title='bbox 1238 423 1354 481; x_wconf 84' lang='lat' dir='ltr'><strong>quoque</strong></span> <span class='ocrx_word' id='word_1_37' title='bbox 1380 408 1496 466; x_wconf 91' lang='lat' dir='ltr'><strong>nomine</strong></span> <span class='ocrx_word' id='word_1_38' title='bbox 1515 422 1730 480; x_wconf 88' lang='lat' dir='ltr'><strong>nonnunquam</strong></span> <span class='ocrx_word' id='word_1_39' title='bbox 1758 425 1856 467; x_wconf 90' lang='lat' dir='ltr'><strong>econ-</strong></span> 
     </span>
     <span class='ocr_line' id='line_1_4' title="bbox 105 496 1857 569; baseline -0.005 -7"><span class='ocrx_word' id='word_1_40' title='bbox 105 504 230 562; x_wconf 81' lang='lat' dir='ltr'><strong>Joannes</strong></span> <span class='ocrx_word' id='word_1_41' title='bbox 256 500 296 557; x_wconf 92' lang='lat' dir='ltr'><strong>ibi</strong></span> <span class='ocrx_word' id='word_1_42' title='bbox 326 500 446 556; x_wconf 87' lang='lat' dir='ltr'><strong>blariam</strong></span> <span class='ocrx_word' id='word_1_43' title='bbox 480 512 535 555; x_wconf 92' lang='lat' dir='ltr'><strong>non</strong></span> <span class='ocrx_word' id='word_1_44' title='bbox 575 496 660 554; x_wconf 89' lang='lat' dir='ltr'><strong>relert</strong></span> <span class='ocrx_word' id='word_1_45' title='bbox 690 496 745 553; x_wconf 87' lang='lat' dir='ltr'><strong>nisi</strong></span> <span class='ocrx_word' id='word_1_46' title='bbox 776 496 859 567; x_wconf 83' lang='lat' dir='ltr'><strong>pedes</strong></span> <span class='ocrx_word' id='word_1_47' title='bbox 886 497 952 554; x_wconf 90' lang='lat' dir='ltr'><strong>Jesu</strong></span> <span class='ocrx_word' id='word_1_48' title='bbox 1006 511 1090 554; x_wconf 85' lang='lat' dir='ltr'><strong>verso</strong></span> <span class='ocrx_word' id='word_1_49' title='bbox 1111 497 1170 555; x_wconf 91' lang='lat' dir='ltr'><strong>dies</strong></span> <span class='ocrx_word' id='word_1_50' title='bbox 1194 512 1359 569; x_wconf 84' lang='lat' dir='ltr'>azymorum</span> <span class='ocrx_word' id='word_1_51' title='bbox 1388 497 1648 569; x_wconf 86' lang='lat' dir='ltr'><strong>continetnry&#39;uxta</strong></span> <span class='ocrx_word' id='word_1_52' title='bbox 1673 498 1744 555; x_wconf 91' lang='lat' dir='ltr'><strong>illud</strong></span> <span class='ocrx_word' id='word_1_53' title='bbox 1772 500 1857 556; x_wconf 84' lang='lat' dir='ltr'><strong>ioan·</strong></span> 
     </span>
     <span class='ocr_line' id='line_1_5' title="bbox 106 586 1853 660; baseline -0.005 -10"><span class='ocrx_word' id='word_1_54' title='bbox 106 591 226 651; x_wconf 80' lang='lat' dir='ltr'><strong>unxisse</strong></span> <span class='ocrx_word' id='word_1_55' title='bbox 239 594 267 646; x_wconf 90' lang='lat' dir='ltr'><strong>et</strong></span> <span class='ocrx_word' id='word_1_56' title='bbox 292 588 403 660; x_wconf 91' lang='lat' dir='ltr'><strong>capillis</strong></span> <span class='ocrx_word' id='word_1_57' title='bbox 417 587 590 655; x_wconf 83' lang='lat' dir='ltr'><strong>extersisse,</strong></span> <span class='ocrx_word' id='word_1_58' title='bbox 614 600 667 642; x_wconf 88' lang='lat' dir='ltr'><strong>nec</strong></span> <span class='ocrx_word' id='word_1_59' title='bbox 692 586 738 643; x_wconf 89' lang='lat' dir='ltr'><strong>isti</strong></span> <span class='ocrx_word' id='word_1_60' title='bbox 771 586 953 657; x_wconf 78' lang='lat' dir='ltr'><strong>evangelistae</strong></span> <span class='ocrx_word' id='word_1_61' title='bbox 1006 587 1067 643; x_wconf 90' lang='lat' dir='ltr'><strong>nis:</strong></span> <span class='ocrx_word' id='word_1_62' title='bbox 1089 587 1160 642; x_wconf 83' lang='lat' dir='ltr'><strong>Ante</strong></span> <span class='ocrx_word' id='word_1_63' title='bbox 1190 589 1261 643; x_wconf 80' lang='lat' dir='ltr'><strong>etiem</strong></span> <span class='ocrx_word' id='word_1_64' title='bbox 1289 589 1391 655; x_wconf 76' lang='lat' dir='ltr'><strong>sestam</strong></span> <span class='ocrx_word' id='word_1_65' title='bbox 1420 588 1533 642; x_wconf 79' lang='lat' dir='ltr'><strong>Pescla</strong></span> <span class='ocrx_word' id='word_1_66' title='bbox 1561 588 1640 659; x_wconf 82' lang='lat' dir='ltr'><strong>(toan</strong></span> <span class='ocrx_word' id='word_1_67' title='bbox 1663 627 1670 642; x_wconf 89' lang='lat'><strong>.</strong></span> <span class='ocrx_word' id='word_1_68' title='bbox 1697 603 1777 655; x_wconf 88' lang='lat' dir='ltr'><strong>xm,</strong></span> <span class='ocrx_word' id='word_1_69' title='bbox 1805 588 1853 658; x_wconf 88' lang='lat' dir='ltr'><strong>l).</strong></span> 
     </span>
     <span class='ocr_line' id='line_1_6' title="bbox 105 674 1855 749; baseline -0.004 -9"><span class='ocrx_word' id='word_1_70' title='bbox 105 682 235 740; x_wconf 75' lang='lat' dir='ltr'><strong>referunt</strong></span> <span class='ocrx_word' id='word_1_71' title='bbox 250 679 297 735; x_wconf 92' lang='lat' dir='ltr'><strong>bic</strong></span> <span class='ocrx_word' id='word_1_72' title='bbox 311 692 374 736; x_wconf 91' lang='lat' dir='ltr'><strong>eam</strong></span> <span class='ocrx_word' id='word_1_73' title='bbox 385 676 441 734; x_wconf 91' lang='lat' dir='ltr'><strong>nisi</strong></span> <span class='ocrx_word' id='word_1_74' title='bbox 451 690 539 748; x_wconf 89' lang='lat' dir='ltr'><strong>super</strong></span> <span class='ocrx_word' id='word_1_75' title='bbox 550 682 637 747; x_wconf 91' lang='lat' dir='ltr'><strong>caput</strong></span> <span class='ocrx_word' id='word_1_76' title='bbox 650 675 741 745; x_wconf 92' lang='lat' dir='ltr'><strong>ipsius</strong></span> <span class='ocrx_word' id='word_1_77' title='bbox 759 675 952 733; x_wconf 90' lang='lat' dir='ltr'><strong>recumbentis</strong></span> <span class='ocrx_word' id='word_1_78' title='bbox 1007 674 1086 747; x_wconf 84' lang='lat' dir='ltr'><strong>Saepe</strong></span> <span class='ocrx_word' id='word_1_79' title='bbox 1099 676 1185 733; x_wconf 91' lang='lat' dir='ltr'><strong>etiam</strong></span> <span class='ocrx_word' id='word_1_80' title='bbox 1199 675 1309 749; x_wconf 88' lang='lat' dir='ltr'><strong>pascha</strong></span> <span class='ocrx_word' id='word_1_81' title='bbox 1324 677 1386 747; x_wconf 91' lang='lat' dir='ltr'><strong>ipsa</strong></span> <span class='ocrx_word' id='word_1_82' title='bbox 1400 676 1493 733; x_wconf 87' lang='lat' dir='ltr'><strong>hostia</strong></span> <span class='ocrx_word' id='word_1_83' title='bbox 1508 675 1624 732; x_wconf 82' lang='lat' dir='ltr'><strong>rascnae</strong></span> <span class='ocrx_word' id='word_1_84' title='bbox 1655 677 1751 746; x_wconf 91' lang='lat' dir='ltr'><strong>potius</strong></span> <span class='ocrx_word' id='word_1_85' title='bbox 1766 690 1855 748; x_wconf 88' lang='lat' dir='ltr'><strong>quam</strong></span> 
     </span>
     <span class='ocr_line' id='line_1_7' title="bbox 105 763 1856 841; baseline -0.004 -13"><span class='ocrx_word' id='word_1_86' title='bbox 105 774 290 841; x_wconf 81' lang='lat' dir='ltr'><strong>unguentum</strong></span> <span class='ocrx_word' id='word_1_87' title='bbox 305 766 445 838; x_wconf 80' lang='lat' dir='ltr'><strong>posuisse.</strong></span> <span class='ocrx_word' id='word_1_88' title='bbox 458 764 539 832; x_wconf 85' lang='lat' dir='ltr'><strong>Quod</strong></span> <span class='ocrx_word' id='word_1_89' title='bbox 550 778 608 822; x_wconf 92' lang='lat' dir='ltr'><strong>non</strong></span> <span class='ocrx_word' id='word_1_90' title='bbox 622 764 803 821; x_wconf 86' lang='lat' dir='ltr'><strong>incommode</strong></span> <span class='ocrx_word' id='word_1_91' title='bbox 817 765 847 820; x_wconf 90' lang='lat' dir='ltr'><strong>in</strong></span> <span class='ocrx_word' id='word_1_92' title='bbox 857 763 951 822; x_wconf 88' lang='lat' dir='ltr'><strong>aliena</strong></span> <span class='ocrx_word' id='word_1_93' title='bbox 1007 765 1068 821; x_wconf 89' lang='lat' dir='ltr'><strong>dies</strong></span> <span class='ocrx_word' id='word_1_94' title='bbox 1096 765 1269 837; x_wconf 87' lang='lat' dir='ltr'><strong>appellatur,</strong></span> <span class='ocrx_word' id='word_1_95' title='bbox 1296 765 1383 837; x_wconf 84' lang='lat' dir='ltr'><strong>juxta</strong></span> <span class='ocrx_word' id='word_1_96' title='bbox 1401 765 1472 822; x_wconf 89' lang='lat' dir='ltr'><strong>iilud</strong></span> <span class='ocrx_word' id='word_1_97' title='bbox 1488 781 1494 820; x_wconf 93' lang='lat'><strong>:</strong></span> <span class='ocrx_word' id='word_1_98' title='bbox 1513 766 1564 821; x_wconf 85' lang='lat' dir='ltr'><strong>Ubi</strong></span> <span class='ocrx_word' id='word_1_99' title='bbox 1588 767 1632 821; x_wconf 87' lang='lat' dir='ltr'><strong>cis</strong></span> <span class='ocrx_word' id='word_1_100' title='bbox 1648 781 1778 836; x_wconf 86' lang='lat' dir='ltr'><strong>paremus</strong></span> <span class='ocrx_word' id='word_1_101' title='bbox 1805 767 1856 821; x_wconf 87' lang='lat' dir='ltr'><strong>tibi</strong></span> 
     </span>
     <span class='ocr_line' id='line_1_8' title="bbox 105 851 1851 927; baseline -0.002 -13"><span class='ocrx_word' id='word_1_102' title='bbox 105 856 191 916; x_wconf 91' lang='lat' dir='ltr'><strong>domo</strong></span> <span class='ocrx_word' id='word_1_103' title='bbox 204 855 299 915; x_wconf 86' lang='lat' dir='ltr'><strong>lacere</strong></span> <span class='ocrx_word' id='word_1_104' title='bbox 332 855 434 927; x_wconf 90' lang='lat' dir='ltr'><strong>potuit,</strong></span> <span class='ocrx_word' id='word_1_105' title='bbox 452 868 519 911; x_wconf 91' lang='lat' dir='ltr'><strong>cnm</strong></span> <span class='ocrx_word' id='word_1_106' title='bbox 543 852 662 909; x_wconf 78' lang='lat' dir='ltr'><strong>tortasse</strong></span> <span class='ocrx_word' id='word_1_107' title='bbox 677 851 728 924; x_wconf 86' lang='lat' dir='ltr'><strong>qui</strong></span> <span class='ocrx_word' id='word_1_108' title='bbox 756 852 853 909; x_wconf 90' lang='lat' dir='ltr'><strong>cibum</strong></span> <span class='ocrx_word' id='word_1_109' title='bbox 874 852 954 909; x_wconf 90' lang='lat' dir='ltr'><strong>daret</strong></span> <span class='ocrx_word' id='word_1_110' title='bbox 1009 852 1144 909; x_wconf 78' lang='lat' dir='ltr'><em>comedere</em></span> <span class='ocrx_word' id='word_1_111' title='bbox 1168 854 1273 926; x_wconf 82' lang='lat' dir='ltr'><strong>pascba</strong></span> <span class='ocrx_word' id='word_1_112' title='bbox 1292 853 1356 912; x_wconf 81' lang='lat' dir='ltr'><strong>iEt</strong></span> <span class='ocrx_word' id='word_1_113' title='bbox 1381 854 1471 911; x_wconf 88' lang='lat' dir='ltr'><strong>alibi:</strong></span> <span class='ocrx_word' id='word_1_114' title='bbox 1501 855 1582 909; x_wconf 83' lang='lat' dir='ltr'><strong>Venit</strong></span> <span class='ocrx_word' id='word_1_115' title='bbox 1603 858 1693 910; x_wconf 87' lang='lat' dir='ltr'><strong>autem</strong></span> <span class='ocrx_word' id='word_1_116' title='bbox 1706 855 1764 911; x_wconf 84' lang='lat' dir='ltr'><strong>dies</strong></span> <span class='ocrx_word' id='word_1_117' title='bbox 1785 871 1851 926; x_wconf 82' lang='lat' dir='ltr'><strong>ary·</strong></span> 
     </span>
     <span class='ocr_line' id='line_1_9' title="bbox 102 940 1853 1021; baseline -0.004 -16"><span class='ocrx_word' id='word_1_118' title='bbox 102 955 288 1021; x_wconf 72' lang='lat' dir='ltr'><strong>unguentum</strong></span> <span class='ocrx_word' id='word_1_119' title='bbox 302 960 361 1002; x_wconf 89' lang='lat' dir='ltr'><strong>nen</strong></span> <span class='ocrx_word' id='word_1_120' title='bbox 376 944 537 1015; x_wconf 83' lang='lat' dir='ltr'><strong>prmberet.</strong></span> <span class='ocrx_word' id='word_1_121' title='bbox 554 944 627 999; x_wconf 79' lang='lat' dir='ltr'><strong>Rene</strong></span> <span class='ocrx_word' id='word_1_122' title='bbox 643 947 740 998; x_wconf 86' lang='lat' dir='ltr'><strong>autem</strong></span> <span class='ocrx_word' id='word_1_123' title='bbox 759 940 842 1012; x_wconf 90' lang='lat' dir='ltr'><strong>prius</strong></span> <span class='ocrx_word' id='word_1_124' title='bbox 857 941 953 997; x_wconf 86' lang='lat' dir='ltr'><strong>Domi·</strong></span> <span class='ocrx_word' id='word_1_125' title='bbox 1006 957 1122 1012; x_wconf 85' lang='lat' dir='ltr'><strong>morum,</strong></span> <span class='ocrx_word' id='word_1_126' title='bbox 1151 946 1180 999; x_wconf 89' lang='lat' dir='ltr'><strong>in</strong></span> <span class='ocrx_word' id='word_1_127' title='bbox 1195 959 1250 1015; x_wconf 81' lang='lat' dir='ltr'><strong>qua</strong></span> <span class='ocrx_word' id='word_1_128' title='bbox 1268 959 1372 1000; x_wconf 87' lang='lat' dir='ltr'><strong>necesse</strong></span> <span class='ocrx_word' id='word_1_129' title='bbox 1390 949 1448 1000; x_wconf 88' lang='lat' dir='ltr'><strong>erat</strong></span> <span class='ocrx_word' id='word_1_130' title='bbox 1463 943 1550 998; x_wconf 85' lang='lat' dir='ltr'><strong>occidi</strong></span> <span class='ocrx_word' id='word_1_131' title='bbox 1561 944 1664 1012; x_wconf 78' lang='lat' dir='ltr'><strong>pascba</strong></span> <span class='ocrx_word' id='word_1_132' title='bbox 1677 944 1766 1014; x_wconf 87' lang='lat' dir='ltr'><strong>(Luc.</strong></span> <span class='ocrx_word' id='word_1_133' title='bbox 1787 960 1853 1012; x_wconf 83' lang='lat' dir='ltr'><strong>xxrr,</strong></span> 
     </span>
     <span class='ocr_line' id='line_1_10' title="bbox 103 1028 1853 1109; baseline -0.004 -16"><span class='ocrx_word' id='word_1_134' title='bbox 103 1035 134 1093; x_wconf 92' lang='lat' dir='ltr'><strong>ni</strong></span> <span class='ocrx_word' id='word_1_135' title='bbox 147 1035 235 1109; x_wconf 80' lang='lat' dir='ltr'><strong>longa</strong></span> <span class='ocrx_word' id='word_1_136' title='bbox 246 1034 295 1092; x_wconf 83' lang='lat' dir='ltr'><strong>via</strong></span> <span class='ocrx_word' id='word_1_137' title='bbox 310 1032 422 1105; x_wconf 75' lang='lat' dir='ltr'><strong>fatigati</strong></span> <span class='ocrx_word' id='word_1_138' title='bbox 439 1031 522 1102; x_wconf 89' lang='lat' dir='ltr'><strong>pedes</strong></span> <span class='ocrx_word' id='word_1_139' title='bbox 543 1030 628 1087; x_wconf 83' lang='lat' dir='ltr'><strong>unxit</strong></span> <span class='ocrx_word' id='word_1_140' title='bbox 646 1028 752 1086; x_wconf 91' lang='lat' dir='ltr'><strong>mulier</strong></span> <span class='ocrx_word' id='word_1_141' title='bbox 768 1070 776 1099; x_wconf 97' lang='lat'><strong>,</strong></span> <span class='ocrx_word' id='word_1_142' title='bbox 792 1036 825 1086; x_wconf 88' lang='lat' dir='ltr'><strong>ut</strong></span> <span class='ocrx_word' id='word_1_143' title='bbox 836 1029 954 1086; x_wconf 90' lang='lat' dir='ltr'><strong>siceum</strong></span> <span class='ocrx_word' id='word_1_144' title='bbox 1007 1032 1063 1104; x_wconf 79' lang='lat'><strong>7).</strong></span> <span class='ocrx_word' id='word_1_145' title='bbox 1094 1033 1130 1088; x_wconf 84' lang='lat' dir='ltr'><strong>Et</strong></span> <span class='ocrx_word' id='word_1_146' title='bbox 1158 1033 1312 1104; x_wconf 79' lang='lat' dir='ltr'><strong>Apostolus</strong></span> <span class='ocrx_word' id='word_1_147' title='bbox 1342 1050 1348 1090; x_wconf 95' lang='lat'><strong>:</strong></span> <span class='ocrx_word' id='word_1_148' title='bbox 1388 1034 1496 1088; x_wconf 83' lang='lat' dir='ltr'><strong>Pescia</strong></span> <span class='ocrx_word' id='word_1_149' title='bbox 1536 1036 1657 1088; x_wconf 86' lang='lat' dir='ltr'><strong>nostrum</strong></span> <span class='ocrx_word' id='word_1_150' title='bbox 1695 1033 1853 1088; x_wconf 86' lang='lat' dir='ltr'><strong>immolatus</strong></span> 
     </span>
     <span class='ocr_line' id='line_1_11' title="bbox 103 1118 1855 1194; baseline -0.003 -13"><span class='ocrx_word' id='word_1_151' title='bbox 103 1136 122 1181; x_wconf 95' lang='lat' dir='ltr'><strong>a</strong></span> <span class='ocrx_word' id='word_1_152' title='bbox 141 1123 239 1182; x_wconf 91' lang='lat' dir='ltr'><strong>labore</strong></span> <span class='ocrx_word' id='word_1_153' title='bbox 257 1124 313 1181; x_wconf 81' lang='lat' dir='ltr'><strong>vim</strong></span> <span class='ocrx_word' id='word_1_154' title='bbox 337 1127 489 1179; x_wconf 86' lang='lat' dir='ltr'><strong>recrearet.</strong></span> <span class='ocrx_word' id='word_1_155' title='bbox 505 1120 589 1177; x_wconf 88' lang='lat' dir='ltr'><strong>Nunc</strong></span> <span class='ocrx_word' id='word_1_156' title='bbox 604 1125 701 1176; x_wconf 84' lang='lat' dir='ltr'><strong>autmn</strong></span> <span class='ocrx_word' id='word_1_157' title='bbox 725 1118 794 1174; x_wconf 91' lang='lat' dir='ltr'><strong>satis</strong></span> <span class='ocrx_word' id='word_1_158' title='bbox 818 1132 879 1175; x_wconf 90' lang='lat' dir='ltr'><strong>esse</strong></span> <span class='ocrx_word' id='word_1_159' title='bbox 907 1132 954 1174; x_wconf 91' lang='lat' dir='ltr'><strong>ar·</strong></span> <span class='ocrx_word' id='word_1_160' title='bbox 1007 1125 1048 1176; x_wconf 91' lang='lat' dir='ltr'><strong>est</strong></span> <span class='ocrx_word' id='word_1_161' title='bbox 1063 1122 1187 1178; x_wconf 79' lang='lat' dir='ltr'><strong>cbristus</strong></span> <span class='ocrx_word' id='word_1_162' title='bbox 1203 1122 1232 1192; x_wconf 86' lang='lat'><strong>(1</strong></span> <span class='ocrx_word' id='word_1_163' title='bbox 1248 1124 1308 1180; x_wconf 82' lang='lat' dir='ltr'><strong>cor.</strong></span> <span class='ocrx_word' id='word_1_164' title='bbox 1325 1138 1361 1192; x_wconf 88' lang='lat' dir='ltr'><strong>v,</strong></span> <span class='ocrx_word' id='word_1_165' title='bbox 1378 1122 1417 1194; x_wconf 87' lang='lat'><strong>7),</strong></span> <span class='ocrx_word' id='word_1_166' title='bbox 1429 1123 1484 1179; x_wconf 87' lang='lat' dir='ltr'><strong>hoc</strong></span> <span class='ocrx_word' id='word_1_167' title='bbox 1498 1129 1540 1179; x_wconf 88' lang='lat' dir='ltr'><strong>est</strong></span> <span class='ocrx_word' id='word_1_168' title='bbox 1558 1122 1616 1192; x_wconf 91' lang='lat' dir='ltr'><strong>ipse</strong></span> <span class='ocrx_word' id='word_1_169' title='bbox 1642 1128 1740 1178; x_wconf 89' lang='lat' dir='ltr'><strong>nostra</strong></span> <span class='ocrx_word' id='word_1_170' title='bbox 1761 1121 1855 1177; x_wconf 89' lang='lat' dir='ltr'><strong>hostia</strong></span> 
     </span>
     <span class='ocr_line' id='line_1_12' title="bbox 100 1206 1854 1282; baseline -0.003 -13"><span class='ocrx_word' id='word_1_171' title='bbox 100 1212 210 1271; x_wconf 83' lang='lat' dir='ltr'><strong>bibrata</strong></span> <span class='ocrx_word' id='word_1_172' title='bbox 234 1217 275 1270; x_wconf 91' lang='lat' dir='ltr'><strong>est</strong></span> <span class='ocrx_word' id='word_1_173' title='bbox 296 1216 383 1282; x_wconf 83' lang='lat' dir='ltr'><strong>caput</strong></span> <span class='ocrx_word' id='word_1_174' title='bbox 408 1207 581 1281; x_wconf 86' lang='lat' dir='ltr'><strong>quiescentis</strong></span> <span class='ocrx_word' id='word_1_175' title='bbox 604 1206 724 1278; x_wconf 83' lang='lat' dir='ltr'><strong>inungi,</strong></span> <span class='ocrx_word' id='word_1_176' title='bbox 741 1213 880 1278; x_wconf 86' lang='lat' dir='ltr'><strong>tanqnam</strong></span> <span class='ocrx_word' id='word_1_177' title='bbox 900 1206 954 1263; x_wconf 92' lang='lat' dir='ltr'><strong>hoc</strong></span> <span class='ocrx_word' id='word_1_178' title='bbox 1007 1211 1161 1281; x_wconf 88' lang='lat' dir='ltr'><strong>paschalis.</strong></span> <span class='ocrx_word' id='word_1_179' title='bbox 1196 1210 1277 1279; x_wconf 87' lang='lat' dir='ltr'><strong>Quod</strong></span> <span class='ocrx_word' id='word_1_180' title='bbox 1293 1226 1362 1269; x_wconf 90' lang='lat' dir='ltr'><strong>vero</strong></span> <span class='ocrx_word' id='word_1_181' title='bbox 1389 1214 1513 1268; x_wconf 83' lang='lat' dir='ltr'><strong>loannes</strong></span> <span class='ocrx_word' id='word_1_182' title='bbox 1539 1211 1579 1267; x_wconf 91' lang='lat' dir='ltr'><strong>ait</strong></span> <span class='ocrx_word' id='word_1_183' title='bbox 1612 1213 1658 1267; x_wconf 82' lang='lat' dir='ltr'><strong>:lit</strong></span> <span class='ocrx_word' id='word_1_184' title='bbox 1680 1227 1753 1266; x_wconf 86' lang='lat' dir='ltr'><strong>cana</strong></span> <span class='ocrx_word' id='word_1_185' title='bbox 1777 1212 1854 1277; x_wconf 72' lang='lat' dir='ltr'><strong>facta</strong></span> 
     </span>
     <span class='ocr_line' id='line_1_13' title="bbox 101 1294 1854 1374; baseline -0.003 -16"><span class='ocrx_word' id='word_1_186' title='bbox 101 1306 254 1374; x_wconf 76' lang='lat' dir='ltr'><strong>unguento</strong></span> <span class='ocrx_word' id='word_1_187' title='bbox 283 1297 444 1356; x_wconf 89' lang='lat' dir='ltr'><strong>remedium</strong></span> <span class='ocrx_word' id='word_1_188' title='bbox 480 1295 631 1352; x_wconf 85' lang='lat' dir='ltr'><strong>conterens</strong></span> <span class='ocrx_word' id='word_1_189' title='bbox 668 1301 769 1351; x_wconf 91' lang='lat' dir='ltr'><strong>contra</strong></span> <span class='ocrx_word' id='word_1_190' title='bbox 798 1294 877 1353; x_wconf 91' lang='lat' dir='ltr'><strong>illius</strong></span> <span class='ocrx_word' id='word_1_191' title='bbox 901 1294 955 1351; x_wconf 87' lang='lat' dir='ltr'><strong>ier·</strong></span> <span class='ocrx_word' id='word_1_192' title='bbox 1007 1315 1067 1355; x_wconf 89' lang='lat' dir='ltr'><strong>cum</strong></span> <span class='ocrx_word' id='word_1_193' title='bbox 1091 1299 1216 1356; x_wconf 79' lang='lat' dir='ltr'><strong>diabolus</strong></span> <span class='ocrx_word' id='word_1_194' title='bbox 1242 1300 1304 1370; x_wconf 84' lang='lat' dir='ltr'><strong>jam</strong></span> <span class='ocrx_word' id='word_1_195' title='bbox 1327 1303 1445 1357; x_wconf 81' lang='lat' dir='ltr'><strong>misisset</strong></span> <span class='ocrx_word' id='word_1_196' title='bbox 1467 1302 1497 1355; x_wconf 92' lang='lat' dir='ltr'><strong>in</strong></span> <span class='ocrx_word' id='word_1_197' title='bbox 1522 1316 1568 1356; x_wconf 85' lang='lat' dir='ltr'><strong>cor</strong></span> <span class='ocrx_word' id='word_1_198' title='bbox 1594 1306 1626 1355; x_wconf 90' lang='lat' dir='ltr'><strong>at</strong></span> <span class='ocrx_word' id='word_1_199' title='bbox 1652 1300 1770 1354; x_wconf 82' lang='lat' dir='ltr'><strong>traderet</strong></span> <span class='ocrx_word' id='word_1_200' title='bbox 1795 1313 1854 1352; x_wconf 86' lang='lat' dir='ltr'><strong>cum</strong></span> 
     </span>
     <span class='ocr_line' id='line_1_14' title="bbox 99 1383 1856 1460; baseline -0.001 -14"><span class='ocrx_word' id='word_1_201' title='bbox 99 1388 274 1446; x_wconf 72' lang='lat' dir='ltr'><strong>tenuissimae</strong></span> <span class='ocrx_word' id='word_1_202' title='bbox 313 1396 396 1445; x_wconf 81' lang='lat' dir='ltr'><strong>terrae</strong></span> <span class='ocrx_word' id='word_1_203' title='bbox 420 1385 551 1443; x_wconf 89' lang='lat' dir='ltr'><strong>calores.</strong></span> <span class='ocrx_word' id='word_1_204' title='bbox 572 1384 704 1456; x_wconf 84' lang='lat' dir='ltr'><strong>Denique</strong></span> <span class='ocrx_word' id='word_1_205' title='bbox 733 1384 763 1440; x_wconf 93' lang='lat' dir='ltr'><strong>in</strong></span> <span class='ocrx_word' id='word_1_206' title='bbox 781 1383 831 1439; x_wconf 85' lang='lat' dir='ltr'><strong>ille</strong></span> <span class='ocrx_word' id='word_1_207' title='bbox 858 1383 954 1454; x_wconf 88' lang='lat' dir='ltr'><strong>priore</strong></span> <span class='ocrx_word' id='word_1_208' title='bbox 1007 1389 1249 1459; x_wconf 63' lang='lat' dir='ltr'><strong>iuuenemque</strong></span> <span class='ocrx_word' id='word_1_209' title='bbox 1263 1406 1337 1446; x_wconf 87' lang='lat' dir='ltr'><strong>coena</strong></span> <span class='ocrx_word' id='word_1_210' title='bbox 1362 1391 1452 1460; x_wconf 78' lang='lat' dir='ltr'><strong>(loon.</strong></span> <span class='ocrx_word' id='word_1_211' title='bbox 1476 1406 1538 1457; x_wconf 86' lang='lat' dir='ltr'><strong>xm,</strong></span> <span class='ocrx_word' id='word_1_212' title='bbox 1559 1391 1586 1456; x_wconf 76' lang='lat' dir='ltr'><strong>z,</strong></span> <span class='ocrx_word' id='word_1_213' title='bbox 1604 1390 1650 1460; x_wconf 85' lang='grc'><strong>3),</strong></span> <span class='ocrx_word' id='word_1_214' title='bbox 1674 1396 1706 1446; x_wconf 90' lang='lat' dir='ltr'><strong>ut</strong></span> <span class='ocrx_word' id='word_1_215' title='bbox 1725 1387 1856 1444; x_wconf 83' lang='lat' dir='ltr'><strong>videlicet</strong></span> 
     </span>
     <span class='ocr_line' id='line_1_15' title="bbox 100 1472 1856 1550; baseline -0.002 -14"><span class='ocrx_word' id='word_1_216' title='bbox 100 1492 193 1547; x_wconf 89' lang='lat' dir='ltr'><strong>coena,</strong></span> <span class='ocrx_word' id='word_1_217' title='bbox 222 1492 282 1550; x_wconf 84' lang='lat' dir='ltr'><strong>qua</strong></span> <span class='ocrx_word' id='word_1_218' title='bbox 309 1477 422 1536; x_wconf 88' lang='lat' dir='ltr'><strong>biartba</strong></span> <span class='ocrx_word' id='word_1_219' title='bbox 449 1473 637 1541; x_wconf 81' lang='lat' dir='ltr'><strong>ministravit,</strong></span> <span class='ocrx_word' id='word_1_220' title='bbox 657 1475 782 1531; x_wconf 85' lang='lat' dir='ltr'><strong>loannes</strong></span> <span class='ocrx_word' id='word_1_221' title='bbox 807 1472 953 1530; x_wconf 90' lang='lat' dir='ltr'><strong>neminem</strong></span> <span class='ocrx_word' id='word_1_222' title='bbox 1009 1477 1095 1547; x_wconf 90' lang='lat' dir='ltr'><strong>pedes</strong></span> <span class='ocrx_word' id='word_1_223' title='bbox 1122 1477 1233 1536; x_wconf 82' lang='lat' dir='ltr'><strong>lavaret</strong></span> <span class='ocrx_word' id='word_1_224' title='bbox 1259 1478 1476 1550; x_wconf 88' lang='lat' dir='ltr'><strong>discipulorum.</strong></span> <span class='ocrx_word' id='word_1_225' title='bbox 1502 1479 1538 1536; x_wconf 83' lang='lat' dir='ltr'><strong>lit</strong></span> <span class='ocrx_word' id='word_1_226' title='bbox 1566 1478 1748 1549; x_wconf 85' lang='lat' dir='ltr'><strong>postmodum</strong></span> <span class='ocrx_word' id='word_1_227' title='bbox 1772 1477 1856 1533; x_wconf 92' lang='lat' dir='ltr'><strong>ablu-</strong></span> 
     </span>
     <span class='ocr_line' id='line_1_16' title="bbox 100 1561 1856 1641; baseline -0.001 -17"><span class='ocrx_word' id='word_1_228' title='bbox 100 1567 189 1625; x_wconf 87' lang='lat' dir='ltr'><strong>relert</strong></span> <span class='ocrx_word' id='word_1_229' title='bbox 219 1567 254 1624; x_wconf 89' lang='lat' dir='ltr'><strong>de</strong></span> <span class='ocrx_word' id='word_1_230' title='bbox 289 1574 438 1639; x_wconf 82' lang='lat' dir='ltr'><strong>unguento</strong></span> <span class='ocrx_word' id='word_1_231' title='bbox 461 1577 659 1622; x_wconf 89' lang='lat' dir='ltr'><strong>murmurasse</strong></span> <span class='ocrx_word' id='word_1_232' title='bbox 683 1561 740 1618; x_wconf 90' lang='lat' dir='ltr'><strong>nisi</strong></span> <span class='ocrx_word' id='word_1_233' title='bbox 760 1561 864 1619; x_wconf 85' lang='lat' dir='ltr'><strong>tudam</strong></span> <span class='ocrx_word' id='word_1_234' title='bbox 888 1573 952 1631; x_wconf 90' lang='lat' dir='ltr'><strong>pro·</strong></span> <span class='ocrx_word' id='word_1_235' title='bbox 1012 1566 1088 1623; x_wconf 90' lang='lat' dir='ltr'><strong>tione</strong></span> <span class='ocrx_word' id='word_1_236' title='bbox 1097 1565 1182 1636; x_wconf 84' lang='lat' dir='ltr'><strong>iacta,</strong></span> <span class='ocrx_word' id='word_1_237' title='bbox 1199 1567 1368 1641; x_wconf 83' lang='lat' dir='ltr'><strong>subjungit:</strong></span> <span class='ocrx_word' id='word_1_238' title='bbox 1382 1567 1447 1624; x_wconf 79' lang='lat' dir='ltr'><strong>dum</strong></span> <span class='ocrx_word' id='word_1_239' title='bbox 1461 1567 1628 1623; x_wconf 76' lang='lat' dir='ltr'><strong>recubuisset</strong></span> <span class='ocrx_word' id='word_1_240' title='bbox 1642 1607 1649 1636; x_wconf 91' lang='lat'><strong>,</strong></span> <span class='ocrx_word' id='word_1_241' title='bbox 1663 1570 1764 1622; x_wconf 88' lang='lat' dir='ltr'><strong>iterum</strong></span> <span class='ocrx_word' id='word_1_242' title='bbox 1780 1566 1856 1622; x_wconf 82' lang='lat' dir='ltr'><strong>dicit</strong></span> 
     </span>
     <span class='ocr_line' id='line_1_17' title="bbox 102 1624 1854 1727; baseline -0.001 -13"><span class='ocrx_word' id='word_1_243' title='bbox 102 1656 232 1714; x_wconf 87' lang='lat' dir='ltr'><strong>ditorcm.</strong></span> <span class='ocrx_word' id='word_1_244' title='bbox 257 1655 363 1712; x_wconf 85' lang='lat' dir='ltr'><strong>lnbac</strong></span> <span class='ocrx_word' id='word_1_245' title='bbox 383 1669 450 1713; x_wconf 88' lang='lat' dir='ltr'><strong>vero</strong></span> <span class='ocrx_word' id='word_1_246' title='bbox 477 1652 605 1710; x_wconf 82' lang='lat' dir='ltr'><strong>secunda</strong></span> <span class='ocrx_word' id='word_1_247' title='bbox 634 1664 738 1721; x_wconf 87' lang='lat' dir='ltr'><strong>coena,</strong></span> <span class='ocrx_word' id='word_1_248' title='bbox 764 1663 950 1722; x_wconf 85' lang='lat' dir='ltr'><strong>nequaquam</strong></span> <span class='ocrx_word' id='word_1_249' title='bbox 969 1624 990 1678; x_wconf 75' lang='grc' dir='ltr'><strong>Β</strong></span> <span class='ocrx_word' id='word_1_250' title='bbox 1009 1657 1048 1710; x_wconf 91' lang='lat' dir='ltr'><strong>eis</strong></span> <span class='ocrx_word' id='word_1_251' title='bbox 1074 1671 1081 1711; x_wconf 92' lang='lat'>:</span> <span class='ocrx_word' id='word_1_252' title='bbox 1112 1655 1195 1712; x_wconf 87' lang='lat' dir='ltr'><strong>Scitis</strong></span> <span class='ocrx_word' id='word_1_253' title='bbox 1222 1657 1290 1727; x_wconf 77' lang='lat' dir='ltr'><strong>quid</strong></span> <span class='ocrx_word' id='word_1_254' title='bbox 1315 1659 1426 1726; x_wconf 76' lang='lat' dir='ltr'><strong>(esaim</strong></span> <span class='ocrx_word' id='word_1_255' title='bbox 1451 1654 1527 1711; x_wconf 86' lang='lat' dir='ltr'><strong>uobis</strong></span> <span class='ocrx_word' id='word_1_256' title='bbox 1564 1654 1680 1727; x_wconf 84' lang='lat' dir='ltr'><strong>(ibid.)</strong></span> <span class='ocrx_word' id='word_1_257' title='bbox 1720 1656 1780 1712; x_wconf 87' lang='lat' dir='ltr'><strong>lion</strong></span> <span class='ocrx_word' id='word_1_258' title='bbox 1814 1655 1854 1712; x_wconf 92' lang='lat' dir='ltr'><strong>in·</strong></span> 
     </span>
     <span class='ocr_line' id='line_1_18' title="bbox 101 1732 1857 1817; baseline -0.001 -12"><span class='ocrx_word' id='word_1_259' title='bbox 101 1746 192 1805; x_wconf 78' lang='lat' dir='ltr'><strong>Iudas</strong></span> <span class='ocrx_word' id='word_1_260' title='bbox 206 1746 240 1803; x_wconf 89' lang='lat' dir='ltr'><strong>de</strong></span> <span class='ocrx_word' id='word_1_261' title='bbox 259 1745 313 1802; x_wconf 85' lang='lat' dir='ltr'><strong>lroc</strong></span> <span class='ocrx_word' id='word_1_262' title='bbox 341 1746 378 1802; x_wconf 90' lang='lat' dir='ltr'><strong>ab</strong></span> <span class='ocrx_word' id='word_1_263' title='bbox 395 1741 579 1816; x_wconf 79' lang='lat' dir='ltr'><strong>evangelistis</strong></span> <span class='ocrx_word' id='word_1_264' title='bbox 593 1732 720 1809; x_wconf 71' lang='lat' dir='ltr'><strong>notatur,</strong></span> <span class='ocrx_word' id='word_1_265' title='bbox 741 1740 790 1796; x_wconf 88' lang='lat' dir='ltr'><strong>sed</strong></span> <span class='ocrx_word' id='word_1_266' title='bbox 806 1738 952 1796; x_wconf 85' lang='lat' dir='ltr'><strong>indefinite</strong></span> <span class='ocrx_word' id='word_1_267' title='bbox 1007 1743 1124 1802; x_wconf 89' lang='lat' dir='ltr'><strong>sinuare</strong></span> <span class='ocrx_word' id='word_1_268' title='bbox 1148 1745 1279 1814; x_wconf 85' lang='lat' dir='ltr'><strong>ridetur,</strong></span> <span class='ocrx_word' id='word_1_269' title='bbox 1301 1745 1378 1817; x_wconf 86' lang='lat' dir='ltr'><strong>quod</strong></span> <span class='ocrx_word' id='word_1_270' title='bbox 1391 1745 1465 1802; x_wconf 92' lang='lat' dir='ltr'><strong>intra</strong></span> <span class='ocrx_word' id='word_1_271' title='bbox 1486 1758 1598 1802; x_wconf 83' lang='lat' dir='ltr'><strong>emnam</strong></span> <span class='ocrx_word' id='word_1_272' title='bbox 1612 1745 1717 1803; x_wconf 89' lang='lat' dir='ltr'><strong>veteris</strong></span> <span class='ocrx_word' id='word_1_273' title='bbox 1743 1746 1857 1816; x_wconf 85' lang='lat' dir='ltr'><strong>pasena</strong></span> 
     </span>
     <span class='ocr_line' id='line_1_19' title="bbox 101 1827 1856 1907; baseline -0.006 -13"><span class='ocrx_word' id='word_1_274' title='bbox 101 1848 190 1906; x_wconf 90' lang='lat' dir='ltr'><strong>super</strong></span> <span class='ocrx_word' id='word_1_275' title='bbox 205 1835 260 1892; x_wconf 92' lang='lat' dir='ltr'><strong>boc</strong></span> <span class='ocrx_word' id='word_1_276' title='bbox 273 1833 428 1906; x_wconf 87' lang='lat' dir='ltr'><strong>discipulos</strong></span> <span class='ocrx_word' id='word_1_277' title='bbox 441 1832 606 1904; x_wconf 82' lang='lat' dir='ltr'><strong>indignatos</strong></span> <span class='ocrx_word' id='word_1_278' title='bbox 619 1827 708 1887; x_wconf 89' lang='lat' dir='ltr'><strong>luisse</strong></span> <span class='ocrx_word' id='word_1_279' title='bbox 741 1827 870 1886; x_wconf 78' lang='lat' dir='ltr'><strong>referunt</strong></span> <span class='ocrx_word' id='word_1_280' title='bbox 887 1868 892 1881; x_wconf 94' lang='lat'>.</span> <span class='ocrx_word' id='word_1_281' title='bbox 907 1828 952 1883; x_wconf 83' lang='lat' dir='ltr'><strong>Ex</strong></span> <span class='ocrx_word' id='word_1_282' title='bbox 1007 1841 1160 1891; x_wconf 64' lang='lat' dir='ltr'><strong>erumnam</strong></span> <span class='ocrx_word' id='word_1_283' title='bbox 1172 1835 1352 1892; x_wconf 69' lang='lat' dir='ltr'><strong>nominioam</strong></span> <span class='ocrx_word' id='word_1_284' title='bbox 1367 1875 1376 1904; x_wconf 83' lang='lat'><strong>,</strong></span> <span class='ocrx_word' id='word_1_285' title='bbox 1392 1835 1478 1906; x_wconf 71' lang='lat' dir='ltr'><strong>penas</strong></span> <span class='ocrx_word' id='word_1_286' title='bbox 1494 1835 1634 1892; x_wconf 74' lang='lat' dir='ltr'><strong>pominus</strong></span> <span class='ocrx_word' id='word_1_287' title='bbox 1650 1835 1790 1902; x_wconf 74' lang='lat' dir='ltr'><strong>abluerer,</strong></span> <span class='ocrx_word' id='word_1_288' title='bbox 1807 1849 1856 1907; x_wconf 75' lang='lat' dir='ltr'><strong>per</strong></span> 
     </span>
     <span class='ocr_line' id='line_1_20' title="bbox 102 1917 1856 1997; baseline 0.001 -16"><span class='ocrx_word' id='word_1_289' title='bbox 102 1924 212 1997; x_wconf 85' lang='lat' dir='ltr'><strong>quibus</strong></span> <span class='ocrx_word' id='word_1_290' title='bbox 234 1923 370 1981; x_wconf 89' lang='lat' dir='ltr'><strong>omnibus</strong></span> <span class='ocrx_word' id='word_1_291' title='bbox 389 1923 473 1995; x_wconf 83' lang='lat' dir='ltr'><strong>quasi</strong></span> <span class='ocrx_word' id='word_1_292' title='bbox 494 1920 669 1993; x_wconf 86' lang='lat' dir='ltr'><strong>quibusdam</strong></span> <span class='ocrx_word' id='word_1_293' title='bbox 685 1917 858 1990; x_wconf 86' lang='lat' dir='ltr'><strong>conjecturis</strong></span> <span class='ocrx_word' id='word_1_294' title='bbox 877 1918 953 1974; x_wconf 85' lang='lat' dir='ltr'><strong>hane</strong></span> <span class='ocrx_word' id='word_1_295' title='bbox 1008 1922 1063 1979; x_wconf 92' lang='lat' dir='ltr'><strong>boc</strong></span> <span class='ocrx_word' id='word_1_296' title='bbox 1094 1930 1225 1994; x_wconf 87' lang='lat' dir='ltr'><strong>patenter</strong></span> <span class='ocrx_word' id='word_1_297' title='bbox 1257 1924 1400 1992; x_wconf 91' lang='lat' dir='ltr'><strong>innuens,</strong></span> <span class='ocrx_word' id='word_1_298' title='bbox 1430 1923 1573 1981; x_wconf 89' lang='lat' dir='ltr'><strong>neminem</strong></span> <span class='ocrx_word' id='word_1_299' title='bbox 1615 1924 1652 1980; x_wconf 88' lang='lat' dir='ltr'><strong>ad</strong></span> <span class='ocrx_word' id='word_1_300' title='bbox 1682 1924 1856 1983; x_wconf 88' lang='lat' dir='ltr'><strong>sacrificium</strong></span> 
     </span>
     <span class='ocr_line' id='line_1_21' title="bbox 102 2006 1855 2085; baseline 0.001 -15"><span class='ocrx_word' id='word_1_301' title='bbox 102 2020 130 2070; x_wconf 91' lang='lat' dir='ltr'><strong>et</strong></span> <span class='ocrx_word' id='word_1_302' title='bbox 145 2011 225 2070; x_wconf 89' lang='lat' dir='ltr'><strong>illam</strong></span> <span class='ocrx_word' id='word_1_303' title='bbox 239 2026 351 2070; x_wconf 90' lang='lat' dir='ltr'><strong>coenam</strong></span> <span class='ocrx_word' id='word_1_304' title='bbox 380 2022 568 2082; x_wconf 80' lang='lat' dir='ltr'><strong>nequaquam</strong></span> <span class='ocrx_word' id='word_1_305' title='bbox 583 2007 711 2065; x_wconf 90' lang='lat' dir='ltr'><strong>eamdem</strong></span> <span class='ocrx_word' id='word_1_306' title='bbox 725 2006 813 2064; x_wconf 89' lang='lat' dir='ltr'><strong>luisse</strong></span> <span class='ocrx_word' id='word_1_307' title='bbox 830 2012 878 2074; x_wconf 90' lang='lat' dir='ltr'><strong>,et</strong></span> <span class='ocrx_word' id='word_1_308' title='bbox 903 2006 952 2062; x_wconf 92' lang='lat' dir='ltr'><strong>de·</strong></span> <span class='ocrx_word' id='word_1_309' title='bbox 1008 2011 1112 2068; x_wconf 81' lang='lat' dir='ltr'><strong>Christi</strong></span> <span class='ocrx_word' id='word_1_310' title='bbox 1136 2012 1258 2085; x_wconf 82' lang='lat' dir='ltr'><strong>dignum</strong></span> <span class='ocrx_word' id='word_1_311' title='bbox 1285 2014 1430 2081; x_wconf 89' lang='lat' dir='ltr'><strong>accedere,</strong></span> <span class='ocrx_word' id='word_1_312' title='bbox 1457 2011 1511 2070; x_wconf 92' lang='lat' dir='ltr'><strong>nisi</strong></span> <span class='ocrx_word' id='word_1_313' title='bbox 1538 2014 1619 2085; x_wconf 91' lang='lat' dir='ltr'><strong>prius</strong></span> <span class='ocrx_word' id='word_1_314' title='bbox 1646 2013 1753 2070; x_wconf 83' lang='lat' dir='ltr'><strong>ablutis</strong></span> <span class='ocrx_word' id='word_1_315' title='bbox 1778 2014 1855 2085; x_wconf 89' lang='lat' dir='ltr'><strong>pedi·</strong></span> 
     </span>
     <span class='ocr_line' id='line_1_22' title="bbox 102 2095 1857 2176; baseline 0.001 -17"><span class='ocrx_word' id='word_1_316' title='bbox 102 2101 249 2159; x_wconf 80' lang='lat' dir='ltr'><strong>votionem</strong></span> <span class='ocrx_word' id='word_1_317' title='bbox 276 2100 409 2159; x_wconf 91' lang='lat' dir='ltr'><strong>mulieris</strong></span> <span class='ocrx_word' id='word_1_318' title='bbox 428 2106 508 2157; x_wconf 92' lang='lat' dir='ltr'><strong>tanto</strong></span> <span class='ocrx_word' id='word_1_319' title='bbox 536 2097 612 2154; x_wconf 89' lang='lat' dir='ltr'><strong>circa</strong></span> <span class='ocrx_word' id='word_1_320' title='bbox 633 2096 791 2154; x_wconf 84' lang='lat' dir='ltr'><strong>[lominum</strong></span> <span class='ocrx_word' id='word_1_321' title='bbox 809 2095 948 2167; x_wconf 84' lang='lat' dir='ltr'><strong>may’orem</strong></span> <span class='ocrx_word' id='word_1_322' title='bbox 1007 2099 1074 2170; x_wconf 88' lang='lat' dir='ltr'><strong>bus,</strong></span> <span class='ocrx_word' id='word_1_323' title='bbox 1098 2101 1208 2159; x_wconf 89' lang='lat' dir='ltr'><strong>honest</strong></span> <span class='ocrx_word' id='word_1_324' title='bbox 1223 2101 1420 2160; x_wconf 82' lang='lat' dir='ltr'><strong>allectionibus</strong></span> <span class='ocrx_word' id='word_1_325' title='bbox 1435 2101 1679 2159; x_wconf 87' lang='lat' dir='ltr'><strong>animimundatis</strong></span> <span class='ocrx_word' id='word_1_326' title='bbox 1698 2148 1705 2168; x_wconf 91' lang='lat'>‚</span> <span class='ocrx_word' id='word_1_327' title='bbox 1727 2103 1857 2176; x_wconf 86' lang='lat' dir='ltr'><strong>alloquin</strong></span> 
     </span>
     <span class='ocr_line' id='line_1_23' title="bbox 102 2181 1856 2261; baseline -0.006 -13"><span class='ocrx_word' id='word_1_328' title='bbox 102 2190 267 2259; x_wconf 84' lang='lat' dir='ltr'><strong>exstitisse,</strong></span> <span class='ocrx_word' id='word_1_329' title='bbox 292 2195 402 2261; x_wconf 84' lang='lat' dir='ltr'><strong>quanto</strong></span> <span class='ocrx_word' id='word_1_330' title='bbox 430 2187 536 2258; x_wconf 77' lang='lat' dir='ltr'><strong>sapius</strong></span> <span class='ocrx_word' id='word_1_331' title='bbox 560 2186 614 2242; x_wconf 90' lang='lat' dir='ltr'><strong>hoc</strong></span> <span class='ocrx_word' id='word_1_332' title='bbox 637 2185 661 2242; x_wconf 91' lang='lat' dir='ltr'><strong>ei</strong></span> <span class='ocrx_word' id='word_1_333' title='bbox 675 2184 847 2242; x_wconf 85' lang='lat' dir='ltr'><strong>beneficium</strong></span> <span class='ocrx_word' id='word_1_334' title='bbox 866 2181 952 2240; x_wconf 90' lang='lat' dir='ltr'><strong>mini·</strong></span> <span class='ocrx_word' id='word_1_335' title='bbox 1005 2188 1149 2261; x_wconf 75' lang='lat' dir='ltr'><strong>judicium</strong></span> <span class='ocrx_word' id='word_1_336' title='bbox 1165 2191 1219 2247; x_wconf 73' lang='lat' dir='ltr'><strong>sibi</strong></span> <span class='ocrx_word' id='word_1_337' title='bbox 1238 2190 1488 2248; x_wconf 63' lang='lat' dir='ltr'><strong>commeminit</strong></span> <span class='ocrx_word' id='word_1_338' title='bbox 1505 2231 1512 2245; x_wconf 81' lang='grc'><em>,</em></span> <span class='ocrx_word' id='word_1_339' title='bbox 1540 2189 1620 2258; x_wconf 80' lang='lat' dir='ltr'><strong>Quod</strong></span> <span class='ocrx_word' id='word_1_340' title='bbox 1650 2205 1717 2248; x_wconf 69' lang='lat' dir='ltr'><strong>vero</strong></span> <span class='ocrx_word' id='word_1_341' title='bbox 1746 2191 1856 2251; x_wconf 70' lang='lat' dir='ltr'><strong>nimum</strong></span> 
     </span>
     <span class='ocr_line' id='line_1_24' title="bbox 102 2269 1856 2352; baseline 0 -14"><span class='ocrx_word' id='word_1_342' title='bbox 102 2282 205 2338; x_wconf 83' lang='lat' dir='ltr'><strong>stravit</strong></span> <span class='ocrx_word' id='word_1_343' title='bbox 221 2323 227 2336; x_wconf 94' lang='lat'><em>.</em></span> <span class='ocrx_word' id='word_1_344' title='bbox 242 2278 282 2336; x_wconf 86' lang='lat' dir='ltr'><strong>be</strong></span> <span class='ocrx_word' id='word_1_345' title='bbox 295 2278 350 2335; x_wconf 93' lang='lat' dir='ltr'><strong>bac</strong></span> <span class='ocrx_word' id='word_1_346' title='bbox 371 2285 468 2334; x_wconf 88' lang='lat' dir='ltr'><strong>autem</strong></span> <span class='ocrx_word' id='word_1_347' title='bbox 485 2283 512 2332; x_wconf 90' lang='lat' dir='ltr'><strong>et</strong></span> <span class='ocrx_word' id='word_1_348' title='bbox 528 2269 767 2344; x_wconf 76' lang='lat' dir='ltr'><strong>secundantem,</strong></span> <span class='ocrx_word' id='word_1_349' title='bbox 783 2272 857 2330; x_wconf 90' lang='lat' dir='ltr'><strong>sicut</strong></span> <span class='ocrx_word' id='word_1_350' title='bbox 884 2272 955 2331; x_wconf 83' lang='lat' dir='ltr'><strong>llat-</strong></span> <span class='ocrx_word' id='word_1_351' title='bbox 1008 2285 1049 2334; x_wconf 91' lang='lat' dir='ltr'><strong>est</strong></span> <span class='ocrx_word' id='word_1_352' title='bbox 1064 2294 1070 2332; x_wconf 92' lang='lat'><strong>:</strong></span> <span class='ocrx_word' id='word_1_353' title='bbox 1085 2282 1121 2335; x_wconf 80' lang='lat' dir='ltr'><strong>lit</strong></span> <span class='ocrx_word' id='word_1_354' title='bbox 1145 2296 1205 2336; x_wconf 90' lang='lat' dir='ltr'><strong>cum</strong></span> <span class='ocrx_word' id='word_1_355' title='bbox 1220 2281 1386 2336; x_wconf 83' lang='lat' dir='ltr'><strong>recubuisset</strong></span> <span class='ocrx_word' id='word_1_356' title='bbox 1408 2284 1506 2336; x_wconf 89' lang='lat' dir='ltr'><strong>iterum</strong></span> <span class='ocrx_word' id='word_1_357' title='bbox 1527 2321 1535 2350; x_wconf 96' lang='lat'><strong>,</strong></span> <span class='ocrx_word' id='word_1_358' title='bbox 1551 2281 1647 2338; x_wconf 92' lang='lat' dir='ltr'><strong>innuit</strong></span> <span class='ocrx_word' id='word_1_359' title='bbox 1661 2295 1709 2337; x_wconf 91' lang='lat' dir='ltr'><strong>eos</strong></span> <span class='ocrx_word' id='word_1_360' title='bbox 1722 2287 1784 2352; x_wconf 89' lang='lat' dir='ltr'><strong>post</strong></span> <span class='ocrx_word' id='word_1_361' title='bbox 1813 2296 1856 2338; x_wconf 86' lang='lat' dir='ltr'><strong>sa·</strong></span> 
     </span>
     <span class='ocr_line' id='line_1_25' title="bbox 102 2360 1856 2441; baseline -0.007 -1"><span class='ocrx_word' id='word_1_362' title='bbox 102 2369 200 2427; x_wconf 69' lang='lat' dir='ltr'><strong>iilaells</strong></span> <span class='ocrx_word' id='word_1_363' title='bbox 225 2377 355 2440; x_wconf 91' lang='lat' dir='ltr'><strong>patenter</strong></span> <span class='ocrx_word' id='word_1_364' title='bbox 383 2365 507 2423; x_wconf 85' lang='lat' dir='ltr'><strong>ostendit</strong></span> <span class='ocrx_word' id='word_1_365' title='bbox 523 2363 635 2433; x_wconf 63' lang='lat' dir='ltr'><strong>‚iudas</strong></span> <span class='ocrx_word' id='word_1_366' title='bbox 663 2363 734 2419; x_wconf 66' lang='lat' dir='ltr'><strong>aiiii</strong></span> <span class='ocrx_word' id='word_1_367' title='bbox 749 2362 786 2418; x_wconf 70' lang='lat'><strong>³11</strong></span> <span class='ocrx_word' id='word_1_368' title='bbox 811 2360 954 2432; x_wconf 64' lang='lat' dir='ltr'><strong>principes</strong></span> <span class='ocrx_word' id='word_1_369' title='bbox 1009 2366 1151 2426; x_wconf 84' lang='lat' dir='ltr'><strong>orificium</strong></span> <span class='ocrx_word' id='word_1_370' title='bbox 1171 2371 1276 2428; x_wconf 90' lang='lat' dir='ltr'><strong>veteris</strong></span> <span class='ocrx_word' id='word_1_371' title='bbox 1297 2370 1430 2441; x_wconf 80' lang='lat' dir='ltr'><strong>pascha,</strong></span> <span class='ocrx_word' id='word_1_372' title='bbox 1447 2369 1484 2425; x_wconf 91' lang='lat' dir='ltr'><strong>ad</strong></span> <span class='ocrx_word' id='word_1_373' title='bbox 1498 2382 1608 2426; x_wconf 85' lang='lat' dir='ltr'><strong>omnam</strong></span> <span class='ocrx_word' id='word_1_374' title='bbox 1625 2369 1792 2428; x_wconf 83' lang='lat' dir='ltr'><strong>convivium</strong></span> <span class='ocrx_word' id='word_1_375' title='bbox 1816 2372 1856 2428; x_wconf 88' lang='lat' dir='ltr'><strong>ci·</strong></span> 
     </span>
     <span class='ocr_line' id='line_1_26' title="bbox 103 2449 1857 2528; baseline -0.007 0"><span class='ocrx_word' id='word_1_376' title='bbox 103 2459 297 2528; x_wconf 69' lang='lat' dir='ltr'><strong>saoeriOiums</strong></span> <span class='ocrx_word' id='word_1_377' title='bbox 312 2465 340 2515; x_wconf 89' lang='lat' dir='ltr'><strong>et</strong></span> <span class='ocrx_word' id='word_1_378' title='bbox 355 2455 495 2512; x_wconf 66' lang='lat' dir='ltr'><strong>issiiicflm</strong></span> <span class='ocrx_word' id='word_1_379' title='bbox 510 2453 551 2510; x_wconf 74' lang='lat'><strong>0¹³</strong></span> <span class='ocrx_word' id='word_1_380' title='bbox 566 2459 682 2524; x_wconf 88' lang='lat' dir='ltr'><strong>pactum</strong></span> <span class='ocrx_word' id='word_1_381' title='bbox 699 2493 706 2521; x_wconf 74' lang='lat'><em>2</em></span> <span class='ocrx_word' id='word_1_382' title='bbox 719 2458 753 2508; x_wconf 90' lang='lat' dir='ltr'><strong>ut</strong></span> <span class='ocrx_word' id='word_1_383' title='bbox 768 2464 819 2522; x_wconf 69' lang='lat' dir='ltr'><strong>lis⁰</strong></span> <span class='ocrx_word' id='word_1_384' title='bbox 835 2449 954 2522; x_wconf 61' lang='lat' dir='ltr'><strong>“iginii</strong></span> <span class='ocrx_word' id='word_1_385' title='bbox 1009 2462 1114 2519; x_wconf 91' lang='lat' dir='ltr'><strong>borum</strong></span> <span class='ocrx_word' id='word_1_386' title='bbox 1128 2458 1288 2516; x_wconf 88' lang='lat' dir='ltr'><strong>accessisse.</strong></span> <span class='ocrx_word' id='word_1_387' title='bbox 1303 2457 1368 2515; x_wconf 89' lang='lat' dir='ltr'><strong>Non</strong></span> <span class='ocrx_word' id='word_1_388' title='bbox 1392 2456 1469 2514; x_wconf 91' lang='lat' dir='ltr'><strong>enim</strong></span> <span class='ocrx_word' id='word_1_389' title='bbox 1482 2464 1570 2513; x_wconf 83' lang='lat' dir='ltr'><strong>tantm</strong></span> <span class='ocrx_word' id='word_1_390' title='bbox 1585 2457 1714 2514; x_wconf 88' lang='lat' dir='ltr'><strong>virorum</strong></span> <span class='ocrx_word' id='word_1_391' title='bbox 1740 2457 1857 2516; x_wconf 82' lang='lat' dir='ltr'><strong>iamiliae</strong></span> 
     </span>
     <span class='ocr_line' id='line_1_27' title="bbox 102 2537 1858 2621; baseline -0.01 0"><span class='ocrx_word' id='word_1_392' title='bbox 102 2547 248 2621; x_wconf 61' lang='grc'><strong>3186111615</strong></span> <span class='ocrx_word' id='word_1_393' title='bbox 276 2546 372 2604; x_wconf 67' lang='lat' dir='ltr'><strong>Jsssllffl</strong></span> <span class='ocrx_word' id='word_1_394' title='bbox 400 2543 542 2600; x_wconf 62' lang='lat' dir='ltr'><strong>“ademi</strong></span> <span class='ocrx_word' id='word_1_395' title='bbox 568 2540 624 2597; x_wconf 71' lang='lat' dir='ltr'><strong>iliis</strong></span> <span class='ocrx_word' id='word_1_396' title='bbox 647 2539 757 2611; x_wconf 77' lang='lat' dir='ltr'><strong>(batte.</strong></span> <span class='ocrx_word' id='word_1_397' title='bbox 773 2551 868 2606; x_wconf 67' lang='lat' dir='ltr'><strong>ml,</strong></span> <span class='ocrx_word' id='word_1_398' title='bbox 898 2537 953 2609; x_wconf 79' lang='lat' dir='ltr'><strong>tl).</strong></span> <span class='ocrx_word' id='word_1_399' title='bbox 1009 2551 1099 2609; x_wconf 89' lang='lat' dir='ltr'><strong>unius</strong></span> <span class='ocrx_word' id='word_1_400' title='bbox 1127 2548 1259 2605; x_wconf 86' lang='lat' dir='ltr'><strong>comestio</strong></span> <span class='ocrx_word' id='word_1_401' title='bbox 1282 2545 1350 2618; x_wconf 85' lang='lat' dir='ltr'><strong>agni</strong></span> <span class='ocrx_word' id='word_1_402' title='bbox 1365 2546 1410 2602; x_wconf 87' lang='lat' dir='ltr'><strong>rel</strong></span> <span class='ocrx_word' id='word_1_403' title='bbox 1435 2545 1507 2602; x_wconf 82' lang='lat' dir='ltr'><strong>baedi</strong></span> <span class='ocrx_word' id='word_1_404' title='bbox 1533 2545 1569 2601; x_wconf 87' lang='lat' dir='ltr'><strong>ad</strong></span> <span class='ocrx_word' id='word_1_405' title='bbox 1590 2546 1770 2604; x_wconf 87' lang='lat' dir='ltr'><strong>relectionem</strong></span> <span class='ocrx_word' id='word_1_406' title='bbox 1800 2547 1858 2604; x_wconf 88' lang='lat' dir='ltr'><strong>dici</strong></span> 
     </span>
     <span class='ocr_line' id='line_1_28' title="bbox 104 2629 1856 2700; baseline -0.004 0"><span class='ocrx_word' id='word_1_407' title='bbox 104 2640 177 2697; x_wconf 83' lang='lat' dir='ltr'><strong>Cum</strong></span> <span class='ocrx_word' id='word_1_408' title='bbox 198 2636 278 2694; x_wconf 82' lang='lat' dir='ltr'><strong>enim</strong></span> <span class='ocrx_word' id='word_1_409' title='bbox 304 2633 449 2693; x_wconf 69' lang='lat' dir='ltr'><strong>retulisset</strong></span> <span class='ocrx_word' id='word_1_410' title='bbox 476 2630 644 2700; x_wconf 66' lang='grc' dir='ltr'><strong>1111ῐῦ11115,</strong></span> <span class='ocrx_word' id='word_1_411' title='bbox 667 2629 822 2686; x_wconf 65' lang='lat' dir='ltr'><strong>”liminum</strong></span> <span class='ocrx_word' id='word_1_412' title='bbox 846 2639 955 2698; x_wconf 68' lang='lat' dir='ltr'><strong>abiim-</strong></span> <span class='ocrx_word' id='word_1_413' title='bbox 1012 2638 1166 2698; x_wconf 77' lang='lat' dir='ltr'><strong>sufficeret.</strong></span> <span class='ocrx_word' id='word_1_414' title='bbox 1183 2636 1323 2694; x_wconf 77' lang='lat' dir='ltr'><strong>Praeterea</strong></span> <span class='ocrx_word' id='word_1_415' title='bbox 1344 2635 1438 2692; x_wconf 88' lang='lat' dir='ltr'><strong>Lucas</strong></span> <span class='ocrx_word' id='word_1_416' title='bbox 1453 2649 1519 2692; x_wconf 92' lang='lat' dir='ltr'><strong>cum</strong></span> <span class='ocrx_word' id='word_1_417' title='bbox 1535 2634 1678 2692; x_wconf 87' lang='lat' dir='ltr'><strong>retulisset</strong></span> <span class='ocrx_word' id='word_1_418' title='bbox 1701 2634 1856 2693; x_wconf 85' lang='lat' dir='ltr'><strong>Dominum</strong></span> 
     </span>
     <span class='ocr_line' id='line_1_29' title="bbox 103 2718 1858 2797; baseline -0.008 -2"><span class='ocrx_word' id='word_1_419' title='bbox 103 2727 187 2785; x_wconf 82' lang='lat' dir='ltr'><strong>basse</strong></span> <span class='ocrx_word' id='word_1_420' title='bbox 211 2724 382 2784; x_wconf 78' lang='lat' dir='ltr'><strong>effusionem</strong></span> <span class='ocrx_word' id='word_1_421' title='bbox 397 2721 539 2795; x_wconf 77' lang='lat' dir='ltr'><strong>unguem</strong></span> <span class='ocrx_word' id='word_1_422' title='bbox 558 2725 745 2792; x_wconf 71' lang='lat' dir='ltr'><strong>super-capue</strong></span> <span class='ocrx_word' id='word_1_423' title='bbox 759 2718 822 2790; x_wconf 82' lang='lat' dir='ltr'><strong>eius</strong></span> <span class='ocrx_word' id='word_1_424' title='bbox 848 2730 865 2772; x_wconf 85' lang='grc'><strong>1</strong></span> <span class='ocrx_word' id='word_1_425' title='bbox 892 2730 956 2773; x_wconf 82' lang='lat' dir='ltr'><strong>mu·</strong></span> <span class='ocrx_word' id='word_1_426' title='bbox 1011 2728 1148 2786; x_wconf 77' lang='lat' dir='ltr'><strong>noverea</strong></span> <span class='ocrx_word' id='word_1_427' title='bbox 1174 2725 1280 2797; x_wconf 74' lang='lat' dir='ltr'><strong>oasam</strong></span> <span class='ocrx_word' id='word_1_428' title='bbox 1303 2724 1411 2781; x_wconf 69' lang='lat' dir='ltr'><strong>auxisse</strong></span> <span class='ocrx_word' id='word_1_429' title='bbox 1431 2723 1597 2794; x_wconf 71' lang='lat' dir='ltr'><strong>asserentis:</strong></span> <span class='ocrx_word' id='word_1_430' title='bbox 1630 2724 1768 2781; x_wconf 70' lang='lat' dir='ltr'><strong>neccaro</strong></span> <span class='ocrx_word' id='word_1_431' title='bbox 1786 2725 1858 2781; x_wconf 72' lang='lat' dir='ltr'><strong>aesi-</strong></span> 
     </span>
     <span class='ocr_line' id='line_1_30' title="bbox 105 2807 1855 2886; baseline -0.002 -12"><span class='ocrx_word' id='word_1_432' title='bbox 105 2816 173 2874; x_wconf 91' lang='lat' dir='ltr'><strong>liere</strong></span> <span class='ocrx_word' id='word_1_433' title='bbox 200 2815 314 2883; x_wconf 88' lang='lat' dir='ltr'><strong>iactam,</strong></span> <span class='ocrx_word' id='word_1_434' title='bbox 338 2812 435 2870; x_wconf 86' lang='lat' dir='ltr'><strong>statim</strong></span> <span class='ocrx_word' id='word_1_435' title='bbox 461 2811 595 2884; x_wconf 81' lang='lat' dir='ltr'><strong>adjunxit</strong></span> <span class='ocrx_word' id='word_1_436' title='bbox 621 2825 629 2864; x_wconf 89' lang='lat'>:</span> <span class='ocrx_word' id='word_1_437' title='bbox 654 2810 728 2864; x_wconf 81' lang='lat' dir='ltr'><strong>Tunc</strong></span> <span class='ocrx_word' id='word_1_438' title='bbox 751 2807 820 2862; x_wconf 89' lang='lat' dir='ltr'><strong>abiit</strong></span> <span class='ocrx_word' id='word_1_439' title='bbox 836 2821 906 2862; x_wconf 85' lang='lat' dir='ltr'><strong>unus</strong></span> <span class='ocrx_word' id='word_1_440' title='bbox 922 2821 956 2862; x_wconf 83' lang='lat' dir='ltr'><strong>ec</strong></span> <span class='ocrx_word' id='word_1_441' title='bbox 1011 2819 1107 2874; x_wconf 66' lang='lat' dir='ltr'><strong>peravi·</strong></span> <span class='ocrx_word' id='word_1_442' title='bbox 1133 2816 1181 2872; x_wconf 78' lang='lat' dir='ltr'><strong>noe</strong></span> <span class='ocrx_word' id='word_1_443' title='bbox 1203 2813 1309 2885; x_wconf 79' lang='lat' dir='ltr'><strong>pasena</strong></span> <span class='ocrx_word' id='word_1_444' title='bbox 1329 2812 1657 2885; x_wconf 81' lang='lat' dir='ltr'><strong>manducarelnobiscum</strong></span> <span class='ocrx_word' id='word_1_445' title='bbox 1680 2813 1762 2886; x_wconf 80' lang='lat' dir='ltr'><strong>(buc.</strong></span> <span class='ocrx_word' id='word_1_446' title='bbox 1790 2830 1855 2886; x_wconf 78' lang='lat' dir='ltr'><strong>xxa,</strong></span> 
     </span>
     <span class='ocr_line' id='line_1_31' title="bbox 105 2896 1855 2980; baseline -0.006 -7"><span class='ocrx_word' id='word_1_447' title='bbox 105 2904 247 2962; x_wconf 67' lang='grc' dir='ltr'><strong>1111οἅ111111</strong></span> <span class='ocrx_word' id='word_1_448' title='bbox 284 2905 333 2973; x_wconf 81' lang='lat' dir='ltr'><strong>qui</strong></span> <span class='ocrx_word' id='word_1_449' title='bbox 368 2902 472 2957; x_wconf 63' lang='grc'><strong>(11111111</strong></span> <span class='ocrx_word' id='word_1_450' title='bbox 506 2899 620 2967; x_wconf 77' lang='lat' dir='ltr'><strong>sucas,</strong></span> <span class='ocrx_word' id='word_1_451' title='bbox 657 2904 724 2954; x_wconf 73' lang='lat'><strong>0¹⁰·</strong></span> <span class='ocrx_word' id='word_1_452' title='bbox 763 2896 797 2952; x_wconf 80' lang='lat'><strong>1¹1</strong></span> <span class='ocrx_word' id='word_1_453' title='bbox 834 2909 892 2967; x_wconf 74' lang='lat'>(111⁰</span> <span class='ocrx_word' id='word_1_454' title='bbox 929 2901 958 2952; x_wconf 78' lang='grc' dir='ltr'><strong>θῑ</strong></span> <span class='ocrx_word' id='word_1_455' title='bbox 974 2903 997 2961; x_wconf 84' lang='lat' dir='ltr'>C</span> <span class='ocrx_word' id='word_1_456' title='bbox 1015 2907 1081 2980; x_wconf 78' lang='lat' dir='ltr'><strong>lb),</strong></span> <span class='ocrx_word' id='word_1_457' title='bbox 1098 2905 1172 2963; x_wconf 90' lang='lat' dir='ltr'><strong>duos</strong></span> <span class='ocrx_word' id='word_1_458' title='bbox 1195 2903 1297 2960; x_wconf 90' lang='lat' dir='ltr'><strong>calices</strong></span> <span class='ocrx_word' id='word_1_459' title='bbox 1330 2909 1427 2973; x_wconf 89' lang='lat' dir='ltr'><strong>postea</strong></span> <span class='ocrx_word' id='word_1_460' title='bbox 1459 2911 1664 2961; x_wconf 86' lang='lat' dir='ltr'><strong>commemorat</strong></span> <span class='ocrx_word' id='word_1_461' title='bbox 1698 2903 1855 2962; x_wconf 88' lang='lat' dir='ltr'><strong>Dominum</strong></span> 
     </span>
     <span class='ocr_line' id='line_1_32' title="bbox 104 2985 1857 3064; baseline -0.006 -10"><span class='ocrx_word' id='word_1_462' title='bbox 104 2995 220 3053; x_wconf 74' lang='lat' dir='ltr'><strong>Marcus</strong></span> <span class='ocrx_word' id='word_1_463' title='bbox 243 2991 374 3051; x_wconf 89' lang='lat' dir='ltr'><strong>similiter</strong></span> <span class='ocrx_word' id='word_1_464' title='bbox 392 2989 531 3064; x_wconf 83' lang='lat' dir='ltr'><strong>consentit</strong></span> <span class='ocrx_word' id='word_1_465' title='bbox 547 3028 554 3043; x_wconf 93' lang='lat'><strong>.</strong></span> <span class='ocrx_word' id='word_1_466' title='bbox 571 2985 651 3055; x_wconf 86' lang='lat' dir='ltr'><strong>Quod</strong></span> <span class='ocrx_word' id='word_1_467' title='bbox 665 3000 733 3057; x_wconf 79' lang='lat' dir='ltr'><strong>ergo</strong></span> <span class='ocrx_word' id='word_1_468' title='bbox 749 2985 866 3057; x_wconf 88' lang='lat' dir='ltr'><strong>utrique</strong></span> <span class='ocrx_word' id='word_1_469' title='bbox 885 2992 955 3042; x_wconf 92' lang='lat' dir='ltr'><strong>tunc</strong></span> <span class='ocrx_word' id='word_1_470' title='bbox 1009 2989 1159 3062; x_wconf 79' lang='lat' dir='ltr'><strong>discipulis</strong></span> <span class='ocrx_word' id='word_1_471' title='bbox 1181 2988 1291 3045; x_wconf 72' lang='lat' dir='ltr'><strong>decime</strong></span> <span class='ocrx_word' id='word_1_472' title='bbox 1307 3028 1316 3056; x_wconf 93' lang='lat'><strong>,</strong></span> <span class='ocrx_word' id='word_1_473' title='bbox 1333 3001 1426 3044; x_wconf 93' lang='lat' dir='ltr'><strong>unum</strong></span> <span class='ocrx_word' id='word_1_474' title='bbox 1443 2987 1560 3058; x_wconf 86' lang='lat' dir='ltr'><strong>quidem</strong></span> <span class='ocrx_word' id='word_1_475' title='bbox 1584 2988 1679 3045; x_wconf 82' lang='lat' dir='ltr'><strong>stetim</strong></span> <span class='ocrx_word' id='word_1_476' title='bbox 1696 2996 1758 3058; x_wconf 93' lang='lat' dir='ltr'><strong>post</strong></span> <span class='ocrx_word' id='word_1_477' title='bbox 1773 2997 1857 3046; x_wconf 86' lang='lat' dir='ltr'><strong>vetus</strong></span> 
     </span>
     <span class='ocr_line' id='line_1_33' title="bbox 104 3073 1858 3152; baseline -0.005 -10"><span class='ocrx_word' id='word_1_478' title='bbox 104 3086 209 3144; x_wconf 81' lang='lat' dir='ltr'><strong>tudam</strong></span> <span class='ocrx_word' id='word_1_479' title='bbox 229 3082 264 3139; x_wconf 89' lang='lat' dir='ltr'><strong>ad</strong></span> <span class='ocrx_word' id='word_1_480' title='bbox 276 3081 330 3138; x_wconf 88' lang='lat' dir='ltr'><strong>boe</strong></span> <span class='ocrx_word' id='word_1_481' title='bbox 344 3078 422 3151; x_wconf 88' lang='lat' dir='ltr'><strong>quod</strong></span> <span class='ocrx_word' id='word_1_482' title='bbox 437 3077 567 3134; x_wconf 82' lang='lat' dir='ltr'><strong>diximus</strong></span> <span class='ocrx_word' id='word_1_483' title='bbox 591 3074 697 3131; x_wconf 74' lang='lat' dir='ltr'><strong>abiisse</strong></span> <span class='ocrx_word' id='word_1_484' title='bbox 712 3074 860 3141; x_wconf 74' lang='lat' dir='ltr'><strong>referunt,</strong></span> <span class='ocrx_word' id='word_1_485' title='bbox 885 3073 955 3132; x_wconf 89' lang='lat' dir='ltr'><strong>satis</strong></span> <span class='ocrx_word' id='word_1_486' title='bbox 1009 3079 1125 3152; x_wconf 90' lang='lat' dir='ltr'><strong>pascha,</strong></span> <span class='ocrx_word' id='word_1_487' title='bbox 1141 3076 1264 3134; x_wconf 86' lang='lat' dir='ltr'><strong>alterum</strong></span> <span class='ocrx_word' id='word_1_488' title='bbox 1281 3076 1310 3131; x_wconf 91' lang='lat' dir='ltr'><strong>in</strong></span> <span class='ocrx_word' id='word_1_489' title='bbox 1325 3074 1515 3132; x_wconf 85' lang='lat' dir='ltr'><strong>celebratione</strong></span> <span class='ocrx_word' id='word_1_490' title='bbox 1529 3075 1597 3133; x_wconf 84' lang='lat' dir='ltr'><strong>novi</strong></span> <span class='ocrx_word' id='word_1_491' title='bbox 1615 3075 1728 3146; x_wconf 83' lang='lat' dir='ltr'><strong>pascha</strong></span> <span class='ocrx_word' id='word_1_492' title='bbox 1749 3116 1756 3131; x_wconf 88' lang='lat'><strong>.</strong></span> <span class='ocrx_word' id='word_1_493' title='bbox 1773 3077 1808 3134; x_wconf 89' lang='lat' dir='ltr'><strong>Et</strong></span> <span class='ocrx_word' id='word_1_494' title='bbox 1823 3076 1858 3134; x_wconf 89' lang='lat' dir='ltr'><strong>de</strong></span> 
     </span>
     <span class='ocr_line' id='line_1_34' title="bbox 106 3162 1856 3244; baseline -0.002 -18"><span class='ocrx_word' id='word_1_495' title='bbox 106 3175 258 3244; x_wconf 83' lang='lat' dir='ltr'><strong>diligenter</strong></span> <span class='ocrx_word' id='word_1_496' title='bbox 286 3171 415 3226; x_wconf 91' lang='lat' dir='ltr'><strong>innuunt</strong></span> <span class='ocrx_word' id='word_1_497' title='bbox 438 3166 475 3222; x_wconf 88' lang='lat' dir='ltr'><strong>ad</strong></span> <span class='ocrx_word' id='word_1_498' title='bbox 506 3165 560 3222; x_wconf 88' lang='lat' dir='ltr'><strong>hee</strong></span> <span class='ocrx_word' id='word_1_499' title='bbox 596 3177 663 3220; x_wconf 81' lang='lat' dir='ltr'><strong>cum</strong></span> <span class='ocrx_word' id='word_1_500' title='bbox 687 3162 754 3219; x_wconf 83' lang='lat' dir='ltr'><strong>inde</strong></span> <span class='ocrx_word' id='word_1_501' title='bbox 779 3170 954 3220; x_wconf 84' lang='lat' dir='ltr'><strong>commotum</strong></span> <span class='ocrx_word' id='word_1_502' title='bbox 1010 3168 1058 3226; x_wconf 89' lang='lat' dir='ltr'><strong>illo</strong></span> <span class='ocrx_word' id='word_1_503' title='bbox 1087 3166 1204 3239; x_wconf 90' lang='lat' dir='ltr'><strong>quidem</strong></span> <span class='ocrx_word' id='word_1_504' title='bbox 1232 3165 1325 3236; x_wconf 92' lang='lat' dir='ltr'><strong>primo</strong></span> <span class='ocrx_word' id='word_1_505' title='bbox 1353 3163 1442 3222; x_wconf 90' lang='lat' dir='ltr'><strong>calice</strong></span> <span class='ocrx_word' id='word_1_506' title='bbox 1462 3164 1602 3222; x_wconf 81' lang='lat' dir='ltr'><strong>[lominus</strong></span> <span class='ocrx_word' id='word_1_507' title='bbox 1616 3165 1766 3236; x_wconf 87' lang='lat' dir='ltr'><strong>discipulis</strong></span> <span class='ocrx_word' id='word_1_508' title='bbox 1791 3167 1856 3224; x_wconf 85' lang='lat' dir='ltr'><strong>ait:</strong></span> 
     </span>
     <span class='ocr_line' id='line_1_35' title="bbox 104 3253 1858 3330; baseline -0.006 -9"><span class='ocrx_word' id='word_1_509' title='bbox 104 3263 194 3321; x_wconf 86' lang='lat' dir='ltr'><strong>luisse</strong></span> <span class='ocrx_word' id='word_1_510' title='bbox 209 3268 296 3330; x_wconf 81' lang='lat' dir='ltr'><strong>atque</strong></span> <span class='ocrx_word' id='word_1_511' title='bbox 313 3258 496 3329; x_wconf 80' lang='lat' dir='ltr'><strong>indignatum</strong></span> <span class='ocrx_word' id='word_1_512' title='bbox 513 3294 521 3322; x_wconf 96' lang='lat'><strong>,</strong></span> <span class='ocrx_word' id='word_1_513' title='bbox 538 3253 617 3326; x_wconf 88' lang='lat' dir='ltr'><strong>quod</strong></span> <span class='ocrx_word' id='word_1_514' title='bbox 633 3253 688 3309; x_wconf 92' lang='lat' dir='ltr'><strong>hac</strong></span> <span class='ocrx_word' id='word_1_515' title='bbox 702 3253 788 3309; x_wconf 88' lang='lat' dir='ltr'><strong>etiam</strong></span> <span class='ocrx_word' id='word_1_516' title='bbox 807 3253 871 3309; x_wconf 84' lang='lat' dir='ltr'><strong>vice</strong></span> <span class='ocrx_word' id='word_1_517' title='bbox 884 3266 953 3309; x_wconf 93' lang='lat' dir='ltr'><strong>con·</strong></span> <span class='ocrx_word' id='word_1_518' title='bbox 1009 3257 1136 3327; x_wconf 81' lang='lat' dir='ltr'><strong>Accipite</strong></span> <span class='ocrx_word' id='word_1_519' title='bbox 1149 3260 1175 3310; x_wconf 87' lang='lat' dir='ltr'><strong>et</strong></span> <span class='ocrx_word' id='word_1_520' title='bbox 1202 3254 1319 3311; x_wconf 80' lang='lat' dir='ltr'><strong>dividite</strong></span> <span class='ocrx_word' id='word_1_521' title='bbox 1337 3256 1409 3308; x_wconf 88' lang='lat' dir='ltr'><strong>inter</strong></span> <span class='ocrx_word' id='word_1_522' title='bbox 1423 3268 1469 3308; x_wconf 91' lang='lat' dir='ltr'><strong>uos</strong></span> <span class='ocrx_word' id='word_1_523' title='bbox 1487 3296 1492 3309; x_wconf 93' lang='lat'>.</span> <span class='ocrx_word' id='word_1_524' title='bbox 1508 3257 1571 3309; x_wconf 83' lang='lat' dir='ltr'><strong>bico</strong></span> <span class='ocrx_word' id='word_1_525' title='bbox 1592 3254 1774 3323; x_wconf 81' lang='lat' dir='ltr'><strong>enimvobis,</strong></span> <span class='ocrx_word' id='word_1_526' title='bbox 1791 3257 1858 3324; x_wconf 81' lang='lat' dir='ltr'><strong>quia</strong></span> 
     </span>
    </p>
   </div>
   <div class='ocr_carea' id='block_1_3' title="bbox 57 3341 1862 4404">
    <p class='ocr_par' dir='ltr' id='par_1_3' title="bbox 107 3341 1857 3422">
     <span class='ocr_line' id='line_1_36' title="bbox 107 3341 1857 3422; baseline -0.005 -2"><span class='ocrx_word' id='word_1_527' title='bbox 107 3351 191 3411; x_wconf 86' lang='lat' dir='ltr'><strong>lusos</strong></span> <span class='ocrx_word' id='word_1_528' title='bbox 204 3347 330 3420; x_wconf 90' lang='lat' dir='ltr'><strong>pretium</strong></span> <span class='ocrx_word' id='word_1_529' title='bbox 349 3343 564 3417; x_wconf 63' lang='lat' dir='ltr'><strong>Ussssuefliiifflfl</strong></span> <span class='ocrx_word' id='word_1_530' title='bbox 579 3341 674 3413; x_wconf 63' lang='lat' dir='ltr'>[³02⁰st</span> <span class='ocrx_word' id='word_1_531' title='bbox 691 3341 830 3398; x_wconf 69' lang='lat' dir='ltr'><strong>Obiissefe·</strong></span> <span class='ocrx_word' id='word_1_532' title='bbox 1007 3371 1061 3411; x_wconf 94' lang='lat' dir='ltr'><strong>non</strong></span> <span class='ocrx_word' id='word_1_533' title='bbox 1090 3353 1180 3409; x_wconf 86' lang='lat' dir='ltr'><strong>bibam</strong></span> <span class='ocrx_word' id='word_1_534' title='bbox 1201 3352 1233 3408; x_wconf 84' lang='lat' dir='ltr'><strong>dc</strong></span> <span class='ocrx_word' id='word_1_535' title='bbox 1256 3355 1429 3421; x_wconf 71' lang='lat' dir='ltr'><strong>perremissos</strong></span> <span class='ocrx_word' id='word_1_536' title='bbox 1452 3354 1539 3419; x_wconf 85' lang='lat' dir='ltr'><strong>uitis,</strong></span> <span class='ocrx_word' id='word_1_537' title='bbox 1561 3352 1644 3407; x_wconf 89' lang='lat' dir='ltr'><strong>donec</strong></span> <span class='ocrx_word' id='word_1_538' title='bbox 1664 3369 1780 3422; x_wconf 83' lang='lat' dir='ltr'><strong>repnum</strong></span> <span class='ocrx_word' id='word_1_539' title='bbox 1806 3357 1857 3411; x_wconf 85' lang='lat' dir='ltr'><strong>liei</strong></span> 
     </span>
    </p>

    <p class='ocr_par' dir='ltr' id='par_1_4' title="bbox 57 3430 1862 4404">
     <span class='ocr_line' id='line_1_37' title="bbox 157 3430 1858 3514; baseline -0.003 -8"><span class='ocrx_word' id='word_1_540' title='bbox 157 3438 230 3506; x_wconf 83' lang='lat' dir='ltr'><strong>Quid</strong></span> <span class='ocrx_word' id='word_1_541' title='bbox 241 3444 338 3495; x_wconf 79' lang='lat' dir='ltr'><strong>aurem</strong></span> <span class='ocrx_word' id='word_1_542' title='bbox 363 3433 503 3491; x_wconf 77' lang='lat' dir='ltr'><strong>nominos</strong></span> <span class='ocrx_word' id='word_1_543' title='bbox 526 3431 630 3504; x_wconf 70' lang='lat' dir='ltr'><strong>quinta</strong></span> <span class='ocrx_word' id='word_1_544' title='bbox 649 3430 719 3488; x_wconf 77' lang='lat' dir='ltr'><strong>feria</strong></span> <span class='ocrx_word' id='word_1_545' title='bbox 733 3431 832 3502; x_wconf 75' lang='lat' dir='ltr'><strong>eserie</strong></span> <span class='ocrx_word' id='word_1_546' title='bbox 848 3430 901 3487; x_wconf 79' lang='lat' dir='ltr'><strong>noo</strong></span> <span class='ocrx_word' id='word_1_547' title='bbox 915 3436 957 3487; x_wconf 78' lang='lat' dir='ltr'><strong>est</strong></span> <span class='ocrx_word' id='word_1_548' title='bbox 1009 3444 1101 3500; x_wconf 73' lang='lat' dir='ltr'><strong>omem</strong></span> <span class='ocrx_word' id='word_1_549' title='bbox 1117 3441 1207 3514; x_wconf 73' lang='lat' dir='ltr'><strong>(sera,</strong></span> <span class='ocrx_word' id='word_1_550' title='bbox 1226 3444 1268 3509; x_wconf 81' lang='lat' dir='ltr'><strong>a,</strong></span> <span class='ocrx_word' id='word_1_551' title='bbox 1287 3441 1340 3511; x_wconf 76' lang='lat' dir='ltr'><strong>rs).</strong></span> <span class='ocrx_word' id='word_1_552' title='bbox 1356 3441 1397 3497; x_wconf 78' lang='lat' dir='ltr'><strong>ns</strong></span> <span class='ocrx_word' id='word_1_553' title='bbox 1415 3439 1551 3498; x_wconf 72' lang='lat' dir='ltr'><strong>errorem</strong></span> <span class='ocrx_word' id='word_1_554' title='bbox 1565 3441 1802 3514; x_wconf 65' lang='lat' dir='ltr'><strong>mitescentem</strong></span> <span class='ocrx_word' id='word_1_555' title='bbox 1815 3450 1858 3501; x_wconf 76' lang='lat' dir='ltr'><strong>esc</strong></span> 
     </span>
     <span class='ocr_line' id='line_1_38' title="bbox 107 3520 1858 3604; baseline -0.006 -5"><span class='ocrx_word' id='word_1_556' title='bbox 107 3531 154 3591; x_wconf 81' lang='lat' dir='ltr'><strong>die</strong></span> <span class='ocrx_word' id='word_1_557' title='bbox 168 3544 262 3599; x_wconf 74' lang='lat' dir='ltr'><strong>cene,</strong></span> <span class='ocrx_word' id='word_1_558' title='bbox 277 3526 355 3601; x_wconf 82' lang='lat' dir='ltr'><strong>quon</strong></span> <span class='ocrx_word' id='word_1_559' title='bbox 370 3533 454 3595; x_wconf 79' lang='lat' dir='ltr'><strong>cunc,</strong></span> <span class='ocrx_word' id='word_1_560' title='bbox 471 3531 503 3583; x_wconf 80' lang='lat' dir='ltr'><strong>ut</strong></span> <span class='ocrx_word' id='word_1_561' title='bbox 516 3523 654 3588; x_wconf 71' lang='lat' dir='ltr'><strong>diximus,</strong></span> <span class='ocrx_word' id='word_1_562' title='bbox 671 3520 957 3580; x_wconf 77' lang='lat' dir='ltr'><strong>Paschaiudaeorum</strong></span> <span class='ocrx_word' id='word_1_563' title='bbox 1011 3533 1082 3604; x_wconf 76' lang='lat' dir='ltr'><strong>quia</strong></span> <span class='ocrx_word' id='word_1_564' title='bbox 1095 3531 1173 3589; x_wconf 78' lang='lat' dir='ltr'><strong>aean</strong></span> <span class='ocrx_word' id='word_1_565' title='bbox 1195 3529 1249 3588; x_wconf 77' lang='lat' dir='ltr'><strong>ins</strong></span> <span class='ocrx_word' id='word_1_566' title='bbox 1272 3530 1389 3587; x_wconf 82' lang='lat' dir='ltr'><strong>arcens:</strong></span> <span class='ocrx_word' id='word_1_567' title='bbox 1417 3530 1476 3586; x_wconf 73' lang='lat' dir='ltr'><strong>rare</strong></span> <span class='ocrx_word' id='word_1_568' title='bbox 1500 3536 1539 3586; x_wconf 80' lang='lat' dir='ltr'><strong>ess</strong></span> <span class='ocrx_word' id='word_1_569' title='bbox 1561 3532 1675 3600; x_wconf 67' lang='lat' dir='ltr'><strong>sancus</strong></span> <span class='ocrx_word' id='word_1_570' title='bbox 1694 3547 1769 3587; x_wconf 79' lang='lat' dir='ltr'><strong>meus</strong></span> <span class='ocrx_word' id='word_1_571' title='bbox 1792 3535 1858 3588; x_wconf 78' lang='lat' dir='ltr'><strong>mos</strong></span> 
     </span>
     <span class='ocr_line' id='line_1_39' title="bbox 106 3610 1860 3692; baseline -0.006 -14"><span class='ocrx_word' id='word_1_572' title='bbox 106 3618 236 3692; x_wconf 83' lang='lat' dir='ltr'><strong>contigit,</strong></span> <span class='ocrx_word' id='word_1_573' title='bbox 248 3625 276 3675; x_wconf 91' lang='lat' dir='ltr'><strong>ot</strong></span> <span class='ocrx_word' id='word_1_574' title='bbox 299 3616 368 3688; x_wconf 90' lang='lat' dir='ltr'><strong>ipsis</strong></span> <span class='ocrx_word' id='word_1_575' title='bbox 382 3622 494 3671; x_wconf 92' lang='lat' dir='ltr'><strong>certum</strong></span> <span class='ocrx_word' id='word_1_576' title='bbox 507 3617 550 3671; x_wconf 88' lang='lat' dir='ltr'><strong>est</strong></span> <span class='ocrx_word' id='word_1_577' title='bbox 564 3610 733 3684; x_wconf 78' lang='lat' dir='ltr'><strong>evangeliis,</strong></span> <span class='ocrx_word' id='word_1_578' title='bbox 749 3610 800 3669; x_wconf 93' lang='lat' dir='ltr'><strong>ubi</strong></span> <span class='ocrx_word' id='word_1_579' title='bbox 817 3611 957 3681; x_wconf 88' lang='lat' dir='ltr'><strong>scripturn</strong></span> <span class='ocrx_word' id='word_1_580' title='bbox 1012 3623 1174 3677; x_wconf 67' lang='lat' dir='ltr'><strong>testamenti,</strong></span> <span class='ocrx_word' id='word_1_581' title='bbox 1190 3621 1253 3676; x_wconf 70' lang='lat' dir='ltr'><strong>pico</strong></span> <span class='ocrx_word' id='word_1_582' title='bbox 1273 3623 1363 3676; x_wconf 74' lang='lat' dir='ltr'><strong>autem</strong></span> <span class='ocrx_word' id='word_1_583' title='bbox 1377 3619 1450 3675; x_wconf 77' lang='lat' dir='ltr'><strong>vocis</strong></span> <span class='ocrx_word' id='word_1_584' title='bbox 1461 3660 1470 3682; x_wconf 87' lang='lat'><em>‚</em></span> <span class='ocrx_word' id='word_1_585' title='bbox 1482 3635 1535 3675; x_wconf 77' lang='lat' dir='ltr'><strong>non</strong></span> <span class='ocrx_word' id='word_1_586' title='bbox 1555 3619 1752 3676; x_wconf 73' lang='lat' dir='ltr'><strong>bibamamodo</strong></span> <span class='ocrx_word' id='word_1_587' title='bbox 1765 3621 1798 3677; x_wconf 62' lang='lat' dir='ltr'><strong>aa</strong></span> <span class='ocrx_word' id='word_1_588' title='bbox 1813 3624 1860 3679; x_wconf 65' lang='lat' dir='ltr'><strong>noe</strong></span> 
     </span>
     <span class='ocr_line' id='line_1_40' title="bbox 107 3700 1859 3780; baseline -0.001 -12"><span class='ocrx_word' id='word_1_589' title='bbox 107 3715 150 3767; x_wconf 84' lang='lat' dir='ltr'><strong>esi</strong></span> <span class='ocrx_word' id='word_1_590' title='bbox 175 3724 185 3762; x_wconf 87' lang='lat'><em>:</em></span> <span class='ocrx_word' id='word_1_591' title='bbox 222 3707 316 3762; x_wconf 75' lang='lat' dir='ltr'><strong>Prima</strong></span> <span class='ocrx_word' id='word_1_592' title='bbox 351 3707 442 3759; x_wconf 74' lang='grc'><strong>11111111</strong></span> <span class='ocrx_word' id='word_1_593' title='bbox 477 3701 521 3757; x_wconf 83' lang='lat' dir='ltr'><strong>aie</strong></span> <span class='ocrx_word' id='word_1_594' title='bbox 561 3715 717 3770; x_wconf 70' lang='grc' dir='ltr'><strong>1111111οΜ111</strong></span> <span class='ocrx_word' id='word_1_595' title='bbox 748 3739 756 3765; x_wconf 67' lang='lat' dir='ltr'><strong>r</strong></span> <span class='ocrx_word' id='word_1_596' title='bbox 790 3700 959 3754; x_wconf 64' lang='grc' dir='ltr'><strong>11111θὲ91111</strong></span> <span class='ocrx_word' id='word_1_597' title='bbox 1011 3713 1147 3780; x_wconf 77' lang='lat' dir='ltr'><strong>pessimius</strong></span> <span class='ocrx_word' id='word_1_598' title='bbox 1165 3712 1232 3766; x_wconf 86' lang='lat' dir='ltr'><strong>uitis</strong></span> <span class='ocrx_word' id='word_1_599' title='bbox 1248 3725 1334 3776; x_wconf 78' lang='lat' dir='ltr'><strong>usque</strong></span> <span class='ocrx_word' id='word_1_600' title='bbox 1361 3711 1392 3764; x_wconf 90' lang='lat' dir='ltr'><strong>in</strong></span> <span class='ocrx_word' id='word_1_601' title='bbox 1418 3709 1579 3765; x_wconf 84' lang='lat' dir='ltr'><strong>diemitinm</strong></span> <span class='ocrx_word' id='word_1_602' title='bbox 1594 3725 1654 3765; x_wconf 91' lang='lat' dir='ltr'><strong>cum</strong></span> <span class='ocrx_word' id='word_1_603' title='bbox 1668 3709 1738 3765; x_wconf 85' lang='lat' dir='ltr'><strong>iliud</strong></span> <span class='ocrx_word' id='word_1_604' title='bbox 1768 3711 1859 3767; x_wconf 88' lang='lat' dir='ltr'><strong>bibam</strong></span> 
     </span>
     <span class='ocr_line' id='line_1_41' title="bbox 108 3788 1860 3870; baseline 0 -15"><span class='ocrx_word' id='word_1_605' title='bbox 108 3796 240 3869; x_wconf 76' lang='lat' dir='ltr'><strong>dissipati</strong></span> <span class='ocrx_word' id='word_1_606' title='bbox 265 3794 303 3850; x_wconf 80' lang='lat' dir='ltr'><strong>ad</strong></span> <span class='ocrx_word' id='word_1_607' title='bbox 338 3793 430 3849; x_wconf 71' lang='lat' dir='ltr'><strong>iesum</strong></span> <span class='ocrx_word' id='word_1_608' title='bbox 456 3831 464 3855; x_wconf 62' lang='lat' dir='ltr'><strong>s</strong></span> <span class='ocrx_word' id='word_1_609' title='bbox 496 3790 638 3845; x_wconf 70' lang='lat' dir='ltr'><strong>dicediss⁸²</strong></span> <span class='ocrx_word' id='word_1_610' title='bbox 674 3788 727 3844; x_wconf 70' lang='lat' dir='ltr'><strong>Ubi</strong></span> <span class='ocrx_word' id='word_1_611' title='bbox 756 3788 797 3842; x_wconf 56' lang='lat'><strong>¹²5⁸</strong></span> <span class='ocrx_word' id='word_1_612' title='bbox 830 3803 958 3858; x_wconf 64' lang='grc'><strong>1111111118</strong></span> <span class='ocrx_word' id='word_1_613' title='bbox 1012 3800 1148 3856; x_wconf 87' lang='lat' dir='ltr'><strong>uobiscum</strong></span> <span class='ocrx_word' id='word_1_614' title='bbox 1162 3814 1260 3857; x_wconf 89' lang='lat' dir='ltr'><strong>nouum</strong></span> <span class='ocrx_word' id='word_1_615' title='bbox 1280 3801 1309 3854; x_wconf 90' lang='lat' dir='ltr'><strong>in</strong></span> <span class='ocrx_word' id='word_1_616' title='bbox 1335 3812 1417 3867; x_wconf 82' lang='lat' dir='ltr'><strong>rcpno</strong></span> <span class='ocrx_word' id='word_1_617' title='bbox 1432 3799 1513 3854; x_wconf 87' lang='lat' dir='ltr'><strong>Patri</strong></span> <span class='ocrx_word' id='word_1_618' title='bbox 1526 3802 1579 3855; x_wconf 84' lang='lat' dir='ltr'><strong>mei</strong></span> <span class='ocrx_word' id='word_1_619' title='bbox 1597 3798 1693 3869; x_wconf 76' lang='lat' dir='ltr'><strong>(liare.</strong></span> <span class='ocrx_word' id='word_1_620' title='bbox 1708 3816 1782 3870; x_wconf 78' lang='lat' dir='ltr'><strong>xxiv,</strong></span> <span class='ocrx_word' id='word_1_621' title='bbox 1815 3804 1860 3868; x_wconf 77' lang='lat'><strong>28,</strong></span> 
     </span>
     <span class='ocr_line' id='line_1_42' title="bbox 108 3879 1861 3961; baseline 0.002 -18"><span class='ocrx_word' id='word_1_622' title='bbox 108 3889 161 3944; x_wconf 85' lang='lat' dir='ltr'><strong>tibi</strong></span> <span class='ocrx_word' id='word_1_623' title='bbox 185 3884 322 3942; x_wconf 83' lang='lat' dir='ltr'><strong>comedere</strong></span> <span class='ocrx_word' id='word_1_624' title='bbox 345 3880 478 3955; x_wconf 82' lang='lat' dir='ltr'><strong>pascbai</strong></span> <span class='ocrx_word' id='word_1_625' title='bbox 507 3882 543 3936; x_wconf 79' lang='lat' dir='ltr'><strong>st</strong></span> <span class='ocrx_word' id='word_1_626' title='bbox 558 3881 633 3935; x_wconf 90' lang='lat' dir='ltr'><strong>misit</strong></span> <span class='ocrx_word' id='word_1_627' title='bbox 647 3879 757 3934; x_wconf 84' lang='lat' dir='ltr'><strong>Petrum</strong></span> <span class='ocrx_word' id='word_1_628' title='bbox 778 3879 805 3932; x_wconf 85' lang='lat' dir='ltr'><strong>et</strong></span> <span class='ocrx_word' id='word_1_629' title='bbox 830 3880 959 3934; x_wconf 88' lang='lat' dir='ltr'><strong>Joannem</strong></span> <span class='ocrx_word' id='word_1_630' title='bbox 1011 3890 1069 3961; x_wconf 78' lang='lat'><strong>29),</strong></span> <span class='ocrx_word' id='word_1_631' title='bbox 1095 3890 1176 3947; x_wconf 74' lang='lat' dir='ltr'><strong>prior</strong></span> <span class='ocrx_word' id='word_1_632' title='bbox 1203 3890 1302 3960; x_wconf 78' lang='lat' dir='ltr'><strong>iraque</strong></span> <span class='ocrx_word' id='word_1_633' title='bbox 1331 3888 1409 3944; x_wconf 85' lang='lat' dir='ltr'><strong>calix</strong></span> <span class='ocrx_word' id='word_1_634' title='bbox 1431 3896 1493 3959; x_wconf 92' lang='lat' dir='ltr'><strong>post</strong></span> <span class='ocrx_word' id='word_1_635' title='bbox 1508 3889 1720 3959; x_wconf 82' lang='lat' dir='ltr'><strong>vetuspascba,</strong></span> <span class='ocrx_word' id='word_1_636' title='bbox 1744 3893 1772 3947; x_wconf 92' lang='lat' dir='ltr'><strong>et</strong></span> <span class='ocrx_word' id='word_1_637' title='bbox 1794 3899 1861 3948; x_wconf 91' lang='lat' dir='ltr'><strong>ante</strong></span> 
     </span>
     <span class='ocr_line' id='line_1_43' title="bbox 107 3966 1861 4050; baseline -0.005 -6"><span class='ocrx_word' id='word_1_638' title='bbox 107 3976 198 4033; x_wconf 78' lang='lat' dir='ltr'><strong>dicens</strong></span> <span class='ocrx_word' id='word_1_639' title='bbox 215 3991 222 4031; x_wconf 67' lang='grc' dir='ltr'>ἓ</span> <span class='ocrx_word' id='word_1_640' title='bbox 240 3972 464 4044; x_wconf 61' lang='grc' dir='ltr'><strong>Ε1111118’.Ρ11αῑθ</strong></span> <span class='ocrx_word' id='word_1_641' title='bbox 491 3969 691 4039; x_wconf 61' lang='grc'><strong>1011119181111,</strong></span> <span class='ocrx_word' id='word_1_642' title='bbox 710 3972 739 4022; x_wconf 71' lang='grc'><strong>111</strong></span> <span class='ocrx_word' id='word_1_643' title='bbox 755 3966 956 4022; x_wconf 63' lang='lat' dir='ltr'><strong>manducemus·</strong></span> <span class='ocrx_word' id='word_1_644' title='bbox 1015 3993 1125 4037; x_wconf 85' lang='lat' dir='ltr'><strong>novum</strong></span> <span class='ocrx_word' id='word_1_645' title='bbox 1153 3983 1310 4047; x_wconf 90' lang='lat' dir='ltr'><strong>susceptus,</strong></span> <span class='ocrx_word' id='word_1_646' title='bbox 1333 3983 1360 4032; x_wconf 89' lang='lat' dir='ltr'><strong>et</strong></span> <span class='ocrx_word' id='word_1_647' title='bbox 1388 3975 1435 4032; x_wconf 92' lang='lat' dir='ltr'><strong>ille</strong></span> <span class='ocrx_word' id='word_1_648' title='bbox 1456 3976 1602 4034; x_wconf 88' lang='lat' dir='ltr'><strong>secundus</strong></span> <span class='ocrx_word' id='word_1_649' title='bbox 1629 3978 1776 4036; x_wconf 86' lang='lat' dir='ltr'><strong>recubitus</strong></span> <span class='ocrx_word' id='word_1_650' title='bbox 1799 3986 1861 4050; x_wconf 88' lang='lat' dir='ltr'><strong>post</strong></span> 
     </span>
     <span class='ocr_line' id='line_1_44' title="bbox 57 4055 1862 4136; baseline 0.001 -15"><span class='ocrx_word' id='word_1_651' title='bbox 57 4117 60 4121; x_wconf 86' lang='lat'>.</span> <span class='ocrx_word' id='word_1_652' title='bbox 106 4066 206 4123; x_wconf 78' lang='lat' dir='ltr'><strong>Atilii</strong></span> <span class='ocrx_word' id='word_1_653' title='bbox 218 4064 369 4119; x_wconf 82' lang='lat' dir='ltr'><strong>dicerunt:</strong></span> <span class='ocrx_word' id='word_1_654' title='bbox 402 4061 452 4116; x_wconf 87' lang='lat' dir='ltr'><strong>Ubi</strong></span> <span class='ocrx_word' id='word_1_655' title='bbox 465 4062 507 4114; x_wconf 86' lang='lat' dir='ltr'><strong>uis</strong></span> <span class='ocrx_word' id='word_1_656' title='bbox 521 4072 649 4129; x_wconf 86' lang='lat' dir='ltr'><strong>paremus</strong></span> <span class='ocrx_word' id='word_1_657' title='bbox 669 4057 735 4113; x_wconf 79' lang='lat' dir='ltr'><strong>zm</strong></span> <span class='ocrx_word' id='word_1_658' title='bbox 747 4055 820 4111; x_wconf 80' lang='lat' dir='ltr'><strong>dicit</strong></span> <span class='ocrx_word' id='word_1_659' title='bbox 841 4056 879 4112; x_wconf 84' lang='lat' dir='ltr'><strong>ad</strong></span> <span class='ocrx_word' id='word_1_660' title='bbox 892 4070 957 4113; x_wconf 87' lang='lat' dir='ltr'><strong>eos:</strong></span> <span class='ocrx_word' id='word_1_661' title='bbox 1015 4067 1192 4125; x_wconf 55' lang='lat' dir='ltr'><strong>solucionem</strong></span> <span class='ocrx_word' id='word_1_662' title='bbox 1208 4065 1336 4136; x_wconf 82' lang='lat' dir='ltr'><strong>pedum,</strong></span> <span class='ocrx_word' id='word_1_663' title='bbox 1355 4078 1413 4121; x_wconf 91' lang='lat' dir='ltr'><strong>non</strong></span> <span class='ocrx_word' id='word_1_664' title='bbox 1429 4064 1463 4121; x_wconf 91' lang='lat' dir='ltr'><strong>ad</strong></span> <span class='ocrx_word' id='word_1_665' title='bbox 1480 4066 1679 4135; x_wconf 84' lang='lat' dir='ltr'><strong>sacrificium,</strong></span> <span class='ocrx_word' id='word_1_666' title='bbox 1699 4068 1749 4124; x_wconf 88' lang='lat' dir='ltr'><strong>sed</strong></span> <span class='ocrx_word' id='word_1_667' title='bbox 1763 4067 1800 4124; x_wconf 83' lang='lat' dir='ltr'><strong>ad</strong></span> <span class='ocrx_word' id='word_1_668' title='bbox 1820 4082 1862 4125; x_wconf 82' lang='lat' dir='ltr'><strong>re-</strong></span> 
     </span>
     <span class='ocr_line' id='line_1_45' title="bbox 107 4146 1861 4248; baseline 0.001 -38"><span class='ocrx_word' id='word_1_669' title='bbox 107 4153 176 4212; x_wconf 80' lang='lat' dir='ltr'><strong>Ecce</strong></span> <span class='ocrx_word' id='word_1_670' title='bbox 215 4149 415 4208; x_wconf 80' lang='lat' dir='ltr'><strong>introeuntibus</strong></span> <span class='ocrx_word' id='word_1_671' title='bbox 441 4148 517 4203; x_wconf 86' lang='lat' dir='ltr'><strong>vobis</strong></span> <span class='ocrx_word' id='word_1_672' title='bbox 557 4149 694 4203; x_wconf 87' lang='lat' dir='ltr'><strong>civitatem</strong></span> <span class='ocrx_word' id='word_1_673' title='bbox 731 4150 852 4202; x_wconf 86' lang='lat' dir='ltr'><strong>occurret</strong></span> <span class='ocrx_word' id='word_1_674' title='bbox 882 4146 959 4202; x_wconf 86' lang='lat' dir='ltr'><strong>uobis</strong></span> <span class='ocrx_word' id='word_1_675' title='bbox 975 4192 998 4248; x_wconf 74' lang='lat' dir='ltr'>D</span> <span class='ocrx_word' id='word_1_676' title='bbox 1015 4156 1166 4215; x_wconf 70' lang='lat' dir='ltr'><strong>rectionem</strong></span> <span class='ocrx_word' id='word_1_677' title='bbox 1190 4167 1344 4224; x_wconf 88' lang='lat' dir='ltr'><strong>corporum</strong></span> <span class='ocrx_word' id='word_1_678' title='bbox 1375 4154 1663 4224; x_wconf 83' lang='lat' dir='ltr'><strong>pertinerevidetur.</strong></span> <span class='ocrx_word' id='word_1_679' title='bbox 1683 4153 1761 4212; x_wconf 87' lang='lat' dir='ltr'><strong>Nihil</strong></span> <span class='ocrx_word' id='word_1_680' title='bbox 1783 4153 1861 4211; x_wconf 89' lang='lat' dir='ltr'><strong>enim</strong></span> 
     </span>
     <span class='ocr_line' id='line_1_46' title="bbox 108 4236 1860 4316; baseline -0.002 -13"><span class='ocrx_word' id='word_1_681' title='bbox 108 4242 186 4298; x_wconf 84' lang='lat' dir='ltr'><strong>bomo</strong></span> <span class='ocrx_word' id='word_1_682' title='bbox 209 4240 370 4310; x_wconf 68' lang='lat' dir='ltr'><strong>ampliorem</strong></span> <span class='ocrx_word' id='word_1_683' title='bbox 394 4253 472 4307; x_wconf 69' lang='grc'><strong>1111111</strong></span> <span class='ocrx_word' id='word_1_684' title='bbox 496 4240 635 4306; x_wconf 61' lang='lat' dir='ltr'><strong>biristet·</strong></span> <span class='ocrx_word' id='word_1_685' title='bbox 661 4236 815 4307; x_wconf 84' lang='lat' dir='ltr'><strong>sequimini</strong></span> <span class='ocrx_word' id='word_1_686' title='bbox 843 4251 903 4291; x_wconf 73' lang='grc'><strong>11111</strong></span> <span class='ocrx_word' id='word_1_687' title='bbox 930 4238 960 4290; x_wconf 92' lang='lat' dir='ltr'><strong>in</strong></span> <span class='ocrx_word' id='word_1_688' title='bbox 1014 4245 1050 4303; x_wconf 91' lang='lat' dir='ltr'><strong>de</strong></span> <span class='ocrx_word' id='word_1_689' title='bbox 1073 4252 1144 4316; x_wconf 93' lang='lat' dir='ltr'><strong>potu</strong></span> <span class='ocrx_word' id='word_1_690' title='bbox 1172 4242 1202 4298; x_wconf 93' lang='lat' dir='ltr'><strong>in</strong></span> <span class='ocrx_word' id='word_1_691' title='bbox 1216 4240 1304 4298; x_wconf 85' lang='lat' dir='ltr'><strong>reteri</strong></span> <span class='ocrx_word' id='word_1_692' title='bbox 1332 4242 1440 4312; x_wconf 87' lang='lat' dir='ltr'><strong>pascha</strong></span> <span class='ocrx_word' id='word_1_693' title='bbox 1458 4241 1505 4298; x_wconf 83' lang='lat' dir='ltr'><strong>lex</strong></span> <span class='ocrx_word' id='word_1_694' title='bbox 1520 4243 1659 4314; x_wconf 75' lang='lat' dir='ltr'><strong>precipit,</strong></span> <span class='ocrx_word' id='word_1_695' title='bbox 1676 4242 1725 4299; x_wconf 89' lang='lat' dir='ltr'><strong>sed</strong></span> <span class='ocrx_word' id='word_1_696' title='bbox 1747 4250 1860 4302; x_wconf 88' lang='lat' dir='ltr'><strong>tantum</strong></span> 
     </span>
     <span class='ocr_line' id='line_1_47' title="bbox 108 4324 1862 4404; baseline 0.002 -18"><span class='ocrx_word' id='word_1_697' title='bbox 108 4330 218 4387; x_wconf 83' lang='lat' dir='ltr'><strong>domam</strong></span> <span class='ocrx_word' id='word_1_698' title='bbox 239 4331 270 4384; x_wconf 88' lang='lat' dir='ltr'><strong>in</strong></span> <span class='ocrx_word' id='word_1_699' title='bbox 301 4343 383 4396; x_wconf 79' lang='lat' dir='ltr'><strong>quam</strong></span> <span class='ocrx_word' id='word_1_700' title='bbox 411 4328 508 4394; x_wconf 88' lang='lat' dir='ltr'><strong>intrat,</strong></span> <span class='ocrx_word' id='word_1_701' title='bbox 526 4329 552 4380; x_wconf 89' lang='lat' dir='ltr'><strong>et</strong></span> <span class='ocrx_word' id='word_1_702' title='bbox 566 4324 662 4380; x_wconf 82' lang='lat' dir='ltr'><strong>dicetis</strong></span> <span class='ocrx_word' id='word_1_703' title='bbox 687 4325 890 4395; x_wconf 78' lang='lat' dir='ltr'><strong>patrifamilias</strong></span> <span class='ocrx_word' id='word_1_704' title='bbox 909 4324 957 4380; x_wconf 85' lang='lat' dir='ltr'><strong>do·</strong></span> <span class='ocrx_word' id='word_1_705' title='bbox 1013 4334 1048 4391; x_wconf 70' lang='lat' dir='ltr'><strong>de</strong></span> <span class='ocrx_word' id='word_1_706' title='bbox 1064 4331 1201 4389; x_wconf 72' lang='lat' dir='ltr'><strong>carnibus</strong></span> <span class='ocrx_word' id='word_1_707' title='bbox 1231 4328 1300 4401; x_wconf 86' lang='lat' dir='ltr'><strong>agni</strong></span> <span class='ocrx_word' id='word_1_708' title='bbox 1327 4329 1373 4386; x_wconf 84' lang='lat' dir='ltr'><strong>vel</strong></span> <span class='ocrx_word' id='word_1_709' title='bbox 1391 4329 1464 4387; x_wconf 84' lang='lat' dir='ltr'><strong>baedi</strong></span> <span class='ocrx_word' id='word_1_710' title='bbox 1478 4345 1546 4388; x_wconf 90' lang='lat' dir='ltr'><strong>cum</strong></span> <span class='ocrx_word' id='word_1_711' title='bbox 1571 4332 1697 4402; x_wconf 90' lang='lat' dir='ltr'><strong>panibus</strong></span> <span class='ocrx_word' id='word_1_712' title='bbox 1713 4332 1821 4404; x_wconf 91' lang='lat' dir='ltr'><strong>azymis</strong></span> <span class='ocrx_word' id='word_1_713' title='bbox 1834 4340 1862 4389; x_wconf 93' lang='lat' dir='ltr'><strong>et</strong></span> 
     </span>
    </p>
   </div>
   <div class='ocr_carea' id='block_1_4' title="bbox 108 4412 1862 4581">
    <p class='ocr_par' dir='ltr' id='par_1_5' title="bbox 108 4412 1862 4581">
     <span class='ocr_line' id='line_1_48' title="bbox 108 4412 1862 4490; baseline -0.003 -8"><span class='ocrx_word' id='word_1_714' title='bbox 108 4434 186 4476; x_wconf 76' lang='lat' dir='ltr'><strong>mus:</strong></span> <span class='ocrx_word' id='word_1_715' title='bbox 203 4419 281 4475; x_wconf 69' lang='lat' dir='ltr'><strong>iiiiii</strong></span> <span class='ocrx_word' id='word_1_716' title='bbox 310 4417 362 4472; x_wconf 86' lang='lat' dir='ltr'><strong>tibi</strong></span> <span class='ocrx_word' id='word_1_717' title='bbox 375 4416 505 4483; x_wconf 70' lang='grc'><strong>1111911111</strong></span> <span class='ocrx_word' id='word_1_718' title='bbox 520 4429 527 4469; x_wconf 78' lang='lat'><strong>³</strong></span> <span class='ocrx_word' id='word_1_719' title='bbox 552 4414 604 4469; x_wconf 84' lang='lat' dir='ltr'><strong>Ubi</strong></span> <span class='ocrx_word' id='word_1_720' title='bbox 623 4417 662 4469; x_wconf 68' lang='grc'><strong>111</strong></span> <span class='ocrx_word' id='word_1_721' title='bbox 689 4413 883 4483; x_wconf 76' lang='lat' dir='ltr'><strong>diemsorium,</strong></span> <span class='ocrx_word' id='word_1_722' title='bbox 913 4412 961 4470; x_wconf 73' lang='lat' dir='ltr'><strong>itii</strong></span> <span class='ocrx_word' id='word_1_723' title='bbox 1013 4420 1133 4478; x_wconf 87' lang='lat' dir='ltr'><strong>lactucis</strong></span> <span class='ocrx_word' id='word_1_724' title='bbox 1148 4416 1320 4490; x_wconf 80' lang='lat' dir='ltr'><strong>agrestibus.</strong></span> <span class='ocrx_word' id='word_1_725' title='bbox 1335 4419 1369 4475; x_wconf 93' lang='lat' dir='ltr'><strong>ln</strong></span> <span class='ocrx_word' id='word_1_726' title='bbox 1384 4417 1439 4476; x_wconf 90' lang='lat' dir='ltr'><strong>bac</strong></span> <span class='ocrx_word' id='word_1_727' title='bbox 1454 4417 1552 4490; x_wconf 85' lang='lat' dir='ltr'><strong>itaque</strong></span> <span class='ocrx_word' id='word_1_728' title='bbox 1566 4420 1693 4478; x_wconf 83' lang='lat' dir='ltr'><strong>convivii</strong></span> <span class='ocrx_word' id='word_1_729' title='bbox 1708 4420 1862 4479; x_wconf 87' lang='lat' dir='ltr'><strong>reiectione</strong></span> 
     </span>
     <span class='ocr_line' id='line_1_49' title="bbox 108 4496 1862 4581; baseline -0.005 -16"><span class='ocrx_word' id='word_1_730' title='bbox 108 4507 214 4581; x_wconf 79' lang='lat' dir='ltr'><strong>pescia</strong></span> <span class='ocrx_word' id='word_1_731' title='bbox 240 4523 302 4563; x_wconf 90' lang='lat' dir='ltr'><strong>cum</strong></span> <span class='ocrx_word' id='word_1_732' title='bbox 333 4504 476 4576; x_wconf 82' lang='lat' dir='ltr'><strong>discipulis</strong></span> <span class='ocrx_word' id='word_1_733' title='bbox 506 4501 572 4559; x_wconf 88' lang='lat' dir='ltr'><strong>meis</strong></span> <span class='ocrx_word' id='word_1_734' title='bbox 607 4500 803 4558; x_wconf 81' lang='lat' dir='ltr'><strong>manducem?</strong></span> <span class='ocrx_word' id='word_1_735' title='bbox 836 4503 873 4557; x_wconf 79' lang='lat' dir='ltr'><strong>lit</strong></span> <span class='ocrx_word' id='word_1_736' title='bbox 901 4503 960 4573; x_wconf 85' lang='lat' dir='ltr'><strong>ipse</strong></span> <span class='ocrx_word' id='word_1_737' title='bbox 1013 4498 1164 4571; x_wconf 87' lang='lat' dir='ltr'><strong>discipulis</strong></span> <span class='ocrx_word' id='word_1_738' title='bbox 1190 4496 1365 4567; x_wconf 86' lang='lat' dir='ltr'><strong>edentibus,</strong></span> <span class='ocrx_word' id='word_1_739' title='bbox 1393 4498 1509 4556; x_wconf 90' lang='lat' dir='ltr'><strong>videtur</strong></span> <span class='ocrx_word' id='word_1_740' title='bbox 1524 4500 1664 4559; x_wconf 85' lang='lat' dir='ltr'><strong>Dominus</strong></span> <span class='ocrx_word' id='word_1_741' title='bbox 1686 4501 1721 4559; x_wconf 88' lang='lat' dir='ltr'><strong>de</strong></span> <span class='ocrx_word' id='word_1_742' title='bbox 1736 4501 1862 4571; x_wconf 89' lang='lat' dir='ltr'><strong>panibus</strong></span> 
     </span>
    </p>
   </div>
   <div class='ocr_carea' id='block_1_5' title="bbox 107 4587 1864 5471">
    <p class='ocr_par' dir='ltr' id='par_1_6' title="bbox 107 4587 1864 5471">
     <span class='ocr_line' id='line_1_50' title="bbox 108 4587 1862 4662; baseline -0.005 -7"><span class='ocrx_word' id='word_1_743' title='bbox 108 4598 231 4655; x_wconf 83' lang='lat' dir='ltr'><strong>ostendet</strong></span> <span class='ocrx_word' id='word_1_744' title='bbox 250 4597 327 4652; x_wconf 87' lang='lat' dir='ltr'><strong>uobis</strong></span> <span class='ocrx_word' id='word_1_745' title='bbox 356 4592 522 4652; x_wconf 82' lang='lat' dir='ltr'><strong>cenaculum</strong></span> <span class='ocrx_word' id='word_1_746' title='bbox 540 4607 670 4662; x_wconf 71' lang='lat' dir='ltr'><strong>maenum</strong></span> <span class='ocrx_word' id='word_1_747' title='bbox 692 4595 811 4647; x_wconf 89' lang='lat' dir='ltr'><strong>stratum</strong></span> <span class='ocrx_word' id='word_1_748' title='bbox 834 4631 842 4660; x_wconf 97' lang='lat'><strong>,</strong></span> <span class='ocrx_word' id='word_1_749' title='bbox 864 4593 890 4646; x_wconf 87' lang='lat' dir='ltr'><strong>et</strong></span> <span class='ocrx_word' id='word_1_750' title='bbox 919 4591 961 4646; x_wconf 89' lang='lat' dir='ltr'><strong>ibi</strong></span> <span class='ocrx_word' id='word_1_751' title='bbox 1013 4588 1219 4657; x_wconf 81' lang='lat' dir='ltr'><strong>illiusmensm,</strong></span> <span class='ocrx_word' id='word_1_752' title='bbox 1239 4601 1297 4644; x_wconf 94' lang='lat' dir='ltr'><strong>non</strong></span> <span class='ocrx_word' id='word_1_753' title='bbox 1324 4587 1359 4644; x_wconf 91' lang='lat' dir='ltr'><strong>de</strong></span> <span class='ocrx_word' id='word_1_754' title='bbox 1378 4587 1485 4659; x_wconf 87' lang='lat' dir='ltr'><strong>azymis</strong></span> <span class='ocrx_word' id='word_1_755' title='bbox 1510 4590 1623 4660; x_wconf 85' lang='lat' dir='ltr'><strong>pascbae</strong></span> <span class='ocrx_word' id='word_1_756' title='bbox 1638 4589 1805 4660; x_wconf 89' lang='lat' dir='ltr'><strong>accepisse,</strong></span> <span class='ocrx_word' id='word_1_757' title='bbox 1833 4596 1862 4646; x_wconf 92' lang='lat' dir='ltr'><strong>et</strong></span> 
     </span>
     <span class='ocr_line' id='line_1_51' title="bbox 107 4675 1862 4761; baseline -0.004 -18"><span class='ocrx_word' id='word_1_758' title='bbox 107 4693 216 4761; x_wconf 83' lang='lat' dir='ltr'><strong>parate.</strong></span> <span class='ocrx_word' id='word_1_759' title='bbox 242 4689 344 4743; x_wconf 83' lang='lat' dir='ltr'><strong>Euntes</strong></span> <span class='ocrx_word' id='word_1_760' title='bbox 369 4687 459 4740; x_wconf 88' lang='lat' dir='ltr'><strong>autem</strong></span> <span class='ocrx_word' id='word_1_761' title='bbox 480 4685 641 4738; x_wconf 85' lang='lat' dir='ltr'><strong>inuenerant</strong></span> <span class='ocrx_word' id='word_1_762' title='bbox 658 4683 729 4738; x_wconf 87' lang='lat' dir='ltr'><strong>sicut</strong></span> <span class='ocrx_word' id='word_1_763' title='bbox 751 4680 919 4749; x_wconf 78' lang='lat' dir='ltr'><strong>dimittitis,</strong></span> <span class='ocrx_word' id='word_1_764' title='bbox 935 4685 960 4736; x_wconf 89' lang='lat' dir='ltr'><strong>et</strong></span> <span class='ocrx_word' id='word_1_765' title='bbox 1012 4691 1123 4736; x_wconf 84' lang='lat' dir='ltr'><strong>novum</strong></span> <span class='ocrx_word' id='word_1_766' title='bbox 1141 4675 1248 4748; x_wconf 86' lang='lat' dir='ltr'><strong>pascha</strong></span> <span class='ocrx_word' id='word_1_767' title='bbox 1262 4676 1423 4735; x_wconf 86' lang='lat' dir='ltr'><strong>coniecisse.</strong></span> <span class='ocrx_word' id='word_1_768' title='bbox 1440 4692 1500 4735; x_wconf 94' lang='lat' dir='ltr'><strong>non</strong></span> <span class='ocrx_word' id='word_1_769' title='bbox 1525 4677 1602 4735; x_wconf 92' lang='lat' dir='ltr'><strong>enim</strong></span> <span class='ocrx_word' id='word_1_770' title='bbox 1626 4679 1673 4736; x_wconf 93' lang='lat' dir='ltr'><strong>illo</strong></span> <span class='ocrx_word' id='word_1_771' title='bbox 1689 4679 1862 4736; x_wconf 81' lang='lat' dir='ltr'><strong>diePasche</strong></span> 
     </span>
     <span class='ocr_line' id='line_1_52' title="bbox 108 4765 1862 4850; baseline -0.005 -16"><span class='ocrx_word' id='word_1_772' title='bbox 108 4781 277 4850; x_wconf 80' lang='lat' dir='ltr'><strong>parauerunt</strong></span> <span class='ocrx_word' id='word_1_773' title='bbox 289 4775 406 4848; x_wconf 82' lang='lat' dir='ltr'><strong>pescia.</strong></span> <span class='ocrx_word' id='word_1_774' title='bbox 430 4776 465 4829; x_wconf 80' lang='lat' dir='ltr'><strong>st</strong></span> <span class='ocrx_word' id='word_1_775' title='bbox 479 4788 540 4828; x_wconf 92' lang='lat' dir='ltr'><strong>cum</strong></span> <span class='ocrx_word' id='word_1_776' title='bbox 558 4773 635 4840; x_wconf 75' lang='lat' dir='ltr'><strong>sacta</strong></span> <span class='ocrx_word' id='word_1_777' title='bbox 658 4775 727 4826; x_wconf 90' lang='lat' dir='ltr'><strong>esset</strong></span> <span class='ocrx_word' id='word_1_778' title='bbox 746 4770 837 4838; x_wconf 86' lang='lat' dir='ltr'><strong>bera,</strong></span> <span class='ocrx_word' id='word_1_779' title='bbox 865 4769 959 4825; x_wconf 73' lang='lat' dir='ltr'><strong>disum</strong></span> <span class='ocrx_word' id='word_1_780' title='bbox 1013 4765 1200 4827; x_wconf 87' lang='lat' dir='ltr'><strong>interdictum</strong></span> <span class='ocrx_word' id='word_1_781' title='bbox 1227 4773 1299 4835; x_wconf 90' lang='lat' dir='ltr'><strong>erat,</strong></span> <span class='ocrx_word' id='word_1_782' title='bbox 1314 4780 1350 4824; x_wconf 92' lang='lat' dir='ltr'><strong>ne</strong></span> <span class='ocrx_word' id='word_1_783' title='bbox 1379 4781 1469 4838; x_wconf 91' lang='lat' dir='ltr'><strong>panes</strong></span> <span class='ocrx_word' id='word_1_784' title='bbox 1491 4766 1578 4825; x_wconf 86' lang='lat' dir='ltr'><strong>etiam</strong></span> <span class='ocrx_word' id='word_1_785' title='bbox 1594 4766 1778 4838; x_wconf 75' lang='lat' dir='ltr'><strong>fermentati,</strong></span> <span class='ocrx_word' id='word_1_786' title='bbox 1809 4769 1862 4841; x_wconf 84' lang='lat' dir='ltr'><strong>qni</strong></span> 
     </span>
     <span class='ocr_line' id='line_1_53' title="bbox 111 4854 1862 4936; baseline -0.005 -12"><span class='ocrx_word' id='word_1_787' title='bbox 111 4868 181 4936; x_wconf 90' lang='lat' dir='ltr'><strong>buit,</strong></span> <span class='ocrx_word' id='word_1_788' title='bbox 198 4872 222 4923; x_wconf 84' lang='lat' dir='ltr'><strong>et</strong></span> <span class='ocrx_word' id='word_1_789' title='bbox 245 4866 386 4922; x_wconf 80' lang='lat' dir='ltr'><strong>duodecim</strong></span> <span class='ocrx_word' id='word_1_790' title='bbox 413 4863 531 4934; x_wconf 83' lang='lat' dir='ltr'><strong>apostoli</strong></span> <span class='ocrx_word' id='word_1_791' title='bbox 552 4877 612 4918; x_wconf 89' lang='lat' dir='ltr'><strong>cum</strong></span> <span class='ocrx_word' id='word_1_792' title='bbox 627 4876 656 4917; x_wconf 92' lang='lat' dir='ltr'><strong>eo</strong></span> <span class='ocrx_word' id='word_1_793' title='bbox 684 4861 761 4932; x_wconf 87' lang='lat' dir='ltr'><strong>(Luc.</strong></span> <span class='ocrx_word' id='word_1_794' title='bbox 778 4860 850 4925; x_wconf 66' lang='lat' dir='ltr'><strong>xxia·</strong></span> <span class='ocrx_word' id='word_1_795' title='bbox 875 4858 958 4932; x_wconf 71' lang='lat' dir='ltr'><strong>elli.</strong></span> <span class='ocrx_word' id='word_1_796' title='bbox 1016 4855 1131 4928; x_wconf 89' lang='lat' dir='ltr'><strong>proprio</strong></span> <span class='ocrx_word' id='word_1_797' title='bbox 1145 4869 1235 4927; x_wconf 84' lang='lat' dir='ltr'><strong>penes</strong></span> <span class='ocrx_word' id='word_1_798' title='bbox 1248 4854 1311 4913; x_wconf 82' lang='lat' dir='ltr'><strong>sini</strong></span> <span class='ocrx_word' id='word_1_799' title='bbox 1335 4855 1493 4927; x_wconf 83' lang='lat' dir='ltr'><strong>adjectione</strong></span> <span class='ocrx_word' id='word_1_800' title='bbox 1508 4856 1656 4925; x_wconf 89' lang='lat' dir='ltr'><strong>dicuntur,</strong></span> <span class='ocrx_word' id='word_1_801' title='bbox 1675 4855 1703 4911; x_wconf 92' lang='lat' dir='ltr'><strong>in</strong></span> <span class='ocrx_word' id='word_1_802' title='bbox 1726 4857 1862 4915; x_wconf 88' lang='lat' dir='ltr'><strong>domibus</strong></span> 
     </span>
     <span class='ocr_line' id='line_1_54' title="bbox 110 4945 1861 5025; baseline -0.003 -15"><span class='ocrx_word' id='word_1_803' title='bbox 110 4954 263 5012; x_wconf 81' lang='lat' dir='ltr'><strong>Discubuit</strong></span> <span class='ocrx_word' id='word_1_804' title='bbox 283 4953 402 5025; x_wconf 89' lang='lat' dir='ltr'><strong>quidem</strong></span> <span class='ocrx_word' id='word_1_805' title='bbox 424 4949 461 5006; x_wconf 92' lang='lat' dir='ltr'><strong>ad</strong></span> <span class='ocrx_word' id='word_1_806' title='bbox 484 4957 568 5007; x_wconf 89' lang='lat' dir='ltr'><strong>vetus</strong></span> <span class='ocrx_word' id='word_1_807' title='bbox 581 4947 689 5019; x_wconf 86' lang='lat' dir='ltr'><strong>pascha</strong></span> <span class='ocrx_word' id='word_1_808' title='bbox 708 4946 800 5017; x_wconf 91' lang='lat' dir='ltr'><strong>primo</strong></span> <span class='ocrx_word' id='word_1_809' title='bbox 813 4946 960 5005; x_wconf 88' lang='lat' dir='ltr'><strong>celebran-</strong></span> <span class='ocrx_word' id='word_1_810' title='bbox 1013 4946 1230 5017; x_wconf 89' lang='lat' dir='ltr'><strong>reperirentur;</strong></span> <span class='ocrx_word' id='word_1_811' title='bbox 1247 4945 1296 5001; x_wconf 88' lang='lat' dir='ltr'><strong>sed</strong></span> <span class='ocrx_word' id='word_1_812' title='bbox 1320 4946 1508 5016; x_wconf 83' lang='lat' dir='ltr'><strong>sequentibus</strong></span> <span class='ocrx_word' id='word_1_813' title='bbox 1529 4954 1642 5004; x_wconf 87' lang='lat' dir='ltr'><strong>tantum</strong></span> <span class='ocrx_word' id='word_1_814' title='bbox 1669 4952 1776 5015; x_wconf 90' lang='lat' dir='ltr'><strong>septem</strong></span> <span class='ocrx_word' id='word_1_815' title='bbox 1801 4948 1861 5005; x_wconf 88' lang='lat' dir='ltr'><strong>die-</strong></span> 
     </span>
     <span class='ocr_line' id='line_1_55' title="bbox 110 5033 1864 5109; baseline -0.004 -8"><span class='ocrx_word' id='word_1_816' title='bbox 110 5044 193 5102; x_wconf 88' lang='lat' dir='ltr'><strong>dum.</strong></span> <span class='ocrx_word' id='word_1_817' title='bbox 217 5043 297 5109; x_wconf 85' lang='lat' dir='ltr'><strong>Quod</strong></span> <span class='ocrx_word' id='word_1_818' title='bbox 319 5056 389 5100; x_wconf 81' lang='lat' dir='ltr'><strong>vero</strong></span> <span class='ocrx_word' id='word_1_819' title='bbox 404 5048 463 5097; x_wconf 90' lang='lat' dir='ltr'><strong>tam</strong></span> <span class='ocrx_word' id='word_1_820' title='bbox 485 5038 639 5099; x_wconf 80' lang='lat' dir='ltr'><strong>blattbaeus</strong></span> <span class='ocrx_word' id='word_1_821' title='bbox 664 5050 754 5108; x_wconf 85' lang='lat' dir='ltr'><strong>quam</strong></span> <span class='ocrx_word' id='word_1_822' title='bbox 783 5035 897 5095; x_wconf 86' lang='lat' dir='ltr'><strong>biarcus</strong></span> <span class='ocrx_word' id='word_1_823' title='bbox 919 5036 960 5093; x_wconf 91' lang='lat' dir='ltr'><strong>di·</strong></span> <span class='ocrx_word' id='word_1_824' title='bbox 1014 5035 1078 5106; x_wconf 90' lang='lat' dir='ltr'><strong>bus,</strong></span> <span class='ocrx_word' id='word_1_825' title='bbox 1095 5035 1146 5106; x_wconf 88' lang='lat' dir='ltr'><strong>qui</strong></span> <span class='ocrx_word' id='word_1_826' title='bbox 1161 5034 1197 5092; x_wconf 95' lang='lat' dir='ltr'><strong>ob</strong></span> <span class='ocrx_word' id='word_1_827' title='bbox 1212 5034 1265 5090; x_wconf 91' lang='lat' dir='ltr'><strong>boe</strong></span> <span class='ocrx_word' id='word_1_828' title='bbox 1288 5033 1334 5091; x_wconf 89' lang='lat' dir='ltr'><strong>die</strong></span> <span class='ocrx_word' id='word_1_829' title='bbox 1359 5047 1526 5105; x_wconf 88' lang='lat' dir='ltr'><strong>azymorum</strong></span> <span class='ocrx_word' id='word_1_830' title='bbox 1544 5035 1707 5106; x_wconf 89' lang='lat' dir='ltr'><strong>specialiter</strong></span> <span class='ocrx_word' id='word_1_831' title='bbox 1729 5036 1864 5094; x_wconf 81' lang='lat' dir='ltr'><strong>diceban·</strong></span> 
     </span>
     <span class='ocr_line' id='line_1_56' title="bbox 111 5123 1863 5201; baseline -0.002 -11"><span class='ocrx_word' id='word_1_832' title='bbox 111 5140 193 5199; x_wconf 89' lang='lat' dir='ltr'><strong>cunt,</strong></span> <span class='ocrx_word' id='word_1_833' title='bbox 213 5131 268 5188; x_wconf 90' lang='lat' dir='ltr'><strong>boc</strong></span> <span class='ocrx_word' id='word_1_834' title='bbox 295 5145 355 5189; x_wconf 90' lang='lat' dir='ltr'><strong>esse</strong></span> <span class='ocrx_word' id='word_1_835' title='bbox 371 5130 478 5188; x_wconf 86' lang='lat' dir='ltr'><strong>lactum</strong></span> <span class='ocrx_word' id='word_1_836' title='bbox 504 5129 597 5201; x_wconf 89' lang='lat' dir='ltr'><strong>prima</strong></span> <span class='ocrx_word' id='word_1_837' title='bbox 611 5126 656 5182; x_wconf 90' lang='lat' dir='ltr'><strong>die</strong></span> <span class='ocrx_word' id='word_1_838' title='bbox 678 5140 867 5198; x_wconf 85' lang='lat' dir='ltr'><strong>azymorum,</strong></span> <span class='ocrx_word' id='word_1_839' title='bbox 894 5141 960 5198; x_wconf 83' lang='lat' dir='ltr'><strong>qun</strong></span> <span class='ocrx_word' id='word_1_840' title='bbox 1013 5131 1072 5182; x_wconf 89' lang='lat' dir='ltr'><strong>tur.</strong></span> <span class='ocrx_word' id='word_1_841' title='bbox 1085 5123 1166 5181; x_wconf 88' lang='lat' dir='ltr'><strong>Unde</strong></span> <span class='ocrx_word' id='word_1_842' title='bbox 1179 5130 1206 5180; x_wconf 92' lang='lat' dir='ltr'><strong>et</strong></span> <span class='ocrx_word' id='word_1_843' title='bbox 1238 5123 1328 5181; x_wconf 84' lang='lat' dir='ltr'><strong>Graeci</strong></span> <span class='ocrx_word' id='word_1_844' title='bbox 1351 5138 1410 5182; x_wconf 95' lang='lat' dir='ltr'><strong>non</strong></span> <span class='ocrx_word' id='word_1_845' title='bbox 1422 5124 1456 5181; x_wconf 89' lang='lat' dir='ltr'><strong>de</strong></span> <span class='ocrx_word' id='word_1_846' title='bbox 1472 5138 1571 5196; x_wconf 90' lang='lat' dir='ltr'><strong>azymo</strong></span> <span class='ocrx_word' id='word_1_847' title='bbox 1591 5126 1743 5197; x_wconf 90' lang='lat' dir='ltr'><strong>pane,sed</strong></span> <span class='ocrx_word' id='word_1_848' title='bbox 1759 5127 1794 5185; x_wconf 90' lang='lat' dir='ltr'><strong>de</strong></span> <span class='ocrx_word' id='word_1_849' title='bbox 1808 5128 1863 5187; x_wconf 91' lang='lat' dir='ltr'><strong>ler-</strong></span> 
     </span>
     <span class='ocr_line' id='line_1_57' title="bbox 110 5211 1861 5293; baseline -0.003 -14"><span class='ocrx_word' id='word_1_850' title='bbox 110 5220 244 5279; x_wconf 84' lang='lat' dir='ltr'><strong>videlicet</strong></span> <span class='ocrx_word' id='word_1_851' title='bbox 274 5220 334 5277; x_wconf 87' lang='lat' dir='ltr'><strong>dies</strong></span> <span class='ocrx_word' id='word_1_852' title='bbox 361 5221 477 5293; x_wconf 88' lang='lat' dir='ltr'><strong>proprie</strong></span> <span class='ocrx_word' id='word_1_853' title='bbox 500 5220 607 5290; x_wconf 89' lang='lat' dir='ltr'><strong>pascha</strong></span> <span class='ocrx_word' id='word_1_854' title='bbox 633 5218 804 5285; x_wconf 88' lang='lat' dir='ltr'><strong>dicebatur,</strong></span> <span class='ocrx_word' id='word_1_855' title='bbox 825 5223 960 5289; x_wconf 88' lang='lat' dir='ltr'><strong>utsupra</strong></span> <span class='ocrx_word' id='word_1_856' title='bbox 1014 5221 1141 5272; x_wconf 84' lang='lat' dir='ltr'><strong>mentsto</strong></span> <span class='ocrx_word' id='word_1_857' title='bbox 1156 5211 1310 5272; x_wconf 86' lang='lat' dir='ltr'><strong>Dominum</strong></span> <span class='ocrx_word' id='word_1_858' title='bbox 1326 5215 1427 5272; x_wconf 89' lang='lat' dir='ltr'><strong>dicunt</strong></span> <span class='ocrx_word' id='word_1_859' title='bbox 1441 5229 1549 5273; x_wconf 81' lang='lat' dir='ltr'><strong>novum</strong></span> <span class='ocrx_word' id='word_1_860' title='bbox 1566 5214 1672 5286; x_wconf 86' lang='lat' dir='ltr'><strong>pascha</strong></span> <span class='ocrx_word' id='word_1_861' title='bbox 1686 5216 1861 5290; x_wconf 82' lang='lat' dir='ltr'><strong>coniecisse3</strong></span> 
     </span>
     <span class='ocr_line' id='line_1_58' title="bbox 111 5301 1861 5381; baseline -0.005 -13"><span class='ocrx_word' id='word_1_862' title='bbox 111 5309 316 5379; x_wconf 90' lang='lat' dir='ltr'><strong>meminimus,</strong></span> <span class='ocrx_word' id='word_1_863' title='bbox 337 5309 412 5368; x_wconf 89' lang='lat' dir='ltr'><strong>sicut</strong></span> <span class='ocrx_word' id='word_1_864' title='bbox 425 5313 531 5381; x_wconf 89' lang='lat' dir='ltr'><strong>septem</strong></span> <span class='ocrx_word' id='word_1_865' title='bbox 545 5308 606 5366; x_wconf 88' lang='lat' dir='ltr'><strong>dies</strong></span> <span class='ocrx_word' id='word_1_866' title='bbox 630 5311 781 5381; x_wconf 86' lang='lat' dir='ltr'><strong>sequentes</strong></span> <span class='ocrx_word' id='word_1_867' title='bbox 793 5320 961 5379; x_wconf 82' lang='lat' dir='ltr'><strong>azymorum</strong></span> <span class='ocrx_word' id='word_1_868' title='bbox 1015 5303 1099 5376; x_wconf 90' lang='lat' dir='ltr'><strong>quasi</strong></span> <span class='ocrx_word' id='word_1_869' title='bbox 1114 5301 1185 5358; x_wconf 90' lang='lat' dir='ltr'><strong>nihil</strong></span> <span class='ocrx_word' id='word_1_870' title='bbox 1200 5302 1235 5360; x_wconf 88' lang='lat' dir='ltr'><strong>de</strong></span> <span class='ocrx_word' id='word_1_871' title='bbox 1253 5304 1344 5361; x_wconf 86' lang='lat' dir='ltr'><strong>veteri</strong></span> <span class='ocrx_word' id='word_1_872' title='bbox 1355 5303 1462 5375; x_wconf 87' lang='lat' dir='ltr'><strong>pascha</strong></span> <span class='ocrx_word' id='word_1_873' title='bbox 1488 5303 1607 5361; x_wconf 85' lang='lat' dir='ltr'><strong>innovo</strong></span> <span class='ocrx_word' id='word_1_874' title='bbox 1628 5303 1713 5362; x_wconf 82' lang='lat' dir='ltr'><strong>vellet</strong></span> <span class='ocrx_word' id='word_1_875' title='bbox 1728 5306 1861 5363; x_wconf 90' lang='lat' dir='ltr'><strong>retinere.</strong></span> 
     </span>
     <span class='ocr_line' id='line_1_59' title="bbox 111 5392 1864 5471; baseline -0.003 -11"><span class='ocrx_word' id='word_1_876' title='bbox 111 5399 293 5460; x_wconf 82' lang='lat' dir='ltr'><strong>vocabantur</strong></span> <span class='ocrx_word' id='word_1_877' title='bbox 302 5413 311 5471; x_wconf 94' lang='lat'>;</span> <span class='ocrx_word' id='word_1_878' title='bbox 327 5398 398 5456; x_wconf 91' lang='lat' dir='ltr'><strong>sciat</strong></span> <span class='ocrx_word' id='word_1_879' title='bbox 417 5398 504 5457; x_wconf 90' lang='lat' dir='ltr'><strong>lector</strong></span> <span class='ocrx_word' id='word_1_880' title='bbox 523 5399 618 5470; x_wconf 90' lang='lat' dir='ltr'><strong>ipsum</strong></span> <span class='ocrx_word' id='word_1_881' title='bbox 641 5398 715 5456; x_wconf 91' lang='lat' dir='ltr'><strong>diem</strong></span> <span class='ocrx_word' id='word_1_882' title='bbox 732 5397 847 5456; x_wconf 83' lang='lat' dir='ltr'><strong>Paschae</strong></span> <span class='ocrx_word' id='word_1_883' title='bbox 871 5397 962 5455; x_wconf 90' lang='lat' dir='ltr'><strong>nomi·</strong></span> <span class='ocrx_word' id='word_1_884' title='bbox 1014 5393 1069 5464; x_wconf 81' lang='lat' dir='ltr'><strong>eui</strong></span> <span class='ocrx_word' id='word_1_885' title='bbox 1083 5392 1170 5450; x_wconf 93' lang='lat' dir='ltr'><strong>etiam</strong></span> <span class='ocrx_word' id='word_1_886' title='bbox 1186 5435 1193 5460; x_wconf 96' lang='lat'><strong>,</strong></span> <span class='ocrx_word' id='word_1_887' title='bbox 1209 5392 1380 5468; x_wconf 87' lang='lat' dir='ltr'><strong>ubicunque</strong></span> <span class='ocrx_word' id='word_1_888' title='bbox 1390 5408 1442 5452; x_wconf 89' lang='lat' dir='ltr'><strong>nos</strong></span> <span class='ocrx_word' id='word_1_889' title='bbox 1457 5393 1598 5453; x_wconf 90' lang='lat' dir='ltr'><strong>babemus</strong></span> <span class='ocrx_word' id='word_1_890' title='bbox 1612 5395 1643 5453; x_wconf 90' lang='lat' dir='ltr'><strong>in</strong></span> <span class='ocrx_word' id='word_1_891' title='bbox 1665 5410 1742 5453; x_wconf 81' lang='lat' dir='ltr'><strong>novo</strong></span> <span class='ocrx_word' id='word_1_892' title='bbox 1756 5397 1864 5466; x_wconf 88' lang='lat' dir='ltr'><strong>pasoba</strong></span> 
     </span>
    </p>
   </div>
   <div class='ocr_carea' id='block_1_6' title="bbox 111 5482 1863 5583">
    <p class='ocr_par' dir='ltr' id='par_1_7' title="bbox 111 5482 1863 5583">
     <span class='ocr_line' id='line_1_60' title="bbox 111 5482 1863 5583; baseline -0.002 -34"><span class='ocrx_word' id='word_1_893' title='bbox 111 5503 149 5564; x_wconf 87' lang='lat' dir='ltr'><strong>ne</strong></span> <span class='ocrx_word' id='word_1_894' title='bbox 162 5504 280 5569; x_wconf 80' lang='lat' dir='ltr'><strong>quoquo</strong></span> <span class='ocrx_word' id='word_1_895' title='bbox 300 5503 470 5565; x_wconf 81' lang='lat' dir='ltr'><strong>azymorum</strong></span> <span class='ocrx_word' id='word_1_896' title='bbox 498 5487 700 5563; x_wconf 85' lang='lat' dir='ltr'><strong>comprehendi</strong></span> <span class='ocrx_word' id='word_1_897' title='bbox 712 5502 795 5563; x_wconf 84' lang='lat' dir='ltr'><strong>posse</strong></span> <span class='ocrx_word' id='word_1_898' title='bbox 811 5528 825 5583; x_wconf 22' lang='grc' dir='ltr'><strong>,Ι</strong></span> <span class='ocrx_word' id='word_1_899' title='bbox 848 5501 916 5549; x_wconf 89' lang='lat' dir='ltr'><strong>cum</strong></span> <span class='ocrx_word' id='word_1_900' title='bbox 930 5486 969 5580; x_wconf 62' lang='lat'><strong>³¹⁸„</strong></span> <span class='ocrx_word' id='word_1_901' title='bbox 1014 5482 1157 5545; x_wconf 80' lang='lat' dir='ltr'><strong>uictuma</strong></span> <span class='ocrx_word' id='word_1_902' title='bbox 1179 5482 1311 5576; x_wconf 82' lang='lat' dir='ltr'><strong>Domino,</strong></span> <span class='ocrx_word' id='word_1_903' title='bbox 1340 5482 1420 5562; x_wconf 81' lang='lat' dir='ltr'><strong>qnod</strong></span> <span class='ocrx_word' id='word_1_904' title='bbox 1434 5486 1538 5559; x_wconf 81' lang='lat' dir='ltr'><strong>accepit</strong></span> <span class='ocrx_word' id='word_1_905' title='bbox 1557 5499 1660 5558; x_wconf 77' lang='lat' dir='ltr'><strong>panem</strong></span> <span class='ocrx_word' id='word_1_906' title='bbox 1673 5484 1863 5559; x_wconf 76' lang='lat' dir='ltr'><strong>eiuncescit,</strong></span> 
     </span>
    </p>
   </div>
   <div class='ocr_carea' id='block_1_7' title="bbox 0 0 1919 5962">
    <p class='ocr_par' dir='ltr' id='par_1_8' title="bbox 0 0 1919 5962">
     <span class='ocr_line' id='line_1_61' title="bbox 0 0 1919 5962; baseline 0 0"><span class='ocrx_word' id='word_1_907' title='bbox 0 0 1919 5962; x_wconf 95' lang='lat' dir='ltr'><strong> </strong></span> 
     </span>
    </p>
   </div>
  </div>
 </body>
</html>
