3804 5962
117 190 168 245 att
383 183 489 241 PETRI
508 181 701 241 Atintania
719 182 796 240 OPP.
817 182 906 241 PARS
924 183 971 242 lli.
984 183 1254 242 *theotonica
1272 185 1314 240 tit
1332 185 1596 245 Plattosontttcn.
1812 185 1863 239 ata

116 309 293 369 sacrificium
315 321 367 381 per
380 322 426 366 me
450 307 588 377 delatum,
603 311 715 379 eccepto
743 311 793 379 nat
813 310 843 363 ln
864 309 963 364 Hiero·
978 310 1004 365 A
1018 307 1204 367 cassiodoms
1230 322 1318 380 super
1346 309 1426 367 hunc
1451 311 1576 369 eumden
1604 308 1702 365 locum
1736 305 1865 364 Phoehen

115 401 220 471 actm
242 402 345 455 sanctis
359 400 512 455 cataoniam
530 397 568 453 od
582 413 629 454 vos
642 399 673 454 in
688 399 790 467 condic
804 414 854 468 per
866 399 961 454 colon·
1017 397 1160 470 significat
1183 397 1373 456 diaconissam
1390 398 1479 457 fuisse
1501 399 1601 456 matris
1627 397 1767 462 Ecclesiae,
1786 396 1866 469 qnod

114 494 198 547 loten
227 491 285 556 fici,
314 487 410 545 idest
440 488 555 560 placens
581 494 608 545 et
634 488 708 545 lata.
739 488 766 545 st
793 488 869 545 euim
889 487 962 544 mihi
1017 486 1199 560 inpartibus
1232 487 1399 545 draconum
1422 488 1504 546 hodie
1531 488 1617 562 quasi
1635 486 1753 560 militia
1776 499 1865 544 causa

115 592 204 652 grave
231 578 350 650 aliquod
377 577 417 633 ihi
444 585 560 649 propter
585 578 639 636 hoc
666 577 812 644 acciderit,
836 578 962 633 maxime
1015 579 1173 648 peragitur,
1189 578 1297 648 quihus
1309 582 1337 634 et
1352 577 1514 649 baptizandi
1532 592 1601 635 usus
1617 577 1647 633 in
1663 575 1788 632 Ecclesia
1807 589 1865 633 non

115 666 378 735 contristabuntur,
394 667 543 737 corriperer
555 667 700 736 nohheom,
718 674 809 724 tuma
824 665 909 737 longo
924 665 963 721 la·
1016 677 1150 737 negatur.
1167 666 1305 724 Claudius
1320 682 1436 739 quoque
1449 669 1479 725 in
1491 667 1669 738 expositione
1684 665 1775 737 huius
1797 665 1863 736 Epi·

114 755 184 814 hore
214 756 431 828 requiescendo,
462 764 524 814 tum
561 757 737 814 desiderium
776 770 872 813 mcum
909 755 961 812 im·
1016 754 1276 813 stolatiliclocus
1297 756 1477 814 docetetiam
1498 755 1620 813 feminas
1645 757 1675 811 in
1703 754 1865 813 ministerio

117 845 231 918 plaudo.
260 848 334 905 Deos
360 851 462 915 cotem,
476 847 536 903 sive
564 845 672 904 scilicet
686 846 802 903 veniam
817 847 877 902 sive
892 858 960 912 non,
1016 844 1150 902 Ecclesia
1177 845 1371 914 constitutio
1399 860 1457 917 qno
1473 845 1568 902 officio
1592 844 1714 915 positam
1739 843 1865 901 Phoehen

111 951 174 1008 poa
186 937 224 994 ait
237 951 298 993 carn
313 935 437 993 omnihus
448 936 598 1004 nodosam,
609 937 707 992 Amen.
724 937 756 993 ld
770 944 873 994 estvos
887 935 960 992 invi·
1016 934 1094 1003 apud
1119 935 1285 1003 Ecclesiam,
1311 950 1377 1006 quae
1395 940 1438 991 est
1455 933 1601 1001 cenchris,
1626 932 1780 1005 Apostolus
1798 947 1864 991 cum

114 1038 177 1083 cam
199 1038 219 1081 a
242 1025 369 1098 superba
395 1025 578 1083 contentione
606 1024 770 1096 pacificans.
795 1024 878 1090 Quod
897 1022 960 1094 qui·
1016 1038 1124 1096 magna
1139 1024 1223 1082 laude
1242 1031 1270 1082 et
1296 1024 1544 1081 commendatione
1559 1023 1757 1096 prosequitur.

114 1112 181 1172 dom
204 1113 234 1172 in
262 1113 319 1172 linc
339 1114 474 1187 Epistola
491 1128 650 1182 reservans,
667 1114 705 1171 ad
723 1114 803 1186 quod
819 1113 962 1185 praecipuc
1051 1114 1176 1171 Salutate
1195 1116 1317 1170 Priscam
1341 1117 1367 1169 ct
1390 1114 1523 1184 Aquilam
1551 1113 1692 1182 adiutores
1720 1126 1804 1168 meos.
1831 1111 1864 1169 ln

114 1200 177 1273 ipsa
192 1203 291 1261 tendat
310 1203 438 1274 Epistola
466 1204 606 1272 insinuat,
620 1212 648 1262 et
676 1205 785 1276 quaein
809 1217 842 1261 ea
867 1202 962 1259 finalis
1017 1203 1072 1259 line
1088 1202 1221 1274 Epistola
1239 1203 1380 1275 quosdam
1395 1203 1567 1259 nominatim
1595 1202 1748 1260 salutando
1773 1199 1864 1272 pluri·

113 1292 321 1352 sitcausasive
337 1292 469 1351 intentio.
1016 1305 1097 1348 mum
1121 1291 1311 1360 commendat,
1336 1294 1370 1348 nt
1395 1306 1496 1348 eorum
1520 1292 1665 1363 pracipue
1695 1289 1817 1346 consilio
1835 1294 1863 1345 et

435 1381 550 1440 CAPUT
564 1378 641 1438 XVI.
1017 1379 1181 1437 auctoritati
1202 1381 1255 1451 qui
1290 1379 1472 1451 perfectiores
1503 1387 1585 1436 erant
1608 1378 1718 1436 ceteris
1743 1376 1864 1449 acquie-

149 1468 314 1526 Ocormcndo
351 1473 441 1527 annm
475 1470 550 1526 colia
579 1469 709 1538 cloden,
737 1468 845 1526 scilicet
872 1467 963 1540 preci·
1017 1469 1179 1542 scantfaftl
1198 1470 1325 1526 Priscam
1343 1469 1389 1525 hic
1412 1468 1537 1540 appellat
1557 1467 1720 1540 Apostolus,
1742 1481 1810 1539 qnae
1834 1467 1863 1523 iu

113 1555 263 1615 husmcis.
292 1556 396 1615 thhc
415 1572 466 1630 per
489 1572 579 1629 quam
593 1558 670 1615 hanc
685 1557 841 1628 Epistulam
857 1558 961 1615 Roma·
1016 1559 1134 1617 Actibus
1158 1559 1352 1629 apostolorum
1379 1558 1508 1615 Priscilla
1531 1559 1708 1624 nominatur,
1740 1555 1864 1628 pulchra

112 1646 160 1705 nis
180 1646 215 1705 dc
229 1645 377 1706 Corinthio
391 1649 506 1705 mittere
520 1646 659 1717 creditur,
678 1648 757 1704 dives
777 1647 910 1719 quaedam
934 1655 961 1705 et
976 1619 999 1676 Β
1016 1650 1144 1721 quadam
1166 1648 1294 1705 fortassis
1326 1649 1451 1705 nominis
1474 1648 1627 1714 allusione,
1649 1653 1682 1703 nt
1708 1659 1784 1713 eam,
1808 1645 1864 1702 sci·

114 1735 469 1806 nohilismulierdicitur,
494 1751 560 1809 quae
583 1737 619 1794 de
637 1736 962 1794 facultatibussuisvel
1017 1738 1081 1796 licet
1107 1752 1142 1794 sn
1145 1777 1198 1794 .....
1232 1752 1329 1801 sensu,
1361 1745 1390 1794 et
1416 1737 1547 1794 moribus
1576 1744 1695 1793 matrem
1724 1734 1862 1792 insinuet.

113 1824 239 1884 aliorum
264 1825 398 1883 fidelihus
413 1825 470 1884 illis
497 1825 549 1897 qui
577 1833 660 1884 erant
683 1826 817 1884 flcnchris
832 1840 960 1884 necessa·
1015 1829 1087 1885 Erat
1108 1835 1205 1884 autem
1231 1826 1361 1884 Priscilla
1384 1840 1461 1883 uxor
1474 1826 1597 1898 Aquila,
1617 1833 1645 1882 et
1659 1824 1745 1881 ambo
1759 1823 1796 1880 de
1809 1824 1862 1881 ln·

112 1913 158 1972 ria
179 1913 372 1979 ministrabat.
398 1915 529 1987 exemplo
552 1915 661 1973 scilicet
685 1923 853 1973 sanctarum
883 1915 962 1972 femi·
1016 1917 1126 1974 daismo
1140 1915 1272 1973 conversi
1295 1915 1332 1970 ad
1361 1915 1518 1971 Christum.
1534 1915 1568 1968 ln
1592 1914 1697 1970 cirino
1712 1913 1785 1968 desa
1803 1914 1860 1982 qai,

112 2016 231 2072 narum,
261 2019 328 2078 qua
357 2003 479 2063 liomino
502 2019 554 2063 seu
577 2004 714 2077 apostolis
733 2005 829 2062 fecisse
851 2018 961 2062 memo·
1016 2006 1045 2062 id
1060 2012 1162 2075 estpro
1177 2003 1292 2062 Christo
1306 2003 1454 2074 adjutores
1476 2002 1506 2059 in
1531 2002 1630 2059 multis
1645 2002 1774 2070 luerunt,
1791 2014 1864 2073 quas

112 2101 228 2152 rantur.
255 2093 322 2153 Hac
347 2097 447 2152 autem
474 2096 623 2167 negotium
651 2094 798 2165 quoddam
826 2094 960 2163 habehat,
1015 2094 1084 2151 olim
1099 2107 1165 2150 cum
1180 2094 1291 2150 ceteris
1315 2092 1424 2149 Judaeis
1449 2106 1500 2163 per
1525 2091 1679 2149 Claudium
1703 2091 1795 2148 noma
1813 2104 1863 2148 ex·

112 2195 165 2253 pro
192 2196 252 2256 quo
279 2185 401 2242 Romam
428 2185 528 2242 venire
555 2198 670 2241 necesse
685 2183 818 2241 hahebat.
838 2185 892 2239 Pro
907 2183 962 2238 hac
1015 2184 1114 2256 pulsas
1129 2182 1281 2254 Apostolus
1295 2182 1466 2240 Corinthum
1487 2182 1607 2239 veniens
1634 2181 1671 2238 ihi
1698 2181 1820 2244 invenit,
1834 2188 1862 2238 et

111 2284 180 2343 crgo
201 2271 347 2330 Romanos
371 2274 524 2343 Apostolus
557 2272 730 2330 adhortatur
764 2281 793 2329 et
821 2278 961 2343 rogatui
1016 2273 1088 2346 qnia
1106 2273 1235 2345 ejusdem
1259 2273 1332 2329 artis
1350 2275 1412 2329 erat
1431 2272 1556 2343 penitus,
1577 2271 1604 2327 id
1626 2278 1668 2327 est
1690 2269 1860 2327 scenefactn·

110 2372 175 2417 cam
192 2360 348 2417 honorilice
361 2362 533 2432 suscipiant,
556 2362 628 2418 etin
650 2375 704 2418 suo
719 2361 845 2433 negotio,
867 2375 961 2431 quan·
1014 2364 1074 2432 riae,
1088 2362 1187 2434 junxit
1199 2377 1228 2419 se
1242 2361 1308 2430 illis,
1325 2370 1357 2419 ut
1373 2361 1458 2418 simul
1469 2367 1669 2432 operarentur.
1690 2358 1773 2416 Unde
1787 2358 1862 2415 Beda

111 2455 175 2506 tum
197 2448 485 2522 possint,ad1uvent.
503 2451 775 2518 Sororemnostrem,
800 2455 826 2505 et
847 2451 959 2505 assisto·
1014 2453 1045 2509 in
1073 2454 1163 2509 Actus
1184 2452 1379 2522 apostolorum
1403 2451 1474 2523 tall:
1504 2472 1514 2501 ι
1546 2451 1637 2506 lirant
1656 2448 1734 2505 enim
1763 2461 1858 2505 scena

112 2537 291 2609 thciinquo
307 2541 414 2609 recoctio
427 2544 515 2596 cestro
525 2539 690 2609 iadiqucrit,
706 2539 772 2607 fide,
788 2553 846 2596 non
861 2553 958 2596 carne.
1015 2543 1140 2599 factoriae
1181 2543 1251 2597 artis
1290 2555 1364 2613 quas
1401 2541 1516 2598 exsules
1537 2539 1695 2612 peregrini,
1736 2539 1860 2595 tentoria

112 2626 283 2697 llinistcrio,
302 2629 331 2688 id
354 2636 397 2687 est
423 2628 596 2701 obsequium
618 2629 735 2686 illorum
755 2628 885 2687 fidelium
908 2627 959 2700 qni
1014 2630 1070 2687 sihi
1085 2630 1193 2702 quihus
1206 2630 1235 2684 in
1246 2630 1294 2686 via
1320 2638 1451 2697 utantur,
1467 2630 1612 2686 aedificant
1633 2631 1730 2685 scena
1743 2625 1861 2699 [σιῆναι]

111 2724 182 2776 sunt
209 2717 355 2789 cenchris,
382 2717 411 2776 id
436 2726 478 2776 cst
493 2733 526 2776 co
541 2718 602 2776 loco
630 2718 682 2791 qui
717 2720 758 2776 sic
778 2728 905 2787 roratur,
931 2725 960 2776 et
1013 2720 1090 2776 enirn
1118 2720 1213 2776 Gracc
1245 2718 1421 2774 tabernacola
1444 2719 1591 2785 dicuntur,
1619 2715 1795 2788 etymologia
1825 2715 1860 2772 ah

111 2804 221 2866 dicitur
235 2822 296 2866 csse
311 2815 412 2880 portus
439 2808 578 2866 Corinthi.
596 2809 761 2879 Susciplctis
779 2809 910 2880 hospitio,
929 2810 960 2862 io
1014 2808 1214 2865 ohumhrando
1227 2808 1372 2875 ducentia,
1388 2809 1466 2878 apud
1478 2822 1552 2879 quos
1570 2807 1761 2862 armiroscena
1772 2803 1856 2877 [exte]

110 2897 236 2966 Βοιιιίιιο,
252 2896 337 2955 idest
351 2897 519 2965 amoreliel,
534 2896 821 2973 etitahonoridceac
835 2898 959 2968 henigne
1014 2895 1131 2953 dicitur.
1161 2893 1257 2952 Scenae
1295 2896 1371 2952 enim
1406 2895 1449 2952 vel
1486 2902 1650 2951 scenomata
1675 2891 1859 2967 [σκηνώματα]

111 2985 285 3058 suscipiatis,
319 2992 406 3059 prout
444 2986 568 3058 dignum
597 2994 640 3042 est
676 2994 763 3058 atque
784 2986 958 3041 conveniens
974 2972 996 3032 C
1014 2984 1473 3056 quasinmoraettesonant,qnee
1488 2999 1524 3042 ex
1540 2984 1689 3041 lineisaut
1706 2984 1861 3040 laneisaut

110 3075 374 3146 sanctissuscipere
393 3082 533 3130 sanctam.
568 3075 603 3128 Et
631 3076 770 3129 assistetis
806 3075 840 3140 ei,
866 3074 960 3130 idest
1013 3072 1233 3147 cilicinis-sive
1256 3089 1293 3131 ex
1315 3074 1451 3130 arborum
1472 3074 1632 3139 frondibus,
1648 3080 1699 3130 ant
1724 3071 1860 3144 virgultis

109 3161 256 3235 adiuvetis
284 3177 358 3221 eam.
385 3162 498 3219 Etenim
512 3165 575 3234 ipso
602 3179 708 3235 quoqne
732 3165 841 3218 assistit
864 3164 958 3218 maltis
1012 3170 1123 3219 veteres
1146 3177 1207 3219 esse
1230 3165 1385 3234 ponebant.
1403 3164 1518 3234 Mystice
1543 3172 1639 3220 autem
1656 3162 1730 3219 siout
1759 3161 1860 3219 Petrus

109 3256 136 3306 et
150 3252 296 3322 mihiipsi.
315 3251 397 3317 Quod
415 3253 494 3310 enim
508 3252 632 3309 debetur
643 3264 680 3308 ex
694 3252 867 3323 multiscius
883 3266 966 3323 prae··
1013 3253 1149 3323 piscando
1170 3267 1223 3310 nos
1238 3267 1255 3309 a
1272 3252 1410 3310 fluctibns
1425 3252 1522 3310 saeculi
1538 3251 1676 3319 extraxit,
1697 3251 1738 3308 ita
1752 3251 1859 3308 Paulus

66 3376 69 3383 -
109 3339 279 3398 cedentibus
306 3339 423 3407 meritis,
456 3346 489 3397 ut
507 3354 566 3397 non
594 3343 653 3396 tam
678 3340 732 3397 hoc
757 3339 783 3396 ei
813 3341 958 3398 tribuatur
1012 3340 1185 3398 umbracula
1202 3341 1384 3412 protectionis
1409 3341 1546 3413 erigendo
1561 3340 1597 3397 ah
1617 3340 1709 3397 luthro
1726 3353 1780 3396 uos
1800 3339 1858 3396 rri-

109 3441 200 3502 quam
222 3427 371 3486 reddatur.
398 3427 710 3500 OrigenesApostolica
725 3429 958 3487 auctoritatedo·
1012 3431 1135 3499 minum,
1156 3431 1192 3489 ah
1214 3432 1317 3488 arbore
1344 3433 1548 3499 tentationum,
1573 3439 1601 3488 et
1629 3443 1646 3486 a
1668 3429 1766 3487 nentis
1792 3428 1856 3487 insi·

111 3517 258 3577 catenam
274 3516 397 3575 feminas
418 3518 624 3576 luministerio
646 3518 780 3576 Ecclesiae
810 3520 956 3589 constitui,
1011 3520 1129 3578 diarum
1157 3521 1246 3577 verbo
1279 3521 1418 3592 factisque
1442 3519 1609 3577 defendit.»
1637 3517 1860 3589 Chrysostomus

108 3607 140 3665 in
155 3605 318 3680 quocfdcio
338 3607 460 3679 positam
471 3609 596 3667 Phoehcn
614 3609 691 3680 apnd
708 3608 874 3675 Ecclesiam,
891 3623 957 3681 quc
1010 3610 1040 3665 in
1066 3609 1222 3681 Epistulam
1239 3609 1275 3666 ad
1296 3610 1429 3666 llehraeos
1449 3623 1534 3665 serm.
1552 3612 1562 3664 i
1580 3623 1587 3664 :
1611 3607 1691 3675 ‹Qtri
1706 3615 1748 3665 est
1764 3606 1858 3679 splen·

106 3704 149 3755 est
178 3696 285 3767 Chone,
313 3711 421 3769 magna
456 3711 522 3755 cum
546 3697 631 3755 laude
654 3705 681 3755 et
709 3699 956 3755 commendatione
1010 3698 1063 3756 dor
1078 3700 1176 3769 gloriae
1190 3706 1217 3757 et
1244 3699 1395 3756 character
1416 3698 1587 3755 substantia
1612 3697 1676 3767 eius
1703 3696 1859 3768 apostolica

107 3786 303 3859 prosequitur,
337 3786 409 3859 quia
437 3786 467 3844 in
491 3786 711 3845 necessitatibus
736 3786 957 3858 apostolicisque
1011 3789 1162 3855 sententia,
1197 3789 1290 3861 magis
1322 3796 1419 3846 autem
1449 3788 1577 3859 Spiritus
1600 3788 1689 3844 sancti
1723 3786 1857 3844 miranda

106 3875 255 3934 lahorihus
277 3876 411 3934 astiterit.
430 3876 521 3934 Locus
543 3877 592 3934 hic
616 3877 674 3933 dno
697 3876 788 3944 docet,
809 3884 836 3934 et
855 3877 956 3935 haberi
1010 3877 1113 3948 qratia.
1136 3881 1196 3934 lion
1216 3879 1294 3935 enim
1312 3893 1348 3935 ex
1374 3878 1518 3935 intellectu
1545 3877 1659 3948 proprio
1681 3876 1744 3934 haec
1761 3876 1859 3948 loque·

106 3964 229 4024 feminas
252 3966 400 4023 ministras
425 3965 457 4023 in
481 3967 620 4036 Ecclesia,
645 3974 672 4023 et
696 3966 766 4023 tales
781 3965 885 4023 dehere
905 3981 954 4023 as·
1010 3965 1128 4023 bantur.
1146 3966 1226 4024 Unde
1241 3968 1317 4024 enim
1335 3967 1380 4024 ille
1403 3968 1477 4024 hocf
1504 3968 1578 4024 Num
1604 3974 1680 4023 etex
1704 3964 1858 4037 scalpellis.

104 4053 184 4111 sumi
199 4055 228 4113 in
250 4054 454 4122 ministerium,
470 4069 536 4126 quat
560 4055 703 4112 astiterint
729 4055 837 4125 multis,
857 4061 885 4112 et
906 4069 955 4126 per
1009 4064 1060 4113 aut
1089 4056 1220 4126 pellibus,
1250 4057 1387 4114 autin...
1423 4057 1485 4114 haec
1515 4057 1645 4128 operatio
1676 4054 1858 4127 majestatis?

104 4142 181 4202 hona
207 4142 303 4202 officia
333 4144 474 4215 usquead
502 4144 688 4214 apostolicam
706 4143 822 4201 landem
841 4158 952 4201 merua·
1008 4144 1071 4202 Non
1099 4144 1177 4202 enim
1207 4145 1258 4202 has
1279 4145 1483 4217 intelligentias
1521 4156 1575 4202 sua
1602 4152 1695 4201 mente
1722 4158 1861 4216 procura·

104 4233 167 4292 rint
190 4232 351 4304 pervenire.
380 4234 589 4304 Hieronymus:
612 4255 627 4285 «
665 4235 698 4290 ln
721 4233 882 4291 ministerio
905 4234 955 4291 Ec·
971 4261 994 4317 Ι)
1010 4234 1091 4302 hant,
1107 4250 1173 4307 qua
1192 4243 1261 4291 tunc
1284 4243 1346 4292 erat
1361 4242 1420 4292 tam
1444 4235 1588 4293 dchilisct
1609 4242 1749 4303 extrema,
1771 4243 1806 4293 ut
1820 4232 1859 4293 nil

105 4321 239 4380 clesiaect
254 4323 432 4380 nuncetiam
445 4321 475 4379 in
490 4321 680 4380 orientalibus
703 4322 771 4380 locis
788 4323 956 4380 diaconissa
1013 4324 1140 4396 amplius
1171 4324 1290 4381 haberet
1317 4339 1334 4381 a
1369 4325 1475 4396 plebeis
1506 4333 1534 4382 et
1557 4322 1680 4396 populis.
1713 4322 1860 4390 Quomodo

105 4412 242 4471 mulieres
256 4414 286 4470 in
300 4427 353 4470 suo
373 4427 446 4470 sexu
468 4411 635 4469 ministrare
649 4411 786 4469 videntur
811 4413 841 4469 in
864 4413 955 4484 hapti·
1011 4414 1088 4469 enim
1108 4411 1220 4484 aliquid
1244 4412 1376 4469 divinum
1393 4422 1485 4486 posset
1500 4413 1547 4469 ille
1569 4413 1686 4478 sentire,
1713 4412 1766 4484 qui
1781 4412 1859 4471 circa

105 4513 167 4561 amo
186 4502 248 4560 sive
280 4501 310 4558 in
335 4501 498 4559 ministerio
524 4501 615 4569 verbi,
643 4499 714 4573 quia
745 4499 881 4572 privatim
910 4503 958 4559 do
1012 4501 1103 4574 pretia
1125 4502 1268 4559 vendendi
1300 4502 1376 4560 circa
1400 4502 1604 4560 confectionem
1624 4500 1747 4575 pellium
1772 4509 1860 4561 totam

104 4591 198 4650 cnisse
225 4589 349 4649 feminas
374 4590 551 4658 invenimus,
585 4592 660 4647 sicut
686 4589 846 4647 Priscillam
871 4590 956 4662 cujus
1011 4607 1094 4650 suam
1110 4593 1377 4666 vitam,totumque
1393 4609 1480 4652 snum
1494 4594 1625 4652 studium
1640 4592 1857 4652 continebattt

101 4679 151 4739 vir
174 4678 280 4754 Aquila
296 4680 590 4737 romhatuc.»ldem
608 4680 637 4737 in
661 4679 789 4750 Epistola
803 4681 839 4737 ad
856 4680 951 4737 'limo-
1009 4682 1197 4740 Ambrosium
1225 4684 1259 4740 de
1295 4683 1429 4741 Priscilla
1463 4691 1491 4741 ct
1526 4683 1647 4754 Aquila:
1679 4702 1693 4732 ι
1725 4682 1760 4739 ili
1798 4698 1858 4742 cre·

107 4770 226 4829 thenm:
264 4768 499 4828 Adohaceotiores
539 4775 632 4827 cotem
670 4768 770 4826 viduos
815 4770 908 4826 deuito
931 4770 958 4842 (Ι
1010 4773 1108 4829 dentes
1124 4771 1189 4828 facti
1214 4779 1282 4828 sunt
1315 4772 1386 4829 socii
1417 4772 1524 4830 laboris
1547 4768 1684 4843 Apostoli,
1715 4778 1749 4828 ut
1772 4772 1859 4831 etiam

106 4861 175 4918 fiat.
196 4874 227 4929 v,
250 4860 307 4934 il),
333 4860 365 4919 in
395 4860 555 4918 ministerio
577 4860 747 4918 diaconatus
773 4873 950 4930 praeponere.
1010 4861 1065 4932 ipsi
1107 4861 1336 4918 exhortarentur
1363 4869 1479 4919 cataros
1519 4861 1556 4918 ad
1593 4860 1688 4915 fidem.
1728 4861 1860 4936 lienique

104 4947 228 5007 Sanctus
237 4949 423 5022 Epiphanius
442 4948 544 5006 loanni
560 4949 836 5021 hierosolymitano:
850 4971 860 5000 ι
873 4951 952 5008 Nun·
1008 4959 1036 5009 et
1062 4950 1174 5021 Apollo,
1192 4952 1327 5023 quamvis
1346 4949 1438 5008 fuerit
1465 4951 1643 5009 exercitatus
1675 4951 1705 5007 in
1727 4951 1860 5024 Scriptu-

103 5053 193 5112 quam
216 5053 271 5113 ego
289 5040 423 5098 ordinari
445 5038 622 5097 diaconissas
646 5047 674 5098 ct
697 5039 770 5096 alias
799 5039 864 5096 misi
890 5053 954 5111 pro
1008 5040 1058 5108 ris,
1083 5040 1120 5096 ah
1141 5040 1202 5097 istis
1217 5040 1279 5112 jam
1300 5041 1379 5098 viam
1409 5041 1523 5097 Domini
1549 5041 1716 5114 diligentins
1743 5041 1856 5100 instru-

101 5128 406 5202 rincias,nequcfeci
431 5129 596 5202 quidquam
617 5137 649 5187 nt
674 5129 829 5187 Ecclesiam
844 5127 953 5186 scinde
1007 5136 1071 5185 ctus
1104 5136 1155 5186 est.
1197 5129 1264 5187 ideo
1296 5131 1388 5187 socios
1417 5129 1523 5187 lahoris
1557 5132 1603 5188 sni
1641 5133 1711 5189 dicit
1746 5145 1796 5189 eos
1828 5131 1858 5188 in

102 5227 206 5277 rem.»
230 5217 308 5288 Quas
338 5217 438 5292 itaque
465 5218 630 5291 antiquitus
653 5219 838 5287 diaconissas,
860 5217 888 5275 id
910 5224 952 5275 est
1007 5216 1204 5276 Christolesn.
1219 5217 1384 5290 cooperarii
1399 5220 1477 5275 enim
1502 5219 1566 5291 ejus
1581 5223 1700 5279 fuerunt
1715 5220 1746 5277 in
1762 5220 1856 5279 Evan-

102 5305 264 5380 minlstras‚
278 5321 360 5365 nunc
373 5307 543 5374 abbatissas,
561 5307 589 5365 id
601 5315 643 5367 est
652 5315 759 5369 matres
772 5319 947 5367 vocamus.»
1006 5307 1090 5379 pelio.
1114 5307 1195 5365 llnde
1223 5310 1368 5381 praecipue
1389 5308 1471 5366 docet
1493 5316 1638 5381 qnantum
1669 5309 1788 5371 obedite
1817 5312 1858 5371 cla

139 5484 194 5560 (to)
217 5485 322 5544 Pctrcl.
346 5492 415 5546 tom.
430 5483 552 5550 Clllllll.
566 5485 620 5546 col.
638 5487 700 5545 504.
1041 5481 1099 5558 tot)
1113 5482 1221 5543 Pctrcl.
1241 5489 1312 5545 tom.
1331 5481 1420 5558 licit,
1433 5483 1485 5546 coi.
1504 5486 1567 5548 tat.
