3736 5962
100 126 152 194 iat
369 134 473 192 earm
492 132 676 190 saeuiant
696 131 774 192 orn.
795 130 885 190 rius
903 128 1237 190 111.-rurotoctm
1257 124 1300 186 rr
1317 96 1582 191 nutuoaontttca
1805 132 1846 189 nt

100 263 165 323 vult
179 262 326 333 inspirans
339 260 494 319 edificium
514 261 619 318 anime
632 259 760 332 spiritale
777 259 813 317 ab
829 259 883 318 boc
897 260 945 317 iu·
960 261 984 317 Α
999 258 1201 318 adolescentia.
1232 259 1333 317 Postea
1360 265 1574 333 quartanisque
1591 258 1630 316 ad
1658 258 1847 330 transmigra·
1867 292 1868 299 ι

101 354 185 412 cboat
201 351 398 420 fundamento,
426 351 487 408 sine
511 365 580 422 quo,
606 357 640 407 ut
654 350 694 406 ait
714 349 881 424 Apostolus,
900 350 951 406 im·
1006 349 1113 407 tionem
1129 347 1282 420 Babylonis
1298 349 1384 420 quasi
1397 349 1546 420 juventus,
1562 346 1591 405 ld
1606 354 1650 405 est
1665 346 1767 404 virilis
1779 354 1846 405 etta

102 440 237 515 possibile
251 448 294 496 est
307 439 419 510 placere
436 432 601 496 Deo-‘Unde
629 446 657 497 et
682 438 754 496 bene
780 446 840 510 post
865 451 951 494 crea·
1005 438 1075 495 lntle
1089 439 1302 509 quintamque
1317 437 1352 494 ad
1376 437 1524 494 Christum
1540 444 1683 508 tauquam
1711 444 1847 494 aeneam

102 527 210 585 tionem
227 526 305 584 illam
325 528 386 584 coeli
419 534 448 584 et
468 536 552 584 terre
571 527 664 584 lucem
682 527 787 584 laetam
804 540 950 597 essepro·
1005 527 1232 598 beniqueseuta
1253 541 1349 598 usque
1372 525 1511 583 adduam
1534 526 1633 584 seculi
1650 532 1847 597 tanquame

102 618 188 689 pbeta
215 617 310 674 statim
332 624 547 673 commemorat.
577 616 642 673 Post
662 615 747 672 tidem
767 623 862 672 autem
885 628 951 687 spes
1004 614 1090 672 nium
1105 616 1147 672 vel
1164 615 1310 686 decrepita
1320 621 1399 672 etas.

101 706 246 778 sequitur,
267 719 332 778 que
362 705 506 762 bominem
520 705 603 775 prius
618 719 668 774 per
688 704 950 776 concupiscentiam
1040 704 1167 761 contusa
1183 704 1282 776 itaque
1297 704 1347 760 illa
1362 717 1415 760 uec
1429 702 1526 761 adbuc
1539 702 1679 760 distincta
1704 704 1848 777 congeriei

100 797 138 853 ad
162 803 278 852 terrena
301 793 486 856 defluentem,
514 793 818 851 domueriisducitur
834 792 950 849 deside·
1004 793 1213 850 elementorum
1243 793 1369 864 primam
1399 793 1503 850 mundi
1531 793 1727 850 etatemsiue
1754 791 1849 865 legcet

99 885 162 952 riis,
179 884 240 956 jam
265 883 348 953 quasi
369 896 387 938 a
411 881 530 938 terrenis
559 881 594 938 ad
617 881 744 938 celestia
773 880 898 939 sustollit
922 887 950 938 et
1005 881 1160 951 disciplina
1178 881 1319 939 incultam
1335 889 1362 938 et
1377 881 1482 939 rudem
1497 881 1569 939 bene
1588 880 1711 954 figurat,
1728 881 1848 953 quein·

99 973 130 1030 iu
145 972 186 1029 eis
206 973 269 1042 ejus
288 970 418 1026 animum
442 971 478 1026 ad
503 970 595 1026 multa
623 970 757 1040 primitus
787 969 949 1026 discurreu·
1004 968 1096 1026 lautia
1118 971 1223 1027 mundi
1255 978 1400 1028 vocatur:
1423 977 1451 1026 et
1480 970 1553 1027 bene
1582 969 1708 1026 infautia
1732 971 1851 1029 necdum

100 1069 156 1119 tem
180 1060 276 1117 llrmat
294 1073 327 1116 ac
341 1058 461 1126 stabilit,
482 1067 509 1114 et
536 1065 636 1114 contra
661 1058 804 1129 quaslibet
826 1058 951 1115 adversi·
1004 1072 1041 1115 ex
1057 1059 1231 1138 documento
1246 1058 1318 1130 legis
1332 1058 1422 1116 rerba
1436 1058 1487 1116 liei
1502 1058 1628 1117 formare
1649 1058 1764 1126 valeus,
1779 1059 1851 1117 sicut

101 1157 193 1207 tatum
210 1149 349 1220 procellas
365 1148 448 1217 guasi
472 1146 600 1203 anchora
626 1161 731 1203 uatem
746 1154 906 1214 conservat,
922 1155 950 1204 et
1006 1148 1129 1205 inientes
1153 1149 1283 1205 noudum
1312 1147 1393 1219 loqui
1421 1147 1583 1204 sulliciunt.
1613 1147 1712 1204 Deleta
1729 1147 1791 1204 bec
1811 1154 1853 1206 est

99 1238 136 1294 ad
165 1236 301 1310 quelibet
336 1236 484 1292 toleranda
515 1235 560 1292 vel
589 1235 784 1308 aggredienda
810 1236 949 1293 desiderio
1004 1237 1209 1305 etasdiluvio,
1226 1238 1419 1294 sicuteorum
1438 1237 1660 1308 memoriaque
1676 1236 1709 1292 iu
1730 1235 1853 1295 mentia

99 1325 260 1384 celestium
287 1325 472 1382 corroborat:
500 1324 579 1395 quod
604 1324 675 1380 bene
700 1325 834 1396 superior
859 1339 950 1396 aqua·
1004 1332 1150 1398 geruntur
1166 1324 1407 1396 peroblitionem
1423 1325 1566 1382 delentur.

102 1428 169 1473 rum
185 1414 335 1484 suspensio
357 1414 431 1471 lacta
455 1413 581 1469 eeundo
612 1412 659 1469 die
678 1413 795 1485 figurat,
822 1428 888 1485 que
901 1427 950 1484 per
1039 1413 1172 1471 Secunda
1193 1423 1261 1471 etas
1290 1413 1476 1472 diluvionon
1502 1413 1852 1485 deletur,eumguisoua

101 1501 345 1573 interpositionem
375 1502 438 1559 coeli
457 1515 574 1558 sursum
602 1500 721 1558 tirmiter
742 1510 785 1559 est
808 1503 946 1560 stabilita.
1003 1516 1103 1560 eorum
1128 1518 1195 1576 que
1219 1504 1249 1560 iu
1277 1504 1407 1574 pueritia
1422 1504 1541 1575 gesserit
1571 1502 1720 1560 recordari
1748 1502 1852 1559 ualeat.

101 1591 196 1648 'lertio
211 1590 256 1648 die
270 1591 472 1649 recedentibus
495 1589 580 1661 aquis
598 1590 643 1647 vel
659 1604 710 1661 per
736 1598 847 1648 meatus
861 1607 947 1664 quos·
964 1602 985 1657 Β
1004 1592 1036 1647 Ιιι
1053 1594 1107 1649 bac
1133 1600 1215 1649 etate
1229 1606 1297 1649 arca
1322 1592 1351 1649 in
1366 1593 1478 1649 dilutio
1502 1591 1598 1649 tidelm
1612 1592 1812 1659 conservarit,
1827 1597 1854 1648 et

98 1680 166 1738 dam
184 1687 267 1737 terre
291 1679 452 1747 submissis,
478 1678 648 1736 exsiccatur
666 1688 743 1736 terra
756 1687 784 1736 et
799 1681 881 1737 arida
907 1681 948 1748 lit,
1003 1682 1320 1754 quasidrmamentum
1335 1681 1422 1752 anuis
1432 1681 1636 1753 interpositum
1651 1695 1702 1738 eos
1717 1682 1755 1739 ab
1770 1681 1855 1752 aqula

100 1784 171 1842 quta
186 1769 253 1842 igue
282 1767 432 1825 charitatis
455 1769 554 1823 anima
583 1782 722 1824 succensa
735 1768 804 1824 dum
829 1782 948 1825 caruem
1003 1772 1126 1841 desuper
1148 1769 1381 1842 compluentibus
1403 1777 1432 1828 et
1447 1771 1483 1828 ab
1512 1770 1597 1842 aquis
1624 1769 1750 1827 iuferius
1766 1769 1852 1827 inuu·

98 1859 215 1931 spiritui
239 1857 365 1929 subjicit,
397 1871 414 1912 a
438 1855 524 1913 liurtu
547 1856 593 1913 rel
618 1856 768 1913 desideriis
786 1857 948 1914 carnalium
1002 1859 1142 1917 dantibus
1158 1860 1261 1917 iltesos
1275 1858 1439 1917 custodivit.

98 1945 397 2018 concupiscentiarum
418 1945 472 2001 boc
495 1944 588 2002 calore
609 1946 714 2002 siccata
737 1945 948 2017 quodammodo
1037 1948 1135 2004 Tertia
1152 1956 1234 2005 etate
1256 1948 1303 2005 lex
1331 1947 1399 2004 data
1425 1955 1477 2016 est,
1501 1961 1567 2019 que
1593 1947 1712 2004 durum
1727 1945 1852 2004 caruabs

98 2035 130 2094 nt
155 2036 247 2105 arida,
279 2043 310 2092 ιιι
335 2034 397 2106 iam
426 2036 456 2091 dt
480 2036 515 2091 de
546 2034 602 2092 illis
626 2034 695 2092 locis
721 2035 882 2107 inaquosis,
898 2048 949 2104 por
1002 2037 1245 2108 concupiscentie
1257 2037 1295 2095 ab
1317 2036 1438 2108 antiquo
1454 2036 1560 2107 populo
1575 2035 1681 2092 timore
1696 2048 1852 2106 poenarum

92 2110 164 2197 'que
195 2124 329 2181 diabolus
366 2123 601 2196 suggestionibus
632 2125 693 2180 suis
730 2124 873 2181 transiens
903 2137 948 2180 re·
1002 2133 1152 2196 coerceret,
1178 2126 1314 2183 sicutdie
1344 2125 1428 2183 tertia
1457 2124 1493 2181 ab
1537 2123 1731 2182 interioribus
1768 2124 1851 2198 aque

99 2213 197 2284 quiem
220 2227 279 2269 nou
305 2213 425 2276 invenit,
454 2213 525 2282 quia
548 2210 632 2268 talem
657 2213 784 2269 animam
815 2227 864 2282 per
884 2226 950 2268 con·
1002 2223 1130 2272 terraest
1150 2222 1360 2281 exonerataet
1388 2214 1486 2271 statim
1515 2214 1686 2286 germinans
1708 2221 1850 2272 terrenam

98 2299 293 2369 cupisceutias
318 2300 354 2354 ad
380 2312 553 2354 consensum
577 2313 635 2354 non
661 2300 757 2356 trabit.
789 2300 825 2357 lJt
849 2308 947 2356 autem
1001 2305 1126 2362 sobolem
1154 2305 1183 2361 iu
1200 2303 1297 2361 barbis
1311 2310 1339 2360 et
1367 2303 1523 2360 arboribus
1537 2302 1689 2373 produxit.
1715 2303 1851 2374 quispe

98 2386 168 2444 talis
178 2386 276 2443 anima
292 2400 342 2456 per
355 2399 442 2456 opera
466 2387 553 2441 etiam
569 2395 797 2454 consummetur,
820 2389 947 2458 primum
1001 2393 1090 2464 pulus
1105 2394 1255 2464 antiquus,
1273 2399 1386 2448 terrena
1400 2391 1497 2463 potius
1516 2404 1607 2462 quam
1625 2391 1756 2449 celestia
1776 2391 1848 2449 desi·

100 2481 177 2531 terra
206 2474 339 2545 producit
362 2474 486 2545 plautas,
515 2483 613 2543 postea
640 2475 796 2531 luminaria
807 2476 835 2532 iu
847 2475 948 2532 tlrma-
1001 2484 1116 2548 perans,
1133 2490 1276 2538 terrenam
1305 2480 1416 2552 accepit
1441 2480 1709 2552 promissionemea
1732 2479 1847 2539 terrenis

100 2571 196 2619 mento
222 2562 314 2633 posita
342 2561 433 2618 lucem
465 2562 638 2619 ministrant.
667 2565 754 2620 Terra
777 2565 885 2635 itaque,
916 2571 948 2622 ut
1001 2575 1128 2628 maxime
1143 2569 1293 2627 desideriis
1308 2569 1469 2635 adherens,
1484 2569 1569 2640 quasi
1598 2575 1714 2627 terrena
1729 2583 1845 2642 gauere

98 2650 209 2708 dictum
224 2660 277 2718 0⁵1,
293 2649 420 2707 aretacta
444 2650 559 2720 ileum
583 2651 726 2721 producit,
753 2667 820 2708 ⁰⁰⁰¹
849 2655 948 2710 anima
1001 2663 1040 2719 tio
1048 2663 1103 2718 luit
1117 2667 1207 2730 atque
1219 2667 1302 2716 terre
1313 2666 1389 2716 totus
1401 2659 1527 2716 innitens
1536 2666 1565 2716 et
1576 2660 1606 2716 in
1622 2658 1747 2716 terrenis
1761 2661 1846 2718 uitam

98 2738 234 2810 quelibet
255 2739 424 2795 cbaritatem
450 2752 509 2809 oua
527 2737 616 2796 lervet
643 2740 764 2798 interius
785 2740 813 2797 in
836 2742 947 2799 orbibi·
1001 2764 1083 2808 suant
1101 2749 1291 2806 constituens.

99 2826 176 2884 tione
185 2827 377 2896 corporalium
402 2840 523 2897 operum
542 2828 676 2884 ostendit.
706 2831 774 2895 Quae
790 2831 812 2886 si
839 2831 869 2888 iu
886 2839 984 2927 tan·C
1036 2839 1148 2905 Quarta
1169 2837 1215 2893 die
1233 2834 1310 2892 iacta
1337 2836 1496 2895 luminaria
1517 2835 1611 2894 lucem
1640 2836 1845 2909 prophetarum

100 2922 158 2973 ¹³⁰¹
174 2915 375 2986 Ρθΐῐθθῑῑθῦθῐῦ
397 2915 558 2971 θῐθΐθῗθΐῑῑ
583 2923 614 2972 ¹1²
634 2917 723 2973 lesbi)
748 2931 947 2989 (liminium
1002 2936 1064 3000 post
1078 2928 1170 3000 legem
1185 2924 1350 2996 signiticant
1367 2927 1451 2999 longe
1466 2926 1594 2998 apertius
1618 2925 1654 2983 de
1677 2925 1795 2983 Christo
1810 2926 1845 2984 lo

99 3002 251 3060 dicationis
270 3005 342 3060 alios
367 3003 509 3059 edillcare
535 3013 623 3074 atque
651 3005 816 3063 illuminare
845 3008 944 3077 possit,
1000 3017 1155 3090 quendum
1174 3026 1264 3086 quam
1280 3014 1325 3071 lex
1341 3018 1463 3088 antiqua
1478 3015 1591 3082 lecerat,
1608 3015 1687 3070 sicut
1699 3014 1774 3072 dicia
1792 3014 1846 3072 ιιι.

98 3091 257 3149 luminaria
281 3091 367 3149 luerit
387 3093 416 3147 iu
438 3091 518 3160 coelo,
543 3093 571 3148 id
596 3101 638 3150 est
662 3096 750 3151 rerba
764 3096 946 3166 predicantis
999 3107 1302 3164 ntetgpmransrpum
1329 3107 1444 3176 piurima·
1466 3110 1492 3158 et
1517 3103 1664 3173 mutttptee
1687 3106 1742 3159 erat
1761 3106 1845 3160 actm

99 3180 129 3236 iu
152 3182 279 3237 Ecclesia
307 3180 454 3236 minorum
477 3188 504 3236 et
528 3182 612 3252 quasi
645 3182 741 3239 adbuc
764 3191 945 3243 terrenorum
1000 3199 1041 3252 tta
1067 3200 1124 3250 ram
1150 3198 1181 3251 in
1198 3201 1313 3263 viriato
1341 3199 1372 3250 in
1399 3193 1533 3260 sumsere,
1559 3191 1682 3260 Narbon,
1712 3208 1797 3263 qoam
1820 3196 1845 3247 e

98 3268 187 3327 luerit
212 3269 396 3337 illuminatio,
425 3275 453 3325 et
478 3268 532 3325 boc
557 3277 599 3326 est
630 3271 794 3330 illuminent
826 3281 943 3332 terram.
997 3287 1236 3354 [amenissimum
1251 3287 1344 3342 Anna.
1373 3282 1491 3353 Proprie
1519 3294 1647 3353 namque
1675 3294 1694 3337 a
1722 3289 1845 3353 tempora

98 3357 154 3414 llee
172 3356 265 3414 solum
282 3357 310 3412 in
327 3356 383 3424 die,
402 3370 503 3414 verum
522 3359 609 3414 etiam
631 3360 660 3415 iu
677 3363 857 3434 nocte,quia
885 3371 944 3420 tam
998 3373 1142 3432 Samuetts
1169 3383 1283 3446 tempus
1312 3371 1517 3445 prophetarum
1548 3370 1677 3441 inempta,
1710 3371 1791 3427 sicut
1819 3371 1844 3428 tu

16 3514 20 3521 ¹
96 3445 126 3504 in
148 3446 334 3517 prosperitate
349 3459 438 3516 quam
456 3446 486 3502 in
513 3447 684 3506 adversitate
700 3451 941 3509 intirmismeuti·
998 3464 1121 3522 Actibus
1135 3464 1342 3536 29031010fflm,
1373 3462 1424 3519 ubi
1441 3461 1582 3530 scriptum
1605 3466 1671 3516 ast:
1700 3461 1738 3516 ut
1757 3473 1844 3517 ma

97 3533 502 3606 buspredicatiouecessaria
530 3544 584 3602 est,
607 3551 644 3594 ne
676 3552 725 3609 per
751 3541 826 3597 bano
850 3541 943 3599 extol·
994 3553 1163 3622 proptetaea
1181 3551 1291 3609 samuel
1317 3556 1343 3606 et
1369 3550 1507 3618 manceps,
1531 3555 1586 3604 eto.
1616 3546 1690 3618 (Act.
1714 3562 1759 3615 iu,
1788 3549 1842 3617 tl),

96 3624 194 3682 lantur
212 3623 258 3681 vel
275 3637 325 3695 per
349 3624 428 3680 illam
456 3624 638 3697 frangantur.
660 3626 802 3695 Qualibus
824 3631 943 3702 quidem
997 3638 1152 3711 diiigenter
1176 3639 1361 3711 exprimitur.
1388 3637 1464 3694 Beda
1492 3637 1759 3705 obmutescente,
1779 3636 1843 3694 dum

97 3713 291 3771 luminaribus
317 3726 376 3769 nou
403 3713 497 3770 solum
526 3715 660 3788 exemplo
682 3717 731 3774 sed
753 3720 840 3775 eliam
856 3720 943 3778 verbo
998 3727 1094 3785 tonum
1108 3728 1191 3785 titum
1205 3737 1361 3799 exponeret
1377 3728 1500 3783 dicens:
1527 3723 1699 3790 «Quamvis
1721 3725 1844 3796 patriar·

96 3802 167 3860 alios
185 3801 398 3859 edtdcsnttbus
416 3803 570 3874 Apostolus
590 3805 738 3862 ait:1nter
757 3823 824 3874 goos
854 3810 943 3866 lucent
997 3817 1099 3876 cpaeet
1114 3818 1206 3875 sanent
1223 3818 1354 3888 priorum
1383 3823 1547 3887 temporum
1572 3813 1664 3871 multa
1680 3812 1715 3870 de
1730 3813 1843 3871 cbristo

95 3895 229 3964 ‘anillam
252 3893 402 3947 lumittttrt'u
420 3892 502 3963 (Pbil.
529 3907 560 3959 ¹1,
583 3893 637 3965 ¹5l·
667 3895 704 3952 Et
729 3895 840 3954 Veritas
859 3899 940 3969 ill-*³²²
997 3906 1080 3966 dictis
1111 3908 1253 3979 lactisque
1281 3904 1528 3977 prophetaverint,
1545 3909 1771 3973 tempustameu
1785 3915 1844 3972 pro

98 3983 149 4039 Vos
167 3983 232 4037 estis
253 3982 302 4036 loc
323 3981 423 4037 monadi
438 3982 549 4053 (ltottb.
574 3996 602 4053 v,
623 3983 678 4055 tt).
697 3983 755 4041 lloo
771 3985 861 4058 igitur
876 3989 940 4044 tiro
997 3999 1058 4068 prio
1074 3996 1289 4068 prophetarum,
1305 4008 1405 4050 eorum
1420 3992 1484 4048 dico
1509 3993 1562 4063 qui
1578 3992 1614 4048 de
1628 3990 1736 4048 Christi
1754 3989 1843 4049 lisele

93 4068 217 4141 Ρθῐῐθθῐθ
241 4077 303 4126 ¹⁸⁰1
332 4069 396 4127 ¹l1⁰0
417 4084 536 4140 ⁰i⁹l¹¹ffl
571 4078 633 4128 1¹¹¹ss
660 4074 746 4131 ellam
770 4075 942 4134 11001111101110
996 4087 1104 4158 sieque
1128 4083 1263 4157 mysterio
1291 4081 1441 4138 manileste
1460 4080 1651 4151 scripserunt,
1671 4093 1689 4135 a
1713 4078 1845 4136 Samuele

93 4158 304 4230 predicationis
319 4157 390 4214 alios
414 4159 585 4229 editionum,
606 4160 681 4232 parit
710 4165 839 4237 undique
855 4181 941 4223 mun·
956 4143 979 4200 Β
996 4174 1149 4233 exordium
1164 4172 1288 4243 sumpsit
1303 4179 1332 4229 et
1346 4184 1438 4242 usque
1453 4169 1490 4226 ati
1513 4167 1697 4240 Babyloniae
1718 4167 1843 4239 captivi·

92 4246 148 4304 dus
160 4246 321 4302 animantia
350 4255 407 4303 tam
430 4247 558 4305 volatilia
585 4252 694 4310 scilicet
718 4267 808 4324 quam
833 4256 937 4327 gressi·
996 4264 1063 4322 tatis
1077 4263 1249 4321 solutionem
1261 4261 1428 4331 permansit.
1448 4279 1459 4308 ι

91 4335 163 4393 bilia
178 4337 239 4393 sive
265 4335 390 4406 reptilia,
414 4338 467 4395 boc
488 4347 531 4395 est
546 4340 634 4398 trium
667 4342 803 4400 ordinum
831 4345 938 4413 ddeles,
1030 4352 1139 4418 Quinta
1150 4358 1218 4408 etas
1239 4350 1325 4422 quasi
1341 4348 1458 4406 senium
1482 4345 1844 4418 mnndi,deteetumpre·

71 4425 430 4495 contineuteavtdettcet,
448 4436 572 4487 rectores
596 4444 648 4488 seu
671 4432 851 4505 ‹mujugutos
885 4435 939 4492 lie·
994 4441 1146 4500 teritorum
1163 4440 1305 4497 moenum
1329 4437 1470 4510 designat,
1498 4451 1568 4493 cum
1589 4435 1649 4508 iam
1666 4433 1843 4506 perjurent

81 4514 182 4593 'nique
198 4514 283 4573 bomo
299 4515 345 4573 ille
366 4525 451 4574 extra
479 4519 647 4588 paradisum
675 4531 789 4578 creatus
813 4523 840 4579 in
857 4536 939 4596 para·
993 4529 1177 4600 etpropbete
1203 4527 1420 4599 preteriissent,
1449 4532 1538 4598 atque
1564 4525 1664 4582 unctio
1683 4522 1719 4579 ad
1740 4518 1844 4580 alieui-

91 4602 188 4662 disum
204 4604 387 4674 translertur,
412 4605 522 4663 dumis
549 4609 602 4679 qui
630 4610 660 4666 iu
686 4610 742 4667 bac
766 4613 828 4670 rita
851 4614 939 4671 tantis
994 4631 1097 4691 genam
1113 4617 1327 4684 transterretur,
1344 4616 1474 4688 nonjam
1489 4614 1615 4686 pristino
1643 4613 1705 4670 ritu
1732 4610 1846 4670 sacrifl-

90 4691 174 4752 bonis
191 4693 379 4766 pergratiam
398 4693 446 4750 liei
469 4694 567 4754 duruit
590 4697 627 4755 ad
656 4701 780 4770 patriam
795 4703 938 4761 celestem
992 4710 1070 4765 cium
1085 4706 1288 4775 celebraretur,
1304 4704 1382 4779 quod
1410 4704 1498 4762 ctiam
1527 4702 1701 4774 Babylonica
1719 4699 1845 4773 captivi·

90 4779 125 4839 de
140 4780 194 4838 ltoc
205 4782 308 4839 exsilio
319 4779 504 4851 translertur,
517 4797 568 4855 pro
581 4786 693 4845 meritis
709 4790 801 4861 primo
817 4794 853 4849 ad
867 4792 937 4850 sab·
992 4805 1038 4857 tas
1047 4797 1215 4855 abstulerat.
1234 4797 1267 4852 lu
1284 4796 1337 4853 boc
1349 4795 1467 4868 quidem
1483 4793 1562 4852 senio
1574 4795 1634 4865 jam
1652 4791 1764 4848 mundo
1779 4791 1841 4846 lan·

91 4869 201 4941 batum,
217 4871 320 4932 deinde
338 4872 374 4930 ed
389 4880 524 4931 wissam
540 4878 719 4945 perveniens.
992 4893 1145 4958 guestente
1160 4885 1268 4943 missus
1292 4893 1335 4942 est
1358 4884 1496 4949 salvator,
1526 4883 1580 4954 qui
1606 4888 1733 4939 veterem
1758 4893 1842 4938 reno·

430 4976 598 5023 damnosis.
991 4979 1074 5033 naret
1100 4974 1257 5039 bominem,
1287 4973 1467 5045 baptismum
1497 4971 1684 5042 predicaret:
1713 4969 1744 5026 iu
1782 4981 1842 5041 quo

126 5047 182 5107 Sex
205 5058 300 5109 etates
327 5052 425 5110 seculi
452 5055 587 5113 senarius
609 5055 661 5114 isle
684 5057 799 5118 dierum
826 5062 936 5133 quibus
991 5065 1111 5137 quidem
1126 5063 1270 5134 baptismo
1296 5062 1427 5119 bomiues
1442 5069 1567 5118 veterem
1591 5059 1738 5118 bominem
1754 5060 1840 5130 depo·

89 5137 219 5196 muudus
241 5140 382 5209 perlectus
418 5151 460 5200 est
487 5151 576 5216 atque
601 5145 759 5207 adornatus
787 5151 934 5222 exprimit.
991 5162 1100 5223 nentes,
1116 5161 1264 5213 etuovum
1282 5151 1534 5219 intlueutes,sicut
1548 5150 1763 5220 scriptumest:
1779 5145 1841 5215 Qut·

88 5223 185 5283 Prima
198 5234 269 5285 etas
283 5230 381 5288 seculi
396 5232 483 5304 quasi
507 5233 571 5306 ejus
591 5232 715 5294 intantia
730 5246 773 5297 est
791 5239 828 5297 ab
843 5240 935 5299 Adam
990 5259 1097 5316 cunque
1112 5244 1245 5317 baptizoti
1270 5246 1334 5301 estis
1365 5242 1503 5299 ebriatum
1522 5238 1655 5296 induistis
1683 5237 1773 5309 (dom
1798 5249 1839 5306 tt,

89 5325 184 5385 usque
202 5314 239 5373 ad
261 5316 329 5375 lloe.
355 5320 425 5377 inde
448 5321 577 5381 saeuum
600 5338 695 5400 usque
723 5327 760 5387 ad
787 5330 936 5391 abrabam
991 5333 1029 5406 ³),
1045 5333 1132 5407 guasi
1145 5346 1183 5392 ex
1197 5331 1283 5406 aquis
1296 5330 1437 5389 animalia
1446 5327 1588 5401 producta
1599 5333 1680 5386 sunt.

89 5402 174 5475 dunat
202 5405 341 5477 pueritia
374 5407 481 5470 deinde
503 5411 588 5472 tortia
611 5414 649 5474 ad
677 5415 773 5477 barin
794 5425 936 5494 tangmm
1026 5421 1113 5482 sexta
1126 5429 1209 5484 etate
1222 5421 1309 5485 bomo
1324 5427 1483 5482 moeretur
1503 5418 1535 5478 iu
1557 5416 1694 5490 paradino
1717 5414 1838 5475 colloca·
