3736 5962
524 212 759 273 tttrttottttcrto
777 210 826 270 Ab
841 209 1075 269 runcinatum.
1092 241 1127 254 -
1137 211 1202 271 tm.
1223 214 1245 269 l.
1689 221 1758 278 1034

91 369 147 418 nm,
176 361 203 411 et
225 351 352 407 duorum
381 345 545 420 gentilium,
574 344 668 401 David
697 342 805 400 scilicet
827 346 855 397 et
869 336 895 393 tt
911 337 1049 410 acceptum
1076 341 1214 397 lectionem
1229 342 1384 399 litterarum
1408 349 1520 401 tucrum
1547 361 1617 416 quas
1636 346 1754 418 Galatis,

91 443 174 508 ionis,
202 438 466 495 Nabuchodonosor
480 442 508 491 et
534 433 651 501 Didimi,
681 433 799 503 sintque
821 430 851 486 hi
909 430 1069 500 corinthiis,
1088 431 1182 486 Aehiis
1211 433 1320 487 misisti.
1349 433 1474 502 Spiritus
1502 437 1574 490 euim
1594 441 1706 494 sauctus
1724 441 1756 495 iu

91 546 135 587 tor
152 545 235 602 reges
258 528 342 600 quasi
366 534 494 598 quatuor
510 531 579 593 rotae
605 521 709 579 nobilis
734 521 853 593 quadri·
907 522 933 571 te
960 533 1046 588 supra
1067 521 1182 576 excelsos
1199 521 1352 588 sublimior,
1379 524 1446 577 satis
1467 524 1635 581 cremabiles
1657 541 1755 584 sensus

91 619 175 674 ammi
196 617 280 687 regis,
304 629 355 686 per
380 627 454 684 quas
476 610 608 668 videlicet
639 609 710 666 hdes
725 616 854 680 quatuor
907 609 1047 678 reprimit.
1118 631 1120 634 ·

91 709 251 780 gelistarum
275 704 310 759 de
339 710 439 759 sancte
459 701 599 757 Trinitate
618 712 668 769 per
682 697 853 755 universum
1281 699 1369 756 xxv,

91 804 152 853 ttur
175 793 329 859 mundum,
355 797 383 846 et
403 796 484 846 tanto
499 802 601 860 regum
625 787 785 843 auctoritas
814 786 852 843 sit
943 787 1039 843 Restat
1065 785 1194 858 deniqne
1219 789 1255 845 ad
1283 789 1446 846 maximnm
1473 789 1556 846 illurn
1588 791 1758 851 Latinorum

91 900 126 954 rr,
143 891 254 955 qtianto
270 887 393 952 potestas
406 877 538 944 similior,
549 875 639 948 etqui
651 875 746 932 edicta
761 889 850 946 popu·
908 874 1155 946 philosophorum,
1185 876 1315 934 Boetium
1345 877 1466 949 scillcet,
1494 878 1683 938 descenderet
1704 882 1758 954 qni

91 987 204 1046 egesque
230 968 390 1042 proterunt,
418 979 507 1024 sacrae
532 978 651 1037 quoque
679 962 743 1020 ddei
772 963 852 1021 testi·
907 978 1008 1020 ornnes
1022 963 1080 1020 iere
1096 963 1261 1023 liberalium
1289 966 1396 1023 ertium
1423 966 1600 1039 disciplinas,
1625 968 1758 1028 scriben-

91 1062 245 1119 atradent.
907 1052 943 1109 do
967 1052 1014 1109 vel
1035 1053 1245 1122 transterendo,
1267 1068 1318 1111 seu
1341 1053 1428 1112 etiam
1457 1058 1632 1127 exponendo
1656 1057 1757 1116 Latine

377 1143 478 1201 XXlll·
908 1140 1036 1209 tradidit,
1059 1154 1093 1197 ac
1106 1141 1262 1213 diligenter¹
1281 1149 1387 1201 sanctae
1404 1143 1555 1202 Trinitatis
1577 1145 1664 1203 ddem
1678 1145 1759 1218 Sym·

104 1237 345 1311 itaqueltidimus
363 1235 393 1291 in
406 1235 501 1306 prime
515 1232 552 1289 ad
574 1231 777 1288 Alexandrum
795 1231 853 1300 epi·
908 1229 1010 1286 macho
1031 1243 1129 1286 socero
1154 1244 1187 1287 ae
1216 1231 1336 1302 patricio
1355 1232 1507 1290 scribendo
1520 1232 1693 1303 edisserens,
1719 1236 1754 1293 de

105 1329 154 1396 ait,
170 1329 300 1398 inquam,
327 1324 380 1381 sic:
413 1325 485 1379 luter
521 1326 618 1377 catera
645 1322 786 1389 roligionis
810 1320 853 1375 uel
908 1319 1019 1376 unitate
1034 1333 1152 1391 quoque
1175 1334 1304 1390 persone
1326 1321 1432 1378 Christi
1456 1336 1490 1379 ac
1508 1322 1675 1380 diversitate
1697 1336 1754 1379 na-

98 1434 153 1474 sae
180 1413 500 1486 periermeniarum
530 1411 646 1479 suscipit
672 1411 744 1464 Deus
772 1423 853 1464 sacra
909 1413 1042 1463 turarum
1065 1421 1132 1479 quae
1156 1407 1186 1463 in
1222 1407 1337 1465 Christo
1363 1416 1432 1467 snnt
1464 1408 1571 1466 divinae
1596 1408 1704 1468 scilicet
1727 1415 1755 1468 et
1838 1413 1840 1417 ‘

91 1507 289 1573 tinea-mltum
310 1503 403 1570 diligit
418 1502 602 1567 incruentum,
627 1498 731 1567 spermit
740 1497 853 1564 funesta
907 1495 1053 1561 humane,
1090 1495 1127 1551 ad
1152 1498 1290 1553 loannem
1307 1495 1461 1554 diaconum
1477 1498 1542 1570 (qui
1557 1506 1654 1570 postea
1681 1512 1758 1571 papa

94 1594 242 1661 maereba
263 1587 600 1662 propitiaturorantibus,
627 1584 701 1652 quod
719 1584 807 1639 solum
826 1585 853 1637 ei
906 1582 1024 1641 ellectus
1045 1583 1097 1657 est)
1130 1585 1396 1643 scribendooontra
1430 1587 1584 1644 Eutichem
1611 1587 1756 1646 etNesto·

91 1685 193 1740 bomine
213 1689 263 1747 est,
292 1694 397 1746 suaque
417 1678 537 1733 huminis
560 1675 742 1731 similitudine
764 1673 852 1729 detec·
907 1673 995 1742 rium,
1010 1673 1117 1743 optime
1126 1674 1293 1744 disputavit,
1310 1673 1456 1746 iidemque
1474 1684 1612 1744 nostram,
1627 1684 1655 1732 et
1672 1674 1756 1733 sua'm

115 1768 185 1824 Nam
206 1766 318 1820 verbum
347 1758 646 1828 reassumendum
669 1759 781 1826 urard,
805 1759 853 1812 hot
907 1776 942 1818 ne
961 1761 992 1817 in
1006 1759 1105 1832 aliquo
1125 1759 1284 1830 vacillaret,
1317 1760 1421 1818 tamde
1436 1762 1587 1819 divinitate
1609 1776 1699 1834 quam
1719 1764 1755 1820 de

101 1861 181 1924 “litt
205 1854 256 1909 alit
275 1853 375 1918 mdia,
390 1852 437 1905 120⁶
460 1865 508 1904 '²⁰⁸
523 1863 693 1913 vendamur,
710 1847 758 1902 boc
777 1847 854 1903 diti-
906 1849 1067 1907 divinitatis
1090 1849 1288 1906 incarnatione
1316 1850 1467 1908 tractando
1488 1851 1756 1923 inexpugnabiliter

91 1962 107 2014 h
136 1961 170 2000 tii
195 1945 244 1999 it⁰⁰
276 1943 408 2014 illirium
435 1938 580 1999 dabimus.
601 1935 753 2005 siquidem
781 1938 853 1990 Deus
906 1938 1041 1996 astruxit.
1059 1937 1177 1995 Constat
1197 1938 1275 1995 hunc
1292 1939 1443 2011 egregium
1463 1948 1624 1997 senatorem
1650 1941 1753 1998 liotna·

91 2039 194 2106 rtt'rt'lttt
218 2038 299 2102 atque
322 2044 395 2086 mens
417 2032 457 2083 eti
476 2032 558 2096 alque
582 2025 642 2080 ideo
669 2027 853 2080 conterretur
906 2042 978 2084 num
1003 2041 1120 2098 quoque
1140 2030 1169 2082 et
1183 2028 1332 2084 consulem
1351 2036 1440 2099 atque
1460 2028 1613 2099 patricium
1630 2036 1756 2100 tempore

91 2127 168 2179 hoec
191 2120 472 2190 torpitotemuuittco,
488 2116 536 2171 sed
563 2116 701 2183 reticiosis
715 2113 851 2184 operibus,
906 2115 1034 2187 praedieti
1057 2115 1177 2171 ioannis
1193 2129 1274 2185 pepae
1297 2115 1438 2183 lloruisse,
1468 2130 1485 2172 a
1509 2116 1656 2187 sylvestro
1680 2131 1755 2189 pepe

91 2213 203 2267 iliarum
221 2212 325 2264 actione
343 2209 482 2277 placatur.
498 2205 544 2259 Ex
559 2203 605 2259 his
619 2202 731 2273 liquide
754 2201 853 2258 verbis
906 2204 1046 2272 vicesimi,
1076 2211 1104 2260 et
1127 2218 1195 2260 eum
1223 2204 1253 2259 in
1278 2203 1327 2259 illa
1352 2204 1552 2275 persecutione
1576 2205 1753 2263 Christiano·

91 2316 142 2369 ur,
157 2309 216 2356 tem
236 2298 358 2354 verbum
374 2297 469 2366 ipsum
482 2293 531 2349 Dei
546 2306 635 2364 quem
661 2290 795 2361 spiritum
816 2289 853 2345 ab
907 2308 973 2350 rum
1002 2306 1062 2363 qua
1082 2291 1112 2347 in
1135 2293 1274 2349 loannem
1303 2307 1407 2364 papam
1423 2301 1597 2365 ceterosque
1613 2293 1755 2351 christia.

93 2390 223 2446 fislilibus
247 2386 376 2442 inlusum
402 2397 463 2440 08⁵⁰
492 2383 594 2448 Deum,
611 2393 697 2450 quem
723 2392 775 2435 lex
805 2377 853 2434 ille
906 2398 959 2440 nos
981 2381 1174 2438 Theodericus
1195 2381 1298 2449 saeviit,
1315 2396 1376 2438 una
1391 2397 1458 2439 eum
1473 2383 1608 2453 proedicto
1623 2381 1752 2454 Symma-

91 2479 174 2535 ttltlffl
194 2475 336 2541 credebat,
348 2487 451 2528 verum
465 2469 552 2527 etiam
567 2468 650 2525 alteri
668 2481 773 2540 magno
790 2467 853 2539 regi
899 2473 961 2528 ‘cho
976 2470 1155 2528 occubuisse.
1182 2471 1220 2527 lie
1245 2484 1304 2541 quo
1326 2470 1357 2527 in
1382 2471 1470 2542 gestis
1484 2470 1664 2542 pontificum,
1689 2487 1755 2530 nec·

91 2568 158 2624 indo
187 2565 331 2635 praedicat.
354 2561 475 2628 Quanta
502 2565 599 2615 autem
627 2556 775 2628 religionis
801 2570 853 2612 seu
907 2575 964 2616 non
975 2560 1042 2616 etin
1055 2557 1127 2615 libro
1143 2558 1353 2616 miraculorum
1364 2559 1439 2615 beati
1453 2560 1598 2616 Benedicti
1613 2560 1755 2632 scriptum

91 2657 188 2713 tentiae
208 2652 331 2724 populns
359 2650 607 2706 Brachmanorum
621 2645 716 2712 inerit,
747 2652 779 2701 ut
798 2644 854 2702 illis
905 2657 957 2715 est,
978 2647 1103 2718 qualiter
1122 2647 1256 2703 videlicet
1284 2647 1385 2703 ambos
1408 2647 1604 2704 Theodericus
1625 2663 1675 2705 rex
1699 2648 1752 2706 Go-

103 2759 190 2815 supra
212 2743 362 2799 universas
387 2738 516 2793 nationes
545 2735 610 2792 fidei
637 2748 726 2791 saerae
752 2733 854 2789 intelli·
905 2737 1023 2794 thorum
1047 2734 1229 2792 interteeerit.
1255 2735 1288 2790 tn
1304 2737 1392 2806 gestis
1408 2734 1525 2806 quinem
1548 2736 1587 2792 ita
1612 2731 1754 2808 seriptum

91 2849 135 2891 am
157 2832 298 2902 inspirare
323 2829 447 2893 uenere,
464 2825 590 2896 epistole
609 2824 676 2894 ipse
691 2822 797 2879 [tidini
816 2821 853 2877 ad
905 2825 1043 2896 reperies:
1076 2826 1135 2880 aee
1163 2825 1303 2879 hereses
1330 2823 1509 2879 rheoceiecs
1534 2825 1600 2881 oms
1616 2831 1754 2882 sectores

91 2923 208 2979 tndrum
227 2919 383 2976 continent.
401 2914 514 2982 Quibus
532 2912 650 2984 quidem
662 2911 800 2981 epistolis,
827 2909 851 2965 si
874 2921 932 2979 :et
957 2915 1077 2969 consules
1097 2918 1123 2968 et
1140 2915 1271 2983 patricios
1290 2913 1384 2982 plodio
1408 2915 1558 2980 interfecit,
1582 2917 1707 2970 huetium
1727 2919 1755 2972 er

91 3007 256 3069 exhibenda
271 3009 317 3073 sit,
342 3004 423 3061 nulla
441 3002 592 3058 hominum
607 3000 669 3057 vita
692 3008 850 3070 quantum·
906 3003 1107 3072 Symmachum,
1133 3018 1247 3072 morum
1276 3005 1360 3056 etiam
1384 3001 1515 3058 abscondi
1544 3019 1659 3075 corpora
1687 3006 1753 3074 {ecit

91 3116 125 3158 ue
152 3097 353 3170 religiosorum
370 3092 539 3149 innocentiae
563 3097 651 3161 atque
670 3087 853 3145 abstinentie
907 3096 932 3146 et
943 3093 1083 3161 precepit.
1109 3092 1141 3145 ln
1162 3089 1237 3146 libro
1266 3098 1364 3145 antem
1386 3090 1596 3148 miraculorum
1620 3092 1752 3162 predicti

91 3202 256 3246 tmanorum
274 3181 483 3256 aequiparanda
506 3180 631 3236 videtur.
648 3177 771 3235 Undeet
792 3176 853 3233 heec
906 3180 997 3237 sancti
1026 3179 1065 3235 ita
1096 3179 1274 3235 continetur:
1303 3179 1481 3234 Theodericus
1506 3184 1572 3250 post
1602 3181 1752 3239 Odoacrem

91 3277 219 3348 emplum
239 3273 419 3331 abstinentiae
445 3270 548 3326 beatus
576 3281 694 3338 quoqne
714 3265 853 3335 hierony·
906 3270 1054 3326 Gothorum
1080 3269 1269 3338 principatum
1290 3283 1350 3324 cum
1363 3269 1438 3337 cepio
1458 3272 1566 3324 nomiae
1592 3274 1753 3341 suscipieris,

95 3366 179 3424 nobis
211 3362 368 3435 proposuit,
394 3357 556 3429 dequibus
589 3357 665 3411 inter
688 3355 797 3410 'cetera
822 3354 853 3410 in
907 3357 983 3413 homo
1000 3358 1129 3428 pestilens
1151 3357 1265 3412 Ariciae
1287 3361 1375 3424 sectae,
1410 3357 1526 3424 denique
1553 3360 1627 3414 iuter
1652 3365 1751 3416 cetero

91 3457 133 3513 tdc
156 3464 256 3512 contra
276 3450 463 3507 Jovinianum
493 3444 623 3501 meminit
652 3444 750 3498 dicens
779 3440 850 3514 (iblt
906 3448 1033 3514 facinora
1060 3447 1189 3500 ioannem
1217 3461 1320 3516 papam
1346 3448 1483 3516 corporali
1514 3447 1609 3503 inedia
1631 3465 1752 3505 macera.

91 3560 169 3600 tsettes
185 3545 229 3598 oir
241 3539 408 3608 Babylonius
429 3537 459 3589 in
474 3534 529 3590 duo
551 3534 683 3601 dopmata
697 3531 776 3602 opud
800 3532 849 3585 lu·
907 3540 966 3589 ium
989 3537 1105 3601 uacauit,
1133 3534 1254 3600 duosque
1275 3537 1407 3588 senatorii
1433 3536 1541 3590 ordinis
1567 3539 1642 3592 uiros
1670 3542 1696 3594 et
1719 3553 1754 3595 ea

91 3631 316 3703 lpmrtosophistas
345 3625 457 3692 diuidit,
484 3637 600 3692 quorum
624 3636 710 3676 uuum
729 3619 853 3690 appellat
907 3622 1039 3689 consules,
1074 3622 1269 3691 Symmachum
1301 3623 1427 3677 uidelicet
1449 3629 1532 3694 utque
1559 3627 1691 3694 Boetium,
1723 3630 1754 3682 in

91 3737 202 3789 imanes,
231 3720 347 3774 alterum
362 3715 523 3778 Sumouoos,
540 3715 589 3780 qui
616 3714 700 3764 tautae
715 3711 853 3764 cantiueu-
907 3727 1012 3766 carcere
1025 3711 1117 3780 plodio
1138 3711 1380 3765 transuerberauit.
1405 3709 1478 3767 Cum
1498 3712 1596 3783 ltaque
1614 3714 1755 3773 Dominus

91 3819 134 3880 m,
148 3810 230 3867 ercet
242 3812 330 3879 pomis
345 3804 475 3859 orborum
501 3802 589 3869 jueta
603 3801 723 3865 Ganpcm
740 3799 854 3866 fluvium
907 3807 934 3857 et
949 3813 1001 3870 per
1014 3799 1168 3870 prophetas
1181 3799 1297 3866 Jndaeis,
1317 3806 1345 3855 et
1367 3813 1418 3870 per
1438 3809 1616 3872 praestantes⁴
1629 3803 1752 3873 philoso-

91 3902 172 3957 tblico
187 3900 269 3954 oriae
294 3900 319 3951 et
350 3889 667 3962 iadnaeelattlttrct'bm
686 3890 713 3942 ei
727 3901 853 3942 tumreae
908 3888 981 3960 phos
1004 3902 1055 3943 seu
1079 3895 1159 3944 vates
1184 3887 1320 3958 gentibus
1348 3888 1495 3943 catholicae
1532 3889 1598 3944 tidei
1624 3896 1752 3948 tenorem

93 4006 122 4046 os
148 3993 261 4056 venerit,
290 3985 406 4040 adorare
431 3981 492 4035 iilos
527 3978 624 4033 solitus
657 3979 704 4043 sit,
726 3988 854 4046 pacemne
906 3977 1137 4042 annuntiaverit,
1164 3975 1375 4033 inexcusabiles
1404 3976 1569 4033 redduntur
1584 3984 1643 4034 tam
1662 3979 1756 4036 ludaei

91 4081 155 4135 acie
176 4093 233 4135 sure
258 4081 287 4131 m
311 4075 422 4128 illorum
447 4069 572 4140 precibus
596 4066 729 4122 arbitrari
760 4066 851 4118 sitam.
909 4080 998 4137 quarn
1024 4073 1132 4138 gentes,
1161 4064 1185 4120 si
1200 4079 1266 4121 cum
1294 4065 1392 4121 basin
1420 4065 1530 4123 caeteris
1551 4066 1679 4124 doctores
1707 4069 1757 4125 ha-

91 4183 140 4226 uos
160 4167 247 4224 etiem
273 4163 372 4220 divina
391 4159 484 4232 gretia
509 4154 743 4228 predicationem
757 4153 851 4209 Evan-
909 4156 1004 4224 beant,
1022 4154 1053 4211 in
1081 4153 1204 4210 salutem
1229 4155 1334 4211 animae
1362 4156 1448 4226 eujus
1470 4164 1512 4212 est
1531 4155 1755 4214 tundamentum

99 4258 325 4319 directaneus,
347 4251 410 4321 ipsa
434 4247 563 4320 &jusdem
589 4243 716 4315 Epistola
742 4242 777 4298 ad
801 4242 855 4297 lda-
909 4243 1278 4314 lideslpsosnonaudiant.
1293 4243 1329 4299 Et
1354 4244 1471 4314 quidem
1496 4242 1581 4301 multi
1602 4259 1639 4302 ex
1664 4247 1754 4318 genti-

91 4362 101 4404 t
122 4354 264 4403 oratorem
278 4341 417 4413 perhibet,
432 4338 477 4394 his
492 4335 590 4393 verbis
603 4335 674 4407 (37):
700 4333 854 4388 Pantanus
910 4333 974 4402 bus,
1001 4332 1137 4389 nonnulli
1158 4347 1195 4387 ea
1221 4332 1327 4389 ludoeis
1343 4332 1372 4389 in
1387 4333 1442 4389 hoc
1464 4349 1582 4404 quoque
1598 4348 1615 4389 a
1631 4335 1754 4392 doctori-

91 4453 98 4492 r
131 4441 208 4492 secte
232 4432 412 4504 philosophus
449 4428 481 4483 ob
507 4428 655 4497 praecipue
690 4423 854 4478 eruditionis
910 4423 964 4480 bus
983 4421 1081 4493 populi
1103 4420 1149 4478 sni
1175 4421 1321 4490 instructi,
1350 4421 1434 4477 iidem
1470 4430 1577 4480 sanotae
1603 4423 1753 4480 Trinitatis

91 4543 124 4582 tm
146 4543 164 4580 a
190 4523 323 4581 Demetrio
350 4517 535 4574 ateaandria
558 4516 683 4585 episcopo
702 4516 801 4567 missus
816 4513 856 4566 est
909 4515 1140 4582 recognoverunt
1167 4509 1197 4566 in
1220 4524 1279 4567 uno
1298 4523 1416 4579 corpore
1444 4510 1578 4568 Ecclesire
1598 4513 1682 4583 quasi
1699 4513 1757 4570 dno

91 4632 126 4685 m,
140 4619 171 4670 ut
199 4614 337 4670 christum
356 4608 434 4680 apud
455 4605 640 4662 Brachmanae
658 4606 684 4659 et
698 4601 775 4658 illius
789 4615 853 4669 peu·
910 4600 1034 4671 parietes
1046 4600 1205 4672 conjuncti.
1217 4599 1262 4654 Ex
1271 4599 1406 4670 gentibus
1415 4599 1533 4670 quidem
1544 4602 1638 4672 primo
1652 4601 1757 4672 Graeci,

90 4702 408 4775 itosophospraedicaret.
909 4704 946 4746 ex
961 4689 1070 4760 quibus
1084 4688 1211 4760 predicti
1233 4687 1396 4759 philosophi
1409 4688 1543 4757 luerunt3
1572 4697 1635 4760 post
1645 4690 1760 4748 Graecos

399 4785 501 4844 xxm.
910 4777 1015 4847 Latini,
1038 4778 1091 4849 qui
1105 4778 1180 4833 sicut
1195 4777 1224 4834 in
1253 4777 1415 4847 disciplinis
1433 4777 1617 4835 secularium
1648 4781 1758 4838 artium

91 4898 150 4943 teca
169 4893 286 4956 quoque
314 4878 388 4935 inter
407 4876 559 4934 universos
582 4869 779 4943 philosophos,
796 4874 856 4924 tent
912 4867 1013 4924 imitati
1030 4874 1098 4923 snnt
1116 4866 1240 4934 Graecos,
1257 4865 1296 4922 ita
1314 4873 1342 4922 et
1361 4866 1390 4922 in
1406 4880 1476 4923 vera
1489 4865 1555 4923 fidei
1572 4868 1704 4925 doctrina
1717 4872 1754 4928 ab

92 4975 126 5032 lis
138 4973 275 5030 doctrinae
291 4982 380 5041 quam
409 4967 477 5022 vitae
495 4962 620 5037 gratiam
635 4960 768 5030 adeptus,
796 4955 855 5027 Spi·
910 4957 980 5028 ipsis
992 4955 1126 5025 exempla
1150 4962 1348 5024 sumpserunt.
1374 4954 1448 5011 Cum
1478 4969 1527 5012 eos
1554 4957 1760 5016 scilieetchri·

91 5081 96 5122 t
127 5071 261 5121 sanctum
292 5060 435 5116 bonorum
476 5052 609 5111 omniurn
639 5047 857 5106 distributorem
910 5045 1033 5102 stianam
1049 5043 1133 5098 iidem
1147 5042 1306 5113 suscepisse
1327 5043 1497 5112 audiissent,
1525 5059 1598 5115 quos
1625 5048 1755 5119 ingenio·

91 5161 141 5213 tter
154 5151 315 5224 profitetur,
339 5147 379 5205 ita
403 5146 438 5202 de
461 5145 522 5214 ipso
546 5140 583 5197 ad
598 5138 723 5195 Paulum
742 5141 857 5207 eposto·
910 5148 977 5193 rum
1000 5131 1159 5190 subtilitate
1188 5130 1332 5202 preditos,
1350 5132 1486 5189 omnibns
1501 5133 1690 5208 philosophie
1710 5150 1755 5195 ra·

91 5245 115 5301 in
143 5247 251 5315 quarta
274 5237 404 5296 scribens
419 5232 557 5304 epistola:
579 5230 712 5298 Profiteor
737 5241 780 5282 me
793 5224 858 5282 berte
912 5223 1041 5283 tionibus
1055 5227 1181 5278 armatos
1191 5234 1253 5278 esse
1263 5229 1468 5292 cognoverant.
1488 5293 1493 5300 ι
1767 5222 1772 5229 “

91 5415 222 5493 lPatrol.
238 5422 308 5474 tom.
324 5410 422 5481 xlllll,
435 5409 490 5466 col.
501 5407 563 5462 itti.
967 5403 1024 5476 (37)
1036 5400 1144 5460 Patrol.
1161 5406 1230 5457 tom.
1246 5396 1354 5470 XXXI,
1369 5399 1424 5460 col.
1439 5401 1503 5458 ddi.

230 5507 359 5576 Parnon.
385 5496 586 5572 ccxxtttt.
1496 5491 1538 5560 33
