3804 5962
512 169 620 228 hetsr.
637 171 660 242 l,
677 172 742 229 sub
758 173 927 235 HISTORIA
941 172 1222 274 Chlaffl'l'h'lllss..
1686 183 1735 238 ite

79 296 96 359 i,
115 294 206 352 incidi
223 296 253 351 in
278 294 458 352 Christianos
484 303 573 366 atque
592 297 747 356 monachos
762 314 832 371 gen·
848 304 873 358 Α
888 316 935 371 xx,
961 304 1001 367 ³l·
1018 324 1033 352 ιι
1048 302 1163 367 ouante
1181 302 1258 359 enim
1283 301 1429 360 anxietate
1453 301 1502 359 illa
1525 303 1624 370 etiam,
1644 319 1734 376 quam

79 398 156 455 eng-t
173 384 317 451 saeviores,
338 390 426 454 atque
445 384 555 454 pejores
575 384 641 456 (59).
661 386 728 443 Erat
744 387 829 458 quip·
884 392 1040 463 regendam
1065 404 1260 461 susceperam,
1283 390 1499 460 indisciplinata
1521 391 1644 448 tratrem
1667 408 1735 451 cou-

79 473 226 529 brieannia
250 472 360 527 minore
380 472 409 528 iu
433 473 601 542 episcopatu
617 474 768 533 venetensi
783 477 832 534 ab·
886 480 1015 551 gregario
1029 494 1079 535 cor
1096 493 1191 537 meum
1205 479 1251 535 die
1265 493 1300 536 ac
1316 488 1398 536 nocte
1417 478 1570 546 cruciaret,
1590 495 1658 538 cum
1675 491 1732 539 mm

79 561 219 631 quaedam
242 559 338 616 Sancti
362 558 481 616 Gildesii
501 560 632 618 divensis
653 562 701 634 [ot.
727 564 832 622 lluieu·
886 569 991 625 animae
1014 583 1083 624 rucae
1099 582 1187 639 quam
1208 568 1336 638 eorporis
1361 567 1488 638 pericula
1507 582 1667 639 pensarem,
1683 585 1733 629 ne-

79 652 203 704 metim:
231 650 313 717 urimo
332 648 368 703 de
384 646 472 719 liuysl
493 657 607 718 pastore
629 650 764 710 deiuncto
784 653 831 710 de·
886 656 993 713 minem
1016 656 1076 727 jam
1096 654 1184 712 latere
1205 655 1340 712 arbitror.
1368 656 1483 713 Certum
1514 657 1623 729 quippe
1648 659 1735 718 babe-

102 738 149 794 hd
173 751 261 808 quatu
284 751 329 792 me
352 751 472 793 concors
492 737 615 795 iratrum
638 740 737 797 electio
764 757 833 799 cum
887 744 967 811 bam,
988 745 1108 816 quodsi
1131 757 1179 800 eos
1202 744 1239 799 ad
1259 742 1421 815 regularem
1444 745 1543 814 uitam,
1560 760 1650 816 quam
1666 761 1736 818 pro-

79 840 97 882 n
117 825 259 897 principis
284 831 370 881 terrae
389 825 513 891 vocavit,
536 834 625 898 atque
647 828 700 884 boc
719 828 756 885 ab
781 831 832 887 ab·
887 833 954 890 lessi
977 832 1103 897 lucrant,
1127 831 1296 902 compellere
1320 838 1470 899 tentarem,
1493 848 1539 891 me
1553 834 1651 891 rivere
1674 850 1733 893 nou

79 924 171 971 rostro
207 921 235 970 et
258 912 399 970 iratribus
422 913 505 970 tacile
527 914 701 985 impetrarit.
730 918 835 989 sieque
888 935 981 991 posse.
1010 919 1091 987 Quod
1121 919 1145 976 si
1169 919 1223 977 hire
1252 920 1428 990 inquantum
1458 935 1567 991 possein
1590 937 1648 980 non
1667 937 1735 996 age·

79 1016 232 1059 ueratrum
255 1001 367 1058 iuridia
396 1003 432 1058 ad
459 1002 652 1070 Occidentem,
671 1006 745 1063 sicut
770 1008 834 1064 ilie·
888 1022 960 1076 rem,
987 1023 1033 1065 me
1060 1007 1258 1064 damnandum
1286 1006 1336 1077 [ol.
1369 1008 1632 1080 damnificandum]
1662 1025 1733 1070 esse.

83 1105 136 1147 um
161 1090 356 1147 Rorrrauorum
382 1090 497 1160 expulit
518 1091 554 1147 ad
578 1091 832 1152 Orienterndlun·
890 1099 983 1167 ipsam
1007 1096 1095 1154 etiam
1127 1096 1272 1153 abbatiam
1302 1098 1583 1170 tyrannusquidam
1608 1101 1736 1159 interra

81 1180 166 1237 enirn
190 1179 260 1235 huic
280 1179 321 1235 rei
337 1179 418 1251 (sciat
441 1180 528 1249 Deus)
541 1181 761 1251 acquievissem,
778 1184 834 1240 uisi
889 1185 938 1242 illa
961 1184 1176 1256 potentissimus
1198 1186 1237 1241 ita
1256 1185 1370 1256 jamdiu
1391 1186 1445 1243 sibi
1466 1187 1686 1259 subjugaverat,
1698 1203 1735 1248 ex

79 1283 217 1338 ocunque
245 1268 330 1324 modo
363 1268 424 1335 bas,
452 1283 527 1340 quas
550 1268 726 1328 incessanter
750 1273 835 1329 susti·
889 1273 1101 1330 inordinatione
1122 1272 1229 1329 scilicet
1260 1274 1351 1344 ipsius
1375 1277 1538 1332 monasterii
1564 1285 1668 1335 nactus
1689 1293 1736 1335 oo·

79 1376 95 1425 ι,
129 1357 342 1430 oppressiones,
371 1365 403 1413 ut
427 1356 499 1424 dixi,
532 1357 717 1416 declinarem.
747 1361 836 1418 derra
889 1363 1101 1429 castoreum
1127 1362 1224 1419 omnia
1250 1361 1312 1419 loca
1333 1364 1506 1421 monasterio
1529 1364 1736 1435 adjacentiam

79 1447 250 1514 ebarhara,
295 1454 323 1504 et
355 1454 438 1504 terrae
466 1446 567 1517 lingua
596 1447 666 1503 mihi
691 1447 836 1521 incognita
890 1464 962 1508 usus
987 1450 1117 1521 proprios
1139 1450 1305 1522 redegisset,
1322 1465 1355 1507 ac
1376 1452 1561 1524 gravioribus
1578 1455 1737 1511 exactioni·

79 1542 108 1592 et
144 1536 239 1605 turpis
267 1544 355 1606 atque
381 1534 565 1592 indomabilis
594 1535 710 1593 illorum
739 1550 837 1594 utone·
893 1538 948 1595 bus
972 1539 1128 1596 monachos
1152 1539 1330 1610 ipsosquaru
1355 1540 1738 1599 tributariostudeeosexe-

79 1638 103 1681 u
122 1623 185 1680 rita
209 1623 345 1681 omnibus
367 1622 425 1679 lere
452 1624 610 1680 notissima.
632 1633 661 1681 et
684 1640 756 1693 pens
779 1604 873 1684 ter·B
892 1628 1004 1698 qitaret.
1031 1627 1178 1700 Urgebant
1200 1641 1246 1684 me
1274 1628 1408 1685 monachi
1438 1642 1488 1699 pro
1518 1628 1738 1686 necessitudini·

79 1713 124 1770 ius
152 1713 315 1768 inhumana
340 1719 428 1783 atque
457 1711 656 1783 incomposita,
684 1713 764 1771 Sicut
791 1728 836 1772 er·
891 1716 946 1773 bus
965 1716 1153 1787 quotidianis,
1181 1730 1248 1772 cum
1273 1716 1344 1772 nihil
1370 1716 1398 1772 in
1422 1730 1575 1774 commuue
1599 1716 1739 1774 haberent

79 1802 119 1866 le,
154 1801 206 1871 qui
249 1801 417 1856 imminente
448 1799 504 1856 sibi
536 1801 632 1872 gladio
666 1802 837 1872 perterritus
890 1804 968 1876 quod
982 1803 1023 1861 eis
1043 1805 1249 1873 ministrarem,
1266 1805 1315 1861 sed
1339 1805 1543 1876 uuusquisque
1563 1805 1597 1861 de
1613 1804 1738 1875 propriis

79 1888 241 1959 aecipitium
273 1904 302 1945 se
334 1887 451 1949 collidit,
471 1897 499 1944 et
528 1896 560 1945 ut
592 1898 698 1960 puncto
725 1898 835 1961 tempo·
889 1893 956 1950 olim
974 1893 1129 1963 marsupiis
1153 1907 1183 1949 se
1206 1892 1425 1950 etconcubines
1449 1907 1519 1950 suas
1538 1907 1604 1950 cum
1631 1892 1738 1951 dliiset

79 1987 169 2035 ortem
202 1991 291 2033 unam
319 1976 433 2034 diderat
453 1976 538 2033 eliam
561 1976 703 2047 incurrit;
724 1980 765 2036 sic
782 1994 835 2052 eqo
890 1980 1006 2037 filiabus
1022 1988 1207 2038 sustentaret.
1233 1979 1405 2038 Gaudebant
1432 1995 1477 2037 me
1500 1994 1588 2052 super
1616 1980 1670 2037 huc
1684 1994 1737 2037 an·

78 2083 108 2124 ro
128 2066 257 2137 periculo
273 2066 302 2122 in
325 2066 405 2122 aliud
429 2065 551 2123 scienter
572 2081 617 2124 me
639 2068 761 2136 contuli,
777 2067 835 2124 ibi·
889 2069 978 2137 xiari,
1007 2078 1036 2126 et
1067 2070 1121 2140 ipsi
1151 2084 1269 2141 quoque
1296 2068 1473 2127 furabantur
1498 2073 1528 2126 et
1552 2069 1739 2139 asportabant

79 2155 105 2212 nl
134 2155 281 2212 horrisoni
305 2155 400 2211 undas
418 2154 523 2212 Oceani
545 2169 612 2211 cum
643 2155 741 2227 lugam
762 2156 834 2212 mihi
890 2171 956 2227 quse
975 2165 1117 2228 poterent,
1135 2162 1169 2213 ut
1187 2171 1255 2214 cum
1275 2156 1304 2214 in
1324 2156 1573 2213 administratione
1591 2156 1652 2227 ipsa
1669 2155 1739 2212 ded·

78 2258 107 2300 rs
132 2253 219 2300 terrae
245 2243 426 2313 postremitas
451 2257 509 2298 non
535 2243 684 2315 preberet,
709 2258 784 2315 saepe
803 2244 834 2301 in
889 2258 994 2312 cerem,
1021 2245 1206 2316 compellerer
1228 2245 1278 2316 [ot.
1298 2245 1513 2317 compellerent]
1537 2250 1588 2302 aut
1615 2257 1633 2301 a
1656 2242 1740 2301 disci·

79 2331 166 2388 ribus
181 2331 252 2388 meis
267 2330 339 2387 illud
354 2329 538 2387 revolvebam
555 2346 563 2385 :
579 2351 594 2381 ι
611 2330 759 2388 Adnibus
774 2339 831 2389 ter·
890 2332 971 2403 plina
1000 2348 1121 2400 cessare,
1149 2341 1201 2391 aut
1230 2334 1348 2391 omuino
1376 2332 1517 2391 recedere.
1544 2332 1617 2391 Cum
1640 2340 1737 2391 autem

83 2428 114 2478 te
134 2420 271 2488 clamari,
292 2418 362 2477 dum
376 2418 549 2477 anxiaretur
563 2432 614 2477 cor
634 2433 731 2476 ureum
748 2418 832 2490 (Psoi.
888 2429 948 2481 tota
963 2432 1045 2480 terrae
1064 2422 1143 2480 iilius
1167 2422 1317 2481 barbaries
1340 2423 1449 2495 pariter
1468 2422 1554 2481 exlex
1573 2426 1602 2479 et
1625 2421 1740 2478 indisci-

593 2578 752 2637 ANDREAE
772 2578 1003 2644 obsecutam
1022 2580 1137 2639 NOTAE.

95 2708 170 2763 Erat
190 2709 221 2761 ιἰι
240 2706 387 2762 baruncio
407 2706 521 2772 minore,
545 2711 601 2760 etc.
628 2703 750 2761 ahbatia
774 2702 872 2761 baecC
891 2704 971 2762 Ebbo
987 2706 1134 2776 proprium
1152 2705 1316 2762 coenobium
1334 2704 1423 2775 juxte
1437 2704 1587 2761 castellum
1602 2718 1689 2761 suum
1704 2717 1740 2769 ex

79 2792 114 2835 m
138 2777 296 2833 Britanniae
317 2776 498 2832 abbatiarum
523 2776 737 2846 antiquissima.
760 2774 833 2832 Nam
889 2777 1044 2847 atiaaquae
1059 2786 1141 2847 parte
1157 2776 1329 2842 construxit,
1346 2775 1741 2832 ubiiltiusvenerabilecor·

79 2863 101 2906 ts
124 2854 186 2917 ipse
210 2847 361 2913 Gildasius,
378 2847 439 2903 sire
453 2845 561 2913 Gildas,
576 2854 764 2917 cognomento
780 2846 834 2902 Sa·
890 2862 945 2916 pus
964 2862 1030 2904 curu
1054 2846 1212 2904 inultorum
1232 2855 1398 2903 sauctorum
1421 2846 1540 2915 reliquis
1563 2845 1740 2901 honorabili·

90 2920 123 2975 iu
139 2917 253 2988 maiore
275 2918 535 2984 Britannianatus,
557 2916 834 2985 illiusprimaluu·
888 2922 934 2974 ter
957 2919 1106 2977 conditum
1139 2918 1304 2987 requiescit.
1332 2936 1347 2966 ι»
1377 2916 1435 2975 Nec
1461 2924 1558 2973 tamen
1588 2920 1740 2986 propterea

79 3000 120 3048 ua
136 2991 206 3061 jecit
231 2997 355 3058 tempore
369 2988 521 3045 childerici
542 2987 618 3059 regis
635 2988 754 3044 llerovei
770 2986 833 3044 liiii.
890 2990 1006 3047 ruiense
1039 2987 1257 3054 murmurium,
1290 3001 1359 3044 cum
1393 2985 1583 3057 omnipotenti
1618 2987 1738 3044 Domino

87 3074 128 3116 ne
144 3061 242 3116 miuus
264 3059 449 3128 probabiliter
471 3058 578 3116 dixisse
605 3057 716 3124 videar,
731 3058 832 3128 produ.
890 3060 1045 3129 placuisset
1061 3068 1093 3116 ut
1112 3066 1335 3125 restauraretur,
1352 3057 1400 3114 ilio
1414 3059 1549 3118 deinceps
1562 3057 1660 3114 adbuc
1673 3071 1743 3113 san·

79 3131 267 3188 estimonium
293 3130 418 3187 auctoris
441 3129 589 3199 anonymi,
605 3129 653 3185 sed
676 3130 779 3185 ueteris
800 3143 835 3184 ac
890 3139 926 3187 cti
941 3129 1031 3187 Gildae
1051 3130 1166 3186 uoutiue
1185 3130 1283 3186 miuus
1305 3130 1438 3200 gavisum
1460 3136 1513 3185 est.
1528 3127 1601 3184 Nam
1621 3127 1739 3185 daubi·

82 3202 159 3274 igni,
185 3203 233 3290 qui
258 3199 352 3257 Vitam
381 3215 415 3257 ac
442 3213 486 3257 res
508 3208 604 3270 gestas
634 3200 725 3256 sancti
745 3199 835 3255 Gilda·
890 3201 945 3257 dus
970 3202 1084 3257 taudem
1107 3215 1214 3266 comes,
1243 3199 1329 3256 totius
1358 3198 1511 3256 Britanniae
1541 3198 1737 3269 principatum

79 3275 124 3329 it:
150 3291 164 3324 ι
186 3271 323 3328 domitet
340 3271 436 3343 jussu,
462 3290 476 3322 ιι
500 3270 607 3341 inquit,
627 3292 637 3320 ι
660 3269 835 3341 pervenisset
890 3273 1021 3341 adeptus,
1043 3279 1075 3327 ut
1092 3271 1178 3327 relcrt
1192 3271 1266 3327 idem
1283 3270 1336 3341 qui
1355 3283 1444 3339 supra
1459 3269 1529 3326 lite
1541 3283 1611 3326 sanc
1626 3270 1634 3325 i
1648 3269 1738 3327 Gildo

107 3344 139 3399 iu
175 3343 351 3398 armoricam
383 3341 531 3412 quondam
562 3340 661 3397 Galliae
689 3340 835 3411 regionem
890 3341 1022 3412 scriptor,
1048 3364 1063 3391 «ι
1083 3342 1196 3413 rrrqavit
1216 3341 1366 3398 Goslinuur
1387 3342 1661 3398 Floriamusrstunc
1679 3354 1738 3397 uto·

87 3422 191 3470 autem
217 3428 233 3469 a
258 3412 413 3481 Britannis,
441 3425 459 3467 a
488 3410 598 3482 quihus
623 3411 833 3481 possidebatur,
891 3412 1007 3470 uasterii
1031 3412 1177 3479 abbatem,
1202 3411 1361 3482 quiedam
1384 3415 1482 3482 postea
1504 3410 1739 3467 BituriceusiEc·

79 3486 138 3541 mia
153 3484 325 3550 dicebaturl‚
351 3483 442 3541 abeis
456 3481 614 3538 honorilice
636 3491 744 3539 etcum
761 3495 834 3553 gau·
889 3483 984 3540 etesiae
1009 3484 1124 3554 prseluit
1148 3482 1390 3553 archiepiscopus,
1415 3490 1447 3539 ut
1467 3482 1669 3538 transmitteret
1683 3480 1737 3538 sibi

79 3568 157 3627 agno
171 3562 384 3617 susceptusest.
403 3574 417 3603 ιι
433 3554 468 3609 Et
479 3553 565 3623 paulo
577 3560 661 3622 post:
682 3574 697 3602 ι
715 3554 836 3608 veniens
892 3555 1011 3612 Felicem
1026 3552 1198 3610 inonacbum
1216 3557 1252 3609 ad
1268 3555 1458 3610 restauranda
1472 3552 1656 3617 monasteria,
1671 3566 1738 3633 quae

79 3626 138 3682 tad
154 3626 299 3696 quoddam
322 3635 451 3682 castrum
473 3627 501 3680 in
525 3632 620 3681 monte
642 3623 788 3694 ltcurysii
806 3622 835 3679 in
890 3635 974 3682 erant
994 3627 1022 3680 iu
1037 3639 1092 3680 sua
1111 3626 1226 3703 regione
1238 3624 1298 3681 solo
1318 3633 1402 3680 tenus
1414 3624 1568 3679 destructe.
1586 3627 1690 3678 annor
1713 3622 1739 3663 '-

79 3705 139 3754 utu
153 3698 243 3752 maris
257 3698 356 3762 situm,
378 3695 415 3752 ibi
432 3697 550 3766 potioris
568 3692 684 3750 lubricae
698 3702 835 3750 eoustru-
890 3705 940 3753 tur
961 3695 1173 3752 lucarnatimrts
1196 3694 1352 3751 bortriuicze
1379 3695 1455 3759 ¹008,
1472 3696 1578 3747 misens
1597 3701 1637 3746 est
1659 3693 1696 3747 Fe
1708 3694 1739 3748 ix

79 3768 278 3833 tonsaterium,
298 3775 386 3837 atque
410 3766 439 3822 iu
463 3779 496 3821 eo
524 3763 651 3820 claustra
673 3762 834 3821 cienobitali
891 3765 1092 3851 asupredicte
1106 3764 1211 3822 abbate
1225 3766 1261 3821 ad
1273 3764 1451 3822 Geulredum
1465 3762 1673 3837 comitemque
1691 3766 1740 3820 bo

79 3836 192 3895 erlecit.
213 3859 224 3886 ι
247 3838 375 3908 itemque
399 3849 524 3894 rursus:
541 3855 556 3885 r
574 3835 700 3891 Positum
724 3839 766 3891 est
784 3848 836 3891 au·
892 3838 1012 3893 noritrce
1032 3835 1070 3891 ab
1090 3849 1124 3891 eo
1147 3844 1300 3904 susceptus
1317 3844 1371 3900 est,
1386 3842 1475 3905 atque
1491 3850 1626 3903 praeuncta
1647 3848 1741 3890 coeuu·

79 3923 166 3980 orpus
180 3909 271 3965 sancti
291 3908 347 3964 riri
367 3908 395 3964 iu
414 3907 534 3964 ecclesia
576 3919 643 3962 uam
660 3907 720 3974 ipse
735 3906 764 3961 in
779 3920 836 3961 an·
892 3909 950 3973 bia,
972 3920 1106 3974 »nempe
1126 3907 1248 3963 liuieuse
1269 3915 1297 3961 et
1321 3905 1517 3961 lucbmeuecb
1537 3926 1549 3954 ι
1570 3905 1595 3959 ei
1619 3904 1739 3960 donarit

84 3988 183 4037 castro
196 3979 292 4036 lleusii
308 3985 522 4035 construxerat.
540 3977 561 4033 U
585 3979 592 4032 i
610 3975 764 4058 permulta
780 3989 835 4031 an·
893 3994 959 4035 curn
976 3977 1113 4035 omnibus
1131 3976 1307 4046 appendiciis
1322 3976 1393 4041 suis,
1415 3973 1738 4056 commendavitqueil·

79 4049 255 4108 scurrioula
273 4050 456 4115 servabatur,
469 4056 497 4104 et
511 4046 548 4103 ab
569 4060 704 4104 universa
721 4048 835 4103 Britan·
851 4054 874 4110 b
891 4049 952 4106 lum
968 4049 1049 4105 tratri
1064 4062 1118 4103 suo
1132 4047 1261 4104 ludrcaelr
1279 4060 1412 4116 episcopo
1428 4044 1591 4111 venetensi,
1608 4059 1637 4101 m
1652 4058 1740 4114 ciuus

79 4131 194 4189 arente
208 4120 411 4178 lrnssttltllitet
421 4118 581 4181 colebatur,
597 4119 736 4189 quoniam
752 4117 837 4174 innu·
891 4120 1003 4177 diecesi
1025 4120 1086 4188 ipsa
1104 4118 1276 4174 monasteria
1290 4124 1384 4174 eraut.
1400 4137 1415 4166 ιι
1432 4116 1466 4171 lit
1482 4115 1641 4186 aliqnando
1654 4123 1737 4186 post:

79 4192 140 4249 tiles
162 4190 201 4247 ibi
224 4191 482 4258 dehautrirtutes.
502 4188 616 4247 »Unde
640 4196 716 4259 patet
736 4197 765 4245 et
782 4201 837 4245 cur
893 4213 906 4242 e
922 4191 994 4247 Cum
1018 4201 1115 4246 autem
1143 4188 1289 4246 dubitaret
1312 4201 1400 4259 quem
1425 4190 1562 4257 potiorem
1583 4186 1679 4243 locum
1704 4187 1741 4243 de

79 4264 152 4321 tium
174 4262 245 4319 illud
268 4262 364 4319 Sancti
378 4262 469 4319 Gildre
485 4258 618 4317 liuiensis
642 4272 746 4315 nomeu
761 4258 836 4314 obti·
890 4263 1006 4319 duobus
1036 4267 1175 4316 statueret
1202 4259 1297 4316 sedem
1327 4257 1450 4316 abbatie
1481 4258 1599 4324 habere,
1632 4258 1738 4315 dercem

79 4350 91 4389 ;.
117 4334 223 4390 verum
268 4343 347 4390 ostea
373 4332 454 4390 bellis
477 4332 505 4387 in
530 4331 681 4387 Britannia
702 4342 838 4400 superre-
890 4332 1016 4390 alanum
1040 4331 1265 4401 episcopumque
1293 4329 1480 4387 venetensem
1509 4342 1597 4399 super
1623 4328 1679 4385 hec
1706 4342 1738 4385 re

79 4404 145 4469 bus,
167 4347 373 4475 interiectuque
397 4402 552 4460 crudeliter
580 4400 617 4457 ab
647 4399 742 4469 impiis
771 4397 837 4456 reli·
890 4400 1045 4460 musuluit.
1071 4401 1112 4457 llli
1133 4400 1298 4457 convocatis
1316 4400 1464 4457 nobilibus
1488 4400 1568 4467 viris,
1588 4399 1738 4469 aliquibus

91 4475 199 4533 comite
217 4474 367 4532 britonum
394 4473 554 4540 Salomone,
571 4486 629 4528 uon
649 4472 732 4527 mildo
756 4469 837 4527 locus
890 4473 975 4530 etiam
1002 4471 1152 4542 episcopis,
1187 4479 1353 4529 statuerunt
1382 4471 1477 4528 lecum
1507 4470 1602 4527 Sancti
1636 4469 1736 4536 Gilda,

79 4547 192 4611 unitus,
221 4559 288 4601 curn
317 4544 383 4613 alio,
414 4545 529 4600 nomine
555 4541 760 4608 Lorrbmenecb,
787 4542 837 4596 dc·
890 4544 1030 4616 quierat
1056 4542 1214 4612 antiquior,
1243 4551 1271 4599 et
1294 4550 1378 4598 terrm
1408 4541 1562 4607 lertiiitate,
1598 4538 1738 4597 lrumeuti

99 4626 192 4683 atique
214 4615 380 4673 destructus
404 4624 456 4682 est,
481 4614 638 4671 sedetiam
661 4612 837 4669 habitatores
889 4618 975 4672 etiam
996 4613 1114 4680 etvini,
1141 4614 1340 4683 arborumque
1359 4613 1563 4682 pomiterarum
1587 4610 1738 4667 abuudan-

79 4688 229 4769 tregiones
242 4686 351 4743 alienas
367 4694 459 4756 petere
477 4684 617 4754 compulsi
637 4692 717 4749 suut,
734 4696 769 4738 ac
783 4696 833 4737 no·
890 4687 968 4743 tior:
989 4684 1168 4741 diversorum
1198 4697 1316 4753 quoque
1342 4696 1513 4754 magnorum
1540 4681 1661 4751 piscium
1685 4695 1739 4751 qe·

79 4804 81 4813 .
101 4757 274 4815 bituricensi
300 4771 373 4827 paro
397 4757 478 4813 sedas
492 4756 640 4825 eligentes,
655 4767 752 4810 secum
774 4765 836 4808 cor·
890 4756 1011 4813 neribus
1034 4754 1096 4812 suis
1119 4755 1297 4825 temporibus
1318 4753 1494 4810 aiduenrior.
1515 4773 1530 4801 ιι
1553 4756 1648 4822 Atque
1677 4751 1739 4808 prpe

79 4830 210 4887 Pllosdm
228 4829 319 4885 sancti
332 4827 421 4884 Gildae
436 4826 614 4890 delubrum,
628 4834 656 4881 el
671 4823 700 4879 in
720 4822 836 4879 Dolensi
891 4829 962 4883 lerrte
983 4824 1120 4882 diffusius
1138 4840 1228 4907 quarn
1244 4824 1370 4895 opertuit
1388 4837 1405 4878 a
1421 4837 1466 4878 rue
1482 4821 1572 4903 relata
1592 4831 1672 4890 suut,
1689 4822 1739 4879 sed

79 4901 162 4957 ‘¹0⁸⁰
184 4909 354 4970 posuerunt,
370 4899 421 4956 ubl
440 4896 584 4954 Bliullttss
605 4897 740 4965 dflsscvbs
757 4892 836 4949 Ebbo
890 4897 1038 4953 occasione
1062 4896 1241 4966 puissurmrn
1266 4895 1340 4953 Petri
1369 4892 1537 4974 hbaelardr,
1550 4893 1601 4962 qui
1623 4901 1652 4950 et
1680 4893 1739 4962 ipse

79 4974 220 5029 literius
244 4970 381 5040 suscepit,
409 4968 488 5040 quod
515 4968 619 5024 diserte
643 4965 837 5023 coulirmatur
892 4970 979 5035 Brito,
1007 4968 1124 5024 dentum
1155 4968 1191 5023 ad
1223 4967 1299 5024 illato
1328 4963 1539 5046 etiamsanctr
1563 4963 1657 5021 drldae
1683 4964 1740 5021 ab·

81 5051 164 5101 ctore
184 5040 316 5097 ‹turonic-r
349 5039 557 5097 lemovicensis
583 5038 613 5094 in
634 5037 695 5093 bac
723 5033 834 5091 rerba:
892 5040 998 5097 batiam
1034 5037 1168 5095 concredi
1202 5036 1324 5094 tratruur
1357 5037 1493 5093 electione
1523 5049 1592 5091 cmo
1619 5048 1741 5093 assensu

87 5113 164 5169 idem
187 5119 310 5182 tempus.
330 5134 340 5158 ·
359 5111 464 5193 inquit,
481 5123 583 5180 nempe
603 5121 705 5167 versus
725 5118 836 5188 atinum
891 5108 1030 5181 principis
1049 5118 1131 5166 terrae
1154 5117 1274 5165 uocatus
1296 5114 1348 5173 est,
1375 5114 1408 5164 ut
1431 5104 1554 5186 propriis
1569 5107 1666 5164 verbis
1688 5105 1739 5187 de·

79 5185 88 5240 i
110 5185 176 5250 ⁹⁰⁷,
199 5204 213 5232 «ι
234 5183 264 5239 it
290 5183 439 5240 birnnrrm
457 5181 487 5238 in
509 5189 603 5237 castro
626 5178 741 5235 betensi
767 5176 836 5233 tun·
891 5182 989 5238 clarat.
1010 5180 1044 5236 st
1068 5187 1145 5237 eene
1162 5178 1240 5247 qrrod
1261 5177 1351 5233 abbas
1369 5176 1456 5235 tueru
1480 5193 1508 5234 ιιι
1533 5177 1694 5243 Britannis,
1709 5176 1741 5233 tr·

79 5262 145 5311 rest
167 5253 332 5310 menubiunt
357 5253 452 5310 nobile
466 5252 543 5324 quod
568 5252 688 5307 helenae
703 5255 836 5315 vocatur,
891 5260 935 5309 cet
956 5249 1041 5308 tacito
1074 5248 1198 5307 abbatiae
1225 5249 1350 5313 nomine,
1378 5257 1499 5305 testatur
1517 5263 1637 5319 quoque
1659 5247 1739 5305 duil-

81 5324 240 5383 benevim
261 5324 364 5382 illustri
386 5324 502 5381 domiuo
523 5322 649 5391 praedicti
670 5328 766 5375 castrt.
784 5318 837 5374 llc
892 5323 995 5380 ielmus
1018 5319 1149 5385 Nanqius
1172 5333 1239 5375 curn
1254 5320 1349 5398 aits«
1371 5318 1472 5375 Petrus
1495 5319 1668 5377 abelardus
1683 5333 1742 5378 ma·

79 5410 105 5453 ts
121 5407 169 5450 err
184 5403 246 5464 post
267 5394 418 5464 paululum
435 5409 453 5451 a
468 5393 616 5449 Britannia
628 5392 724 5463 plures
739 5401 838 5445 utone·
891 5395 980 5466 gister
1001 5392 1031 5448 in
1057 5391 1203 5447 dialectice
1228 5388 1349 5455 iusients
1368 5396 1397 5446 et
1414 5390 1631 5457 celeberrimus,
1647 5405 1742 5462 primo

80 5469 217 5537 orientes
237 5480 304 5523 eum
322 5464 421 5523 multis
440 5473 607 5522 sanctorum
629 5459 760 5533 reliquiis
773 5458 837 5516 reli·
892 5472 1044 5527 uxoratus,
1059 5460 1163 5519 deinde
1177 5458 1273 5517 Saocd
1295 5459 1422 5529 Dionysii
1440 5459 1471 5516 in
1496 5460 1618 5519 Francia
1640 5477 1743 5521 tuoua·

80 5536 222 5607 suscepit,
273 5536 303 5593 ui
337 5536 571 5594 llormannorum
598 5533 705 5615 rabiem
735 5530 836 5612 mortis
891 5534 974 5600 chus,
992 5539 1055 5605 post
1078 5534 1107 5589 in
1130 5529 1292 5599 Brltannia,
1314 5530 1392 5588 uode
1412 5540 1500 5589 natus
1523 5530 1633 5601 iuerat,
1652 5536 1745 5597 abbas

79 5615 246 5667 evaserant.
290 5609 367 5665 icor
391 5622 424 5665 us
452 5607 526 5664 beau
541 5603 659 5662 Gildasir
674 5598 835 5661 abbatisad
891 5604 1106 5664 compturus.»

79 5694 103 5741 te
116 5676 286 5739 coenobium
304 5676 352 5737 det
385 5683 480 5737 eruut.
498 5676 551 5735 cui
566 5675 618 5734 bel
635 5673 743 5733 electus
760 5672 836 5730 idem
