3804 5962
1306 26 1804 56 ·’ὴ

399 177 584 238 attestato
603 179 640 236 ttt
659 173 772 238 EPIST.
795 180 897 238 radet
918 182 966 239 nb
985 181 1071 241 nott.
1083 211 1119 228 ·-·
1134 183 1200 240 tle.
1220 183 1243 241 i.
1366 185 1369 189 ’
1635 192 1687 249 aba

98 306 226 373 tempore
262 301 385 373 apostoli
411 302 493 362 Pauli
522 304 557 362 de
586 302 650 362 aliis
672 303 787 378 populis
800 308 825 361 A
840 304 895 363 bus
909 307 1085 376 sperandum
1099 311 1142 365 est
1159 315 1201 366 tot
1215 308 1338 379 peccatis
1353 322 1420 367 eum
1445 308 1686 372 offendentibus?

83 387 145 460 lam
159 396 261 446 essent.
532 438 535 443 .
841 393 932 452 Aliter
946 395 982 453 de
996 395 1123 453 vindicta
1138 396 1188 453 illa
1212 397 1457 467 praevaricationis
1479 400 1620 471 angelica
1637 417 1685 473 pe-

79 479 178 532 nenim
197 480 254 533 Dei.
271 477 345 536 Vero
361 479 391 534 in
404 477 539 544 salutem,
555 479 626 551 quia
639 480 679 537 ibl
698 479 786 539 totius
843 490 935 539 tenter
957 483 1128 551 ostenditur,
1155 486 1232 542 unde
1248 486 1285 541 ad
1308 486 1507 544 damnandum
1531 489 1684 559 irascatur,

79 569 188 623 octrina
199 567 372 634 continetur,
387 566 438 623 ubi
450 568 582 625 videlicet
594 569 710 640 justitia
724 569 785 640 bei,
842 571 877 627 de
897 584 1031 641 perversa
1042 571 1149 629 scilicet
1169 573 1317 631 voluntate
1344 575 1518 647 priusquam
1533 577 1569 633 de
1590 593 1685 648 opere.

79 656 190 726 taejus
210 654 405 712 remuneratio
426 656 486 712 sive
502 657 531 712 in
550 657 646 714 electis
674 658 711 714 ad
726 658 783 730 glo·
841 660 904 716 Non
927 659 1004 716 enim
1025 659 1158 718 diabolus
1180 661 1233 718 hoc
1261 663 1341 734 quod
1362 656 1555 732 superbiendo
1583 666 1686 734 voluit,

79 757 110 800 ve
132 743 163 799 in
182 743 280 814 impiis
302 744 339 801 ad
362 757 477 814 poenam
503 744 615 816 liquide
639 755 667 804 et
696 747 784 817 perio·
841 745 945 803 diceus·
958 748 1035 818 apud
1056 762 1102 805 se:
1126 751 1229 805 Ponam
1256 750 1346 806 sedem
1367 766 1466 818 meam,
1491 759 1545 809 eto.
1575 752 1685 823 (Matris.

79 840 163 888 uetur
180 840 207 889 et
232 833 365 889 traditur.
389 833 424 889 Et
443 832 497 891 hoc
517 842 569 902 est,
585 836 618 891 in
632 851 662 890 eo
679 835 787 893 scilicet
842 847 902 902 xtv,
930 835 983 906 tt),
1007 850 1092 907 opere
1115 838 1277 908 complevit.
1304 839 1383 897 [iude
1410 853 1597 912 nequaquam
1618 856 1687 898 eum

81 919 269 989 orevelatur,
290 921 376 979 idest
394 922 504 994 ineius
520 923 784 994 praedicationedo·
841 920 961 979 effectus
982 925 1086 1002 operis,
1119 925 1173 997 qui
1207 926 1380 984 subsecutus
1402 935 1453 995 est,
1479 929 1528 985 sed
1552 928 1688 988 voluntas

79 1009 146 1065 titia
162 1009 222 1072 Dei,
237 1009 265 1066 id
280 1017 322 1067 εει
336 1011 415 1081 justa
436 1012 501 1082 elus
519 1013 549 1067 in
562 1012 787 1084 quibuscunque
842 1010 1002 1068 damnavit.
1032 1013 1078 1071 Sic
1104 1022 1132 1071 ει
1155 1014 1254 1070 Simon
1276 1015 1378 1088 liegas
1399 1016 1508 1073 donam
1534 1018 1686 1077 miraculo-

79 1098 338 1165 atiotamelectis,
364 1107 396 1156 ut
420 1100 603 1167 dictumest,
630 1114 721 1170 quam
743 1114 786 1158 ra·
843 1113 910 1156 rum
946 1102 1172 1172 concupiscendo
1199 1103 1280 1173 quod
1306 1117 1364 1159 nou
1392 1103 1529 1169 obtinuit,
1564 1119 1622 1161 non
1650 1119 1687 1162 ex

79 1186 224 1253 ieaelatar,
243 1187 373 1258 inquam,
397 1203 432 1243 ec
451 1188 506 1259 tide
528 1193 559 1244 ia
582 1189 672 1259 fidem,
694 1189 724 1245 id
746 1197 789 1247 est
842 1203 939 1261 opere,
968 1189 1019 1247 sed
1045 1205 1078 1247 ex
1110 1190 1288 1259 infidelitate,
1318 1191 1397 1262 quod
1426 1192 1557 1266 venalem
1579 1193 1687 1252 scilicet

79 1275 362 1348 mnarumdirigente
376 1291 430 1333 uos
445 1278 475 1334 in
489 1277 574 1333 iidem
590 1278 787 1349 premiorum.
844 1278 986 1349 spiritum
1008 1288 1141 1336 sanctum
1160 1279 1290 1349 credidit,
1313 1280 1469 1337 damnatus
1495 1290 1548 1352 est,
1572 1283 1647 1339 sicut
1659 1290 1688 1341 ει

79 1376 129 1421 ena
156 1371 199 1420 est
222 1366 299 1440 enim
325 1366 408 1436 quasi
431 1379 448 1421 a
475 1367 637 1435 contrariis,
662 1373 695 1422 ut
718 1368 788 1424 dum
843 1365 870 1421 ei
892 1366 992 1425 Petrus
1019 1368 1074 1424 ait;
1113 1366 1183 1433 Quia
1220 1368 1497 1440 aestimentiam.
1534 1384 1594 1438 vnr,
1627 1373 1685 1441 20).

79 1465 134 1508 ns:
160 1453 238 1522 quod
263 1465 377 1523 prauam
399 1454 475 1523 apud
496 1455 586 1512 iteum
613 1463 788 1525 mereantur,
844 1455 1022 1525 impietatem.
1047 1455 1196 1524 Quantum
1211 1456 1247 1512 ad
1267 1459 1405 1528 majorem
1429 1458 1687 1530 transgressionem

80 1538 195 1612 iqamus
231 1547 260 1598 ct
298 1541 376 1612 quod
404 1543 555 1613 praemium
584 1552 787 1615 assequantur,
843 1542 1023 1612 iudeorum,
1039 1543 1092 1613 qui
1117 1544 1178 1617 lege
1200 1545 1287 1601 etiam
1302 1548 1409 1616 scripta
1434 1545 1569 1604 instructi
1593 1557 1686 1606 eraut.

79 1642 152 1685 cesse
165 1637 209 1687 εει
221 1644 288 1686 eum
304 1630 356 1701 qui
370 1631 446 1687 mala
460 1632 553 1689 oderit
568 1632 643 1689 bona
658 1633 788 1705 diligere,
806 1667 827 1722 B
844 1634 879 1688 lit
898 1637 928 1688 ta
948 1633 1099 1702 justitiam.
1110 1632 1259 1701 Quantum
1274 1634 1311 1691 ad
1334 1612 1590 1706 transgressionem
1619 1652 1688 1710 gen·

79 1718 190 1788 criptum
223 1726 281 1775 est:
319 1720 452 1775 lttleaisti
481 1721 624 1790 justitiam
650 1726 676 1776 et
705 1721 791 1776 adbit·
845 1722 953 1793 tilium,
969 1723 1243 1795 xquisolanaturali
1259 1725 1320 1795 lege
1336 1723 1501 1781 utebantur.
1519 1724 1685 1796 superom-

79 1808 215 1876 emlPsal.
241 1822 323 1876 xarr,
345 1807 384 1878 8).
415 1810 540 1867 Maxime
562 1817 661 1867 autem
685 1810 790 1866 bacin
844 1824 910 1868 nem
925 1810 1109 1883 impietatem,
1126 1811 1212 1868 idest
1235 1811 1272 1868 ad
1290 1811 1683 1882 puniendumannemata.

78 1895 104 1952 io
122 1896 245 1952 revelari
260 1903 288 1953 et
302 1897 441 1969 distinqui
466 1898 600 1969 arbitror,
617 1900 667 1957 ubi
691 1899 788 1956 Domi·
844 1899 881 1955 lit
899 1900 971 1957 bene
995 1913 1143 1971 superesse
1157 1899 1275 1967 dicitur,
1301 1902 1386 1971 quasi
1400 1901 1556 1971 prevalere
1579 1902 1609 1959 iu
1629 1903 1689 1962 illis

79 1990 120 2039 cta
134 1998 201 2055 quae
224 1984 299 2042 liunt
323 1986 484 2043 secuudum
505 1986 630 2044 radicem
655 1988 787 2045 intentio·
844 1987 897 2059 qui
913 1986 991 2045 seab
1009 2001 1042 2044 eo
1062 1996 1202 2058 tanquam
1224 1988 1367 2057 superiori
1388 1988 1540 2047 defendere
1562 1989 1685 2049 nullate-

78 2072 161 2140 tiuat,
177 2073 293 2130 diceus:
309 2075 341 2131 Si
367 2078 460 2132 oculus
477 2081 541 2132 tuas
555 2079 643 2145 suerit
658 2079 787 2150 simplex,
828 2090 900 2132 ¹itus
913 2075 1020 2132 valant.
1037 2078 1185 2133 Veritatem
1203 2078 1252 2131 Dei
1265 2078 1295 2130 t'n
1310 2077 1451 2145 injustitia
1478 2078 1610 2134 detinent.
1629 2080 1688 2138 Hoc

79 2175 153 2231 >rpus
181 2166 260 2218 taam
294 2163 415 2219 lucidam
449 2168 512 2220 erit.
547 2165 578 2221 St
607 2168 700 2222 oculas
726 2171 789 2222 tans
844 2164 922 2236 quod
936 2165 1052 2222 devoro
1076 2165 1133 2221 lieo
1148 2164 1276 2221 sentiunt
1295 2163 1472 2223 tracttdcare
1496 2181 1555 2223 non
1570 2169 1685 2238 permit·
1758 2234 1763 2246 ,Α

79 2249 227 2318 medeam,
262 2256 347 2307 totam
373 2268 470 2324 corpas
501 2259 580 2310 taam
621 2256 789 2311 tenebrosam
844 2260 920 2320 tunt,
938 2253 1046 2325 injusta
1061 2253 1205 2311 desideria
1226 2266 1280 2310 sua
1300 2261 1452 2325 sectantes,
1467 2261 1495 2312 et
1509 2253 1688 2314 voluntatem

82 2340 121 2396 m.
140 2354 178 2408 vt,
191 2342 248 2411 23).
269 2341 305 2398 Et
321 2342 376 2399 hoa
389 2343 506 2414 quidem
522 2352 700 2402 ostentamen
716 2358 791 2402 verm
843 2355 928 2398 suam
942 2341 1051 2398 divine
1064 2342 1211 2399 voluntati
1226 2350 1432 2414 preponentes.

97 2428 148 2486 ubi
167 2439 272 2487 cuncta
287 2445 352 2501 quae
373 2431 447 2488 iram
470 2433 630 2489 seeundum
654 2433 787 2491 intentio·
879 2430 1042 2498 Qaiaqaod
1057 2437 1152 2486 notam
1171 2435 1211 2487 est
1230 2433 1289 2486 Det.
1312 2431 1384 2488 Nota
1408 2430 1546 2502 quoniam
1568 2432 1686 2504 Aposto-

79 2525 187 2575 ,matur
202 2520 294 2590 magis
305 2522 563 2590 quamseaundum
578 2535 700 2592 operum
715 2535 786 2593 qua·
844 2517 891 2576 lus
915 2520 946 2576 in
968 2520 1022 2576 bac
1041 2519 1178 2590 Epistola,
1208 2520 1285 2576 sicut
1316 2533 1407 2590 supra
1431 2520 1626 2590 meminimus,
1651 2524 1688 2579 ad

87 2604 157 2674 Quae
175 2608 293 2678 quidem
316 2622 404 2679 opera
421 2609 512 2666 ludaei
529 2610 621 2680 magis
635 2623 725 2681 quam
741 2610 789 2667 in·
844 2608 1055 2678 reprimendam
1080 2616 1139 2665 tam
1164 2607 1331 2665 iudaeorum
1352 2622 1442 2679 quam
1466 2608 1620 2681 gentilium
1639 2625 1686 2667 sn·

79 2709 104 2752 m
118 2696 313 2764 attendebant,
336 2712 403 2754 cum
426 2712 504 2754 nune
527 2697 684 2754 Christiani
704 2706 787 2757 natu·
844 2697 931 2768 perbe
945 2696 1177 2753 contendentium
1200 2696 1361 2765 elationem,
1378 2696 1540 2753 alternatim
1554 2697 1689 2767 lineutro

79 2783 276 2855 itatajustitia
302 2800 359 2842 nou
375 2794 432 2842 tam
457 2787 606 2843 attendant
629 2801 696 2858 qum
715 2787 790 2844 fiunt
844 2801 911 2860 que,
935 2786 1019 2844 modo
1047 2786 1077 2841 in
1100 2783 1229 2856 gentiles.
1261 2785 1345 2841 modo
1373 2785 1405 2840 iu
1434 2792 1572 2857 utrosque
1600 2786 1688 2844 simul

79 2887 102 2929 to
115 2873 212 2929 animo
226 2873 305 2930 nant.
325 2875 468 2932 Habemus
482 2875 569 2932 etiam
585 2875 638 2943 ,ibi
653 2875 682 2931 in
697 2878 787 2933 Evan·
844 2876 1002 2945 invehitur,
1018 2875 1050 2931 in
1065 2882 1204 2944 utrosque
1218 2880 1317 2932 autem
1332 2873 1440 2945 pariter
1451 2873 1511 2944 jam
1527 2876 1687 2944 qnamdam

79 2960 192 3018 tuiieste
221 2971 375 3034 utramque
397 2964 627 3033 retributionem,
652 2964 703 3020 ubi
719 2965 788 3022 dici·
807 2945 828 3002 C
847 2963 982 3036 praemisit
1008 2962 1209 3030 invectionem,
1238 2976 1306 3019 cum
1329 2961 1380 3028 ait,
1403 2962 1492 3031 super
1511 2978 1616 3018 omnem
1636 2966 1686 3020 im-

82 3051 177 3106 mina:
195 3053 244 3119 lte,
267 3053 407 3107 maledieti
430 3052 540 3122 (natat.
571 3067 641 3116 xxv,
671 3053 728 3124 lt),
749 3061 791 3111 et:
842 3056 975 3124 pietatem
987 3055 1013 3106 et
1035 3053 1213 3121 inportatam,
1237 3051 1390 3108 osteudens
1412 3050 1569 3108 Dominum
1592 3052 1629 3109 ad
1646 3053 1688 3109 ul-

79 3141 209 3196 bmediatt
227 3141 318 3212 (abia,
341 3143 395 3212 st).
421 3143 509 3199 turta
534 3142 613 3213 quod
639 3143 708 3199 alibi
732 3142 791 3207 ait:
846 3140 951 3197 tionem
982 3144 1187 3211 praeparatum.
1208 3138 1294 3195 Nunc
1318 3139 1445 3195 maxime
1468 3151 1502 3194 ae
1525 3139 1688 3209 specialiter

80 3234 195 3300 quippe·
226 3245 365 3300 measana,
406 3230 517 3301 (blattis.
557 3245 605 3300 vn,
644 3231 683 3302 ι).
718 3232 792 3290 Cum
846 3229 876 3284 in
890 3228 1011 3301 gentiles
1024 3228 1181 3295 invehitur,
1198 3229 1248 3299 qul
1265 3228 1351 3297 juata
1366 3227 1491 3285 rationes
1504 3240 1573 3283 suas
1590 3227 1687 3286 minus

79 3331 102 3373 :x
116 3317 172 3374 llde
189 3319 411 3389 puniendorum,
438 3320 468 3375 iu
484 3319 569 3376 iidem
585 3318 791 3390 glorificando·
836 3316 1085 3388 reprehensibiles
1109 3316 1293 3386 videbantur,
1318 3329 1353 3372 ac
1372 3329 1444 3387 pene
1466 3316 1584 3373 omniuo
1609 3316 1689 3374 inex·

79 3405 168 3463 linem
191 3408 248 3465 diei
271 3408 372 3477 judicii
390 3415 530 3474 tenemus,
557 3407 610 3464 ubi
627 3408 723 3478 impiis
737 3423 789 3479 pu·
845 3406 995 3475 cusabties,
1012 3405 1091 3476 quod
1105 3405 1162 3461 ileo
1177 3418 1246 3462 vero
1261 3420 1319 3461 non
1333 3405 1505 3474 servierant,
1522 3419 1609 3477 quem
1625 3405 1688 3462 sine

79 3496 247 3554 orabuntur
262 3498 355 3554 electi.
845 3495 904 3566 lege
927 3495 1094 3566 scriptam
1119 3493 1245 3564 aiebant,
1272 3507 1442 3565 cognoscere
1459 3509 1519 3551 non
1542 3494 1688 3564 valebant,

79 3590 271 3656 scriptumest
295 3587 325 3643 in
349 3587 485 3643 liabetur
509 3584 619 3642 scilicet
641 3584 789 3657 propbeta,
843 3582 935 3651 Quam
963 3582 1083 3654 quidem
1115 3581 1334 3637 excusationem
1367 3581 1518 3639 maniieste
1547 3583 1685 3650 retundit,

79 3675 163 3745 elide
187 3678 256 3729 vivit
276 3675 397 3745 litabar.
420 3692 449 3743 n,
466 3676 504 3743 i),
523 3674 552 3731 id
571 3681 614 3730 εει
628 3675 789 3731 secundum
842 3672 930 3728 etiam
945 3670 1007 3727 siue
1031 3669 1137 3740 scripto
1154 3682 1171 3725 a
1186 3670 1321 3739 gentibus
1338 3683 1388 3738 per
1407 3669 1570 3726 naturalem
1596 3671 1689 3743 legem

78 3763 267 3821 evolationem
291 3764 407 3835 lectam,
437 3765 472 3820 de
497 3763 542 3819 his
565 3761 700 3821 videlieet
723 3777 790 3835 quaa
843 3760 997 3816 Dominum
1026 3766 1112 3814 antea
1131 3765 1233 3814 notum
1255 3757 1353 3824 luisse,
1382 3758 1444 3829 ipso
1467 3757 1508 3814 eis
1528 3760 1564 3815 de
1587 3761 1690 3831 seipsis

79 3865 89 3909 t
114 3862 194 3920 suut,
211 3860 269 3908 tam
285 3856 319 3909 de
336 3853 426 3922 poeuis
453 3853 618 3924 impiorum,
644 3865 734 3922 quern
753 3852 790 3908 de
842 3861 892 3918 per
911 3849 1053 3904 rationem
1071 3859 1160 3917 quam
1179 3846 1306 3912 dederat,
1323 3846 1378 3902 hoc
1400 3853 1442 3904 est
1457 3845 1548 3918 legem
1568 3854 1685 3905 natura·
1735 3902 1740 3921 ‚

87 3941 244 4014 justorum,
267 3941 389 4013 quilibet
410 3941 632 3998 electusinsua
656 3954 787 4012 perseve·
842 3936 908 4004 lem,
940 3950 974 3992 ac
1001 3948 1053 4007 per
1081 3934 1208 3992 visibilia
1234 3948 1287 3991 sua
1313 3947 1402 4004 opera
1433 3932 1565 3991 notitiam
1593 3935 1685 3991 conio·

79 4037 85 4087 ¹.
112 4031 307 4102 perseverans)
329 4030 452 4102 iustitia,
477 4031 546 4086 dum
573 4031 634 4086 hac
654 4029 788 4086 videlicet
842 4033 930 4082 rente.
955 4025 991 4081 Et
1014 4024 1067 4080 boc
1089 4030 1133 4081 est
1156 4024 1234 4095 quod
1255 4022 1305 4088 ait,
1332 4022 1405 4092 quod
1422 4026 1517 4077 natum
1538 4028 1588 4078 est.
1612 4023 1686 4079 'ian-

79 4135 110 4177 ua
122 4121 269 4190 punienda
294 4121 395 4189 credit,
412 4127 439 4176 ει
454 4119 601 4176 contraria
616 4132 682 4190 quae
700 4117 786 4188 placi·
843 4128 932 4185 quam
947 4114 1063 4182 diceret,
1078 4112 1140 4191 dini
1162 4127 1211 4169 eos
1235 4110 1363 4168 detinere
1378 4111 1457 4182 quod
1482 4110 1518 4168 de
1540 4112 1598 4169 Deo
1621 4124 1689 4167 tero

79 4210 190 4266 teredit
204 4210 322 4280 appetit,
338 4217 371 4266 ut
386 4208 476 4265 animi
501 4216 639 4264 terrorem
657 4206 790 4277 superbis
805 4238 827 4291 ὓ
844 4204 984 4272 sentiunt,
1008 4210 1036 4260 ει
1064 4198 1135 4259 bene
1163 4201 1221 4257 dixi
1251 4202 1329 4273 quod
1354 4201 1492 4257 sentiunt.
1523 4199 1594 4266 Quia
1615 4200 1689 4270 qnod

101 4298 249 4365 ilomanis,
286 4299 365 4354 illam
401 4306 512 4368 partem
543 4295 591 4353 bic
614 4294 720 4351 divinae
740 4295 789 4365 ju·
844 4299 938 4348 natam
961 4297 999 4347 est
1018 4294 1079 4357 Dei,
1100 4291 1128 4348 id
1151 4295 1194 4347 est
1215 4291 1250 4347 de
1272 4298 1380 4348 natura
1413 4289 1581 4347 Divinitatis
1603 4289 1688 4347 modo

79 4389 253 4460 resequitur,
282 4401 342 4459 qua
368 4386 452 4458 punit
479 4399 537 4454 eos,
567 4385 680 4440 diceus:
708 4385 788 4440 ileve-
845 4382 1005 4438 revelatum
1020 4379 1181 4438 estmundo
1196 4393 1247 4451 per
1262 4379 1352 4450 legem
1368 4380 1610 4450 scriptam,etiam
1626 4379 1689 4434 siue

79 4491 97 4533 t.
114 4474 196 4544 Quod
211 4477 286 4536 dixit
300 4477 444 4548 justitiam
472 4475 524 4530 Dei
554 4472 674 4530 revelari
701 4472 790 4530 ibiex
845 4470 951 4541 scripto
976 4483 1027 4543 per
1049 4469 1213 4526 naturalem
1246 4468 1388 4525 rationem
1412 4469 1598 4526 manifestum
1623 4474 1688 4523 ante

81 4565 134 4624 ieet
152 4566 338 4637 injustorum,
355 4573 388 4622 ut
399 4565 540 4630 diximus,
556 4562 789 4633 puniendornm;
845 4558 970 4617 lucrant.
986 4560 1018 4615 in
1028 4559 1094 4626 illis,
1110 4557 1139 4613 id
1153 4564 1196 4614 est
1208 4571 1267 4614 non
1282 4565 1394 4614 tautum
1406 4556 1473 4623 illis,
1483 4570 1588 4613 verum
1601 4556 1688 4612 etiam

79 4655 198 4713 aniicste
221 4655 393 4713 determinat
414 4654 524 4721 dicens,
540 4653 611 4725 quia
630 4651 679 4719 ibi,
699 4652 729 4708 id
749 4658 792 4708 est
845 4663 895 4721 per
914 4648 977 4705 illos
996 4648 1071 4705 aliis.
1099 4647 1180 4704 Unde
1207 4652 1235 4703 et
1262 4646 1353 4702 multa
1380 4644 1415 4701 de
1442 4644 1584 4701 Trinitate
1609 4643 1689 4701 testi-

79 4745 160 4817 pelio,
177 4745 380 4802 mauliestatnr
395 4745 438 4800 ira
453 4742 513 4810 itai,
534 4741 563 4798 id
578 4747 620 4797 est
632 4741 712 4811 J'usta
726 4739 792 4810 ejus
845 4736 942 4792 monia
958 4742 1056 4805 aperta
1074 4735 1105 4790 iu
1127 4732 1364 4803 pbilosophorum
1389 4730 1469 4788 libris
1492 4730 1687 4800 reperiuntur,

91 4847 179 4905 snper
201 4834 325 4905 iniquos.
348 4832 447 4887 Deide
468 4832 542 4898 caio,
565 4830 639 4886 llicit
659 4826 789 4885 addille·
845 4824 897 4895 qui
925 4820 1215 4894 gentium-magistri
1247 4827 1349 4876 erant:
1379 4833 1446 4890 quae
1478 4818 1564 4875 ctiam
1595 4818 1689 4873 sancti

91 4921 234 5007 iaisorum
256 4924 387 4992 deorum,
407 4922 469 4977 sive
492 4919 668 4976 vicariorum
695 4917 745 4974 Dei
761 4917 791 4973 iu
845 4914 943 4969 Patres
963 4911 995 4969 in
1015 4919 1122 4967 nostrae
1146 4909 1210 4965 ildei
1232 4907 1511 4965 commendationem
1532 4906 1688 4962 adversum

79 5053 83 5076 ‚
106 5011 216 5083 quibus
238 5012 439 5079 dicitur:qu
461 5010 537 5065 dict:
563 5009 682 5064 ditastis
704 5007 790 5076 (Psoi.
846 5001 999 5076 gentilium
1033 4999 1283 5070 impugnationem
1312 4995 1465 5067 diligenter
1493 4992 1684 5064 collegerunt.

79 5101 111 5170 i).
138 5102 186 5158 Vel
213 5103 358 5160 revelatur
373 5101 408 5158 de
426 5099 506 5162 coelo.
525 5098 552 5154 id
576 5103 619 5154 est
645 5109 683 5153 ea
705 5095 793 5152 ruina
847 5092 978 5159 Quorum
1006 5089 1143 5161 pleraque
1172 5094 1201 5143 et
1219 5100 1271 5142 nos
1292 5087 1379 5141 etiam
1403 5084 1433 5139 in
1462 5081 1611 5153 theologiae
1639 5097 1690 5139 no·

79 5192 181 5248 tatium
204 5192 377 5264 angelorum
392 5190 426 5247 de
444 5187 514 5247 coelo
530 5188 614 5254 iacta,
635 5187 671 5242 ab
686 5195 794 5243 aterna
846 5190 913 5240 strae
925 5179 1063 5252 opusculo
1086 5174 1272 5235 contulimus.
1294 5178 1362 5231 beas
1384 5173 1455 5226 enim
1476 5173 1533 5227 illis
1548 5172 1689 5248 revetavit.

82 5279 265 5339 beatitudine
296 5277 562 5349 irrecuperabiliter
591 5275 791 5332 alienatorum.
847 5272 952 5329 ὃειιειε
966 5284 1016 5344 per
1029 5267 1129 5328 allecta
1144 5278 1266 5325 suorum
1292 5274 1421 5334 operum.
1438 5261 1472 5317 lit
1486 5261 1540 5317 boc
1555 5258 1691 5331 estquod

79 5415 82 5428 .
111 5375 171 5427 tam
200 5369 340 5441 pretiosas
369 5374 518 5426 creaturas
544 5373 603 5421 tam
631 5364 686 5421 cito
704 5376 793 5436 prena
847 5359 955 5418 subdit.
1523 5439 1528 5451 Ι
1638 5436 1676 5448 ..

79 5459 163 5527 rabili
185 5458 324 5516 damnare
337 5455 488 5524 sustinuit,
512 5454 585 5528 quid
599 5454 634 5512 de
663 5451 808 5511 bomini.
882 5449 1036 5509 metamtta
1046 5451 1196 5518 ammeta.
1219 5444 1322 5504 Totum
1344 5440 1394 5501 bic
1411 5446 1583 5514 mysterium
1597 5438 1690 5536 ‘irrut-
