3804 5962
551 171 704 232 bruodra
722 171 932 234 THEOLOGIAE
950 171 1181 233 CHRISTIANAE.
1666 178 1734 236 ttae

79 292 178 367 ,quod
192 293 280 366 plura
294 294 383 366 possit
403 294 497 354 lacere
517 299 546 355 et
567 297 650 359 aliter
671 316 762 375 quam
785 304 826 362 la·
840 302 865 356 A
877 299 1018 374 [ιεεεεει]ο
1035 299 1087 357 Sed
1104 299 1158 356 boc
1182 295 1358 370 impossibile
1381 302 1466 365 esset,
1486 294 1557 369 quia
1573 309 1639 354 ouut
1662 297 1728 371 elus

79 398 116 441 1ae
129 385 249 440 damnat
274 392 365 455 potest
388 385 513 455 saltare,
528 396 592 446 ote
620 406 768 453 converso.
792 398 828 454 Et
882 391 1023 461 sapientia
1045 388 1162 446 omuino
1193 384 1382 445 immutabilis
1403 393 1431 444 et
1456 384 1636 443 invariabilis
1664 389 1727 445 eni·

79 470 193 543 :lapide
208 471 354 528 bominem
372 480 464 543 potest
487 473 580 533 lacere
600 484 628 535 ει
641 480 724 539 aliter
738 498 828 555 quam
883 486 949 548 stat,
965 492 1059 550 neque
1073 478 1176 550 augeri
1198 491 1292 548 neque
1307 476 1401 532 minui
1422 482 1522 545 potest.
1547 475 1611 532 Nou
1636 475 1727 548 igitur

79 608 80 615 ,
96 567 124 617 ει
145 560 223 617 talia.
239 560 275 616 lit
292 560 437 619 inducunt
457 563 524 620 inde
538 568 704 639 exemplum
727 573 762 630 de
776 575 829 632 asi·
882 570 968 641 plura
982 575 1074 640 potest
1086 566 1132 625 vel
1151 565 1235 623 aliter
1251 567 1343 624 iacere
1361 577 1453 635 quam
1472 562 1572 620 iaciat.
1601 565 1641 620 lle
1654 578 1727 634 prae·

78 650 153 706 laam
171 657 199 708 et
219 649 254 707 de
270 650 402 722 quinquo
421 652 561 724 panibus,
576 657 611 713 do
628 673 718 719 uxore
744 664 828 734 Loth,
882 658 1004 716 scientia
1033 670 1152 730 quoqne
1173 654 1234 712 sive
1261 652 1452 725 providentia,
1478 652 1513 708 de
1544 651 1727 727 praedestina·

79 752 110 797 ta
124 739 227 796 vinum
246 740 343 811 lacta3
360 741 417 797 boc
440 757 558 814 quoque
580 746 716 816 pluribus
729 759 828 812 aucto.
881 747 960 804 tione
981 746 1080 804 itidem
1108 744 1298 802 rationamur.
1332 741 1386 799 Sed
1423 740 1533 814 ambigi
1570 748 1661 812 potest
1688 756 1727 800 au

81 827 226 885 nituntur.
243 829 279 886 Ut
292 831 479 902 Augustinus
494 835 608 906 inquit:
625 838 691 899 Fuit
704 850 733 901 et
752 842 829 902 alius
882 838 983 893 Petrus
997 835 1090 906 Ρθῑῦῑῑ
1108 847 1169 891 <³⁸⁸0
1189 832 1294 904 ι’ῡὸῑῑθΓ
1309 845 1398 902 (luam
1420 830 1485 896 luit,
1510 830 1588 901 duod
1608 830 1727 899 (ididem

79 918 256 987 apossibilis
280 919 349 988 Deo,
376 920 425 978 sed
445 924 545 983 nullus
572 935 678 987 uostrae
709 934 830 992 miseria
882 940 950 984 sane
975 925 1169 983 concedimus.
1195 922 1250 979 Sed
1275 920 1418 993 quaritur
1449 918 1567 992 aquo?
1600 919 1728 976 Dicimus

78 1006 210 1065 nieutior.
226 1008 296 1067 Item
319 1009 412 1071 idem:
440 1014 492 1084 qui
516 1019 666 1080 suscitavit
688 1024 828 1081 Lazarum
883 1016 962 1090 quod
985 1017 1118 1072 alienet
1146 1027 1196 1084 per
1223 1013 1315 1070 Deum
1336 1010 1442 1084 justior
1474 1023 1565 1081 quam
1587 1007 1643 1065 luit
1667 1021 1729 1066 esse

79 1109 165 1166 Ῥθΐθ»
194 1101 287 1169 potuit
312 1102 418 1160 ludam
441 1107 580 1165 suscitare
606 1112 636 1168 in
663 1123 768 1172 mente.
793 1115 829 1171 Et
884 1106 987 1177 potuit,
1003 1112 1032 1162 et
1047 1112 1142 1160 tamen
1156 1103 1233 1159 Deus
1247 1115 1306 1158 nou
1325 1099 1417 1171 potuit
1436 1112 1504 1156 eum
1519 1096 1666 1154 meliorem
1681 1096 1728 1154 vel

79 1198 125 1240 ιιιε
151 1187 181 1241 ιιι
208 1187 381 1262 Evangelio:
408 1194 468 1252 Non
493 1213 618 1270 possum,
651 1201 701 1267 ait,
730 1217 829 1272 rogare
881 1194 1029 1267 justiorem
1055 1191 1261 1262 lacerandis,
1285 1190 1360 1247 sicut
1390 1188 1532 1257 diximus,
1562 1184 1646 1243 aliter
1669 1185 1727 1257 (ιο)

79 1287 94 1326 n
119 1288 219 1342 meum,
240 1284 266 1333 ει
293 1282 430 1340 collidebat
454 1287 523 1341 milti
544 1290 610 1359 plus
630 1305 713 1360 qnam
740 1289 829 1345 decem
883 1297 974 1355 quam
996 1281 1174 1339 conveniret.
1198 1279 1276 1336 Sicut
1298 1290 1367 1350 ager
1389 1276 1441 1333 iste
1466 1282 1557 1346 potest
1578 1273 1670 1331 excoli
1691 1274 1728 1332 ab

79 1376 102 1417 es
118 1365 300 1432 angelornm?
320 1369 430 1440 (blatto.
454 1387 534 1444 xxm,
550 1377 607 1449 53.)
632 1377 686 1435 Sed
705 1386 738 1435 ut
756 1377 829 1434 mibi
883 1371 931 1429 illo
947 1385 1036 1443 puero
1048 1378 1076 1427 et
1090 1383 1141 1440 por
1170 1367 1264 1434 illum,
1287 1366 1316 1425 id
1344 1373 1387 1423 εει
1413 1372 1500 1437 aptus
1528 1371 1571 1422 εει
1599 1363 1635 1420 ad
1658 1362 1727 1434 boc,

79 1464 101 1505 tr
114 1465 166 1507 nec
180 1455 352 1524 sapientiam
363 1461 414 1518 Dei
432 1473 632 1535 cognoverunt
653 1480 706 1523 nec
727 1475 830 1524 aucto-
883 1476 940 1519 non
966 1468 1062 1518 tamon
1088 1458 1135 1515 ille
1158 1465 1250 1528 potest
1277 1471 1344 1527 eum
1364 1455 1504 1513 excolere.
1527 1455 1588 1526 Ego
1610 1466 1728 1525 possum

82 1539 262 1601 tellcxerunt.
278 1546 350 1605 Cum
374 1553 462 1620 enim,
483 1564 515 1610 ut
531 1555 640 1613 dictum
659 1564 712 1626 est,
736 1556 828 1613 Deum
883 1547 1109 1620 ateacoiperon
1137 1546 1284 1603 solidoset
1309 1552 1341 1602 tu
1362 1559 1420 1601 nou
1435 1551 1515 1614 potes
1542 1541 1615 1599 mibi
1648 1539 1727 1609 darc,

79 1628 221 1699 apientem
248 1648 309 1693 esse
342 1647 462 1709 constet,
494 1643 677 1702 rationabilis
703 1651 746 1702 est
770 1658 828 1716 pra
844 1655 865 1710 B
882 1638 1030 1695 Praedicta
1055 1650 1124 1694 vero
1144 1635 1327 1693 auctoritates
1345 1634 1387 1690 sic
1409 1631 1532 1704 intelligi
1555 1631 1670 1697 debent,
1696 1634 1729 1686 nt

79 1731 119 1775 tus
141 1724 292 1781 creaturis.
318 1725 393 1794 Quid
417 1730 506 1802 igitur
533 1733 697 1791 laciendum
721 1734 758 1791 sit
782 1733 828 1790 vel
882 1727 1054 1800 possibilitas
1068 1726 1172 1796 adres,
1190 1738 1248 1782 non
1274 1723 1311 1780 ad
1326 1724 1415 1780 Deum
1442 1720 1594 1779 referatur.
1621 1716 1726 1775 Sindi·

79 1805 214 1877 apientor
227 1819 255 1868 et
268 1816 480 1876 rationabiliter
495 1823 634 1891 providet.
651 1823 737 1880 Videt
749 1823 827 1880 enim
881 1819 992 1874 cimus:
1014 1817 1156 1872 Chimaera
1170 1822 1212 1872 est
1225 1813 1390 1885 opinabilis,
1409 1811 1495 1868 idest
1514 1809 1644 1867 bomines
1659 1820 1727 1878 pos-

79 1907 103 1949 m
139 1899 348 1973 rationabilem,
384 1921 475 1977 qnare
504 1911 678 1968 couveniens
712 1912 828 1968 sithoc
881 1912 950 1961 sunt
963 1903 1075 1975 opinari
1101 1903 1278 1960 chimaeram.
1300 1899 1447 1959 Similiter.
1471 1900 1547 1956 Deus
1569 1895 1729 1968 potuitlu·

79 1983 114 2040 vel
137 1999 207 2055 non,
229 1990 274 2047 vel
299 2007 391 2065 quare
413 1996 618 2056 inconveniens
631 2002 669 2058 sit
693 2002 746 2059 1100
765 2001 827 2058 fieri
882 1994 947 2050 dam
964 1994 1103 2051 suscitare
1125 1993 1155 2048 iu
1177 1998 1282 2060 mente,
1303 1989 1353 2062 qui
1374 1992 1512 2045 Lanarum
1533 1983 1682 2043 suscitavit
1699 1983 1728 2040 iu

79 2084 119 2127 ιιι.
148 2073 232 2132 Videt
254 2088 352 2137 autem
370 2083 458 2141 Jacob
478 2084 557 2158 eligi,
581 2088 656 2144 Esau
681 2088 828 2159 reprobari
881 2096 1011 2154 corpore.
1028 2082 1087 2138 lloc
1101 2094 1182 2151 posse
1196 2080 1233 2138 ad
1254 2087 1388 2136 naturam
1405 2077 1483 2134 illius
1509 2075 1643 2142 relertur,
1669 2085 1728 2131 nun

79 2159 158 2219 niens
171 2178 240 2230 osse,
258 2168 338 2238 quia,
357 2171 432 2228 sicut
451 2183 648 2245 opportunum
662 2186 725 2234 crat
747 2178 828 2235 hunc
881 2171 1033 2242 adipsum
1055 2171 1167 2240 Deum3
1189 2170 1232 2225 sic
1252 2176 1280 2225 et
1302 2175 1404 2225 caetera
1428 2172 1624 2237 exponantur.
1654 2163 1729 2220 Sunt

79 2249 104 2304 td
127 2253 295 2320 patiendum
317 2271 334 2314 a
362 2258 462 2331 iratre,
483 2264 524 2318 sic
547 2272 745 2335 opportunum
765 2272 827 2322 orat
879 2275 947 2319 vero
961 2258 1104 2327 nonnulli,
1120 2259 1172 2330 qui
1188 2259 1229 2314 sic
1241 2257 1333 2314 solent
1347 2256 1377 2312 in
1402 2253 1571 2327 hujusmodi
1585 2251 1721 2309 determi-

90 2342 249 2413 reprobari,
270 2353 303 2403 ut
326 2358 399 2406 esset
418 2350 523 2409 fornax
539 2361 567 2409 ct
589 2355 748 2424 persecutio
768 2354 825 2412 tra.
879 2362 967 2406 nare:
995 2354 1087 2419 posset
1116 2349 1190 2403 Deus
1217 2347 1271 2403 boc
1302 2345 1346 2402 vel
1375 2344 1459 2414 illud,
1488 2343 1512 2400 si
1541 2341 1646 2400 vellet:
1675 2338 1728 2412 qui

79 2428 137 2498 luia
158 2430 233 2489 siout
249 2433 357 2493 bonnm
371 2446 423 2505 est,
442 2438 534 2509 idest,
561 2441 631 2499 utile
653 2451 695 2500 est
717 2444 827 2500 honum
881 2436 1000 2511 quidem
1020 2436 1220 2493 rationabilem
1238 2435 1351 2493 exitum
1376 2447 1475 2491 rerum
1495 2429 1648 2495 voluntati.
1669 2442 1728 2486 non

82 2517 233 2576 tabanum
256 2530 307 2587 est,
327 2524 356 2580 id
383 2535 426 2583 εει
451 2528 523 2585 utile
546 2538 589 2586 est
616 2531 726 2588 malum
753 2546 824 2589 esse.
881 2525 986 2584 rationi
1010 2525 1073 2582 sive
1095 2525 1245 2595 sapientiae
1268 2524 1454 2590 subnectunt,
1481 2527 1622 2590 tanquam
1645 2515 1729 2589 prius

81 2607 281 2679 Augustinus:
312 2626 371 2670 uon
395 2616 483 2683 euim,
509 2618 614 2689 iuquit,
640 2634 753 2677 summe
777 2621 827 2678 bo
880 2616 948 2673 velit
964 2614 1008 2672 vel
1025 2614 1079 2672 boc
1098 2614 1144 2671 vel
1168 2613 1240 2669 illud
1257 2612 1317 2668 deri
1344 2618 1372 2668 et
1392 2609 1572 2682 postmodum
1597 2619 1635 2662 an
1658 2619 1727 2661 con·

82 2693 165 2766 lique
183 2698 259 2756 mala
283 2700 345 2758 deri
363 2703 479 2774 sineret,
504 2707 559 2764 nisi
578 2707 697 2779 aliquod
716 2709 826 2767 bonum
880 2704 1027 2762 venientes
1041 2703 1156 2761 eveniat
1171 2702 1225 2758 boc
1243 2700 1287 2758 vol
1303 2699 1376 2758 illud
1391 2713 1429 2756 an
1447 2712 1516 2764 nou,
1536 2695 1614 2769 apud
1629 2709 1659 2752 se
1674 2693 1727 2750 do-

79 2789 179 2839 aceret.
200 2784 263 2854 lpse
286 2794 330 2844 est
353 2791 443 2860 euim,
467 2793 516 2849 cni
540 2794 617 2851 mala
637 2795 715 2853 bona'
736 2804 825 2867 sunt;
880 2793 992 2851 liberet.
1007 2792 1063 2861 Qui
1079 2792 1199 2864 quidem
1213 2805 1311 2849 errare
1327 2790 1357 2847 in
1379 2790 1436 2846 Deo
1461 2788 1599 2846 videntur
1613 2791 1641 2842 ει
1655 2796 1727 2840 con-

79 2882 137 2941 trgo
162 2872 204 2928 sic
236 2875 470 2950 uuiuscujusque
499 2890 622 2938 eventus
645 2883 827 2940 rationabilis
880 2883 1029 2939 venienter
1043 2883 1173 2939 ordinem
1196 2879 1377 2938 deliberandi
1393 2888 1481 2950 atque
1496 2873 1612 2934 volendi
1626 2871 1727 2930 inDeo

79 2959 122 3033 ⁵sit
135 2959 161 3015 ei
174 2974 300 3032 praeseus
319 2972 347 3023 ot
361 2975 449 3028 certa.
470 2970 548 3040 quod
571 2971 732 3044 uuicuique
752 2987 825 3031 con·
843 3001 864 3058 C
881 2971 1056 3028 conluudere
1070 2971 1216 3027 nituntur.
1232 2970 1319 3026 Prius
1332 2967 1475 3039 siquidem
1494 2965 1610 3022 animus
1625 2963 1726 3020 adver·

79 3061 87 3103 a
118 3048 206 3133 videt,
238 3051 267 3107 id
301 3053 327 3110 ei
350 3055 496 3126 sapienter
522 3059 714 3118 administrat.
748 3062 827 3120 Unde
884 3061 1053 3128 tendusest,
1069 3073 1135 3131 quae
1159 3073 1196 3116 ex
1217 3073 1276 3130 quo
1296 3057 1418 3126 utilitas,
1441 3069 1507 3126 quae
1528 3048 1728 3110 convenientia

79 3136 187 3195 ontulit
209 3140 313 3198 loanni
335 3156 425 3214 qnam
450 3147 543 3215 Petro,
565 3150 635 3219 quia
653 3151 829 3209 conveniens
881 3156 1079 3220 sequatur„et
1093 3148 1196 3205 deinde
1210 3155 1244 3205 ut
1259 3148 1298 3204 sit
1319 3146 1363 3204 vel
1378 3159 1438 3202 non
1460 3144 1506 3212 sit,
1526 3141 1663 3200 voluntas
1685 3143 1728 3195 est

79 3224 192 3295 videbat,
218 3228 284 3298 plus
299 3229 340 3286 illi
364 3246 454 3302 quam
473 3235 542 3292 buio
563 3238 689 3297 couierri
713 3240 826 3298 debere.
881 3235 1055 3294 adhibenda.
1079 3237 1129 3294 lsti
1153 3236 1275 3307 perlecto
1300 3234 1453 3306 origenem
1467 3240 1496 3288 et
1519 3229 1728 3298 Hieronymum

79 3326 123 3369 em
148 3314 214 3385 plus
242 3317 360 3376 baberet
385 3321 487 3378 Petrus
513 3338 603 3394 qnam
628 3328 741 3396 babuit,
770 3343 828 3386 nou
881 3325 956 3383 male
976 3325 1152 3398 intelligunt.
1173 3324 1248 3382 Dicit
1267 3324 1345 3382 onim
1369 3323 1580 3391 Hieronymus:
1609 3316 1645 3374 Ut
1660 3327 1728 3373 vero

79 3401 170 3461 uelior
187 3405 365 3476 exstiitisset,
390 3410 557 3480 quiaillud
580 3413 646 3486 plus
665 3417 828 3474 irratioua-
881 3422 914 3471 ut
937 3415 1065 3473 rusticus
1093 3415 1177 3472 modo
1204 3415 1325 3487 loquar:
1347 3407 1597 3482 Quemadmodum
1622 3402 1728 3475 aliquis

79 3497 135 3549 set.
152 3491 181 3548 Si
201 3495 278 3551 euim
301 3497 474 3555 rationabile
498 3508 572 3557 osset
596 3510 629 3559 ut
647 3503 712 3573 plus
739 3505 826 3561 babo·
882 3503 1010 3573 primum
1027 3504 1104 3561 videt
1118 3511 1145 3561 et
1160 3503 1305 3575 excogitat
1317 3503 1352 3559 de
1366 3502 1469 3572 aliqua
1484 3512 1525 3565 re,
1545 3509 1583 3554 au
1596 3492 1728 3553 iacienda

88 3579 145 3651 (la)
167 3583 244 3639 bens
271 3583 298 3639 ei
330 3599 390 3642 uon
410 3587 587 3657 contulisset,
615 3591 742 3661 prolecto
770 3606 829 3649 non
882 3592 919 3648 sit
934 3591 978 3648 vel
993 3605 1061 3655 uon,
1079 3605 1170 3663 quam
1183 3591 1228 3648 vel
1240 3605 1274 3647 ea
1287 3590 1373 3647 iaciat
1387 3589 1433 3646 vel
1448 3587 1587 3653 dimittat,
1602 3591 1630 3641 ει
1645 3582 1668 3639 si
1684 3580 1727 3638 vi·

80 3681 96 3724 o
120 3668 214 3727 bouus
238 3685 300 3729 esse
327 3673 484 3731 videretur.
518 3678 598 3735 Unde
622 3678 827 3750 Augustinus:
882 3679 929 3736 det
938 3694 999 3737 esse
1014 3679 1188 3746 taciendam,
1217 3680 1297 3746 iacit,
1321 3679 1493 3744 sinautem,
1515 3673 1652 3742 dimittit;
1674 3669 1727 3737 sic,

79 3757 168 3826 Pater,
185 3760 291 3832 inquit,
318 3762 426 3819 Filium
446 3778 534 3821 suum
548 3766 604 3823 sibi
627 3768 768 3839 aequalem
785 3769 828 3841 gi·
882 3767 1015 3841 inquam,
1031 3770 1107 3826 Dens
1121 3768 1253 3840 providet
1267 3781 1332 3838 quae
1348 3767 1406 3823 sint
1429 3762 1561 3822 iacienda
1583 3759 1628 3818 vel
1657 3774 1727 3828 non,

85 3852 179 3916 posset
191 3855 219 3905 et
233 3849 287 3905 boo
300 3863 357 3907 nou
379 3850 495 3919 laceret,
511 3854 665 3923 invideret,
692 3856 829 3915 Similiter
881 3866 909 3916 et
924 3867 995 3917 tuuc
1010 3858 1074 3916 vult
1088 3858 1133 3916 vel
1159 3872 1218 3914 uon
1233 3856 1296 3915 vult
1320 3870 1355 3913 ea
1383 3856 1477 3912 lacero
1504 3852 1549 3911 vel
1573 3849 1726 3908 dimittere.

79 3940 107 3990 to
132 3935 167 3992 de
195 3939 303 3994 mundo
330 3940 460 3998 sensibili
492 3950 622 4000 tractans
649 3943 719 4001 dicit
751 3947 829 4017 quod
881 3930 1025 4006 Etitarei
1054 3947 1163 4005 utilitas
1188 3946 1219 4003 in
1245 3946 1308 4016 ejus
1329 3942 1492 4016 cognitione
1508 3938 1651 4013 praecedit.
1681 3936 1729 3993 Sic

79 4036 113 4080 us
131 4025 272 4094 optimum
296 4027 371 4096 lecit,
397 4030 468 4100 quia
491 4030 586 4088 omnis
609 4032 719 4089 invidia
740 4035 777 4091 ab
796 4049 829 4094 eo
885 4035 977 4107 igitur
994 4050 1028 4093 ea
1043 4036 1135 4094 lacere
1150 4051 1217 4108 quae
1234 4035 1311 4104 iacit,
1330 4033 1402 4105 quia
1425 4039 1492 4089 suut
1505 4028 1646 4088 iacienda.
1669 4040 1728 4083 non

79 4117 108 4168 ta
125 4121 176 4169 est.
191 4113 272 4178 Quod
297 4115 387 4188 igitur
414 4118 455 4174 sic
481 4125 587 4176 cuncta
612 4120 722 4189 lecerit,
750 4123 829 4194 quod
883 4124 1153 4196 quialacerevelit.
1180 4124 1322 4194 Quocirca
1337 4121 1437 4193 procul
1461 4120 1548 4178 dnbio
1571 4115 1727 4189 depreben-

79 4198 206 4259 tiacere
232 4217 291 4259 non
320 4206 455 4275 potuerit,
485 4209 578 4264 sancti
605 4209 717 4266 dicunt.
746 4210 828 4279 Quod
883 4212 963 4269 ditur
977 4213 1174 4281 asserendum,
1184 4220 1290 4271 cuncta
1303 4221 1361 4269 tam
1376 4211 1548 4281 bonaquam
1563 4205 1640 4263 mala
1655 4203 1729 4263 ordi-

79 4290 218 4347 bominem
242 4292 385 4350 meliorem
406 4297 533 4367 potnerit
555 4297 653 4356 iecisse
676 4313 765 4370 quam
787 4299 827 4358 le·
843 4290 866 4347 D
882 4301 1033 4358 natissima
1042 4302 1252 4372 dispensatione
1266 4299 1511 4373 proviuere,quia
1522 4297 1565 4355 sic
1577 4295 1728 4362 eveniunt,

79 4376 133 4434 boo
154 4379 274 4450 quidem
296 4396 402 4455 negare
426 4398 484 4441 uon
509 4387 661 4445 audemus.
689 4388 741 4445 Sed
767 4389 828 4446 baec
882 4391 1068 4448 conveniunt.
1098 4392 1177 4463 qnod
1200 4389 1420 4449 convenientius
1444 4387 1559 4446 evenire
1580 4399 1639 4444 uon
1664 4397 1726 4457 pos·

79 4467 158 4524 vatio
179 4469 303 4538 adrem,
323 4487 380 4529 non
395 4473 431 4530 ad
448 4475 541 4544 ipsum
557 4476 651 4533 Deum
676 4477 827 4535 relereuda
880 4488 963 4537 suut.
981 4481 1062 4537 Unde
1075 4481 1277 4554 Augustinus:
1294 4480 1364 4537 adeo
1379 4480 1455 4536 Deus
1478 4477 1571 4535 bonus
1594 4474 1727 4547 estquod

79 4555 104 4610 io
124 4555 232 4628 aliquis
255 4557 324 4615 lacit
344 4562 487 4631 csypbum
502 4577 624 4622 aureum
638 4572 666 4622 et
682 4568 827 4638 csypbum
881 4569 959 4626 mala
974 4570 1036 4627 deri
1049 4584 1109 4627 non
1129 4572 1246 4638 sineret,
1267 4570 1321 4627 nisi
1337 4570 1446 4627 bouum
1465 4573 1538 4624 esset
1560 4565 1635 4623 mala
1654 4579 1729 4622 esse.

79 4657 117 4708 m,
143 4658 201 4702 nou
222 4647 327 4704 melius
352 4647 420 4705 lacit
444 4663 569 4709 aureum
589 4668 679 4725 quam
701 4658 827 4714 vitreum
880 4659 989 4716 lisdem
1002 4660 1080 4717 enim
1099 4660 1209 4718 ratione
1224 4673 1283 4732 qua
1296 4660 1359 4715 vult
1380 4658 1457 4716 bona
1479 4670 1550 4725 esse,
1573 4656 1644 4727 quia
1663 4669 1730 4713 con·

79 4731 211 4804 letiorem,
236 4735 307 4806 quia
335 4736 436 4794 melior
462 4745 505 4795 est
530 4752 638 4798 aureus
663 4757 753 4815 quam
781 4745 824 4803 vi·
880 4748 1001 4805 veniens
1015 4757 1058 4806 est
1076 4762 1110 4806 ea
1124 4763 1195 4817 esse,
1206 4749 1306 4805 eadem
1321 4748 1432 4804 ratione
1446 4745 1510 4803 vult
1524 4753 1552 4803 et
1565 4745 1642 4802 mala
1655 4758 1729 4812 esse,

881 4839 952 4909 quia
966 4837 1052 4906 sicut,
1069 4852 1253 4910 quacunque
1276 4852 1335 4895 uon
1356 4836 1424 4909 sinit
1438 4850 1498 4893 esse
1517 4832 1729 4893 rationabiliter

79 4925 89 4967 ι
112 4910 210 4983 itaque
229 4927 422 4986 quacumque
441 4915 539 4984 iaciat,
563 4918 607 4975 sic
629 4917 717 4977 iaciat
741 4931 827 4994 prout
880 4941 940 4983 non
963 4927 1041 4993 sinit,
1071 4927 1112 4983 sic
1140 4942 1325 5000 quaecuuque
1351 4925 1491 4998 permittit
1518 4924 1729 4982 rationabiliter

84 5012 119 5054 ea
148 5000 278 5058 iacienda
305 5017 376 5072 esse,
406 5013 434 5060 ει
462 5011 503 5062 tot
522 5005 609 5064 laniat
631 5017 702 5080 quot
724 5025 828 5070 conve·
880 5029 941 5072 csse
955 5016 1095 5086 permittit
1111 5016 1156 5072 vel
1176 5016 1262 5072 etiam
1279 5016 1415 5086 disponit.
1436 5014 1517 5084 Quod
1532 5014 1727 5086 quidemspe-

79 5094 119 5144 est
145 5088 217 5156 lieri,
248 5098 317 5148 tunc
332 5095 355 5150 si
384 5093 468 5153 aliter
502 5097 607 5154 laceret
626 5097 671 5155 vel
696 5099 720 5157 si
743 5101 827 5170 plura
881 5109 939 5159 ctat
968 5109 1061 5159 totum
1090 5104 1126 5160 ad
1155 5104 1218 5174 ejus
1250 5105 1388 5174 maiorem
1419 5103 1553 5174 gloriam.
1580 5102 1627 5159 Sic
1649 5101 1727 5159 euim

79 5175 179 5233 noiora
204 5177 309 5237 laceret
336 5196 426 5253 quam
441 5183 539 5254 iaciat,
565 5186 773 5247 inconveniens
786 5205 829 5249 es·
882 5190 985 5262 aliqua¹
1004 5191 1120 5260 pictura
1143 5190 1318 5263 quandoque
1334 5192 1483 5263 pulchrior
1499 5198 1528 5249 et
1546 5191 1728 5249 commenda·

87 5263 193 5325 iaceret
214 5276 316 5326 contra
335 5272 476 5330 rationem
494 5282 523 5332 et
548 5275 720 5347 sapientiam
743 5293 827 5338 suam
880 5281 967 5340 bilior
978 5280 1111 5339 redditur
1121 5280 1251 5352 apposito
1272 5280 1372 5352 aliquo
1396 5279 1490 5338 colore
1513 5277 1623 5347 viliori,
1638 5291 1728 5350 quam

87 5439 173 5499 Forte
187 5439 243 5513 leg.
261 5457 301 5498 ae.
919 5456 974 5527 (20)
985 5455 1084 5528 Suppl.
1096 5457 1216 5525 fecisset.
