3804 5962
79 217 131 274 899
349 212 452 268 PETRI
469 210 656 267 dBAELARDl
676 208 751 266 OPP.
773 207 862 265 PARS
881 208 934 265 111.
947 237 982 251 -
998 205 1256 266 rmnosolnlca
1275 205 1322 264 ΕΤ
1338 207 1575 267 ranunculus.

76 342 197 414 agendo.
223 336 398 410 Impossibile
422 337 521 408 itaque
544 342 607 394 erat
632 335 689 408 legi
713 348 764 407 per
789 332 909 393 obedien
936 332 1037 403 Abel,
1056 341 1084 392 ει
1102 340 1241 407 praeterea
1264 333 1379 402 Christi,
1408 334 1503 406 ipsum
1526 331 1652 403 prolecto
1666 331 1725 391 Chr

78 435 146 490 tiam
161 429 208 488 sni
223 427 515 500 pcccatnmauierre3
531 440 598 483 cum
617 425 750 496 perlecta,
771 430 804 481 nt
819 423 947 482 dictum.
982 425 1067 496 cujus
1091 425 1176 480 etiam
1208 423 1266 480 dici
1294 423 1426 480 divinum
1453 421 1599 494 spiritum,
1629 421 1726 480 dictun

76 527 128 590 est,
145 533 204 576 non
220 517 339 574 haberet
358 523 509 586 praecepta.
526 515 569 571 Ad
592 527 681 585 quam
703 513 847 584 praecipne
863 526 927 585 per·
951 556 959 568 .
981 512 1168 569 demonstrat.
1186 513 1330 579 sicaetera,
1352 525 1386 567 ac
1410 511 1434 567 si
1459 510 1584 568 diceret:
1615 510 1669 568 Sed
1692 526 1725 582 sp

76 609 227 668 sectionem
244 605 449 662 infirmabatur
463 610 491 661 ει
519 603 730 674 impediebatur
751 607 867 674 propter
885 602 928 657 in·
980 600 1086 659 Christi
1107 601 1157 658 Dei
1184 601 1340 658 habemus:
1361 601 1438 673 quod
1462 608 1505 658 εει
1524 600 1629 669 dicere,
1649 601 1674 657 si
1695 601 1726 660 cl

76 692 522 768 solentispopulicarnalitatem.
979 691 1181 762 perspiritum
1207 705 1305 758 suum,
1330 690 1423 748 idest
1449 704 1501 761 per
1531 691 1654 762 gratiam
1683 691 1726 747 dot

113 788 166 855 Qut
181 788 260 843 enim
275 783 431 841 secondom.
448 785 481 840 ln
498 781 581 839 nobis
604 781 667 838 dico
687 780 855 852 impieretur
877 793 927 851 per
979 793 1113 848 suorum,
1140 787 1238 850 utpote
1260 779 1456 837 remissionem
1475 787 1668 850 peccatorum,
1685 788 1714 837 ει

75 877 220 937 Christum
236 874 286 946 qui
306 873 370 945 ejus
386 871 518 928 doctrina
544 878 572 927 et
597 870 739 940 exemplo,
765 874 793 926 et
811 881 926 925 summa
981 867 1086 925 tionem
1107 868 1250 926 virtutum
1276 871 1306 926 in
1329 869 1414 927 nobis
1438 875 1495 926 est:
1520 870 1622 940 corpus
1646 870 1726 940 potue

75 968 125 1024 illa
152 963 301 1024 charitatis
330 961 508 1020 exhibitione
534 957 708 1031 spirituales,
736 972 789 1030 per
814 957 926 1015 deside·
978 962 1067 1013 strum
1083 962 1222 1014 mortuom
1236 963 1285 1027 est,
1303 959 1331 1015 id
1347 966 1389 1016 est
1398 959 1540 1029 corporali
1555 959 1640 1017 morti
1650 960 1726 1018 obno

75 1056 153 1114 rium
172 1052 303 1112 carnales
330 1049 423 1108 ellecti
450 1063 562 1106 sumus.
592 1049 628 1105 Et
642 1048 696 1104 hoc
719 1055 771 1115 est,
797 1048 847 1118 qui
871 1062 926 1101 ooo
981 1047 1098 1120 Propter
1109 1053 1261 1118 peecatum,
1278 1047 1386 1106 scilicet
1403 1049 1563 1119 primorum
1585 1056 1726 1120 parentun

75 1145 245 1201 ambulamus
271 1138 421 1199 secundam
442 1154 563 1206 caraem,
584 1137 670 1194 idest
696 1134 863 1210 carnalibus
876 1136 924 1193 de·
978 1136 1104 1194 carnalis
1122 1137 1359 1208 concupiscentie
1380 1137 1538 1206 maculam,
1554 1137 1584 1193 in
1607 1152 1668 1209 qua
1689 1145 1726 1195 εει

74 1234 187 1291 sideriis
206 1233 268 1304 iam
287 1245 345 1287 non
371 1227 550 1296 inducimur,
570 1227 618 1283 sed
644 1227 738 1299 gratia
756 1225 817 1293 bei,
839 1226 867 1282 id
883 1232 925 1282 εει
979 1234 1104 1297 ceptum.
1121 1227 1175 1284 Sed
1195 1229 1312 1297 spiritus
1340 1232 1431 1282 noster
1449 1229 1640 1297 eicitpropter
1648 1227 1726 1298 jactel

76 1322 186 1394 Spiritu
206 1329 304 1378 sancto
332 1317 472 1390 regimur,
489 1324 516 1374 et
545 1317 580 1372 dc
604 1315 712 1373 virtute
733 1315 764 1372 in
787 1315 925 1372 virtutem
978 1332 1048 1386 aem,
1065 1315 1094 1373 id
1108 1325 1151 1373 est
1165 1330 1201 1373 ex
1214 1316 1372 1374 virtutibus
1385 1331 1450 1388 quae
1465 1331 1533 1373 eum
1553 1315 1726 1388 iustillcant,

76 1424 290 1483 promovemur.
308 1408 359 1475 Qui
379 1409 459 1464 enim.
476 1405 542 1461 Dixi
556 1403 709 1476 justificari
724 1417 772 1462 eos
793 1403 845 1476 qui
866 1416 925 1460 non
978 1410 1035 1461 tem
1055 1403 1249 1461 damnationis
1268 1403 1365 1461 evitat.
1392 1405 1433 1460 dc
1467 1404 1491 1459 si
1513 1413 1610 1475 aperte
1629 1404 1721 1461 dicat:

77 1499 237 1557 secundnm
259 1512 385 1564 carnem,
401 1496 449 1552 scd
478 1495 639 1552 secundum
665 1494 800 1566 spiritum
824 1492 926 1550 ambu-
980 1493 1009 1550 in
1033 1493 1146 1550 Christo
1175 1493 1371 1551 remissionem
1403 1493 1489 1550 etiam
1524 1493 1648 1550 carnalis
1679 1494 1726 1558 ori,

77 1588 148 1646 lant.
165 1588 327 1655 Etmerito,
355 1585 425 1658 quia
444 1585 496 1656 qui
524 1583 684 1641 secundum
711 1595 828 1639 carnem
844 1588 922 1650 sunt,
979 1583 1086 1654 peccati
1111 1595 1335 1654 consequamur,
1362 1581 1447 1652 cujus
1466 1581 1584 1654 quidem
1610 1598 1688 1640 mors
1717 1599 1726 1656 1

76 1678 162 1735 idest
190 1676 357 1734 carnalibus
383 1672 532 1730 desideriis
557 1671 669 1741 irretiti,
692 1670 879 1743 illasaptont,
895 1671 924 1728 id
978 1672 1064 1747 etiam
1084 1673 1180 1729 carnis
1198 1679 1242 1729 est
1266 1686 1361 1743 poena,
1394 1680 1573 1729 nontamen
1599 1673 1677 1730 hanc
1706 1686 1725 1730 a

76 1773 118 1824 εει
137 1765 254 1823 illorum
268 1762 472 1836 experimentis
495 1769 631 1829 utuntur,
661 1776 721 1827 que
736 1761 828 1817 cornis
848 1764 924 1828 suot,
977 1775 1093 1833 poenam
1103 1759 1154 1832 qui
1169 1761 1290 1818 removit
1304 1774 1433 1817 causam.

76 1856 164 1912 idest
188 1869 254 1926 quae
277 1853 409 1910 carnales
438 1851 561 1908 attinent
579 1849 751 1921 voluptates.
778 1849 833 1919 Qui
855 1863 924 1906 vero
1014 1850 1095 1908 Unde
1115 1864 1172 1906 non
1193 1849 1313 1906 minima
1329 1849 1390 1906 lieri
1417 1849 1537 1920 quaestio
1563 1848 1642 1918 solet,
1665 1864 1726 1923 qua

74 1943 235 2001 secundnm
249 1942 384 2013 spiritum
406 1947 485 2008 sunt,
503 1940 531 1996 id
553 1938 661 2011 estqui
678 1938 858 2010 spiritalibus
880 1953 926 1995 ae
979 1940 1187 2011 delicetpoena
1207 1940 1269 1997 haec
1292 1947 1459 1997 reservatur
1486 1941 1536 1997 ubi
1565 1947 1726 2011 peccatum,

75 2033 241 2090 cenduntur
253 2030 412 2098 desideriis,
429 2028 558 2086 sentiunt
577 2028 754 2099 experiendo
772 2029 848 2086 dona
862 2027 925 2099 ipsa
978 2029 1042 2101 ejrrs
1055 2043 1143 2086 causa
1163 2037 1215 2097 cst,
1238 2028 1429 2096 condonatur,
1447 2029 1543 2100 utqui
1564 2029 1698 2088 videlicet
1722 2032 1726 2088 i

75 2121 198 2193 Spiritus
210 2119 312 2177 sancti.
339 2119 408 2176 Nom
421 2117 582 2190 prudentio.
602 2115 676 2174 Vere
695 2116 746 2188 qui
763 2117 922 2174 secundum
978 2119 1086 2191 ptismo
1099 2118 1213 2189 plenam
1231 2124 1413 2188 pcccatorum
1432 2117 1629 2177 remissionem
1649 2121 1726 2192 perci

75 2224 192 2267 carnem
206 2217 283 2275 sunt,
302 2223 368 2280 quae
396 2207 492 2265 carnis
507 2214 576 2264 sunt
604 2205 731 2277 sapiunt,
764 2206 835 2277 quia
849 2221 925 2264 mor·
977 2208 1074 2264 statim
1092 2207 1170 2263 illam
1180 2206 1281 2263 saltem
1296 2221 1386 2278 quam
1397 2207 1425 2263 in
1440 2208 1574 2278 paradiso
1589 2215 1656 2265 ante
1675 2224 1726 2280 pcc

76 2307 133 2356 tem
157 2299 264 2356 scilicet
288 2298 403 2364 animae,
424 2296 513 2353 idest
535 2296 761 2362 damnationem,
782 2309 835 2366 per
861 2295 924 2367 ipsa
977 2296 1133 2364 habebant,
1162 2295 1405 2353 immortalitatem
1435 2297 1632 2367 recuperent?
1659 2298 1705 2356 Ad

76 2388 242 2446 carnalium
275 2386 481 2444 desideriorum
497 2384 707 2455 experimenta,
728 2397 794 2455 quae
819 2398 871 2441 nos
882 2384 923 2441 al·
978 2385 1096 2458 quidem
1123 2385 1310 2456 questionem
1334 2385 1511 2443 isidorusde
1539 2401 1653 2444 summo
1677 2388 1726 2445 bor

75 2478 192 2545 liciunt,
232 2476 427 2548 acquirimus:
457 2473 532 2530 sicut
556 2487 572 2529 ε
600 2471 744 2529 contrario
769 2460 929 2543 prudentia
978 2475 1121 2546 spondens
1136 2474 1187 2531 lib.
1204 2492 1222 2539 1,
1240 2489 1304 2546 cap.
1320 2477 1366 2543 ιιι,
1390 2475 1449 2531 ait:
1475 2475 1567 2531 «Sia
1592 2490 1676 2547 prena
1691 2491 1727 2549 pr

72 2561 206 2636 spiritus,
232 2563 261 2620 id
288 2570 330 2620 est
351 2560 529 2630 experientia
556 2558 699 2616 virtutum
725 2559 921 2617 othonorum
977 2564 1110 2622 homines
1120 2563 1313 2621 liberarentur
1337 2578 1387 2636 per
1404 2565 1592 2636 baptismum,
1612 2567 1708 2637 ipsum

77 2655 127 2712 Dei
141 2656 199 2711 cita
214 2653 288 2711 fiunt
304 2651 387 2709 nobis
402 2654 428 2705 et
439 2665 508 2720 pcc,
535 2648 564 2705 id
587 2656 629 2705 est
640 2648 767 2719 quietam
784 2648 821 2706 ab
844 2648 923 2705 omni
977 2662 1042 2711 rent
1067 2653 1200 2724 baptismi
1229 2653 1365 2724 pretium,
1391 2668 1450 2710 non
1474 2653 1545 2711 illud
1576 2663 1726 2713 aeternum.

76 2744 294 2815 Ρθΐῑῦΐῧᾶῑίθῦθ
319 2740 471 2798 ⁰011f⁰i⁰1¹i
495 2738 595 2793 Vitam·
620 2739 754 2804 &witlam
775 2738 921 2809 sapientia.
977 2742 1070 2800 soluto
1082 2749 1164 2800 reatu
1181 2742 1301 2813 peccati,
1317 2751 1415 2800 manet
1439 2751 1536 2800 tamen
1565 2744 1726 2815 quaedamt

76 2834 142 2892 ldeo
175 2831 329 2904 prudentia
350 2829 447 2887 carnis
470 2834 590 2885 mortem
623 2825 758 2898 acquirit,
782 2827 923 2898 qutaneo
976 2831 1154 2901 relispoena,
1177 2838 1209 2888 ut
1224 2831 1274 2888 illa
1301 2831 1459 2888 ferventius
1488 2835 1548 2888 sita
1566 2834 1726 2905 requiratur

75 2923 220 2982 contraria
247 2928 289 2978 εει
317 2927 345 2976 ει
369 2917 487 2976 omnino
512 2915 675 2988 displicens.
704 2915 741 2971 Ει
769 2928 860 2986 quare
876 2916 923 2971 di·
939 2928 960 2986 c
976 2919 1030 2977 erit
1050 2933 1067 2976 a
1090 2919 1182 2990 poenis
1214 2919 1347 2977 omnibus
1369 2919 1473 2977 aliena.
1498 2919 1568 2989 Quis
1587 2923 1695 2979 etenim
1716 2938 1726 2980 r

76 3012 194 3085 spliceat
208 3009 304 3068 statim
328 3007 464 3074 annectit,
479 3005 549 3077 quia
563 3004 618 3075 legi
631 3003 681 3060 hei
706 3016 764 3059 non
791 3009 834 3060 est
856 3003 924 3062 sub-
977 3022 1076 3066 omnes
1097 3008 1155 3065 iere
1179 3007 1310 3064 homines
1325 3008 1391 3080 plus
1415 3010 1600 3080 temporalem
1620 3010 1712 3069 vitam

73 3103 160 3175 jecta,
182 3100 211 3157 id
239 3106 282 3156 est
306 3094 455 3167 preceptis
483 3092 589 3150 divinis
617 3091 732 3149 obedire
759 3106 818 3148 non
842 3092 920 3150 sinit.
976 3105 1112 3154 aeternam
1136 3105 1279 3168 appetere,
1302 3112 1369 3154 cnm
1389 3111 1491 3168 proco
1514 3113 1604 3170 quam
1627 3101 1726 3157 retinet

73 3193 165 3263 Neque
196 3190 266 3244 euim
289 3189 389 3257 polest,
415 3181 607 3241 obedientiam
641 3180 690 3237 Dei
718 3194 845 3237 servare·
871 3181 923 3247 Qui
976 3193 1097 3258 possunt
1120 3186 1212 3242 multo
1232 3186 1357 3257 amplius
1377 3200 1466 3258 quam
1482 3201 1533 3259 pro
1551 3196 1660 3245 aeterna
1680 3188 1726 3247 lab

75 3286 175 3336 eutem.
200 3275 328 3347 Exponit
349 3273 420 3345 qnid
446 3270 616 3342 sapientiam
645 3270 742 3327 carnis
760 3269 837 3327 dicat
865 3272 922 3328 lico
976 3282 1004 3332 et
1028 3274 1094 3346 plus
1115 3275 1244 3345 corporis
1263 3289 1351 3346 quam
1374 3277 1479 3331 animae
1507 3286 1628 3334 mortem
1656 3292 1726 3349 pave

75 3367 233 3432 inimicam,
248 3364 304 3421 hoc
317 3369 360 3419 cst
379 3374 439 3419 csse
453 3361 483 3418 in
500 3373 598 3428 carne,
615 3358 697 3416 idest
711 3358 740 3416 in
755 3358 923 3417 carnalibus
975 3365 1070 3436 magis
1090 3363 1237 3421 sollicitari
1256 3364 1290 3421 de
1306 3366 1453 3437 presentis
1477 3366 1544 3422 vitm
1574 3367 1716 3426 aerumnis

74 3455 207 3513 delectari
227 3451 435 3523 voluptatibus,
451 3458 479 3507 ει
508 3463 559 3521 per
583 3449 637 3506 hoe
661 3448 820 3519 displicere.
851 3448 923 3506 Con·
976 3452 1108 3510 luturaei
1131 3452 1160 3508 Si
1180 3453 1270 3525 hujus
1289 3454 1388 3525 itaque
1411 3454 1545 3511 animalis
1568 3456 1636 3513 vitae
1660 3456 1726 3516 lelio

74 3541 214 3599 tinnatio:
231 3541 297 3597 Dixi
313 3540 483 3613 sapientiam
507 3538 603 3595 carnis
625 3537 771 3595 inimicam
786 3539 852 3608 lieo,
870 3553 923 3595 nec
976 3556 1006 3599 se
1020 3542 1149 3599 detinere
1172 3541 1362 3611 considerent,
1379 3543 1506 3614 amplius
1521 3543 1560 3600 ad
1577 3545 1713 3603 Ecclesiae

74 3632 136 3688 sine
157 3645 256 3700 cansa,
283 3631 332 3688 sed
358 3631 421 3687 idco
448 3629 520 3700 quia
544 3631 593 3696 qui
616 3632 646 3682 ia
667 3643 748 3683 corne
767 3632 842 3692 sunt,
866 3636 918 3685 eto.
977 3638 1074 3688 menta
1097 3638 1212 3701 propter
1238 3631 1322 3687 istam
1343 3646 1431 3703 quam
1458 3642 1574 3704 propter
1592 3642 1726 3694 aeternam

76 3724 131 3778 Vos
155 3725 256 3777 cotem.
279 3719 321 3778 Ne
335 3720 519 3792 desperarent
534 3717 788 3789 Romani,quibns
810 3717 922 3774 scribe·
976 3728 1122 3791 pararent,
1140 3728 1167 3777 et
1182 3719 1272 3791 huius
1296 3721 1494 3793 qualicunque
1513 3723 1662 3796 relrigerio
1688 3740 1726 3784 cot

75 3810 132 3877 bat,
161 3810 310 3867 audientes
339 3809 416 3880 quod
433 3808 484 3880 qui
501 3806 787 3863 incarnesunthec
810 3804 922 3875 placere
977 3809 1055 3865 illius
1079 3809 1282 3879 protectionem
1314 3809 1413 3881 gloriae
1444 3811 1489 3868 vel
1518 3813 1637 3869 omnino
1662 3823 1726 3872 conl

73 3914 132 3957 non
147 3907 278 3971 possunt,
307 3898 390 3970 quasi
416 3904 533 3969 propter
554 3909 584 3952 se
607 3894 694 3952 etiam
710 3893 821 3951 dictum
836 3902 920 3963 esset,
976 3905 1050 3964 rent,
1067 3897 1110 3954 vel
1122 3897 1218 3953 minus
1227 3905 1404 3969 appeterent,
1422 3898 1452 3955 in
1467 3901 1520 3957 hoc
1538 3901 1600 3972 ipso
1620 3901 1726 3976 iniqui,

73 3988 301 4047 consolatureos
321 3987 435 4044 dicens:
460 3985 518 4044 Vos
534 3991 631 4042 autem
653 3983 747 4056 gratia
776 3981 826 4041 Dei
847 3983 920 4055 jam,
975 3987 1178 4044 summobono
1199 3986 1321 4043 inferius
1342 3996 1557 4059 anteponerent.
1576 4013 1590 4041 lt

72 4094 126 4134 oon
140 4082 205 4134 estis
216 4080 247 4132 io
261 4093 352 4145 corae,
377 4076 425 4132 sed
439 4077 468 4129 ia
495 4078 608 4145 spiritu,
628 4071 714 4130 idest
733 4085 793 4128 non
810 4072 839 4129 in
854 4086 921 4128 car-
1011 4074 1126 4142 Quodsi
1153 4077 1280 4146 spiritus.
1311 4076 1377 4133 Dixi
1390 4078 1460 4149 quia
1474 4093 1579 4150 corpus
1600 4087 1726 4140 nostrnn

72 4166 200 4234 natibus,
223 4167 272 4224 sed
293 4163 492 4236 spiritualibus
524 4161 682 4220 desideriis.
702 4161 739 4218 ut
764 4161 920 4218 neiterum
977 4172 1128 4235 tuumest,
1164 4164 1192 4221 id
1216 4173 1259 4222 εει
1287 4165 1372 4222 morti
1387 4167 1537 4238 temporali
1555 4169 1720 4242 subjectum

72 4255 107 4312 de
124 4256 177 4314 hoc
192 4256 270 4328 quod
285 4262 409 4312 testatur
432 4252 517 4324 quasi
531 4257 628 4309 certus
650 4258 724 4308 εεεει
738 4249 836 4319 nimis,
854 4263 921 4306 con·
976 4260 1035 4322 net,
1051 4253 1137 4310 etiam
1160 4260 1222 4324 post
1249 4253 1446 4312 remissionem
1469 4264 1651 4326 peccatorum
1679 4272 1727 4317 om

73 4343 193 4401 tidenter
214 4352 242 4401 et
258 4343 294 4400 ad
306 4341 472 4414 superbiam
487 4341 614 4412 amplius
635 4339 837 4408 incitarentur,
854 4338 921 4410 qui·
976 4341 1028 4398 Sed
1057 4342 1093 4399 ab
1110 4343 1164 4399 hac
1183 4343 1270 4400 ctiam
1285 4343 1458 4401 mortalitate
1475 4345 1571 4416 ipsum
1600 4345 1724 4407 liberabi

72 4431 128 4490 bus
154 4433 281 4489 maxime
318 4431 355 4487 ad
377 4430 532 4487 elationem
572 4442 673 4487 eorum
705 4426 920 4498 reprimendam
975 4431 1196 4500 resurrectione,
1213 4438 1246 4488 nt
1269 4446 1327 4489 non
1342 4433 1437 4490 solum
1452 4435 1590 4506 animam,
1616 4450 1719 4496 verum

71 4521 182 4590 scribit,
209 4519 293 4593 quasi
326 4520 490 4577 dubitative
511 4519 564 4576 hoc
579 4532 610 4574 se
635 4515 762 4595 profiteri
777 4514 919 4584 insinuat,
974 4519 1193 4590 corpusdirina
1226 4520 1366 4593 glorificet
1383 4524 1487 4594 gratia.
1502 4524 1537 4581 Et
1552 4525 1608 4582 hoc
1619 4533 1662 4583 est
1677 4541 1726 4599 qut

70 4609 186 4667 dicens:
203 4610 339 4665 seleman
364 4612 491 4681 spiritus,
521 4609 574 4665 hoc
593 4613 634 4664 est
652 4605 786 4677 spiritum
802 4603 852 4661 liei
868 4604 918 4660 ha·
973 4611 999 4666 si
1009 4609 1205 4680 spiritcsejos,
1217 4609 1294 4667 idest
1305 4611 1407 4680 Patris,
1420 4613 1498 4684 quod
1509 4613 1642 4672 videlicet
1654 4617 1726 4674 Patr

71 4699 144 4757 betis
171 4698 364 4756 habitatorem
402 4697 499 4768 potius
526 4709 617 4770 quam
644 4694 796 4767 hospitem,
825 4693 921 4751 idest
972 4711 1011 4753 na
1025 4696 1187 4768 specialiter
1199 4697 1369 4770 designatur
1379 4700 1515 4770 potentia.
1537 4703 1616 4772 Ejus,
1634 4703 1726 4775 inqua

70 4794 288 4859 permanentem
308 4788 337 4843 in
365 4786 447 4844 robis
475 4799 525 4856 per
554 4784 764 4842 inhahitantem
795 4782 919 4856 gratiam
974 4801 1024 4859 per
1048 4785 1195 4859 propriam
1221 4788 1377 4858 potentiam
1394 4791 1540 4846 suscitavit
1563 4791 1625 4862 jam
1649 4807 1726 4865 capu

71 4890 164 4946 suam,
179 4892 238 4935 non
252 4875 365 4934 avobis
373 4875 551 4932 recedentem
563 4873 610 4931 vel
626 4886 676 4945 per
690 4886 742 4930 vos
764 4879 919 4930 transeun-
973 4884 1067 4934 strum
1086 4878 1241 4946 amortuis,
1258 4877 1287 4933 id
1306 4884 1348 4934 εει
1374 4879 1477 4946 lesum,
1501 4878 1647 4950 habitans,
1663 4889 1696 4938 ut
1712 4881 1726 4939 d

70 4972 138 5023 tem.
154 4965 303 5031 Quantum
319 4970 416 5022 autem
429 4963 466 5020 sit
490 4961 652 5035 perieulum
683 4961 787 5034 spiritu
801 4962 852 5018 bet
870 4975 920 5018 ca·
972 4967 1016 5022 est
1030 4964 1060 5021 in
1073 4964 1166 5030 nobis,
1183 4965 1244 5036 ipse
1271 4964 1347 5022 idem
1365 4966 1416 5038 qui
1431 4968 1581 5027 suscitarit
1593 4969 1693 5027 iesum
1712 4985 1726 5029 n

70 5068 133 5113 rere
156 5057 284 5113 annectit
303 5053 419 5112 dicens:
445 5051 566 5120 Quodsi
595 5054 657 5120 puis
675 5067 729 5108 ooo
753 5051 834 5107 habet
859 5053 918 5122 spi·
972 5054 1149 5123 infirmitate,
1164 5054 1213 5112 sed
1241 5061 1374 5124 amorte,
1400 5063 1454 5112 etc.
1480 5057 1545 5114 ideo
1573 5059 1726 5118 resuscitat

69 5149 155 5201 ritum
170 5145 281 5215 christi,
310 5145 353 5200 bic
379 5159 434 5200 ooo
448 5147 488 5199 est
503 5142 573 5213 ejece
594 5141 727 5199 videlicet
742 5140 918 5212 membrum,
972 5143 1079 5200 Christi
1105 5142 1216 5215 repetit,
1240 5151 1275 5200 ut
1303 5158 1337 5201 ea
1354 5145 1462 5216 saepins
1486 5156 1647 5205 memorata
1662 5163 1726 5207 secu

70 5235 141 5306 quia
158 5235 279 5309 spiritns
299 5235 363 5305 ejus
378 5235 438 5306 ipse
456 5241 498 5291 est
525 5244 606 5290 amor
624 5239 652 5290 et
670 5230 835 5300 vinculum,
859 5244 919 5303 quo
972 5245 1024 5290 nos
1053 5232 1161 5290 reddat.
1190 5233 1345 5303 vivificabit
1372 5237 1454 5290 etiam
1479 5241 1575 5293 nostro
1602 5239 1726 5296 mortalit

70 5322 139 5380 huic
156 5325 241 5398 capiti
264 5324 395 5382 membra
412 5336 467 5382 sua
481 5323 636 5381 coherent.
661 5321 700 5378 [ιε
723 5335 783 5393 qno
799 5320 919 5393 quidem
970 5335 1048 5393 porc,
1071 5330 1104 5379 ut
1127 5321 1258 5379 eamdem
1287 5323 1509 5401 resurrectionis
1536 5326 1657 5399 gloriam
1674 5327 1708 5387 in

70 5410 176 5483 spiritu
199 5410 360 5487 specialiter
389 5412 506 5483 dicitnr,
527 5412 599 5485 quia
625 5413 697 5470 Dect
727 5411 850 5469 chemae
878 5413 919 5467 εει
970 5417 1000 5469 ει
1013 5409 1143 5469 membra
1155 5409 1339 5484 participent,
1353 5412 1514 5474 viridoabit
1527 5430 1586 5475 non
1601 5419 1726 5492 quomod

71 5498 99 5574 (ι
113 5503 194 5561 som.
228 5515 270 5573 rr,
289 5502 329 5577 ε).
360 5501 433 5562 dum
458 5508 555 5563 auem
574 5500 669 5575 primo
693 5498 768 5560 dixit
781 5498 918 5574 spiritum
970 5511 1043 5573 pora
1060 5498 1260 5574 reproborum,
1275 5514 1342 5576 quae
1355 5502 1502 5576 passibilia
1521 5513 1726 5580 eructetur
