3804 5962
15 181 67 236 ιιι
479 181 785 242 rnmroanmam
804 159 1291 274 orr.ransr.-·nr1sronlu.

18 300 77 359 dua
95 299 191 358 carnis
211 299 395 374 suggestione
417 302 576 360 reservavit
593 303 629 361 ad
646 305 776 378 martyrii
791 319 869 364 mro·
882 305 908 363 A
922 303 1035 377 impleri
1048 301 1171 375 diderat,
1187 303 1344 363 oraticnem
1359 317 1478 378 qnoque
1496 304 1599 377 ipsam,
1611 319 1692 380 quart

17 402 97 447 nam.
118 388 200 456 Quod
221 389 286 447 licet
302 395 328 447 te
349 390 451 448 audire
472 390 574 449 taedeat
587 399 615 450 et
630 393 686 452 dici
701 394 864 466 prohibeas,
920 393 1003 453 nobis
1025 393 1146 451 bomine
1164 392 1307 466 supplices
1321 392 1430 461 dicatis,
1455 409 1637 466 componere,
1653 404 1680 455 et

17 479 125 536 veritas
138 484 234 535 tamen
249 478 277 535 id
296 477 427 551 loquitur
443 480 603 538 manilesta.
620 480 674 540 Cui
697 484 774 542 enim
788 497 867 541 sem-
920 489 981 544 tore
992 483 1045 541 tibi
1056 483 1213 541 maturavi.

18 580 70 640 per
87 573 128 624 est
142 580 253 639 pugna,
275 575 404 638 superest
428 575 457 625 et
475 582 601 640 corona;
618 572 761 643 quianon
782 587 867 631 coro·
957 576 1042 644 neus,
1062 572 1114 646 qui
1134 573 1248 645 abipso
1268 574 1404 631 bumana
1422 573 1577 632 creationis
1594 573 1693 632 erardi

19 654 139 712 nabitur
164 654 219 711 nisi
241 656 292 728 qui
315 656 443 727 legitime
467 659 620 716 certaverit
642 660 667 732 (l
685 663 753 718 Tim.
775 677 804 731 o,
827 662 865 735 5).
921 663 1001 720 mina
1029 663 1064 721 de
1091 670 1167 721 costa
1189 663 1247 721 viri
1273 663 1396 720 larmata
1423 663 1561 735 nuptialis
1586 663 1692 735 copula

20 744 88 800 iiibi
102 757 172 801 vero
194 743 276 801 nulla
293 752 423 817 superest
441 760 558 817 corona,
574 747 646 819 quia
665 748 747 807 nulla
769 751 868 809 subest
922 760 1103 811 crementum
1131 752 1291 810 marimum
1318 751 1450 821 sanxisti,
1481 752 1591 825 quique
1620 753 1690 810 imm

19 832 186 890 certaminis
199 847 298 890 causa.
314 834 397 891 Deest
416 835 536 892 materia
555 850 671 910 pugna,
688 838 735 896 cui
749 840 869 900 'ablatus
922 841 1082 900 bonoribus
1101 840 1149 900 vel
1171 841 1207 898 de
1230 841 1400 913 desponsata
1423 843 1579 908 nascendo,
1606 841 1651 900 rel
1679 857 1692 900 ι

21 928 63 979 est
92 922 229 980 stimulus
258 923 506 995 concupiscentia.
533 925 651 998 Aliquid
684 935 781 987 tamen
808 945 870 989 esse
923 930 989 988 cula
1013 930 1173 988 inchoando
1199 930 1317 1001 nuptias
1335 931 1509 1001 sublimasti,
1535 944 1692 1003 meaque<

21 1011 143 1082 aestimo,
168 1012 203 1082 si,
228 1027 295 1070 cum
320 1012 389 1070 binc
409 1013 521 1071 nuttam
544 1015 701 1088 percipiam
720 1032 868 1089 coronam,
922 1018 1088 1092 tragilitatis
1106 1017 1320 1077 incontinentiae
1339 1027 1490 1092 utcunque
1510 1018 1559 1077 tibi
1575 1019 1683 1092 placuit

21 1099 193 1158 nonnullam
215 1107 312 1158 tamen
337 1101 441 1160 evitem
465 1117 591 1175 poenam,
612 1112 640 1163 et
662 1106 759 1166 dolore
781 1107 871 1166 unius
924 1108 980 1167 boc
1014 1108 1173 1166 remedium
1211 1109 1364 1178 indulsisti,
1387 1124 1424 1166 ne
1456 1108 1596 1181 despicias
1628 1108 1692 1166 anci

21 1198 230 1247 momentanea
262 1205 354 1262 poena
389 1191 491 1249 multis
524 1191 655 1251 fortassis
683 1195 872 1269 indulgeatur
925 1205 982 1255 tuae
1006 1210 1113 1269 preces,
1138 1211 1212 1268 quas
1232 1212 1285 1267 pro
1307 1197 1377 1255 meis
1399 1198 1468 1270 ipsis
1487 1197 1627 1270 charique
1651 1212 1692 1254 me

20 1279 145 1337 aeternis.
172 1279 316 1351 Scriptum
342 1287 385 1337 est
409 1279 515 1353 quippe
536 1281 571 1340 de
589 1282 681 1356 hujus
702 1284 872 1343 miserrimae
924 1293 1066 1359 tanquam
1091 1285 1174 1358 meis]
1199 1287 1365 1346 excessibus
1396 1287 1427 1344 in
1459 1294 1612 1359 conspectu
1644 1302 1692 1358 ma

19 1368 88 1425 vitae
113 1368 292 1437 bominibus,
312 1368 369 1426 imo
389 1368 529 1441 jumentis
551 1388 559 1428 :
583 1391 598 1423 ι
626 1372 872 1445 computruerunt
925 1375 962 1434 tis
985 1383 1042 1433 tuae
1060 1375 1182 1447 supplex
1207 1373 1336 1433 aliunde.
1362 1378 1489 1449 ignosce,
1519 1376 1692 1448 abenignis:

20 1458 155 1530 jumenta
188 1457 219 1514 in
242 1458 418 1517 stercoribus
442 1458 503 1517 suis
527 1460 587 1533 (tob
608 1476 628 1532 1,
654 1460 707 1534 Π).
735 1482 750 1513 ›
775 1463 872 1522 ilinus
926 1462 983 1520 imo
1004 1463 1166 1536 benignitas
1195 1464 1273 1535 ipsa·,
1300 1464 1415 1536 ignosce
1435 1471 1463 1521 et
1489 1463 1576 1520 tantis
1602 1461 1692 1519 crimit

22 1560 141 1617 quoque
174 1547 310 1605 meritum
343 1561 441 1605 meum
466 1548 560 1607 minui
590 1565 763 1624 conqueror,
801 1552 871 1610 dum
927 1551 1041 1621 nostris,
1071 1559 1099 1609 et
1122 1551 1275 1609 ineffabilis
1298 1551 1500 1609 misericordiae
1528 1560 1585 1608 tnae
1609 1549 1691 1607 multi

22 1641 107 1691 tuum
127 1648 255 1694 crescere
276 1650 334 1694 non
354 1636 462 1695 diisrdc.
484 1637 582 1696 Unum
596 1640 703 1712 quippe
721 1655 823 1700 sumus
843 1642 872 1702 in
887 1605 909 1661 B
926 1654 993 1697 nem
1017 1640 1171 1712 culparum
1201 1648 1366 1697 nostrarum
1393 1639 1571 1696 immensitas
1594 1638 1692 1709 experi

23 1722 146 1793 Christo,
167 1739 227 1783 una
249 1739 301 1798 per
321 1725 413 1799 legem
428 1728 605 1816 matrimonii
623 1743 699 1787 caro.
725 1730 895 1804 Quidquid·
926 1728 1011 1797 Puni,
1032 1730 1158 1798 obsecro,
1186 1729 1216 1786 in
1239 1729 1371 1801 praesenti
1396 1743 1468 1797 reos,
1494 1735 1526 1786 ut
1546 1740 1649 1800 parcas
1670 1727 1692 1782 ir

23 1818 65 1890 est
80 1819 174 1884 tuum,
199 1814 271 1871 mibi
291 1830 351 1872 non
364 1815 496 1899 'arbitror
513 1817 651 1875 alionum.
671 1819 752 1878 'l'uus
776 1828 873 1879 autem
927 1825 1004 1876 turo.
1031 1818 1104 1875 Puni
1127 1818 1163 1874 ad
1186 1819 1296 1885 boram,
1318 1832 1355 1874 ne
1372 1817 1478 1889 punias
1502 1817 1532 1873 in
1552 1824 1692 1873 aeternum

23 1907 65 1958 est
83 1900 226 1972 cbristus,
242 1902 312 1975 quia
326 1902 403 1962 iacta
417 1919 447 1962 es
469 1906 660 1979 sponsaeque.
676 1908 713 1965 Et
727 1923 817 1978 nunc,
840 1916 873 1967 ut
928 1905 991 1976 cipe
1013 1905 1043 1961 in
1070 1919 1167 1964 servos
1194 1907 1308 1978 virgam
1338 1904 1531 1973 correctionis,
1554 1919 1612 1961 non
1644 1903 1691 1975 gla

23 2004 113 2062 supra
126 1992 255 2062 memini,
269 2007 315 2051 me
329 1993 419 2052 babes
440 2009 569 2065 serrum,
588 2010 676 2068 quem
691 1996 759 2056 clim
780 2012 873 2071 agno-
928 1993 1044 2051 luroris.
1069 1994 1174 2067 Altlige
1196 2008 1323 2064 carnem,
1346 2001 1380 2052 ιιι
1398 2007 1549 2051 conserves
1568 1994 1689 2049 animas.

24 2079 124 2137 scebas
148 2080 315 2154 dominnm3
341 2084 436 2156 magis
464 2083 515 2141 tibi
544 2092 640 2143 tamen
666 2100 763 2144 amore
794 2102 875 2145 nnnc
929 2084 969 2140 sis
983 2090 1134 2155 purgator,
1158 2097 1215 2139 non
1234 2082 1327 2152 ultor;
1348 2082 1492 2154 benignus
1513 2080 1606 2154 magis
1621 2095 1692 2152 quar

24 2168 167 2240 spirituali
179 2170 480 2245 conjunctum,quam
492 2172 595 2231 timere
609 2174 781 2246 subjectum.
794 2175 875 2234 Unde
929 2179 999 2230 stus.
1031 2172 1115 2228 Pater
1148 2172 1320 2240 misericors,
1361 2186 1419 2227 non
1456 2177 1590 2227 austerus
1625 2171 1692 2226 Dona

24 2262 52 2313 et
66 2256 101 2313 de
115 2263 166 2315 tuo
185 2259 268 2317 nobis
283 2261 360 2331 apud
379 2261 475 2332 ipsum
490 2263 650 2333 patrocinio
664 2264 875 2336 ampliuscon-
930 2262 1023 2319 Proba
1046 2275 1108 2330 nos,
1133 2261 1263 2331 Domine,
1287 2268 1315 2318 et
1343 2268 1431 2328 tenta,
1464 2259 1539 2317 sicut
1567 2259 1602 2317 de
1626 2273 1692 2316 sem«

24 2344 153 2416 fidimus,
169 2354 202 2404 ut
216 2347 245 2404 id
264 2349 408 2406 obtineam
422 2364 459 2407 ex
476 2357 527 2408 tna
542 2352 620 2422 quod
635 2367 694 2409 nen
708 2367 825 2425 possum
838 2369 875 2412 ex
930 2357 1013 2423 rogat
1039 2350 1179 2421 Propheta
1203 2350 1287 2424 (Psoi.
1314 2365 1382 2413 xxv,
1408 2348 1448 2420 t).
1471 2353 1511 2404 Ac
1529 2349 1553 2405 si
1581 2355 1678 2419 aperte

26 2435 156 2493 oratione
174 2438 301 2508 propria.
317 2438 352 2494 iit
376 2453 456 2496 nunc
479 2439 606 2497 maxime
623 2455 690 2513 cum
705 2442 876 2513 quotidiana
931 2447 993 2496 ret:
1018 2439 1103 2496 Prius
1134 2439 1210 2496 vires
1233 2438 1352 2509 inspice,
1381 2437 1593 2495 sesecundum
1615 2442 1692 2494 east

25 2522 221 2595 periculorum
242 2532 293 2584 aut
318 2527 569 2598 perturbationum
598 2529 736 2589 instantia
761 2546 814 2589 nec
834 2532 877 2590 vi·
931 2529 1045 2586 tionum
1065 2536 1152 2586 onera
1175 2528 1332 2586 moderare.
1357 2527 1439 2596 Quod
1453 2534 1482 2584 et
1503 2527 1604 2584 beatus
1626 2525 1692 2581 Paul

25 2626 93 2670 vere
114 2627 170 2683 me,
197 2629 250 2671 nec
268 2615 392 2674 orationi
412 2616 487 2675 sinat
503 2632 617 2676 vacare.
634 2620 691 2677 Nec
710 2620 792 2678 illum
812 2621 878 2680 bea·
932 2617 1046 2674 delibus
1071 2617 1128 2673 tuis
1157 2617 1334 2687 promittens,
1366 2615 1416 2672 ait.
1452 2637 1463 2666 ι
1497 2615 1600 2672 Potens
1633 2620 1675 2670 est

25 2700 168 2759 tissimum
193 2701 299 2760 imitari
323 2711 466 2776 potentem
487 2705 627 2764 Candacis
646 2707 753 2780 reginae
767 2709 878 2767 AEthic·
933 2707 1019 2771 Deus,
1039 2704 1090 2776 (1¹11
1113 2718 1171 2760 11⁰ss
1195 2704 1322 2774 ballein?
1342 2717 1393 2760 Μ
1413 2703 1517 2760 limari
1536 2715 1624 2772 Supra
1650 2701 1677 2757 ld

26 2804 108 2862 pum,
125 2792 177 2863 qui
195 2800 256 2851 erat
279 2807 368 2864 super
396 2809 496 2857 omnes
515 2809 600 2868 gazas
623 2797 696 2868 eius,
719 2804 746 2853 et
765 2796 800 2854 de
820 2804 877 2853 tam
933 2793 1059 2864 potestis,
1082 2791 1130 2848 sed
1158 2792 1242 2848 lactet
1267 2806 1334 2848 cum
1359 2793 1513 2847 tentatione
1540 2789 1629 2844 etiam
1657 2802 1690 2858 pr

25 2877 189 2953 longinquo
211 2889 329 2938 venerat
352 2882 472 2940 adorare
492 2883 522 2939 in
545 2883 701 2941 Jerusalem
725 2884 798 2956 (Act.
818 2901 877 2954 vor,
933 2889 995 2937 tum
1009 2887 1043 2938 ut
1058 2880 1170 2951 possitis
1188 2881 1330 2937 sustinere
1343 2879 1367 2951 (l
1388 2880 1447 2937 cor.
1464 2893 1493 2945 x,
1508 2877 1564 2949 23).
1586 2900 1601 2927 »
1622 2877 1692 2948 Conj

28 2969 87 3037 ιι).
114 2967 159 3024 Ad
182 2982 268 3038 quem
295 2977 486 3026 revertentem
511 2969 618 3026 missus
642 2978 683 3028 est
712 2972 748 3029 ab
776 2973 879 3045 angelo
896 2951 916 3007 G
933 2967 968 3024 sti
990 2980 1052 3035 nos,
1074 2967 1202 3034 bomine,
1237 2973 1264 3023 et
1289 2966 1409 3022 divisisti
1442 2965 1561 3036 qnando
1586 2964 1692 3034 placuit

28 3055 180 3126 Philippus
200 3054 354 3126 apostolus,
371 3063 404 3114 ut
427 3071 495 3113 eum
514 3066 693 3117 converteret
716 3060 752 3116 ad
771 3060 877 3119 fidem:
933 3063 962 3112 et
983 3069 1042 3126 quo
1064 3054 1148 3111 modo
1178 3054 1295 3125 placuit.
1320 3054 1406 3111 Nunc
1434 3053 1484 3124 [at.
1521 3053 1588 3124 iioc]
1614 3052 1691 3124 quod

30 3143 107 3216 quod
125 3144 186 3215 jam
201 3143 247 3201 ille
269 3152 416 3203 meruerat
430 3159 481 3217 per
499 3146 658 3205 orationem
673 3149 718 3207 vel
733 3161 822 3206 sacrae
836 3149 880 3207 le·
935 3143 1022 3210 mine,
1049 3142 1270 3200 misericorditer
1284 3142 1403 3213 cepisti,
1423 3141 1689 3199 misericordissime

29 3231 133 3288 ctionis
152 3232 359 3290 assiduitatem.
386 3235 411 3291 A
434 3248 492 3305 qua
516 3236 634 3306 quidem
658 3244 690 3296 ut
708 3252 763 3295 nec
785 3237 881 3295 invia
935 3232 1044 3304 pleat
1066 3245 1180 3303 quasa
1211 3245 1241 3288 se
1274 3229 1360 3288 semel
1385 3230 1507 3287 divisisti
1532 3230 1561 3286 in
1586 3229 1692 3287 mundo

28 3329 101 3378 tnnc
120 3327 235 3378 vacaret
255 3321 321 3380 licet
339 3323 498 3380 ditissimus
522 3331 550 3381 et
569 3325 693 3398 gentitis,
715 3340 821 3399 magno
836 3325 880 3382 di·
936 3319 1063 3377 renuiter
1085 3319 1134 3377 tibi
1158 3319 1319 3392 conjungas
1347 3319 1376 3375 in
1402 3318 1482 3376 caclo.
1497 3319 1566 3390 Spes
1590 3326 1692 3374 nostra

26 3407 105 3465 vina
123 3408 346 3480 dispensationis
368 3417 466 3468 actum
487 3418 530 3468 est
544 3411 682 3469 beneficio
704 3416 736 3470 ut
760 3413 840 3471 locus
854 3415 880 3472 ei
935 3416 1043 3478 nostra,
1071 3408 1246 3478 exspectatio
1279 3414 1390 3475 nostra,
1415 3407 1570 3464 consolatio
1596 3414 1692 3463 nostra

30 3496 186 3568 scripturae
215 3507 388 3569 occurreret,
420 3498 472 3570 qui
502 3500 775 3571 opportunissimam
812 3516 879 3559 eon·
935 3498 1022 3566 mine,
1038 3497 1130 3570 quies
1145 3495 1312 3554 benedictus
1326 3497 1356 3552 in
1370 3494 1486 3552 saecula.
1503 3495 1604 3552 Amen.

30 3583 172 3643 versionis
192 3584 256 3657 ejus
287 3587 466 3645 occasionem
500 3588 628 3659 apostolo
659 3589 809 3660 praeberet.
838 3589 880 3647 Ne
970 3586 1037 3644 Vale
1063 3584 1235 3655 inchrista
1260 3583 1688 3656 ⁸i⁰11⁸²ChiislisissChf¹⁸¹⁰

32 3671 104 3743 quid
131 3685 200 3730 vero
221 3672 299 3730 banc
314 3673 478 3746 petitionem
504 3683 632 3734 nostram
656 3675 802 3749 impediat,
833 3675 879 3734 vel
933 3675 1088 3735 ethristo
1102 3675 1294 3745 vive,Amen.

768 3931 970 4002 EPISTOLA
991 3933 1046 4001 VI.

446 4076 526 4156 Quae
553 4082 607 4144 ost
625 4078 782 4162 ejusdem
806 4075 968 4144 tielcissae
989 4077 1031 4142 ad
1050 4075 1212 4142 eumdem
1236 4073 1387 4140 Petrum.

36 4335 246 4394 mammona.
261 4363 296 4374 -
321 4335 379 4389 Duc
406 4329 580 4402 potissimum
605 4334 635 4387 in
663 4330 716 4388 bac
739 4329 853 4400 epistota
884 4329 939 4385 sibi
961 4333 988 4384 et
1010 4331 1069 4384 suis
1094 4327 1276 4384 monachabus
1299 4328 1423 4383 iictoissa
1446 4325 1562 4383 rescribi
1582 4323 1616 4378 ab
1640 4322 1692 4379 Aba

72 4410 190 4463 camut:
216 4419 332 4475 quorum
354 4404 471 4459 atterum
490 4408 540 4471 est,
568 4407 599 4458 ut
617 4418 662 4458 eus
686 4400 875 4458 decantanda
904 4402 1098 4456 mandanarum
1122 4399 1188 4454 crdo
1217 4401 1350 4466 originem
1374 4400 1464 4455 ducit.
1492 4398 1619 4452 Alterum
1633 4398 1684 4460 est,

73 4479 197 4546 aliquam
220 4475 323 4532 coibat
343 4475 479 4544 regulam,
515 4478 540 4528 et
573 4477 674 4529 certam
696 4471 807 4528 uiuendi
835 4473 983 4539 formulam
1016 4469 1189 4541 prascribat,
1219 4485 1278 4536 qua
1305 4471 1370 4524 sctis
1398 4472 1540 4525 conueniat
1564 4467 1685 4533 seminis,

74 4549 189 4604 anuto
213 4551 369 4603 sanctornm
394 4548 508 4601 Petrum
527 4549 611 4600 antea
634 4548 765 4600 tentatum
788 4545 891 4611 ιιιινιιι.
921 4544 976 4598 ldoc
999 4548 1030 4596 ut
1052 4545 1164 4612 peteret,
1197 4541 1317 4595 adtracta
1344 4540 1455 4595 uidetur
1483 4536 1692 4608 quibusdumll

73 4622 153 4676 atina
179 4620 288 4688 Regula
311 4616 458 4687 capitibus,
488 4630 588 4685 quara
614 4618 726 4684 sentinis
748 4615 800 4670 uia
817 4619 866 4669 cat
886 4614 960 4668 nutto
983 4617 1091 4668 omnino
1121 4611 1198 4667 medo
1225 4617 1283 4665 sirie
1309 4613 1429 4666 maximo
1454 4610 1575 4679 periculo
1589 4606 1692 4674 inaptcn

74 4695 160 4748 sunt:
185 4690 218 4746 da
244 4688 420 4760 quibustuae
442 4686 518 4743 docte
543 4686 665 4757 disserit,
683 4691 713 4742 ut
738 4687 830 4756 ipsam
849 4685 972 4752 reguum
994 4685 1060 4739 sctis
1080 4686 1161 4750 airis,
1190 4697 1243 4737 non
1267 4687 1355 4736 antem
1380 4683 1491 4750 seminis
1518 4695 1536 4734 o
1560 4683 1653 4733 sonato
1672 4679 1692 4730 ir

74 4767 132 4849 tore
158 4764 289 4848 scripturn
320 4758 642 4846 conuinccrcnideatur.
671 4756 746 4814 Unde
770 4757 915 4840 indignum
933 4755 1044 4841 judicat
1072 4758 1128 4809 tam
1151 4755 1248 4838 grauia
1280 4754 1395 4821 femineo
1421 4754 1501 4836 senui
1528 4749 1676 4819 infirrraiort

73 4849 213 4972 tauto,
231 4830 1270 4972 “tint‘'initiant“natitatntttstttl”trattati
1284 4839 1369 4949 tart
1381 4823 1692 4949 ,latinitati

74 4975 117 5029 oct
142 4974 288 5041 monacbis,
312 4977 360 5044 qui
383 4973 506 5029 canonici
533 4972 672 5038 reputares
695 4971 832 5037 dicuntur,
858 4970 1076 5024 incontinentia
1101 4971 1127 5022 et
1155 4967 1322 5022 abstinentia
1348 4980 1402 5020 non
1420 4965 1477 5019 sint
1501 4960 1692 5027 inferioresl

75 5045 157 5100 ettam
179 5047 211 5100 de
231 5045 373 5102 medonta
400 5044 608 5114 dispensatione
627 5049 652 5097 et
675 5041 794 5097 ducrctu
819 5039 1034 5094 consideratione
1058 5039 1130 5093 beati
1152 5037 1301 5106 Benedicti,
1328 5051 1383 5106 qua
1407 5049 1486 5090 suom
1513 5033 1676 5102 temperarit

76 5116 141 5183 turn
161 5120 243 5185 atque
265 5117 298 5171 de
319 5119 381 5186 ipsa
406 5116 516 5185 Regula
542 5114 714 5170 obseruantia
740 5112 864 5181 disputat
887 5125 894 5164 τ
918 5111 1051 5167 nimirum
1075 5110 1109 5165 de
1130 5108 1274 5164 interdicto
1302 5122 1349 5163 esu
1370 5109 1504 5173 earnium,
1524 5108 1551 5159 et
1575 5117 1692 5158 concessa

74 5200 135 5242 asu.
162 5187 260 5242 Fusius
287 5201 393 5258 qnoque
411 5187 445 5243 de
471 5186 597 5257 operibus
616 5183 798 5240 camoribus
827 5179 887 5251 cqit
916 5196 978 5237 cum
1004 5183 1126 5252 ipsorum
1151 5182 1348 5246 extenuatione,
1378 5177 1477 5248 quibus
1500 5175 1634 5229 interiora
1656 5187 1692 5242 pr

74 5259 210 5312 Postrema
233 5261 322 5312 matut
346 5257 535 5324 Abetarduor,
559 5261 591 5312 ut
617 5261 696 5312 tanta
718 5255 878 5311 dunestane
905 5255 1080 5308 cunctarier
1104 5251 1138 5306 de
1160 5251 1331 5321 jejuniorum
1353 5248 1397 5303 oct
1418 5247 1575 5303 diuinorum
1594 5245 1692 5298 ronan«

73 5330 160 5398 peret,
187 5332 220 5382 ut
253 5329 366 5394 semion
384 5342 466 5385 aecus
495 5329 646 5386 umatum
676 5327 744 5384 uelit
775 5325 942 5396 infirmitati.
966 5325 1003 5379 Et
1026 5323 1070 5379 bic
1105 5323 1214 5389 semina
1244 5319 1433 5389 auditionem,
1459 5323 1486 5374 et
1517 5321 1613 5388 putus
1637 5328 1692 5370 oran
