3804 5962
486 170 724 229 turnonltcrln
743 173 790 229 AD
810 172 1045 232 rnltololllnll.
1060 204 1097 216 —
1111 175 1178 232 ΗΒ.
1198 177 1221 231 l.
1660 183 1730 238 loll

77 303 176 356 latrem
204 303 300 367 Deum,
336 301 539 369 paternamque
558 301 672 354 mentem
696 299 828 354 actionem
842 296 866 351 A
880 302 939 356 tito
958 303 1105 374 croilioan
1132 318 1152 372 1,
1167 303 1193 372 3,
1218 300 1257 372 i).
1275 303 1314 359 Ao
1340 300 1365 358 si
1379 300 1505 359 diceret:
1527 300 1631 359 Omnia
1655 309 1729 360 teln-

77 388 204 454 rnst'tium,
223 393 248 443 et
270 389 417 459 utriusque
434 388 529 443 borum
549 403 667 445 amorem
690 393 824 455 mutuum,
881 389 1017 460 partiliter
1044 389 1119 447 lacta
1146 405 1197 462 per
1221 391 1327 462 ipsum,
1348 390 1402 448 boo
1425 397 1468 447 est
1491 404 1541 461 per
1562 384 1655 462 ipsam
1676 392 1728 450 Dei

82 494 215 535 summam
244 493 318 547 aeque
342 483 447 559 ternam
469 477 618 532 indivisam
640 477 826 545 divinitatem,
881 479 1038 536 bonitatem
1066 479 1191 547 condita,
1221 479 1252 536 in
1288 479 1407 550 ipsallei
1440 479 1570 537 bonitate
1598 480 1726 551 quodam

79 570 135 623 tum
156 570 198 621 ito
212 567 287 620 credi
304 571 426 636 oportere
441 566 543 632 docuit,
566 566 614 620 scd
630 568 670 620 ito
693 581 748 621 esse
764 581 824 620 con·
881 569 965 625 modo
982 569 1145 639 perenniter
1169 567 1315 636 virebant,
1331 583 1399 624 cum
1420 567 1499 638 apud
1518 568 1645 625 divinant
1663 583 1726 639 pro·

99 656 177 724 Quod
203 662 300 711 autem
325 654 503 711 Claudianus
529 663 666 711 mutuum
700 670 827 712 amorem
881 657 1038 714 ridentium
1064 657 1161 714 omnia
1176 657 1213 713 ab
1229 664 1335 714 aeterno
1354 657 1482 729 perejus
1504 655 1662 714 bonitatem
1678 671 1728 728 op-

80 760 142 802 cem
172 746 266 801 Patris
294 751 322 800 et
349 743 416 799 Filii
443 744 559 813 dixerit,
587 759 644 800 non
668 743 828 815 incongrue
881 748 950 804 lime
976 753 1072 804 essent
1094 747 1237 815 ordinata,
1260 749 1295 803 ut
1317 755 1375 803 lam
1397 746 1470 803 bene
1491 745 1609 817 singula
1631 759 1728 816 prooe-

80 850 108 891 m
128 834 241 899 mundi,
257 833 284 888 id
300 841 341 888 cst
357 833 561 889 universorum
582 832 709 888 fidelium
725 832 825 896 vitan,
881 837 948 894 dere
971 837 1067 903 vellet,
1093 843 1238 908 qnantum
1259 842 1412 906 oporteret.
1439 832 1514 889 ilinc
1535 848 1594 889 non
1625 832 1731 889 incon-

78 921 828 993 salulem‚Plalonotninavit.lnquovidelicetamore
882 940 954 997 grue
969 925 1039 982 illud
1056 925 1181 995 Apostoli
1204 937 1361 981 consonare
1383 922 1510 991 videtur,
1531 922 1608 993 quod
1629 920 1731 991 perbi-

78 1013 191 1071 naelibet
214 1011 313 1067 anima
329 1020 444 1067 mortua
461 1011 547 1082 jacet·
570 1011 609 1066 De
634 1023 693 1080 ilua
709 1009 827 1081 quidem
880 1016 927 1072 bet
961 1014 1197 1086 philosophorum
1223 1013 1366 1085 quosdam
1392 1010 1500 1067 dixisse
1519 1011 1599 1081 quod
1621 1009 1652 1065 in
1676 1012 1730 1065 Deo

100 1102 200 1158 mundi
230 1114 264 1156 ea
298 1100 451 1170 diligenter
475 1100 691 1156 consideremus
716 1115 781 1171 quae
809 1113 827 1155 a
881 1108 1158 1172 uicimus,mooemus
1190 1107 1216 1158 et
1235 1118 1328 1159 sumus
1348 1102 1425 1172 (Act.
1459 1112 1528 1169 xvu,
1559 1102 1618 1170 28),
1649 1112 1682 1154 ao
1706 1099 1730 1155 sl

80 1191 192 1248 elicta
215 1197 293 1256 sunt,
316 1203 333 1243 a
354 1204 411 1260 qno
446 1189 538 1245 coeteri
567 1203 684 1260 qnoque
704 1189 826 1258 philoso-
881 1195 957 1251 hanc
990 1194 1119 1250 aninam
1149 1193 1252 1248 mundi
1278 1191 1374 1263 ipsum
1407 1189 1601 1261 intelligerent
1625 1189 1726 1244 neum.

78 1280 122 1338 lod
138 1280 172 1336 de
189 1280 287 1335 anima
310 1277 372 1348 ipsa
388 1277 514 1334 dixerint
541 1277 678 1333 habuisse
702 1277 824 1333 credun·
880 1283 962 1351 Quod
978 1297 1045 1339 vero
1071 1281 1139 1339 dicit
1164 1283 1255 1339 Deum
1279 1280 1457 1353 excogitasse
1481 1278 1597 1335 tertium
1622 1277 1726 1333 anima

78 1370 146 1425 lant
170 1369 268 1438 itaque
295 1366 427 1422 vidilicet
450 1366 552 1423 mundi
580 1365 717 1433 animam,
741 1366 827 1438 (lilasi
881 1386 983 1444 genus,
1000 1371 1079 1442 quod
1094 1371 1222 1427 animam
1248 1369 1349 1425 mnndi
1374 1367 1508 1435 dicimus,
1526 1366 1582 1423 tale
1596 1373 1638 1422 est
1653 1379 1686 1421 ac
1704 1364 1731 1422 si

78 1473 91 1514 n
118 1472 136 1513 a
154 1458 219 1524 beo,
240 1466 267 1512 et
281 1463 349 1524 root,
367 1470 516 1527 personam
543 1455 734 1526 distinguens,
763 1469 827 1526 pro·
873 1461 1032 1524 ¹tertianis
1055 1461 1112 1517 Deo
1131 1468 1158 1517 et
1177 1466 1227 1531 νοῷ
1254 1471 1405 1530 personam
1429 1462 1539 1513 astruat
1563 1468 1623 1511 esse
1640 1453 1728 1525 Spiri-

90 1562 124 1605 ac
138 1545 311 1619 diligentiori
337 1546 529 1617 descriptione
554 1559 741 1617 prosequens,
760 1559 824 1602 earn
841 1580 864 1639 Β
881 1556 943 1605 tum
967 1557 1100 1606 sanctum
1126 1548 1157 1605 in
1180 1546 1230 1603 illa
1257 1544 1405 1617 spirituali
1431 1543 1531 1602 divina
1555 1542 1728 1600 substantia.

77 1652 86 1692 ι
113 1637 238 1706 seipsam
263 1633 402 1705 quanin
427 1633 533 1690 allectis
551 1634 613 1690 suis
631 1633 824 1706 ‘integerrima
880 1637 1051 1709 Excogitare
1072 1638 1148 1694 Dens
1172 1636 1289 1705 dicitur,
1313 1634 1367 1691 hoc
1385 1641 1427 1691 est
1445 1647 1483 1690 ex
1502 1632 1614 1704 integro
1638 1631 1728 1702 perci-

81 1725 176 1782 atione
195 1723 332 1792 declarat,
347 1723 434 1794 juxta
454 1737 543 1793 quam
564 1731 592 1778 et
616 1737 668 1779 nos
684 1722 824 1793 Spiritum
878 1727 1048 1798 perennius
1073 1740 1202 1798 personae
1223 1725 1435 1792 discretionem,
1453 1728 1542 1794 qnam
1563 1735 1617 1778 nos
1642 1721 1730 1792 digne

78 1828 112 1870 Ιιιι
137 1813 220 1869 modo
249 1811 410 1868 secundum
431 1810 532 1867 ellecta
556 1825 676 1881 opernm
702 1825 823 1868 snorum
878 1817 1017 1888 cogitare,
1034 1823 1122 1888 atque
1137 1815 1173 1871 ab
1199 1815 1260 1885 ipso
1280 1813 1363 1869 Patre
1381 1819 1409 1868 et
1431 1811 1501 1868 Filio
1523 1809 1606 1881 plene
1625 1809 1728 1864 distin-

88 1903 224 1967 solemus,
249 1901 334 1957 modo
358 1901 519 1957 secundum
551 1900 713 1956 naturalem
742 1899 824 1957 boni·
879 1920 968 1978 gnere
998 1918 1056 1961 non
1093 1903 1264 1961 sullicimus.
1293 1901 1350 1959 Soli
1379 1900 1487 1972 qnippe
1515 1897 1572 1955 sibi
1601 1897 1729 1971 Trinitas

85 1989 277 2057 nsatleclum,
303 2004 391 2060 quem
414 1989 442 2044 in
471 1989 563 2060 seipso
589 1989 625 2044 ab
649 1996 755 2045 aterno
772 1990 821 2045 ha·
878 1994 980 2051 divina
1002 2007 1070 2049 vere
1095 1992 1213 2062 cognita
1244 1997 1296 2048 est.
1322 1989 1512 2046 'tantumdem
1541 1987 1629 2042 etiam
1651 1986 1729 2043 ridet

78 2081 141 2136 ient
157 2077 328 2151 diligentius
345 2078 527 2149 postmodum
541 2078 762 2149 distinguemus.
878 2083 958 2140 aliud
971 2097 1009 2139 ex
1024 2083 1080 2139 Deo
1094 2080 1255 2153 excogitari
1275 2078 1374 2150 aliquo
1390 2077 1484 2146 modo,
1496 2082 1640 2148 quantum
1656 2074 1729 2131 illud

79 2176 204 2225 cautem
226 2168 275 2223 illa
295 2168 421 2224 Platonis
442 2167 530 2224 verba
549 2167 584 2224 de
604 2169 701 2223 anima
720 2168 822 2225 mundi
878 2187 908 2229 se
929 2171 1035 2227 babere
1057 2170 1106 2227 illo
1132 2169 1226 2236 modo,
1260 2168 1314 2224 hoc
1342 2175 1385 2224 est
1413 2166 1453 2223 ila
1483 2167 1625 2224 veraciter
1654 2178 1725 2221 esse.
1760 2189 1765 2199 ·

78 2265 128 2314 lter
153 2255 346 2323 excutiamus,
367 2264 399 2311 nt
424 2255 452 2311 in
475 2255 517 2311 eis
537 2255 674 2325 Spiritum
690 2264 822 2313 sanctum
877 2259 987 2316 Deinde
1001 2259 1097 2315 statim
1117 2258 1206 2330 hujus
1226 2256 1317 2313 tertiae
1332 2268 1469 2326 personae,
1485 2267 1577 2325 qnam
1593 2253 1725 2309 animam

78 2346 351 2416 rrimedesignalum
369 2359 429 2401 esse
444 2359 644 2416 agnoscamus.
877 2347 979 2406 mundi
1002 2347 1131 2414 collocat,
1156 2345 1323 2418 diligentem
1349 2343 1467 2400 adhibet
1494 2342 1724 2412 descriptionem,

78 2443 86 2492 t
110 2436 207 2505 itaque
231 2435 309 2489 Plato
333 2433 408 2489 hanc
430 2440 496 2488 ante
520 2432 621 2489 mundi
641 2431 822 2489 constitutio·
877 2451 944 2494 cum
974 2437 1105 2492 animam
1129 2435 1221 2505 ipsam
1249 2448 1285 2490 ex
1308 2432 1470 2499 individua,
1498 2439 1525 2488 et
1553 2429 1726 2489 immutabili

79 2531 159 2580 lotam
180 2524 240 2579 sive
266 2524 391 2594 genitam
411 2536 428 2577 a
449 2523 506 2578 Deo
531 2535 602 2588 esse,
620 2521 648 2576 in
676 2535 733 2591 quo
760 2518 820 2589 Sui·
875 2525 1038 2583 substantia
1065 2523 1219 2580 consistere
1233 2522 1372 2594 perhibet,
1397 2535 1431 2578 ac
1449 2535 1568 2578 rursum
1594 2534 1631 2576 ex
1651 2519 1726 2575 diri·

79 2612 168 2669 sancti
191 2621 360 2683 perpetuam
384 2611 602 2681 processionem.
626 2625 684 2681 qna
709 2625 745 2666 ex
765 2611 821 2665 Deo
876 2614 944 2682 dua,
965 2612 1125 2670 secundnm
1149 2612 1227 2684 qnod
1249 2611 1355 2668 scilicet
1378 2610 1502 2681 seipsam
1527 2607 1625 2664 aalma
1645 2608 1727 2664 scin-

79 2708 129 2766 est,
146 2700 239 2766 nobis,
265 2700 295 2755 ni
319 2699 412 2768 lallor,
433 2698 570 2754 insinuat.
596 2698 691 2755 Solent
715 2698 822 2768 quippo
876 2705 943 2761 dere
972 2709 1094 2774 putatur
1117 2715 1168 2771 per
1193 2713 1324 2771 corpora.
1349 2698 1418 2756 Tale
1446 2697 1554 2769 quippe
1582 2696 1724 2766 estquod

79 2790 140 2861 >phi
167 2788 275 2845 lactum
300 2802 336 2844 ex
368 2790 424 2845 Deo
462 2789 523 2844 sire
556 2788 686 2860 genitura
716 2788 819 2855 dicere,
875 2792 945 2848 dicit
959 2790 1087 2848 animam
1102 2803 1139 2846 ex
1164 2789 1217 2845 hoo
1241 2795 1268 2844 et
1293 2787 1341 2843 illo
1367 2794 1508 2854 constare,
1536 2792 1678 2855 tanquam
1699 2783 1724 2840 si

79 2879 179 2950 quoda
206 2878 362 2934 nechabet
384 2892 454 2934 esse.
474 2877 553 2934 llnle
575 2885 603 2932 et
620 2878 736 2932 uermes
770 2890 819 2931 sn-
875 2883 981 2938 diceret
997 2881 1089 2952 ipsam
1104 2878 1145 2935 sic
1160 2885 1217 2934 lam
1239 2877 1294 2933 hoc
1307 2888 1396 2947 qnam
1413 2874 1486 2932 illud
1502 2874 1532 2929 in
1558 2873 1722 2942 conabere,

79 3012 81 3028 ·
102 2967 207 3022 Filium
232 2967 280 3021 Del
301 2965 441 3022 tactuma
466 2967 522 3021 ileo
548 2965 631 3032 dixit,
660 2964 820 3020 secundum
838 2936 859 2994 C
876 2979 909 3028 nt
929 2972 991 3041 ipsa
1005 2968 1109 3026 anima
1131 2966 1291 3024 substantia
1315 2973 1342 3022 et
1361 2963 1515 3021 individua
1528 2970 1556 3018 et
1579 2960 1723 3032 quodam·

79 3056 122 3112 ¹⁰d
144 3055 180 3110 ib
200 3055 261 3124 19⁵⁰
284 3055 371 3110 babet
394 3069 454 3110 0³⁸⁰
479 3062 621 3125 tanquam
647 3053 821 3109 aelerssaliltr
876 3061 960 3117 modo
974 3057 1094 3115 dividua
1109 3057 1155 3113 sit.
1168 3055 1240 3113 Nam
1255 3063 1282 3111 et
1293 3052 1417 3125 Spiritus
1427 3058 1545 3108 sanctus
1554 3057 1581 3107 et
1590 3049 1619 3105 in
1629 3049 1723 3120 seipso

79 3159 98 3211 ³,
124 3157 181 3199 non
205 3142 401 3212 temporaliter
425 3143 460 3198 ab
485 3142 544 3213 598⁰
562 3141 653 3198 sallus
667 3149 719 3198 aut
741 3153 819 3196 Olti-
874 3150 998 3221 simplex
1013 3147 1130 3204 omnino
1146 3143 1310 3202 substantia
1323 3151 1374 3212 est,
1389 3149 1417 3198 el
1435 3155 1472 3198 ex
1491 3147 1598 3196 natura
1612 3138 1722 3195 dirini-

82 3240 128 3289 ³¹⁰
144 3246 261 3304 quoqne
276 3246 361 3287 0¹¹1ss0
379 3232 458 3302 ‘lUOd
474 3245 491 3287 ὃ
507 3233 562 3286 ⁰0⁰
581 3230 666 3287 nanct
680 3244 751 3298 0⁵⁸2,
768 3243 820 3300 εθ-
877 3236 1042 3297 tatisomnis
1050 3234 1231 3292 invariabilis
1240 3241 1328 3305 alque
1337 3228 1582 3289 incommutabitis
1593 3227 1723 3297 inseipso

82 3321 150 3377 dicit
163 3335 199 3376 01
226 3320 296 3389 59⁵0·
314 3334 372 3375 1¹⁰ss
395 3327 489 3375 tamen
507 3319 569 3375 “1⁰⁰
597 3334 681 3376 Omne
701 3318 778 3390 qnod
803 3331 820 3373 ὃ
876 3326 1160 3399 perseverantique
1177 3315 1723 3392 ldemspirituspereileclamultiplex
1767 3331 1771 3340 ¹

79 3409 208 3468 ‘Filium
222 3409 285 3480 01⁰⁸
304 3421 374 3476 8³⁸0,
403 3407 483 3464 velut
511 3408 606 3478 ipsum
631 3407 774 3464 mundum
793 3411 821 3461 el
874 3409 1085 3485 quodammodo
1105 3417 1234 3474 vocatur,
1260 3413 1287 3462 et
1310 3413 1418 3476 septem
1441 3402 1562 3474 spiritus
1585 3413 1721 3458 nonnun-

98 3500 160 3569 eJus
188 3497 348 3567 operaait
369 3503 465 3553 autem
489 3497 539 3564 sic,
562 3497 680 3552 cumde
710 3493 820 3550 mundo
875 3515 963 3572 quam
980 3498 1096 3564 dicitur,
1114 3495 1274 3552 secundnm
1289 3493 1462 3565 septiformis
1477 3491 1578 3563 gratiae
1593 3487 1723 3547 suaeeifl-

79 3587 189 3643 loculus
208 3587 242 3641 aa
265 3586 391 3641 aninam
419 3584 542 3641 venisset
569 3583 690 3640 mundi:
712 3585 764 3640 Nec
783 3587 821 3636 ta·
874 3589 1020 3646 clentian.
1037 3586 1118 3643 Unde
1133 3591 1160 3642 et
1174 3586 1202 3640 in
1218 3583 1302 3639 lande
1314 3582 1421 3638 lirina
1437 3581 1587 3652 sapientiae
1603 3578 1723 3648 spiritus
1764 3650 1773 3661 Ι

80 3675 174 3746 nillil,
203 3691 231 3729 0⁰
258 3675 330 3740 quod
351 3690 400 3729 ⁷¹⁰⁸
420 3675 456 3728 Μ
475 3688 594 3743 pratens
619 3674 765 3742 loquimar,
791 3686 820 3726 ⁶⁰
874 3686 901 3736 et
923 3677 1040 3742 unicus,
1064 3681 1092 3731 et
1119 3672 1279 3743 multiplex,
1305 3678 1332 3727 et
1360 3671 1538 3736 discurrens,
1568 3676 1596 3725 et
1612 3666 1723 3725 stabilis

98 3769 188 3819 ortum
211 3765 309 3817 anima
332 3766 401 3817 Deus
432 3765 540 3823 annuit,
566 3763 751 3826 minoremque
789 3775 820 3814 oo
874 3780 935 3823 esse
949 3763 1129 3821 describitur.

80 3868 152 3907 orem
173 3853 330 3921 corporibus
353 3853 419 3919 fecit
439 3866 515 3918 eom3
544 3851 723 3918 nequeenim
747 3848 822 3904 doce·
911 3853 984 3911 nicil
1003 3852 1102 3922 itaque
1125 3848 1315 3920 philosophus
1338 3846 1468 3902 animam
1488 3845 1580 3915 ipsam
1603 3858 1664 3900 esse
1685 3855 1723 3899 ex

80 3957 103 3996 m
129 3943 312 4010 antiquiorem
337 3957 353 3993 a
380 3941 539 4009 postgenita
574 3941 642 4007 reqi.
672 3938 819 4008 itemque:
877 3942 1032 3998 individua
1068 3950 1237 4009 semperque
1274 3936 1302 3991 in
1329 3949 1382 3991 sno
1416 3941 1493 3990 slatn
1522 3938 1723 4002 perseverante

80 4047 116 4085 tm
132 4030 165 4083 ab
181 4032 350 4098 antiquitate
376 4045 457 4094 mam
483 4027 631 4082 uirtutibus
650 4029 749 4097 praet'rt
763 4027 822 4080 atti·
875 4029 1046 4095 substantia,
1064 4030 1200 4099 itemque,
1225 4024 1371 4096 aliaque
1395 4020 1598 4092 inseparabilis
1626 4033 1721 4077 comes

80 4124 182 4174 notura
213 4120 332 4187 terroris
354 4118 448 4186 jussit,
481 4118 672 4185 dominamque
705 4131 763 4170 eam
796 4119 822 4170 et
876 4132 1032 4191 corporum
1051 4130 1101 4188 per
1124 4115 1223 4171 eadem
1243 4125 1361 4182 corpora
1384 4125 1414 4167 se
1437 4110 1567 4166 scindere
1592 4115 1722 4180 putatur,

80 4208 127 4262 ΜΗ
143 4209 208 4276 jure
227 4206 313 4260 witti
328 4221 385 4260 ⁶⁸⁸0
399 4208 472 4260 circo
495 4205 526 4258 id
542 4205 615 4271 ruod
633 4209 762 4273 iuuetur,
788 4206 821 4260 ln
839 4227 860 4282 p
877 4209 948 4281 quia
962 4205 1086 4277 Spiritus
1109 4211 1228 4261 sanctus
1251 4210 1278 4261 et
1298 4200 1466 4273 hujusmodi
1487 4206 1529 4256 est
1552 4199 1603 4270 qui
1618 4211 1655 4254 ex
1670 4210 1724 4253 sno

79 4296 138 4352 iam
160 4295 321 4350 notandum
344 4300 386 4350 est
414 4293 501 4364 quod,
524 4293 592 4349 dum
616 4308 680 4350 eam
701 4307 822 4364 praesse
878 4304 966 4364 statu,
983 4309 1072 4368 quem
1093 4294 1122 4350 in
1147 4293 1240 4363 seipso
1268 4305 1326 4348 non
1352 4289 1381 4346 in
1405 4288 1514 4346 ellectis
1542 4287 1603 4345 suis
1627 4285 1723 4351 babel,

80 4383 111 4440 ni
138 4384 241 4439 mllndi
268 4390 299 4439 ut
326 4382 473 4438 dominam
504 4382 581 4447 dicit,
608 4381 733 4454 prolecto
758 4396 823 4439 eam
877 4384 995 4442 omnino
1023 4382 1146 4454 simplex
1169 4395 1240 4448 esse,
1267 4386 1355 4450 atque
1382 4375 1673 4434 inconmmutabilis:
1697 4380 1725 4431 el

80 4471 183 4530 tralert
199 4480 350 4540 creatura,
366 4479 393 4527 et
409 4473 500 4527 Deum
523 4485 584 4527 esse
601 4472 716 4538 astruit,
733 4485 823 4542 quam
877 4473 1090 4546 quodammodo
1117 4469 1269 4542 multiplex
1284 4483 1345 4526 esse
1368 4466 1529 4524 secundum
1556 4464 1656 4523 ellecta
1671 4478 1725 4535 pu·

80 4561 220 4618 ›dumbis
239 4560 335 4617 verbis
353 4560 481 4616 animam
505 4560 606 4615 mnndi
623 4559 747 4616 vocavit.
764 4560 824 4616 lloc
877 4571 966 4627 tatur,
993 4561 1072 4633 quod
1099 4567 1141 4617 est
1159 4559 1284 4630 seipsum
1305 4557 1333 4613 in
1360 4569 1480 4626 corpora
1513 4555 1654 4622 scindere,
1684 4566 1726 4609 se·

92 4651 127 4704 lit
150 4650 257 4705 demum
284 4651 417 4718 reliquias
443 4651 544 4720 prioris
576 4651 824 4715 concretionem
876 4652 1006 4710 cundum
1033 4650 1111 4721 qnod
1141 4649 1204 4721 ipsa
1232 4647 1364 4704 videlicet
1391 4645 1491 4701 anima
1519 4641 1722 4716 inseparabilis

80 4743 168 4794 imam
181 4739 276 4793 melodi
291 4740 504 4804 cornmiscuerat,
520 4745 573 4794 etc.
877 4755 973 4799 comes
992 4748 1034 4799 est
1049 4752 1214 4810 corporum,
1240 4750 1308 4799 culn
1333 4736 1409 4792 nanc
1434 4735 1543 4791 scilicet
1559 4730 1727 4803 multiplici·

80 4841 90 4884 ι
121 4835 218 4884 autem
240 4827 379 4897 spiritum
410 4834 545 4883 sanctum
568 4825 695 4883 animam
721 4825 823 4881 mundi
879 4831 946 4887 tatis
973 4829 1130 4886 scissuram
1157 4826 1239 4884 nullo
1270 4824 1513 4895 modoquantnm
1539 4822 1576 4879 ad
1603 4821 1727 4892 seipsam

85 4917 177 4973 vitam
196 4916 399 4972 universitatis
421 4916 525 4986 posuit,
551 4930 618 4971 oum
648 4916 677 4971 in
699 4913 826 4971 bonitate
879 4918 986 4977 habere
1001 4918 1099 4990 possit,
1115 4917 1174 4985 sed,
1190 4923 1224 4973 nt
1252 4914 1435 4984 dictumest,
1461 4921 1607 4984 qnantum
1622 4911 1660 4968 ad
1682 4907 1728 4966 el·

80 5004 151 5063 nnia
182 5004 395 5075 quodammodo
431 5005 528 5061 rivere
557 5005 692 5068 habeant,
710 5011 737 5060 et
762 5001 827 5060 uni·
879 5007 952 5065 lecta
967 5020 1088 5064 suorum
1107 5004 1239 5062 videlicet
1254 5001 1457 5060 distributione
1479 5001 1634 5068 donorum,
1658 5011 1726 5056 cnm

82 5101 222 5165 tanquam
237 5093 305 5149 vira
324 5093 381 5149 sint
396 5093 474 5164 apud
490 5094 590 5161 benur,
608 5101 635 5149 et
655 5091 735 5149 nulla
751 5105 827 5149 mor·
880 5097 968 5152 etiam
983 5094 1030 5152 isti
1056 5093 1190 5166 gratiam,
1212 5091 1300 5148 aliam
1329 5090 1370 5148 illi
1400 5089 1519 5159 tribuat,
1548 5096 1576 5145 et
1600 5087 1727 5159 seipsum

80 5196 120 5238 too
147 5189 189 5238 est
213 5181 296 5238 nulla
325 5181 450 5248 inutilia,
468 5195 521 5237 nec
545 5183 631 5237 eliam
652 5180 715 5251 ipsa
740 5180 826 5249 mala,
882 5182 1005 5256 singulis
1033 5196 1092 5239 non
1112 5180 1264 5251 aqualiter
1293 5179 1337 5235 rel
1361 5179 1461 5236 eodem
1481 5178 1565 5236 modo
1587 5175 1728 5244 conterat,

80 5270 167 5342 ptime
181 5284 232 5340 per
242 5270 399 5326 bonitatem
416 5270 507 5340 ipsius
520 5270 724 5339 disponuntur.
738 5271 829 5326 Juxta
882 5271 996 5329 uthina
1011 5285 1129 5344 quoqne
1144 5269 1237 5326 aliurn
1252 5267 1387 5339 spiritum
1411 5267 1473 5336 iste,
1494 5267 1586 5325 alium
1610 5265 1660 5323 ille
1679 5263 1730 5321 ba·

81 5373 131 5415 am
148 5359 226 5430 apud
247 5359 438 5431 evangelistas
465 5370 553 5429 quam
569 5358 647 5429 apud
667 5359 829 5417 Platonicos
883 5360 949 5416 bere
963 5359 1087 5417 dicatur.
1109 5359 1232 5432 Egregie
1258 5370 1376 5428 quoqne
1391 5356 1489 5426 putari
1511 5356 1621 5415 dictum
1646 5360 1731 5413 estet

81 5461 194 5506 inesse
208 5447 413 5506 meminimus:
436 5446 513 5514 Quod
530 5448 636 5516 totum
661 5450 702 5505 ett
720 5450 829 5520 inipso
883 5461 942 5506 non
968 5462 1038 5520 esse,
1054 5447 1125 5529 qnia
1139 5447 1163 5504 si
1194 5459 1261 5505 rere
1285 5458 1319 5502 ao
1341 5445 1457 5518 proprie
1478 5445 1647 5520 loquamur,
1670 5457 1730 5502 non
