3804 5962
750 185 864 246 seutlu
882 187 995 245 xxxltl.
1048 201 1056 228 t

1681 197 1733 257 tui

79 315 209 372 >eminus
221 311 359 369 extulerit
381 312 526 384 precipue
544 314 675 371 doctores
699 314 828 374 Ecclesie
842 319 868 374 A
883 315 990 381 llrmati
1015 314 1189 382 innitentur,
1217 316 1268 389 qui
1300 322 1327 373 ct
1356 316 1427 374 viris
1449 318 1582 376 exhibuit
1609 320 1733 382 lormem

79 413 213 462 herorum
235 401 404 458 memoriam
419 402 545 459 studiose
562 403 712 461 scribendo
731 414 830 462 traus-

79 501 135 550 mt.
153 492 234 548 Unde
257 492 331 547 inter
345 500 448 547 cetera
461 492 571 549 meritis
584 494 647 564 ejus
669 501 831 564 perpetrata

79 584 138 650 ilia,
152 580 297 636 maximus
312 578 443 636 ucclesie
452 579 551 637 ductor
562 581 746 653 Augustinus
757 582 830 638 libro

81 673 147 729 itate
158 671 205 726 liei
218 670 319 725 ultimo
330 671 384 739 (iil
395 682 446 724 sex
462 678 590 726 mortuos
601 671 631 726 in
644 670 742 727 hirica
751 685 830 728 oom-

79 768 122 817 rat
141 758 300 824 suscitatos,
317 757 396 827 quod
412 771 464 812 uec
486 759 580 827 ipsum
597 759 652 815 sibi
675 759 829 816 Dominum

80 858 176 906 etrum
199 848 229 903 in
255 846 405 902 miraculis
426 849 580 917 precipuo,
615 862 667 906 nec
690 848 830 921 cuiquam

79 952 151 995 trum
194 935 317 1007 legimus
357 935 538 990 concessisse.
584 935 668 992 Prius
712 935 830 1006 quidem

79 1028 143 1084 dam
177 1024 389 1094 presbyterum,
432 1021 536 1078 deinde
564 1037 699 1093 puerum,
736 1031 832 1094 postea

79 1117 144 1172 dam
157 1111 431 1179 sanctimonialem,
448 1111 552 1167 debinc
569 1113 727 1182 quamdam
751 1112 831 1183 puel-

79 1211 170 1275 Ιειιειεε
186 1205 332 1272 juvenem,
359 1197 463 1255 deinde
491 1199 646 1270 quemdam
680 1200 841 1262 infantem„

79 1292 147 1350 ‚rius
168 1293 245 1346 enim
271 1289 420 1358 presbyter
442 1296 538 1344 vetere
574 1289 672 1345 morbo
705 1288 832 1344 calcibus

79 1381 132 1438 ‚bct
147 1387 175 1436 ει
201 1393 252 1448 per
280 1376 447 1432 memoriam
474 1379 537 1444 ejus
568 1377 597 1433 in
628 1379 710 1433 terris
735 1377 832 1434 salvus

88 1477 141 1526 εει.
158 1469 219 1538 lpse
236 1480 303 1523 vero
318 1459 414 1535 pos'tea
430 1464 528 1522 morbo
544 1467 601 1523 alio
621 1465 832 1536 prevalesccn-

79 1565 178 1623 muns,
192 1564 243 1623 est,
261 1555 309 1611 sed
324 1555 423 1610 tunica
435 1555 563 1624 ejusdem
581 1555 739 1625 presbyteri
757 1561 832 1624 post·

97 1646 133 1702 ed
156 1645 324 1701 memoriam
346 1643 436 1699 sancti
460 1642 595 1712 martyris
616 1642 776 1708 delataest,
804 1651 869 1718 etg

79 1743 126 1792 ata
139 1742 191 1801 est,
204 1743 232 1790 et
244 1747 331 1803 super
348 1732 470 1802 jacentis
486 1732 591 1787 mortui
607 1746 713 1800 mrpus
728 1732 830 1802 posita,

79 1823 177 1882 sbeati
196 1823 331 1892 martyris
353 1822 509 1876 suscitatus
519 1828 571 1876 est.
590 1821 629 1875 [le
653 1833 742 1890 puero
764 1834 832 1876 vero

884 404 1053 461 constantie
1067 411 1095 461 et
1109 403 1223 461 leminis
1243 405 1350 475 pariter
1359 405 1550 464 continentie.

920 478 1134 565 sed'quouiam
1161 504 1267 550 cuncta
1300 496 1361 552 bec
1381 495 1418 551 ad
1445 503 1569 553 vestram
1597 496 1733 571 gloriam,

885 581 1061 638 charissime
1099 595 1219 650 sorores,
1244 583 1407 652 specialiter
1439 583 1585 655 pertinent
1616 602 1683 658 que
1700 589 1734 647 de

885 671 978 742 primo
1001 679 1095 728 restro
1120 670 1314 741 predicantur
1338 673 1480 742 ministro,
1504 681 1584 730 tauto
1605 677 1733 748 amplius

885 772 903 815 a
923 759 1006 817 vobis
1030 759 1195 830 triumphus
1222 761 1285 831 ejus
1312 761 1516 818 memorandus
1540 771 1592 831 est,
1621 773 1734 836 quanto

885 848 948 918 ejus
963 849 1102 905 memoria
1119 848 1200 905 vobis
1219 848 1391 919 ampliorem
1417 848 1554 907 bonorem
1580 850 1624 908 vel
1641 855 1736 925 majo·

885 948 945 991 rem
965 935 1147 992 securitatem
1172 944 1306 1007 prestat.
1323 934 1406 993 Unde
1423 936 1469 1006 pia
1488 937 1571 994 vobis
1597 940 1736 999 exhorta·

886 1024 963 1080 tione
973 1024 1156 1096 consulimus
1182 1032 1215 1081 ut
1231 1038 1344 1095 semper
1359 1024 1388 1080 in
1410 1025 1559 1083 matutinis
1572 1035 1600 1083 et
1614 1041 1736 1100 vesper·
1811 1064 1815 1075 ·

886 1112 1104 1170 tinislaudibus
1124 1113 1153 1168 in
1168 1112 1326 1183 antiphona
1342 1112 1458 1183 propria
1480 1121 1508 1170 et
1529 1113 1647 1172 collecta
1670 1116 1735 1187 ejus

886 1200 1054 1257 memoriam
1081 1201 1181 1257 devote
1208 1201 1366 1264 celebretis,
1401 1209 1432 1258 ut
1463 1215 1549 1273 quem
1580 1205 1658 1274 apud
1681 1205 1732 1261 bo-

887 1289 978 1345 mines
1002 1289 1112 1346 fidelem
1149 1289 1290 1345 habuistis
1330 1289 1507 1359 ministrum,
1541 1291 1732 1352 salubriorem

887 1376 965 1447 apud
997 1378 1088 1435 Deum
1117 1377 1247 1433 sentiatis
1279 1378 1461 1447 advocatum,
1499 1379 1560 1450 ipso
1592 1380 1619 1438 id
1653 1382 1737 1440 vobis

888 1466 1009 1521 llomino
1031 1473 1193 1536 prestante,
1210 1467 1258 1522 cui
1272 1475 1314 1522 est
1329 1466 1422 1523 honor
1445 1473 1473 1525 et
1491 1466 1584 1540 gloria
1607 1483 1658 1540 per
1684 1469 1734 1527 in-

887 1553 969 1611 dnita
983 1555 1154 1615 seculorum
1170 1555 1287 1611 secula.
1308 1558 1409 1611 Amen.

1181 1680 1300 1739 suello
1314 1681 1447 1739 Xlllllll.

1099 1801 1135 1845 nn
1152 1800 1257 1846 seuero
1271 1801 1375 1845 renunc
1390 1802 1536 1847 stersus.

79 1928 106 1970 rs
132 1914 213 1983 quia,
238 1925 305 1966 cum
334 1909 364 1965 in
387 1923 453 1964 area
478 1909 598 1976 luderet,
621 1909 832 1965 exorbitantem
922 1912 1060 1968 Dominus
1085 1911 1121 1968 ad
1149 1913 1265 1970 beatum
1288 1913 1341 1971 lob
1370 1914 1400 1969 in
1426 1914 1571 1984 parabolis
1600 1915 1734 1988 loquens,

81 2003 134 2074 qui
152 1998 318 2056 vehiculum
343 1997 496 2053 trabebant
523 1998 593 2053 rotis
619 2010 686 2053 eum
713 1996 831 2053 attrive·
884 2015 952 2057 cum
968 2014 1019 2071 per
1033 1999 1120 2057 ibices
1134 2007 1161 2057 et
1185 2001 1377 2071 parturientes
1398 2017 1498 2060 cerras
1525 2011 1671 2062 rectorum
1687 2020 1734 2077 er·

79 2100 95 2149 tt
117 2089 265 2147 confestim
282 2086 433 2158 palpitavit
446 2085 607 2156 exspirans.
635 2086 719 2142 lluuo
741 2092 833 2143 mater
884 2089 982 2146 dinem
1035 2088 1237 2159 descripsisset,
1276 2099 1496 2163 consequenter,
1555 2093 1734 2153 dilectissimi

79 2193 129 2237 um
145 2178 182 2234 ad
198 2176 328 2233 eamdem
343 2175 510 2230 memoriam
532 2173 636 2243 posuit,
659 2181 687 2230 et
710 2188 769 2230 non
782 2189 832 2231 so·
883 2176 988 2233 iratres
1006 2183 1034 2232 et
1048 2178 1256 2245 commonachi,
1278 2177 1314 2234 ad
1334 2177 1542 2237 institutionem
1561 2184 1648 2239 vestri
1664 2198 1733 2254 pro·

79 2268 173 2335 rrixit,
198 2266 349 2322 sedetiam
368 2263 475 2319 illesus
503 2262 647 2332 apparuit.
673 2261 831 2320 sanctimo·
887 2263 1094 2336 positistylum
1116 2265 1267 2332 convertit,
1291 2273 1319 2322 ει
1346 2267 1411 2336 ejus
1439 2265 1599 2326 libertatem
1624 2271 1735 2330 ceteris

91 2369 160 2413 vero
176 2369 242 2410 cum
265 2351 437 2425 egritudine
465 2350 619 2417 laboraret,
644 2351 680 2407 ad
701 2351 830 2408 eamdem
888 2353 1042 2423 praeterens
1069 2354 1129 2409 ait:
1153 2354 1218 2420 ouis
1249 2355 1355 2409 dimisit
1380 2370 1514 2425 onagrum
1549 2356 1672 2425 liberum,
1707 2366 1737 2417 ct

79 2446 152 2503 riam
178 2444 277 2500 tunica
299 2441 378 2497 illius
406 2439 494 2496 allata
519 2447 572 2507 est,
600 2440 648 2496 sed
674 2448 830 2511 antequam
886 2442 1068 2511 vincolamus
1091 2443 1153 2508 quis
1169 2441 1272 2496 soluit?
1298 2444 1348 2500 Cui
1370 2442 1434 2498 dedi
1459 2447 1490 2499 in
1514 2446 1662 2502 solitudine
1683 2448 1736 2504 do-

79 2575 81 2588 .
104 2539 299 2601 reportaretur
319 2527 367 2584 ille
391 2529 526 2584 delunota
548 2536 600 2584 est.
627 2528 686 2583 llac
706 2528 831 2599 denique
883 2546 967 2598 mum,
981 2535 1006 2586 ct
1029 2530 1207 2586 tabernaculo
1227 2531 1286 2599 ejus
1311 2535 1340 2585 iu
1363 2536 1438 2588 terra
1464 2533 1638 2602 solsumuis?
1664 2536 1733 2592 don-

79 2663 81 2676 .
100 2628 280 2692 operuerunt
301 2620 426 2674 cadaver
444 2616 508 2687 ejus
532 2624 561 2672 ει
585 2624 698 2686 recepto
724 2615 830 2686 spiritu
884 2622 980 2676 temnit
1004 2619 1209 2675 multitudinem
1237 2621 1367 2688 ciuitatis,
1393 2625 1419 2675 ct
1435 2622 1577 2677 clamorem
1600 2628 1736 2682 ecoctoris

79 2718 159 2766 aest.
883 2722 938 2762 uon
963 2705 1052 2760 audit.
1074 2706 1265 2776 Circumspicit
1292 2711 1395 2761 montes
1418 2724 1530 2778 pascue
1554 2726 1620 2780 sue,
1637 2717 1662 2767 et
1688 2715 1733 2768 vi-

79 2799 259 2857 clamantem
284 2795 339 2862 die,
368 2808 461 2866 quum
483 2795 573 2850 Basus
596 2792 715 2863 cuidam
740 2782 831 2864 Syrus
884 2798 974 2850 rcutio
1003 2809 1116 2864 queque
1136 2796 1275 2865 perquirit
1301 2794 1359 2866 (lob
1379 2810 1487 2865 xxxix,
1511 2797 1549 2869 5).
1580 2800 1730 2872 Magnum,

80 2887 201 2944 moriam
224 2885 352 2955 ejusdem
376 2883 510 2952 martyris
532 2895 583 2952 pro
604 2879 661 2937 lilia
672 2889 830 2953 egrotante
884 2883 997 2950 iratres,
1014 2882 1044 2939 in
1069 2882 1168 2939 multis
1183 2882 1343 2940 virtutibus
1365 2884 1417 2942 iob
1432 2884 1530 2954 luisse,
1555 2894 1614 2943 tam
1644 2888 1734 2959 ipsius

79 2983 97 3033 tt
125 2983 152 3031 ει
174 2980 294 3030 vestem·
309 2971 412 3043 puelle
440 2986 474 3027 eo
497 2969 654 3038 detulisset,
688 2984 752 3026 ecce
771 2971 828 3028 duo
846 2950 869 3008 (ἶ
886 2972 1005 3029 historia
1019 2985 1108 3044 quam
1132 2972 1181 3029 liei
1197 2971 1360 3029 testimonia
1383 2982 1624 3033 monstraverant.
1642 2975 1733 3043 Quem

79 3064 115 3120 de
130 3064 215 3119 domo
232 3068 425 3117 occurrerunt
446 3060 498 3131 qui
511 3073 575 3115 earu
592 3067 736 3116 mortuam
751 3074 829 3116 nun·

79 3160 140 3210 unt.
161 3150 213 3206 Sed
230 3150 315 3205 amici
337 3148 390 3219 qui
415 3156 498 3205 erant
516 3148 545 3203 in
564 3148 648 3204 domo
671 3148 829 3218 prohibue-

81 3241 123 3298 illi
144 3239 248 3306 dicere,
277 3252 313 3294 ue
340 3251 390 3308 per
415 3236 564 3306 publicum
589 3235 748 3307 plangeret.
774 3237 829 3305 Qui

80 3330 200 3388 domum
234 3326 363 3382 rediisset
395 3325 484 3381 nimio
524 3324 619 3380 dolore
657 3333 827 3394 commotus,

79 3433 104 3476 e
118 3416 184 3473 lille
207 3423 316 3471 vestem
332 3427 420 3484 quam
450 3413 593 3470 detulerat
617 3412 772 3484 superjecit
801 3421 829 3470 et

79 3508 175 3565 eddita
197 3515 249 3561 est.
280 3503 369 3559 Filius
398 3502 465 3558 item
491 3501 644 3572 cujusdam
668 3503 830 3568 exstinctus

79 3596 171 3667 Cujus
196 3607 302 3663 corpus
326 3592 411 3647 amici
436 3591 570 3661 martyris
596 3590 657 3647 oleo
683 3580 830 3660 perunxess

81 3685 203 3742 tstatim
219 3681 333 3739 revixit.
351 3680 455 3736 Sextus
469 3694 537 3736 vero
548 3679 599 3749 oui
629 3686 760 3750 superest
777 3679 830 3736 hoo

79 3773 248 3831 'suscitatus
262 3778 316 3827 est.
347 3769 492 3833 Eleustus,
519 3767 565 3823 vir
581 3765 761 3834 tribunitius,
775 3767 830 3824 ba-

79 3860 243 3920 nlantulum
257 3861 287 3915 in
307 3858 475 3914 infirmitate
496 3863 651 3920 mortuum,
666 3869 754 3926 super
768 3870 830 3913 me·

79 3966 102 4009 nr
117 3949 253 4021 martyris
273 3947 377 4019 posuit,
404 3953 508 4016 etpost
524 3944 644 4000 multam
672 3943 830 4001 orationem

79 4038 199 4110 tcrymis
214 4037 318 4104 lusam,
341 4037 480 4106 juvenem
498 4033 614 4090 levavit.
637 4033 704 4090 lieo
717 4032 826 4099 omnia,

79 4128 169 4194 imus,
191 4129 220 4182 in
244 4125 341 4182 lllrica
363 4131 454 4196 gesta,
480 4136 546 4194 que
566 4121 697 4178 videlicet
715 4121 753 4178 ibi
777 4121 829 4176 ba·

883 3075 920 3117 ue
936 3068 1083 3119 tantarum
1103 3058 1273 3131 magnitudo
1286 3060 1429 3116 virtutum
1444 3059 1474 3116 in
1493 3061 1644 3120 elationem
1661 3064 1734 3121 lorte

883 3149 1022 3215 traheret,
1035 3147 1104 3204 vite
1124 3147 1216 3220 ipsius
1230 3147 1377 3220 conjugali
1393 3155 1451 3206 tam
1476 3157 1620 3208 rectorum
1641 3167 1730 3224 quam

883 3237 1094 3295 continentium
1123 3235 1249 3309 dignitas
1281 3251 1341 3308 pree
1368 3237 1460 3295 oculis
1484 3238 1610 3310 ponitur,
1631 3248 1663 3298 ut
1682 3257 1733 3300 eo-

884 3340 950 3383 rum
980 3326 1087 3383 scilicet
1105 3326 1319 3396 comparatione
1352 3340 1382 3382 se
1416 3337 1578 3398 compescat
1606 3330 1643 3386 ab
1670 3328 1732 3387 ela·

884 3415 970 3471 tione.
987 3414 1023 3471 Et
1043 3414 1114 3486 quia
1140 3421 1202 3470 tem
1229 3414 1413 3472 continentie
1432 3429 1521 3486 quam
1550 3415 1731 3477 abstinentie

883 3502 977 3558 virtus
1005 3502 1154 3572 preminet
1174 3503 1203 3558 in
1231 3503 1389 3567 monachis,
1417 3504 1472 3561 sub
1510 3506 1611 3578 onagri
1639 3506 1734 3578 specie

885 3589 973 3661 buius
987 3590 1177 3662 prerogativa
1191 3590 1364 3648 describitur
1385 3592 1461 3648 vite.
1489 3593 1606 3666 Onager
1625 3596 1734 3667 quippe

884 3693 942 3734 nou
965 3678 1148 3746 domesticus,
1178 3678 1228 3734 sed
1252 3679 1392 3736 silvestris
1414 3679 1514 3737 asinus
1533 3682 1649 3739 dicitur.
1678 3682 1733 3740 llic

884 3774 963 3824 tanto
979 3765 1097 3823 liberius
1124 3767 1153 3822 in
1177 3765 1330 3824 solitudine
1352 3776 1551 3835 conversatur,
1579 3780 1689 3841 quanto
1717 3787 1735 3829 ε
1807 3829 1823 3839 ,

883 3855 1131 3912 commiseratione
1154 3855 1305 3911 bominum
1325 3854 1418 3927 magis
1433 3863 1560 3913 remotus
1575 3871 1628 3913 noc
1646 3873 1734 3919 onere

884 3952 1033 4017 gravatur,
1051 3958 1103 4000 nec
1120 3943 1247 4001 vinculis
1260 3950 1418 4011 coercetur,
1441 3943 1515 4000 sicut
1529 3959 1545 4000 ε
1559 3952 1659 4004 εοιιιιε
1680 3948 1732 4005 do-

885 4033 1021 4090 mesticus
1052 4032 1175 4089 sustinet
1203 4033 1313 4089 asinus.
1345 4031 1425 4089 Unde
1452 4032 1553 4089 merito
1570 4033 1639 4091 huic
1671 4037 1733 4095 vile

884 4122 1118 4192 conjugatorum,
1145 4119 1220 4178 siout
1235 4119 1277 4176 illi
1298 4120 1507 4178 continentium
1533 4131 1730 4194 comparatur.

80 4230 98 4272 o
124 4222 253 4280 noverat,
285 4213 386 4269 beatus
410 4218 614 4268 commemorat
636 4209 828 4281 Augustinus,
845 4232 868 4289 ῃ
884 4209 965 4277 Quod
979 4208 1057 4265 enim
1077 4209 1230 4266 vinculum
1252 4210 1347 4281 majus
1371 4224 1459 4282 quam
1488 4210 1599 4282 copule
1628 4213 1734 4288 conju·

89 4302 197 4360 scilicet
212 4302 336 4358 innuens
360 4314 426 4371 oue
438 4299 469 4356 in
502 4313 562 4355 una
582 4298 729 4369 provincia
755 4297 831 4353 lacta
885 4297 1060 4372 gelisioue
1088 4296 1205 4370 gravior
1217 4297 1352 4366 servitus,
1367 4311 1456 4370 quam
1470 4305 1504 4356 ut
1517 4299 1603 4358 bomo
1622 4304 1734 4375 proprii

79 4406 96 4450 s
117 4390 250 4448 notitiam
281 4394 486 4460 pervenerunt,
502 4393 622 4458 quotet
637 4395 748 4458 quanta
762 4386 831 4443 talia
885 4385 1013 4456 corporis
1025 4392 1192 4456 potestatem
1208 4399 1266 4443 non
1286 4385 1413 4444 babeat?
1439 4389 1508 4455 Quae
1527 4389 1654 4462 denique
1672 4392 1734 4451 rita

79 4488 115 4540 et
145 4479 256 4550 majora
276 4478 307 4534 in
329 4475 439 4534 ceteris
455 4475 556 4531 muudi
571 4475 702 4544 partibus
714 4476 750 4532 ad
766 4475 831 4548 glo·
884 4475 1042 4539 onerosior,
1068 4488 1158 4546 quam
1178 4474 1313 4532 molestiis
1327 4475 1504 4546 quotidiaue
1532 4478 1735 4540 sollicitudinis

79 4567 115 4626 mi
128 4567 228 4624 militis
237 4565 376 4622 Dominus
390 4562 503 4634 operari
516 4562 675 4620 credendus
696 4563 743 4622 sit.
886 4571 944 4621 tam
958 4576 1009 4634 pro
1024 4576 1117 4620 uxore
1137 4576 1226 4634 qnam
1255 4577 1307 4634 pro
1328 4563 1395 4621 liliis
1412 4565 1558 4622 cruciari?
1584 4566 1642 4624 Aut
1665 4583 1732 4640 oue

79 4661 100 4715 le
115 4664 144 4714 et
157 4655 185 4712 id
199 4655 398 4727 prerogative
415 4657 587 4708 consecutus
600 4659 653 4721 est,
678 4658 709 4709 ut
723 4652 753 4708 in
767 4653 831 4725 ejus
884 4653 945 4708 vita
960 4651 1070 4723 pigrior
1083 4652 1121 4709 ad
1140 4652 1312 4726 obsequium
1335 4652 1396 4721 liei,
1417 4666 1505 4725 quam
1521 4654 1585 4726 ejus
1611 4657 1663 4727 uui
1693 4665 1734 4715 tot

79 4745 153 4806 riam
176 4745 302 4801 maxime
325 4742 530 4800 cathedrarum
550 4730 756 4812 episcopalium
781 4740 832 4798 ba·
883 4738 1068 4799 affectionum
1095 4742 1219 4799 vinculis
1254 4742 1364 4799 mundo
1391 4741 1499 4813 ligatus
1536 4743 1732 4816 astringitur?

103 4834 256 4892 rideamus
280 4839 466 4889 consecratas.
498 4830 553 4896 Qui
578 4831 689 4901 primus
721 4837 832 4901 martyr
885 4830 965 4888 Unde
986 4845 1040 4888 nee
1054 4831 1090 4889 ab
1105 4832 1194 4904 hujus
1206 4830 1273 4887 vite
1292 4829 1506 4902 comparatione
1519 4830 1732 4904 pigrijumenti

79 4924 98 4993 i,
114 4932 256 4994 tanquam
281 4921 352 4977 alter
372 4921 455 4989 hbet,
482 4919 591 4991 proprii
612 4918 765 4991 sanguinis
787 4918 832 4974 el·
885 4919 1008 4977 tarditas
1031 4919 1159 4979 dissidet.
1187 4918 1318 4977 bonachi
1344 4932 1413 4976 vero
1436 4925 1517 4977 tanto
1541 4920 1732 4992 expeditiores

79 5027 104 5082 e,
126 5011 258 5083 qnidam,
284 5018 316 5067 ut
343 5009 382 5066 ita
398 5007 533 5078 dixerim,
560 5009 698 5066 tundatur
723 5005 832 5064 exstitit
884 5009 930 5066 rel
946 5009 1136 5081 promptiores
1147 5008 1184 5065 ad
1198 5007 1331 5065 divinum
1344 5007 1610 5080 lluntobsequium,
1623 5020 1745 5088 quanto,

80 5103 126 5169 ie,
143 5100 270 5171 seipsum
293 5106 434 5170 tanquam
449 5098 571 5170 lapidem
589 5098 740 5155 rivumet
756 5095 831 5153 mul·
885 5097 1011 5169 amplius
1031 5097 1214 5154 secularium
1236 5093 1419 5153 affectionum
1445 5096 1569 5155 vinculis
1596 5099 1732 5173 absoluti,

101 5189 233 5261 lapidum
262 5187 368 5245 ictibus
382 5187 519 5245 obtusum
543 5195 570 5244 ει
593 5187 778 5258 quadratum
802 5185 832 5242 in
886 5187 1081 5258 omnibusque
1100 5185 1301 5242 renuntiantes
1335 5185 1373 5243 ab
1397 5184 1457 5255 illa,
1476 5199 1565 5257 quarn
1595 5188 1732 5262 diximus,

79 5279 285 5339 undamentum
308 5277 505 5347 substernens,
526 5289 614 5347 super
636 5289 722 5347 quem
738 5273 832 5332 ceteri
886 5274 1024 5331 servitute
1039 5274 1155 5346 longius
1170 5272 1325 5343 absistunt,
1341 5281 1369 5331 ει
1383 5273 1530 5345 liberiores
1539 5275 1625 5336 flunt.

79 5386 82 5424 t
109 5377 255 5440 unquam
279 5365 310 5423 in
336 5365 395 5438 ipso
409 5365 536 5437 quodam
551 5364 636 5422 modo
661 5362 774 5422 lundatl
799 5375 834 5419 ac
921 5361 962 5420 llo
975 5375 1035 5434 qua
1057 5376 1137 5421 nunc
1151 5361 1283 5421 libertate
1298 5361 1436 5421 dominus
1449 5362 1486 5422 ad
1499 5363 1552 5424 iob
1566 5363 1698 5439 loquitur
1727 5383 1747 5450 t,

87 5493 199 5556 Petrol.
209 5500 279 5554 tom.
293 5492 369 5564 Xbl,
384 5492 437 5552 eol.
453 5493 516 5564 lii,
529 5496 631 5565 etseq.
