3804 5962
60 131 117 184 628

611 124 794 183 expositio
814 125 850 182 ttt
871 124 1061 183 SYMBOLUM
1080 122 1284 182 statuisti.

1737 96 1743 105 ’
1768 128 1821 183 oso

60 260 161 312 nostra
176 228 311 324 praeibit.
332 251 424 309 Graeci
443 259 538 309 tamen
554 258 581 309 et
599 255 630 307 ia
643 245 803 320 Ecclesiam,
820 251 914 310 dicere
929 255 953 309 Α
968 252 1124 308 Possumus
1147 256 1175 308 et
1199 252 1358 306 sanctorum
1386 246 1481 306 dicere
1502 247 1684 316 neutraliter,
1711 248 1739 306 id
1774 260 1820 317 est

59 357 121 400 non
147 346 295 409 serentur,
320 342 404 399 sicut
427 348 455 399 ει
481 340 648 412 Symbolum
678 341 750 398 illud
774 341 912 409 continet,

61 431 143 503 quod
157 430 194 487 ad
210 429 353 487 cautelam
372 429 436 485 fldei
452 428 620 486 orthodoxa
640 429 695 486 Lao
711 429 750 486 ιιι
776 429 911 496 institnit,

59 528 88 576 et
105 519 138 576 in
154 518 253 576 tabula
270 527 407 591 argentea
426 518 602 588 descriptum
620 520 717 575 Romae
734 518 818 575 altari
842 533 912 575 san-

60 609 99 664 cti
126 607 210 665 Pauli
232 608 337 665 allinit.
355 607 530 672 catholicam,
554 607 582 662 id
602 614 643 663 est
663 607 869 672 universalem,
885 614 912 664 ει

59 686 118 753 non
134 696 164 753 in
180 696 281 768 aliqua
299 696 400 753 mnndi
421 704 511 766 perte,
529 695 604 752 sicut
623 703 692 753 sunt
709 696 911 752 haereticorum

62 786 278 854 conventicula,
315 785 510 842 conclusam:
540 785 590 841 sed
611 785 721 855 ubique
751 786 911 851 dilatatam,

58 875 138 932 sicut
157 883 185 933 ει
204 876 291 933 Jacob
307 877 336 931 in
352 875 447 945 ligura
463 874 567 930 Christi
580 875 754 944 promissum
772 882 824 941 est,
845 887 911 930 cum

57 962 170 1020 dieitur
198 992 205 1020 ι
246 965 415 1020 Dilatabcris
449 965 487 1019 cal
514 963 648 1018 Orientem
682 969 708 1018 ει
749 962 913 1018 decidentem

62 1051 143 1122 [Gen.
158 1067 264 1122 aaran,
282 1054 336 1125 tl).

112 1143 278 1199 Sanctorum
311 1144 537 1199 communionem.
568 1141 627 1197 Hoc
656 1146 697 1196 est
729 1139 818 1209 illam,
852 1154 913 1212 qua

58 1231 153 1289 sancti
179 1233 349 1290 alliciuntur
377 1231 422 1288 vel
453 1231 483 1288 in
510 1231 660 1288 sanctitate
687 1230 910 1295 confirmantur,

56 1320 152 1378 divini
171 1322 279 1379 scilicet
305 1322 478 1380 sacramenti
505 1320 725 1391 participatione
742 1336 749 1389 ;
769 1318 815 1376 vel
831 1334 912 1376 com-

59 1423 180 1468 munem
211 1411 345 1470 Ecclesiae
369 1411 464 1478 tidem,
497 1410 558 1466 sive
585 1409 734 1466 alteritatis
760 1409 907 1466 unionem.

968 340 1138 397 sanctificati
1165 342 1247 412 panis
1272 347 1300 396 et
1327 337 1388 394 vini
1410 337 1440 394 in
1459 344 1675 396 sacramentnm
1703 337 1815 398 altaris.

967 433 1161 487 demissionem
1192 432 1375 499 pcccatorum,
1405 435 1463 484 tant
1511 441 1561 498 per
1606 427 1815 499 poenitentiam,

967 534 1057 591 quam
1082 533 1132 588 per
1158 517 1294 575 virtutem
1317 516 1577 573 ecclesiasticorum
1615 525 1810 575 sacramento·

967 622 1043 665 rum.
1068 608 1164 664 earnis
1190 610 1425 672 resurrectionem,
1456 612 1515 662 tam
1544 605 1574 662 in
1589 603 1686 662 electis
1704 605 1809 663 videli-

967 704 1010 751 cet
1036 709 1124 765 quam
1152 695 1180 751 in
1209 695 1348 766 reprobis,
1378 702 1405 752 et
1425 694 1455 750 in
1478 694 1646 765 corporibus
1667 700 1814 752 utrorum-

967 799 1024 856 que
1040 783 1173 854 deinceps
1184 784 1266 840 nulla
1280 782 1468 840 dissolutione
1484 783 1701 841 interveniente.
1721 785 1815 842 Vitam

967 879 1105 940 aternam,
1130 873 1190 929 sivo
1214 873 1249 929 ad
1280 872 1412 944 gloriam,
1438 874 1498 929 sive
1522 874 1558 929 ad
1587 875 1816 944 panamaimn
1858 889 1861 893 ·

967 962 1021 1019 boc
1035 966 1087 1030 εει,
1104 975 1207 1018 verum
1221 969 1273 1017 εει.
1292 960 1374 1028 Quod
1392 963 1519 1032 qnidam,
1533 963 1620 1034 jttnta
1631 961 1810 1034 Apostolum,

969 1057 1001 1107 ut
1016 1064 1125 1122 ⁴supra
1160 1049 1356 1121 meminimus,
1386 1051 1480 1107 dicero
1504 1067 1561 1109 non
1584 1051 1732 1119 debemus,
1759 1050 1816 1107 nisi

968 1155 1034 1212 qnae
1058 1139 1205 1211 praemissa
1220 1147 1298 1207 sunt,
1334 1140 1538 1198 intelleximus.
1557 1141 1636 1198 tlnde
1656 1141 1692 1198 ad
1708 1153 1818 1212 parvu-

968 1227 1276 1296 lorumeruditionem,
1301 1229 1375 1284 banc
1397 1230 1689 1302 quantulamcunque
1717 1242 1818 1289 necas·

967 1318 1074 1409 sariam
1087 1317 1226 1375 duximus
1241 1316 1458 1390 expositionem.

590 1657 819 1822 enam
868 1708 1284 1824 nomnium

717 1922 995 1991 EXPOSITIO
1019 1923 1164 1989 FIDEI

463 2124 537 2234 IN
586 2121 980 2235 SYMBOLUM
1023 2125 1419 2237 ATHANASII

93 2494 260 2560 Quicunque
280 2494 340 2548 uuit
368 2494 462 2550 saluus
485 2509 541 2550 esse
544 2533 598 2550 .....
627 2493 779 2551 voluntate
801 2494 909 2564 quippe
925 2494 946 2548 B
963 2493 1138 2551 exhibendo.
1163 2496 1306 2564 digestas,
1322 2493 1349 2550 id
1365 2502 1407 2552 est
1437 2495 1572 2566 dignitas.
1596 2495 1717 2561 Quare?
1731 2495 1811 2568 qnia,

60 2582 187 2653 propria,
208 2597 267 2639 non
311 2583 459 2639 coactione
486 2583 637 2641 salvamur
670 2583 810 2640 aliena...
835 2583 909 2639 date

58 2677 231 2742 omniaopas
259 2676 335 2728 est...
358 2671 525 2729 subaudis:
552 2673 596 2729 llll
626 2674 681 2728 boo
707 2679 750 2729 est
774 2685 908 2728 necessa-

58 2760 147 2816 rium.
160 2761 236 2816 date
250 2762 353 2828 amaia,
372 2760 425 2816 boc
443 2767 484 2817 est
499 2768 565 2817 ante
580 2775 659 2831 spem
672 2769 699 2817 et
724 2760 906 2824 charitatem,

58 2848 101 2905 rel
117 2837 224 2906 c'aetera
239 2849 324 2916 bona,
336 2849 444 2920 quibus
456 2848 492 2905 ad
507 2849 595 2905 vitam
612 2857 749 2905 aeternam
775 2848 906 2919 perveni-

58 2944 153 2994 tur....
172 2940 207 2994 itt
240 2943 362 2994 teneat...
387 2937 451 2994 Non
481 2937 574 2994 solum
603 2938 716 3004 babeat,
740 2938 789 2995 sed
824 2938 906 2994 babi-

58 3027 287 3094 tamcustotliat,
309 3036 448 3098 tanquam
473 3026 615 3084 bonorum
641 3027 771 3083 omnium
797 3027 906 3084 lunda-

59 3125 191 3173 mentum
210 3123 299 3188 atque
321 3116 484 3187 originem:
501 3117 565 3173 Sine
587 3117 641 3186 tide
670 3117 787 3187 quippe,
806 3124 838 3172 ut
866 3115 907 3172 ait

55 3204 222 3273 Apostolus,
238 3206 407 3275 impossibile
417 3209 457 3260 esi
475 3205 582 3275 placere
593 3208 647 3261 ilco
663 3205 757 3275 (llebr.
776 3218 816 3272 ιιι,
832 3203 905 3274 ιιι...

57 3292 239 3359 catltolicam,
257 3294 285 3350 id
310 3301 353 3351 est
379 3294 582 3358 universalem,
613 3302 641 3351 et
669 3294 806 3350 omnibus
833 3293 905 3349 lide-

962 2585 1054 2652 quatis
1067 2586 1159 2650 Pater,
1176 2583 1255 2640 idest
1272 2593 1401 2655 quantus
1430 2583 1579 2654 dignitate.
1595 2584 1688 2650 Quam
1715 2584 1810 2656 digni·

963 2680 1048 2729 tatem
1074 2671 1171 2728 statim
1199 2674 1398 2741 prosequitur,
1435 2672 1555 2728 dicens:
1585 2674 1730 2728 increatas
1758 2674 1811 2728 Pa·

963 2766 1012 2826 ter,
1037 2767 1092 2816 etc.
1114 2763 1266 2815 immensae
1292 2763 1384 2828 Peter,
1410 2773 1468 2816 non
1490 2759 1574 2827 mole,
1597 2760 1647 2817 sed
1675 2765 1812 2831 potestate

961 2848 1059 2907 ontnia
1087 2850 1285 2906 concludente.
1312 2849 1374 2918 Vel,
1399 2852 1558 2917 immensus,
1579 2849 1608 2906 id
1633 2857 1676 2906 est
1700 2848 1808 2906 t'nconr·

961 2938 1173 3009 prehensibilis.
1197 2941 1335 3007 adeamus,
1365 2944 1424 2995 tam
1460 2939 1599 3011 principio
1627 2953 1717 3009 qnam
1753 2937 1811 2995 tiae

960 3041 1070 3084 caretis.
1097 3030 1133 3083 Et
1149 3032 1240 3082 lacten
1254 3044 1309 3083 aaa
1332 3032 1386 3084 tres
1409 3029 1614 3099 omnipotentes.
1639 3028 1719 3085 Teste
1749 3029 1808 3084 Au·

960 3117 1086 3187 gustino,
1101 3117 1214 3173 nullum
1233 3131 1338 3174 nomen
1353 3124 1395 3174 εει
1415 3118 1476 3184 Del,
1492 3117 1578 3188 cujas
1592 3116 1740 3188 singulare
1768 3115 1809 3172 ita

960 3206 994 3263 de
1010 3206 1132 3277 singulis
1154 3206 1268 3262 dicatur
1286 3206 1425 3277 personis,
1456 3215 1487 3262 ut
1502 3206 1565 3277 ejus
1586 3205 1737 3277 pluralitas
1751 3204 1809 3261 illis

959 3294 1045 3351 simul
1066 3294 1228 3362 conveniat,
1245 3303 1349 3365 praeter
1368 3295 1421 3351 boo
1436 3309 1541 3351 nomen
1561 3308 1694 3365 persona.
1726 3294 1809 3351 Pater

56 3381 134 3440 libus
153 3397 348 3450 communem,
387 3390 475 3455 atque
500 3383 540 3439 ita
563 3384 675 3440 cunetis
701 3383 904 3449 necessariam,

57 3478 92 3528 nt
110 3486 165 3528 nec
179 3471 294 3542 antiqui
310 3472 393 3542 justi,
405 3481 464 3528 tam
479 3481 545 3529 ante
557 3471 647 3544 legem
662 3486 751 3543 quam
766 3472 821 3529 sub
832 3471 903 3542 loge,

56 3560 171 3632 absque
186 3560 236 3617 illa
251 3560 444 3618 salvarentur.
461 3562 496 3616 la
512 3562 655 3630 Teiaitatc,
675 3561 727 3617 boc
741 3569 782 3618 cst
806 3561 835 3616 in
856 3560 903 3617 tri.
958 3561 1116 3625 ιιιιειιειιε,
1146 3561 1192 3618 vel
1221 3561 1369 3627 Dominus,
1400 3561 1444 3617 vel
1469 3569 1590 3629 creator,
1620 3576 1672 3618 seu
1697 3559 1802 3632 princi·
1859 3606 1862 3610 .

57 3648 113 3705 bas
132 3649 263 3719 personis
281 3649 462 3718 existentem,
496 3657 524 3707 ct
551 3657 607 3707 tres
632 3663 768 3720 personas
794 3649 822 3705 in
847 3663 905 3705 noo
960 3648 1052 3718 pinm,
1066 3655 1118 3705 aut
1132 3648 1241 3716 lumen,
1256 3648 1300 3704 uel
1316 3649 1508 3718 onidiptttens,
1526 3664 1582 3705 non
1600 3656 1695 3704 tamen
1722 3650 1805 3705 Pater

57 3737 115 3793 Deo
143 3751 203 3794 non
225 3737 319 3794 solum
335 3739 498 3804 credamus,
527 3739 575 3794 sed
604 3739 691 3795 etiam
720 3751 903 3795 veneremur.
959 3746 986 3794 et
1010 3736 1099 3793 Filius
1127 3741 1179 3794 ant
1201 3737 1242 3793 dii
1274 3738 1469 3808 plurossunt,
1495 3744 1545 3793 aut
1572 3745 1724 3799 creatores,
1753 3744 1805 3793 aut

58 3825 191 3890 Qualiter
206 3833 302 3882 autem
320 3827 380 3883 baec
394 3827 617 3899 Trinitasjuxta
633 3828 820 3897 proprietates
840 3840 903 3896 per·
961 3826 1045 3897 plura
1069 3825 1221 3896 principia,
1255 3824 1300 3883 vel
1344 3825 1463 3889 lumina,
1501 3825 1560 3882 sive
1588 3824 1804 3895 omnipotentes.

58 3927 208 3982 sonarum,
229 3921 257 3971 et
271 3914 333 3972 ιιεε
356 3916 453 3972 unitas
471 3917 630 3973 secundum
647 3922 782 3972 naturam
798 3914 905 3971 divinas
959 3915 1069 3986 Quippe
1084 3929 1151 3971 cum
1181 3915 1288 3972 dicitnr
1311 3915 1462 3986 pluraliter
1490 3928 1629 3985 persona,
1654 3914 1805 3971 diversitas

58 4002 229 4058 substantiae
242 4004 384 4060 credenda
399 4004 444 4072 sit,
455 4006 551 4061 statim
574 4006 756 4071 determinat,
782 4004 902 4060 dicens:
960 4005 1167 4074 proprietatum
1196 4004 1369 4071 ostenditur,
1400 4018 1457 4059 non
1485 4018 1584 4060 rortrm
1601 4016 1731 4072 numero,
1759 4003 1805 4060 vel

59 4093 155 4162 Neque
172 4091 370 4158 masticamus
393 4108 537 4162 personas.
560 4095 618 4149 lloc
632 4101 686 4155 est.
704 4092 905 4163 permiscentes
959 4093 1146 4150 essentialiter
1170 4093 1373 4150 differentium.
1391 4095 1515 4150 licentra
1539 4101 1646 4161 autem,
1674 4093 1698 4149 si
1731 4091 1806 4149 dice.

57 4179 236 4236 adinvicem
255 4194 400 4251 personas,
416 4190 448 4238 ut
466 4182 599 4239 videlicet
627 4182 756 4239 catodem
775 4182 906 4238 dicamus
960 4196 1057 4238 remus
1073 4184 1143 4239 deos
1171 4183 1217 4238 nel
1245 4190 1397 4252 creatores,
1414 4190 1481 4252 eto,
1497 4183 1589 4254 ipsam
1620 4196 1739 4254 quoque
1763 4195 1806 4238 re·

56 4281 210 4338 personam
228 4268 330 4337 Patris,
348 4284 414 4341 quae
430 4270 502 4337 Filii,
516 4271 559 4327 vel
578 4270 701 4342 Spiritus
715 4271 829 4336 saneti3
852 4271 906 4328 sic·
959 4283 1027 4328 rum
1041 4270 1229 4328 essentialiter
1239 4271 1418 4329 diversarum
1437 4271 1653 4329 multitudinem
1664 4277 1807 4328 monstra·

57 4364 91 4414 ut
106 4356 158 4413 illa
171 4356 288 4413 barecis
301 4359 457 4426 asserebat,
477 4373 544 4429 quae
558 4360 592 4417 de
606 4360 689 4416 Patre
701 4360 812 4417 dicebat
825 4363 904 4431 quia,
959 4376 1068 4429 remus,
1089 4374 1216 4432 quarum
1234 4376 1421 4433 unaquaeqne
1448 4365 1521 4419 esset
1536 4362 1621 4426 Deus,
1637 4367 1690 4418 eto.
1725 4361 1806 4416 Prius

60 4446 270 4518 qnandovntt,
292 4448 658 4520 l‘aterest,qnandovult,
690 4449 789 4505 Filius.
814 4451 907 4520 Neque
960 4458 1087 4521 tempore
1115 4449 1159 4508 vel
1184 4450 1338 4508 existentia
1366 4450 1539 4522 precedens.
1565 4450 1669 4519 dlajm,
1708 4447 1808 4519 prola-

960 3384 1069 3454 qulppe
1102 3397 1223 3454 persona
1247 3391 1300 3450 est,
1325 3391 1353 3440 et
1382 3383 1460 3440 tilius
1484 3397 1617 3454 persona,
1641 3391 1668 3440 et
1687 3383 1717 3440 bi
1746 3383 1804 3440 duo

960 3481 1180 3542 suntpersonae.
1203 3474 1238 3528 dt
1252 3487 1321 3528 vero
1341 3487 1407 3529 cum
1424 3474 1507 3529 Pater
1535 3473 1569 3530 sit
1595 3474 1680 3540 ιιειιε,
1705 3479 1733 3529 ει
1759 3471 1806 3530 et·

60 4535 250 4592 semiunciam
270 4541 438 4607 separantes,
461 4538 515 4594 boc
542 4546 593 4604 est,
614 4539 742 4595 diversas
768 4538 906 4595 substan·
961 4540 1037 4598 tione
1051 4539 1210 4612 dignitatis.
1229 4541 1335 4608 Uaitas,
1354 4539 1640 4597 scilicetsubstantiaa
1661 4537 1692 4594 in
1714 4534 1808 4594 tribus

57 4623 114 4680 tias
126 4625 158 4680 in
173 4626 231 4682 lieo
243 4625 404 4697 credentes,
417 4627 465 4684 sed
487 4641 575 4684 unam
591 4631 721 4684 tanturn.
739 4628 906 4685 Sicutenim
959 4629 1097 4700 personis.
1130 4632 1280 4685 Trinitase
1308 4643 1447 4687 converso
1467 4641 1668 4699 personarum,
1685 4625 1715 4682 in
1732 4624 1804 4683 uni-

59 4712 256 4771 dirersitatem
284 4729 474 4787 personarum
495 4717 524 4773 in
549 4718 606 4774 ilco
621 4717 759 4774 debemus
780 4717 905 4783 credere,
961 4725 1018 4775 tate
1032 4717 1164 4775 videlicet
1177 4716 1356 4775 substantiae.
1376 4718 1493 4785 Sentiat,
1509 4716 1592 4773 idest
1612 4713 1798 4774 credatsalo·

60 4800 198 4860 itaetiam
214 4804 353 4861 unitatem
370 4804 478 4862 divinae
498 4805 679 4863 substantiae.
700 4804 781 4873 Quod
809 4807 907 4864 statim
962 4815 1019 4865 tem
1034 4807 1204 4877 substantiae
1217 4807 1412 4863 obtinendam.
1432 4808 1467 4877 Ut
1474 4804 1627 4871 credamus,
1638 4813 1705 4878 ειε.,
1720 4805 1808 4879 juxta

57 4903 219 4962 exponam,
242 4891 283 4948 ait
308 4908 316 4949 s
347 4895 413 4950 Alia
436 4899 475 4949 est
490 4896 562 4949 caim
578 4911 697 4966 persona
725 4897 827 4963 Patris,
851 4903 905 4954 ato.
962 4896 1049 4954 iilud:
1065 4896 1150 4954 Corde
1165 4895 1286 4952 creditur
1300 4896 1497 4965 adjustitiam,
1509 4910 1554 4949 ore
1568 4894 1805 4963 autemcoafessio

57 4979 254 5038 Etrnrsum:
285 4982 339 5040 Sed
361 4985 464 5051 Patris,
482 4989 508 5039 ct
530 4985 607 5052 Filii,
623 4990 647 5039 ct
680 4984 801 5055 Spiritus
817 4990 907 5041 sancti
961 4990 992 5057 ιιι
1002 4984 1040 5040 aa
1055 4986 1263 5056 satutemfflom.
1280 4999 1310 5053 x,
1328 4984 1381 5055 td).
1395 4970 1712 5042 Nonduaesubstantiae
1726 4981 1810 5040 Cbri·

57 5084 118 5125 aaa
140 5075 182 5128 est
206 5070 305 5127 deitas.
338 5074 460 5140 aquatis
486 5074 586 5142 atarto,
621 5074 649 5130 id
681 5083 723 5133 εει
746 5072 1414 5143 reverential)stlsunt,sedunustantumin
1434 5085 1559 5144 persona
1576 5072 1712 5132 cbristus
1740 5071 1810 5145 (tt).

90 5247 152 5321 (77)
179 5247 256 5307 Sico
274 5249 370 5307 codice
385 5249 532 5308 Victorino
560 5250 640 5309 bunc
667 5251 765 5315 locum
783 5252 908 5311 restituit
962 5251 1070 5317 damus,
1099 5259 1153 5308 etc.
1182 5251 1243 5311 lion
1265 5249 1330 5323 duo,
1358 5250 1489 5309 subaudis
1524 5249 1630 5311 Christi
1657 5253 1734 5319 suat,
1764 5248 1813 5305 secl

56 5317 90 5375 o.
103 5318 337 5391 Victorcoasin,
356 5320 429 5394 Opp.
453 5321 609 5390 abelardi,
629 5338 655 5393 p.
680 5325 755 5378 did:
788 5325 907 5392 sentiat,
961 5331 1109 5387 causato.

57 5390 88 5445 ia
106 5397 149 5448 est
177 5392 282 5448 credat.
299 5392 432 5462 Salutem,
452 5393 585 5452 subaudis
605 5393 778 5452 obtinendam
803 5401 834 5451 at
850 5411 904 5452 cre·
