3804 5962
124 193 177 250 ,cs
424 176 823 238 emnrsnnnsamoee.
842 126 1226 236 erueris-sansonis
1245 177 1430 236 nrorusc.
1449 180 1570 238 sscer.
1823 140 1888 242 ers

125 315 191 375 licet
209 308 262 384 qui
276 305 386 381 ligandi
408 304 455 363 vel
470 303 637 361 absolvendi
651 303 711 360 sint
728 303 826 371 abeo,
847 302 900 375 ipsi
911 301 966 360 nu·
981 296 1007 353 Α
1020 298 1057 356 sit
1087 314 1160 372 qnos
1187 300 1320 357 noluerit.
1350 299 1434 370 Quod
1460 314 1496 359 ne
1522 315 1657 374 unquam
1681 316 1874 377 praesumunt,

125 403 213 462 boant
223 398 366 471 indicare,
380 401 408 451 et
424 394 498 450 inter
518 392 661 449 mnndum
674 399 703 450 et
715 391 898 449 immundum
913 391 973 448 dis·
1028 402 1153 461 magnus
1180 389 1227 446 ille
1249 389 1353 448 doctor
1377 389 1511 447 Ecclesia
1537 391 1732 462 Augustinus,
1750 401 1778 451 et
1801 395 1876 455 inter

126 503 252 549 cernere.
277 487 349 543 ilinc
369 491 398 563 et
420 481 492 539 illud
511 480 645 552 origenis
662 494 750 551 super
777 481 911 537 eumdem
928 480 970 537 lo·
1027 478 1104 550 ipsos
1127 478 1273 550 episcopos
1312 479 1469 549 praeclarus
1500 480 1626 536 occurrit
1657 490 1735 539 sexto
1763 485 1873 543 decimo

126 594 193 637 cum
208 579 239 634 in
266 574 400 631 Matthaeo
426 571 529 627 electos
554 569 711 640 episcopos,
739 569 791 641 qui
816 569 892 626 hanc
906 583 973 640 gra·
1027 581 1158 625 sermone
1176 568 1211 625 de
1232 567 1328 625 verbis
1355 568 1469 625 Domini
1490 568 1609 626 dicens:
1638 571 1754 642 caepisti
1776 564 1893 641 trabere}

127 670 196 727 tiam
220 663 388 728 meruerint,
414 673 479 731 quae
499 661 581 716 Petm
608 664 808 727 concessaest,
831 659 974 716 acuaris
1026 657 1144 724 fratrem
1171 661 1249 712 luam
1275 663 1408 727 tanquam
1431 658 1629 727 publicanum;
1659 661 1730 728 ligas
1758 678 1820 719 cam
1845 667 1894 729 in!

126 757 167 813 itu
179 750 399 825 distinguentis:
425 750 596 817 Quacumque
611 748 740 816 ligaveris
758 762 842 817 saper
862 752 974 814 terram,
1028 750 1102 801 terra
1116 762 1123 814 ;
1138 745 1187 801 sed
1200 746 1313 816 aljuste
1327 747 1424 815 alliges
1445 747 1508 802 vide
1521 764 1532 802 .·
1553 763 1618 803 nam
1639 749 1746 818 iniusta
1763 753 1873 808 uincula

126 845 266 917 quoniam,
292 840 397 911 inquit,
429 841 477 907 qui
507 837 679 906 episcopatus
706 837 849 892 vindicant
876 837 973 902 locum
1027 834 1176 904 disrumpit
1187 834 1312 904 iustitia.
1337 834 1442 891 Beatus
1470 849 1587 907 qnoque
1601 835 1757 909 Gregorius
1771 848 1872 910 peten-

126 935 244 988 utuutar
276 928 323 984 bac
352 931 430 982 tectu
452 922 682 990 quamadmodum
702 927 809 1004 Petras,
826 927 859 979 -lt
885 924 974 980 clavm
1028 930 1071 981 ter
1090 923 1200 987 asserit,
1226 931 1254 981 et
1270 923 1422 980 dominicis
1450 923 1595 981 convincit
1622 928 1774 998 exemplis,
1798 931 1871 988 nihil

125 1024 206 1089 segni
227 1020 354 1076 murum
371 1021 496 1087 acceptas
518 1034 537 1072 a
562 1016 667 1072 cbristo
686 1015 790 1082 docent,
810 1016 860 1084 qui
877 1012 911 1066 ab
935 1014 974 1067 eis
1026 1011 1246 1070 ecclesiasticam
1273 1019 1440 1084 potestatem
1464 1013 1494 1069 in
1523 1013 1640 1086 ligando
1666 1016 1711 1072 rel
1736 1017 1872 1076 solvendo

128 1112 210 1180 ligati
226 1109 342 1176 fuerint
364 1110 394 1162 in
407 1108 471 1163 colo
490 1108 590 1179 ligatos
611 1120 677 1172 esse,
699 1107 725 1159 et
748 1104 797 1173 qui
815 1101 849 1157 ab
869 1103 907 1156 eis
930 1115 972 1156 so·
1027 1114 1117 1171 posse,
1137 1102 1161 1158 si
1175 1101 1269 1158 deviet
1284 1101 1321 1158 ab
1348 1101 1486 1172 equitare
1498 1102 1628 1173 justitiae,
1651 1109 1679 1160 et
1702 1118 1760 1162 non
1774 1106 1872 1165 divino

128 1200 181 1256 tuti
194 1199 311 1267 suenni,
335 1195 366 1250 id
383 1201 423 1252 est
441 1198 626 1252 remissionem
647 1193 808 1263 acceperint,
826 1204 883 1246 esse
902 1194 928 1246 et
943 1192 973 1244 in
998 1232 1002 1240 .
1026 1189 1180 1246 concordet
1191 1189 1312 1261 jndicio.
1328 1189 1409 1247 Unde
1426 1189 1500 1247 illud
1513 1199 1556 1247 est
1572 1191 1649 1262 qnod
1664 1191 1705 1248 ait
1719 1193 1750 1249 in
1770 1194 1870 1252 Eran-

127 1284 484 1344 consalutandum
507 1289 547 1342 est
561 1286 628 1355 quia
643 1282 707 1338 bene
720 1281 826 1349 dicant,
840 1281 875 1347 lsi
890 1293 974 1349 opera
1027 1277 1168 1348 gcliorum
1198 1278 1316 1335 homilia
1334 1279 1471 1335 vicesima
1486 1279 1609 1351 quinte:
1626 1281 1785 1353 Plerumque
1813 1301 1872 1340 coa·

74 1438 76 1443 ,
125 1376 224 1434 babem
244 1376 305 1442 illa,
319 1378 434 1445 propter
453 1389 513 1441 quse
532 1372 640 1430 dictum
660 1374 700 1426 est
722 1368 795 1425 illud
814 1369 909 1423 Petro:
931 1367 974 1422 Tu
1028 1367 1119 1437 tingit,
1144 1372 1175 1423 at
1189 1367 1275 1423 loram
1289 1367 1396 1437 judicis
1419 1372 1517 1438 teneat,
1543 1370 1622 1439 cujus
1648 1370 1686 1424 ad
1706 1373 1795 1428 locum
1817 1379 1872 1430 vita

126 1481 153 1522 es
169 1468 283 1533 Petrus3
307 1468 332 1519 et
357 1463 424 1518 tales
438 1467 513 1531 suat,
536 1467 568 1517 at
585 1476 669 1532 super
686 1474 730 1516 cos
750 1459 900 1529 edificetur
921 1458 971 1512 Ec·
1026 1457 1137 1512 minime
1161 1457 1324 1525 macardat3
1352 1473 1384 1512 ac
1415 1472 1485 1528 sape
1513 1460 1616 1527 agitur,
1644 1463 1675 1515 al
1701 1463 1743 1516 vel
1763 1463 1872 1520 damnet

126 1554 212 1610 alesia
233 1552 346 1620 curisti,
368 1553 394 1606 si
415 1556 502 1621 portae
516 1552 666 1619 insacrum
687 1564 742 1604 non
756 1546 906 1618 prevalent
922 1547 971 1602 eis.
989 1583 1011 1639 Β
1026 1544 1184 1613 immeritos,
1207 1545 1249 1600 vel
1272 1544 1341 1600 alios
1365 1547 1424 1614 ipse
1447 1546 1549 1614 ligatus
1570 1544 1667 1602 solvat.
1684 1548 1760 1617 Saepe
1773 1552 1804 1604 in
1817 1551 1872 1606 sol·

126 1643 260 1713 Alioquin
280 1639 428 1696 ridiculum
452 1645 502 1706 est,
522 1644 553 1695 at
570 1639 691 1695 dicamus
710 1652 770 1694 eam
792 1638 840 1707 qai
858 1635 973 1692 vinculis
1026 1633 1176 1690 vendisvel
1189 1633 1311 1702 ligandis
1329 1633 1450 1689 subditis
1464 1648 1521 1689 san
1534 1636 1682 1690 voluntatis
1701 1642 1801 1707 motus,
1822 1654 1872 1696 aaa

124 1736 296 1804 peccatorum
317 1745 428 1786 suorum
453 1731 557 1798 ligatus
573 1733 623 1797 est,
649 1732 675 1785 et
690 1726 776 1782 trabit
793 1729 904 1795 peccata
921 1739 975 1780 saa
1027 1728 1118 1778 autem
1143 1724 1290 1779 coasdmm
1306 1725 1404 1778 merita
1428 1725 1566 1790 sequitur;
1580 1723 1652 1778 unde
1669 1728 1701 1794 itt
1715 1730 1747 1781 ut
1765 1729 1829 1797 ipsa
1844 1731 1872 1785 ii·

126 1823 198 1877 sirut
222 1821 317 1887 niuem
342 1819 463 1887 magum,
478 1822 504 1871 et
528 1821 660 1888 tanquam
680 1815 749 1885 juge
774 1813 862 1868 laram
879 1813 974 1867 vitula
1027 1811 1113 1879 gandi
1136 1817 1162 1867 et
1183 1812 1307 1868 solvendi
1326 1816 1462 1883 potestate
1483 1827 1512 1867 se
1535 1815 1636 1882 privet,
1661 1816 1711 1883 qui
1735 1816 1807 1872 banc
1824 1834 1871 1888 pro

124 1910 285 1976 iniquitates
308 1921 383 1974 suas,
409 1910 521 1977 practer
534 1904 583 1961 boc
608 1904 695 1961 salum
715 1903 846 1972 quoniam
870 1900 974 1957 dicitur
1027 1902 1084 1956 suis
1110 1899 1304 1966 voluntatibus,
1341 1907 1368 1957 et
1404 1917 1458 1959 nan
1480 1917 1533 1972 pro
1554 1901 1726 1958 subditorum
1753 1907 1871 1962 moribus

126 2000 277 2068 episcopus,
293 1996 392 2051 babere
412 1993 572 2064 bigasmodi
597 1996 767 2064 potestatem,
788 1995 820 2045 ut
833 1990 919 2046 soluti
938 1988 973 2043 ab
1028 1995 1141 2044 coercet.
1165 1990 1241 2061 Saepe
1265 1994 1297 2060 tlt
1326 1994 1357 2045 ut
1380 2006 1446 2059 erga
1468 1990 1613 2058 quemlibet
1634 1997 1792 2063 pronimam
1814 1997 1872 2053 odio

126 2101 156 2143 so
169 2101 252 2157 super
265 2091 376 2153 terram,
397 2085 454 2140 sint
465 2083 549 2139 soluti
561 2085 592 2138 in
610 2082 695 2152 ealo;
714 2085 761 2136 aut
783 2078 867 2148 ligati
879 2082 910 2134 in
923 2084 975 2135 ter-
1026 2078 1070 2133 vel
1083 2080 1177 2147 qratia
1197 2084 1338 2134 moveatur
1359 2086 1466 2150 pastor.
1489 2079 1617 2135 iudicare
1635 2085 1726 2136 autem
1744 2082 1829 2151 digne
1842 2084 1873 2140 dr

125 2179 177 2241 ris,
192 2176 249 2230 sint
262 2174 344 2241 ligati
361 2176 391 2229 in
405 2173 481 2229 cala.
498 2171 542 2228 Sit
560 2186 624 2240 ergo
646 2174 786 2241 episcopas
800 2168 974 2238 irreprebm-
1027 2165 1146 2222 subditis
1169 2173 1317 2238 nequeant,
1334 2172 1382 2237 qai
1402 2171 1433 2223 ia
1455 2168 1627 2224 subditarum
1652 2173 1742 2227 causis
1766 2187 1820 2229 sua
1834 2173 1873 2228 vel

125 2264 225 2330 sibilis,
249 2265 299 2333 qai
326 2263 443 2317 aberam
469 2262 541 2328 ligat
564 2266 613 2315 aut
641 2260 731 2326 solvit,
757 2258 858 2327 dignus
887 2258 974 2325 lipare
1028 2256 1085 2310 alia
1109 2257 1152 2311 vel
1176 2259 1296 2325 gratiam
1320 2261 1491 2324 sequuntur:
1523 2257 1596 2312 ande
1617 2273 1666 2327 per
1693 2260 1872 2330 proplietam:

125 2352 169 2406 vel
198 2351 300 2406 salvae
321 2352 351 2404 in
376 2350 453 2418 coeic,
476 2350 516 2404 rit
545 2350 627 2403 unias
649 2351 745 2404 acoris
773 2349 826 2415 vir,
854 2346 972 2414 sobrias,
1027 2343 1351 2416 Mortificobantanimas
1375 2362 1436 2416 quae
1449 2360 1504 2401 non
1521 2346 1688 2415 mammatae,
1712 2353 1738 2403 et
1751 2350 1873 2419 aviana·

128 2443 231 2508 castus,
253 2444 376 2506 ornatas,
400 2439 554 2508 hospitalis,
575 2437 713 2505 docibilis,
737 2453 792 2493 noa
805 2438 972 2502 vinolentus,
1029 2434 1214 2489 baalanimos
1236 2451 1297 2506 qaae
1310 2451 1369 2504 ,non
1388 2438 1494 2490 vivunt.
1519 2435 1578 2492 Non
1599 2437 1758 2492 morientem
1773 2441 1873 2511 quippe

126 2543 180 2584 aaa
198 2543 362 2599 percussor;
377 2526 426 2582 sed
444 2527 592 2594 modestus,
606 2543 662 2583 noa
673 2527 821 2593 litigiosus,
836 2541 891 2581 non
909 2540 972 2580 con·
1027 2525 1187 2594 mortificat,
1205 2527 1253 2589 qai
1267 2525 1377 2593 justum
1391 2525 1521 2590 damnat;
1542 2527 1569 2579 el
1581 2539 1635 2578 noa
1651 2528 1786 2582 victarum
1804 2531 1872 2583 vivi-

126 2617 233 2688 eupilor
249 2617 437 2687 pecuniarum,
458 2616 522 2670 bene
543 2615 799 2686 prasidensdamai
820 2628 887 2680 sua,
901 2615 972 2684 gilius
1026 2614 1234 2682 deprenditur,
1249 2615 1389 2684 quiream
1399 2629 1418 2668 a
1432 2616 1568 2684 supplicia
1587 2615 1724 2673 absolvere
1739 2621 1869 2674 mnata:

127 2706 228 2763 babens
251 2706 374 2761 sabditos
396 2720 456 2760 cam
476 2706 549 2759 omni
562 2706 696 2760 castitate.
727 2703 759 2760 Si
784 2704 848 2758 talis
874 2704 971 2770 fuerit,
1027 2717 1116 2758 causa
1129 2718 1191 2771 ergo
1213 2703 1500 2772 amandarentur
1520 2711 1583 2762 tunc
1602 2706 1872 2775 ligandiotqaesol-

125 2796 293 2866 noninp‘usto
304 2794 401 2864 ligabit
413 2809 496 2864 super
520 2798 634 2863 taram,
656 2798 682 2848 et
696 2808 782 2860 neque
798 2791 973 2861 sinejudicio
1027 2790 1109 2846 vendi
1124 2795 1246 2861 potestas
1269 2793 1420 2848 educenda
1447 2799 1502 2858 est,·
1526 2796 1676 2852 videndum
1698 2810 1759 2862 gua
1781 2795 1870 2865 eulpa,

126 2887 226 2943 solvet:
246 2891 394 2956 propterea
426 2898 591 2953 quecunque
617 2884 728 2938 solverit
758 2882 806 2950 qai
837 2875 1011 2951 ejusmodifl
1026 2885 1074 2936 aut
1089 2883 1199 2951 quasit
1216 2883 1376 2950 punitentia
1398 2890 1491 2939 secuta
1512 2889 1575 2956 post
1593 2887 1720 2957 culpam:
1750 2890 1783 2940 ut
1809 2900 1871 2941 suos

126 2979 176 3044 est,
201 2975 291 3030 solata
316 2979 394 3028 erum
414 2978 438 3027 et
457 2975 488 3026 in
513 2973 594 3040 aala;
621 2975 646 3025 et
662 2985 828 3041 quecunque
846 2969 973 3037 ligaverit
1025 2970 1199 3040 Omnipotens
1221 2985 1274 3040 per
1300 2975 1514 3041 compunctionis
1546 2977 1666 3042 gratiam
1683 2975 1790 3042 visitat,
1811 2975 1873 3030 illos

125 3068 338 3135 superterram,
358 3063 446 3130 ligata
468 3064 547 3115 erunt
561 3064 586 3115 el
602 3061 633 3112 in
655 3059 738 3114 corb:
752 3060 778 3114 si
793 3061 863 3114 enim
883 3060 970 3127 fuerit
1023 3061 1144 3129 pasturis
1157 3061 1293 3115 sententia
1307 3059 1439 3116 absolvat.
1458 3064 1531 3119 Tunc
1551 3067 1623 3119 eninr
1649 3079 1714 3118 vera
1736 3067 1777 3118 est
1797 3062 1872 3118 abso·

126 3154 198 3222 qais,
216 3155 247 3206 ut
260 3153 302 3206 ita
318 3150 419 3215 dicam,
431 3152 536 3216 Petrus,
547 3151 574 3203 et
588 3162 642 3203 non
658 3145 794 3214 babuerit,
811 3162 871 3216 qua
882 3149 913 3202 in
923 3147 971 3203 lroc
1023 3149 1091 3204 lulio
1102 3148 1290 3219 presidentis,
1317 3165 1378 3205 cunr
1398 3154 1505 3206 lantum
1526 3154 1651 3222 sequitur
1669 3151 1815 3208 arbitrium
1828 3153 1872 3222 p'u·

126 3241 182 3296 loco
200 3240 330 3295 dicuntur
343 3239 424 3308 quasi
442 3238 480 3292 ad
495 3239 616 3303 Petrum,
638 3241 664 3292 et
679 3240 820 3308 putaverit
844 3251 874 3291 se
893 3251 971 3305 posse
1024 3236 1102 3291 dicu.
1124 3234 1202 3301 Quod
1216 3236 1280 3292 bene
1305 3237 1487 3307 quatriduani
1509 3243 1612 3295 mortui
1629 3241 1802 3295 ressuscitatio
1822 3240 1871 3296 illo

125 3329 212 3397 ligare
226 3333 256 3382 at
275 3328 332 3383 sint
348 3327 436 3394 ligata
449 3326 479 3379 in
499 3325 579 3392 aulo3
595 3331 621 3380 et
641 3325 744 3380 solvere
762 3329 793 3380 ut
806 3326 863 3380 sint
880 3326 972 3380 soluta
1023 3326 1177 3393 significat:
1200 3339 1260 3393 qua
1283 3325 1408 3381 videlicet
1431 3326 1610 3400 demonstrat,
1625 3331 1693 3398 quia
1709 3331 1791 3398 prius
1819 3331 1869 3385 Dc-

17 3435 18 3439 *
126 3420 156 3472 in
176 3417 253 3486 coelo,
281 3418 340 3485 ipse
368 3431 396 3469 se
422 3414 499 3482 fallit
534 3428 588 3469 non
622 3414 778 3482 intelligens
807 3414 971 3469 volunlatem
1022 3417 1113 3469 minas
1132 3419 1272 3469 mortuam
1294 3417 1410 3484 vocavit,
1432 3421 1458 3472 et
1472 3420 1591 3488 viviticat
1620 3417 1731 3473 diceas:
1756 3417 1869 3484 imore,

125 3505 285 3576 Scriptura,
320 3507 347 3558 et
381 3503 494 3572 inflatas
526 3501 625 3558 incidit
667 3505 699 3558 in
732 3501 873 3572 judiciam
910 3502 969 3558 dia·
1022 3505 1086 3558 veni
1096 3504 1192 3571 foras;
1209 3508 1235 3559 et
1246 3505 1418 3574 postmodam
1447 3507 1482 3575 is,
1508 3509 1557 3573 qui
1575 3510 1653 3563 rivus
1673 3521 1797 3575 egressus
1810 3508 1868 3573 lita

126 3593 188 3650 boli.
1023 3597 1069 3647 rat
1087 3609 1104 3648 a
1120 3593 1265 3665 discipulis
1289 3599 1330 3651 est
1352 3597 1467 3651 solatas.
1484 3598 1572 3652 Item:
1602 3596 1675 3653 Ecce
1695 3597 1776 3652 illum
1790 3596 1870 3652 disci·

161 3682 294 3738 Potenter
326 3672 425 3750 itaqde
451 3677 589 3750 Origenes
608 3677 743 3746 ostendit,
765 3677 840 3734 sicut
854 3685 883 3735 et
906 3691 971 3734 rnn-
1021 3683 1085 3752 puli
1107 3682 1169 3752 iam
1189 3684 1308 3750 solvunt,
1338 3700 1417 3753 quern
1444 3686 1578 3755 Magister
1599 3687 1780 3741 suscitaverat
1799 3700 1870 3740 mor·

83 3797 95 3815 ο
125 3769 229 3828 nilestn
247 3768 320 3825 ratio
335 3767 431 3834 hebet,
447 3766 525 3838 qnod
541 3767 571 3823 in
591 3767 637 3824 liis
651 3782 717 3840 quae
736 3766 872 3837 diximus,
888 3768 971 3823 Petro
1024 3773 1156 3841 tuum3si
1175 3775 1247 3827 enirn
1262 3777 1400 3828 mortuum
1416 3774 1553 3829 Lazarum
1576 3774 1708 3845 discipuli
1725 3774 1868 3841 solverent,

124 3871 292 3918 concessum
324 3864 378 3923 est,
408 3869 595 3928 nequequam
625 3855 760 3913 omnibus
787 3855 970 3927 episcopise
1022 3860 1143 3927 taetmem
1170 3865 1258 3929 magis
1282 3861 1452 3918 ostenderent
1480 3878 1563 3931 quam
1586 3865 1725 3919 virtatem.
1749 3866 1795 3919 iia
1815 3876 1871 3932 qua

124 3948 245 4007 Domino
266 3945 403 4004 collatum
430 3959 507 4013 essc;
541 3945 590 4003 sed
609 3945 654 4002 iris
677 3945 755 4013 solis,
777 3944 829 4016 qui
854 3945 970 4002 Petrum
1022 3949 1239 4006 consideratione
1270 3949 1347 4006 nobis
1363 3951 1526 4007 intuendum
1545 3957 1595 4019 est,
1621 3953 1693 4022 qaod
1716 3954 1778 4008 illos
1794 3951 1870 4007 debe·

123 4052 182 4096 non
198 4051 235 4094 on
262 4033 438 4093 sublimitate
458 4033 610 4101 cathedrae,
637 4033 687 4090 scd
714 4035 883 4092 meritorum
907 4033 971 4090 imi·
1022 4053 1082 4092 ruas
1100 4053 1150 4108 per
1163 4040 1327 4107 pastmalem
1354 4044 1545 4098 auctoritatem
1564 4042 1674 4109 solvar,
1691 4058 1758 4109 quos
1780 4046 1869 4097 aucto

125 4133 225 4195 tantur·
236 4122 461 4197 dignitateNon
473 4121 549 4179 enlm
566 4121 838 4180 suamvoluntatem
848 4135 970 4194 sequen·
1020 4142 1079 4182 rem
1098 4132 1220 4183 nostrum
1239 4131 1422 4196 cognoscimus
1443 4146 1494 4200 per
1517 4133 1735 4188 resuscitationis
1748 4135 1871 4200 gratiam

124 4209 482 4282 nimirumnovit
502 4224 532 4267 se
550 4217 712 4267 evertentes
738 4216 839 4269 contra
862 4209 969 4268 dirinae
983 4236 1007 4292 D
1021 4215 1183 4285 vivificare:
1204 4220 1405 4282 querimirurn
1425 4219 1574 4287 vivificatio
1601 4226 1664 4276 ante
1687 4224 1870 4291 operationem

124 4300 307 4359 rectitudinis
318 4299 461 4371 justitiam
485 4298 649 4371 quidquam
676 4308 814 4371 possunt;
833 4313 886 4356 nec
901 4312 969 4356 cum
1022 4302 1197 4358 rectitudinis
1214 4305 1317 4375 inipso
1340 4306 1402 4375 jam
1423 4311 1597 4375 cognovimus
1622 4311 1790 4378 consessione
1807 4325 1869 4380 pec·

125 4390 226 4463 inique
252 4388 365 4461 aliquid
393 4395 495 4460 agunt,
525 4388 562 4445 ad
591 4388 776 4461 iniquitatem
812 4389 902 4446 Deum
930 4388 970 4444 in·
1023 4394 1162 4446 calorum:
1189 4392 1262 4447 unde
1290 4397 1315 4447 el
1340 4395 1396 4465 ipsi
1419 4401 1524 4453 mutuo
1547 4413 1719 4468 nequaquam
1748 4398 1870 4454 duitor:

124 4479 233 4538 clinare
270 4484 403 4549 possunt,
426 4484 460 4535 ut
483 4491 551 4535 eum
578 4477 664 4549 quasi
691 4478 813 4535 similem
842 4477 887 4534 sui
910 4476 969 4534 eld-
1022 4479 1167 4545 lierivisce¹
1187 4479 1244 4547 red,
1274 4482 1338 4536 Veni
1354 4483 1444 4554 suas:
1465 4501 1497 4540 ac
1519 4489 1651 4560 siaperte
1669 4487 1779 4544 cuilibet
1799 4503 1870 4543 mor·

123 4571 213 4630 ciant.
228 4565 332 4635 Quales
358 4567 476 4638 quidem
499 4567 560 4640 ipse
583 4566 767 4626 vehementer
784 4580 920 4640 arguens,
941 4574 970 4624 et
1022 4569 1112 4622 tucia
1134 4567 1217 4638 culpa
1241 4567 1395 4629 diceretur:
1421 4575 1505 4631 Foras
1526 4576 1589 4645 jam
1600 4591 1654 4648 per
1673 4578 1869 4643 confessionem

125 4657 306 4735 gravitereis
320 4659 499 4715 comminans
513 4657 575 4715 ait:
596 4657 878 4726 dautimmritnique
895 4656 969 4724 qaod
1022 4656 1158 4726 egredere,
1169 4659 1218 4726 qui
1232 4660 1347 4730 apudte
1365 4665 1482 4721 interius
1494 4681 1546 4736 per
1568 4668 1764 4736 negligentiam
1790 4667 1867 4722 ntes.

124 4766 169 4808 ero
186 4751 228 4806 tui
248 4748 360 4814 similis,
376 4761 493 4815 arguam
515 4750 549 4807 te,
570 4748 596 4800 el
609 4748 729 4799 statuam
751 4749 850 4802 cantra
867 4747 968 4814 sociem
1025 4746 1123 4803 Veniat
1150 4751 1244 4818 itaque
1262 4750 1401 4818 forasid
1421 4759 1469 4823 est,
1493 4738 1603 4826 eulpam
1625 4761 1787 4827 confiteatur
1805 4771 1869 4826 pea-

124 4844 218 4896 tuam:
245 4837 390 4906 intelligite
413 4835 468 4891 bac
496 4836 544 4903 gui
568 4833 763 4888 obliviscimini
788 4836 883 4899 Deum,
911 4844 966 4894 etc.
1022 4839 1112 4904 calor;
1128 4839 1277 4893 umentem
1296 4854 1357 4894 vero
1374 4843 1450 4906 saras
1466 4844 1575 4899 solvunt
1600 4845 1742 4916 discipuli,
1768 4850 1801 4900 at
1817 4859 1869 4915 pa-

124 4927 209 5002 (Psal.
224 4941 304 4996 xnrx,
320 4926 377 4999 ll).
402 4924 471 4991 Quis
489 4922 568 4980 enirn
589 4921 682 4995 magis
709 4922 800 4981 Mum
828 4924 966 4995 oblivisci,
1021 4932 1108 4982 stores
1136 4928 1260 4984 decuria
1288 4929 1313 4982 ei
1336 4944 1443 4999 parram
1458 4934 1594 5002 relucent,
1615 4938 1664 5001 qui
1685 4950 1740 4990 non
1759 4935 1869 4990 erubuit

123 5019 194 5077 stin
213 5017 368 5089 reprobum
393 5027 510 5073 sensum
537 5011 601 5070 dari
630 5011 769 5070 diruendas
796 5020 849 5083 est,
878 5029 967 5086 qnam
1021 5019 1145 5087 confiteri
1166 5016 1241 5087 quod
1262 5018 1337 5085 fecit.
1368 5020 1456 5077 ltenn
1482 5023 1537 5078 Sed
1556 5028 1649 5080 atrum
1667 5024 1744 5095 juste
1772 5023 1869 5092 alliget

124 5107 176 5180 qni
196 5106 272 5163 hanc
290 5104 346 5162 sibi
373 5111 490 5176 arroget
514 5108 690 5174 potestatem,
711 5109 744 5160 ut
773 5103 804 5159 in
831 5103 969 5175 subjectis
1021 5113 1126 5178 pastor,
1147 5108 1268 5176 pastoris
1288 5111 1378 5165 tamen
1403 5114 1538 5167 sententio
1563 5114 1640 5183 gregi
1668 5112 1791 5168 timenda
1817 5115 1868 5180 est,

121 5209 174 5266 pro
189 5195 309 5252 arbitrio
337 5208 391 5252 suo
408 5192 531 5266 ligandis
554 5199 643 5263 atque
665 5191 811 5250 solvendis
838 5191 967 5252 divinem
1021 5211 1055 5252 ne
1068 5198 1104 5264 is,
1131 5196 1180 5265 qai
1202 5197 1342 5263 iubertet
1361 5213 1421 5255 eura
1435 5200 1538 5269 iniuste
1551 5204 1671 5268 forsitan
1696 5204 1810 5273 ligatur,
1825 5202 1869 5271 ip-

123 5284 179 5341 sibi
198 5282 349 5354 subjacere
373 5281 544 5340 sententiam
570 5280 663 5350 dicat3
679 5288 711 5339 ut
726 5281 905 5354 quodetiam
924 5283 967 5340 in·
1021 5300 1081 5342 sam
1101 5284 1274 5354 obligationis
1301 5291 1462 5344 serrantium
1479 5305 1515 5344 ea
1542 5292 1599 5346 alia
1620 5292 1703 5363 eulpa
1721 5296 1869 5347 naeuus.

121 5371 197 5444 inste
219 5371 444 5444 presumpserit,
464 5383 609 5428 summam
627 5369 678 5428 Dei
693 5370 835 5443 justitiam
850 5385 966 5444 perros·
1021 5374 1114 5430 Item:
1139 5375 1192 5443 Qui
1206 5373 1265 5431 'sub
1288 5390 1373 5433 manu
1389 5378 1508 5448 pastoris
1527 5385 1575 5448 est,
1596 5383 1692 5436 timeat
1712 5379 1801 5451 ligari
1826 5377 1871 5435 vel

121 5465 181 5517 tere
210 5466 319 5532 quenti
346 5458 432 5532 qussi
446 5472 520 5530 reos,
547 5458 595 5518 rel
614 5458 887 5524 innocentestscere
900 5474 968 5534 pos·
1019 5461 1094 5536 iusts
1106 5462 1150 5522 vel
1162 5462 1348 5537 agonisans
1367 5469 1491 5539 pmtams
1503 5468 1699 5542 sulimatum
1713 5474 1812 5529 temni
1825 5483 1871 5526 rr·
