3804 5962
95 178 143 234 l'll
550 156 652 217 veriti
674 151 953 215 beatudinem
975 148 1158 208 ranst·
1184 147 1372 207 evtsrobm.
1786 154 1837 208 172

95 309 143 371 ω,
171 305 262 369 quam
289 301 344 362 ego
367 299 419 359 per
441 290 558 343 centum
590 284 614 340 si
642 282 681 338 ibi
707 277 937 351 permansissem.
953 280 978 332 1.
993 289 1094 333 manos
1116 282 1274 331 commovet
1301 271 1339 346 [at
1364 275 1534 345 permoveri,
1548 271 1678 337 abactus,
1694 281 1722 333 et
1738 289 1839 333 earum
1885 322 1888 363 Ξ

94 388 206 459 Quippe
226 395 286 453 qno
309 376 358 453 [el.
381 373 503 448 quanto]
518 373 692 430 feminarum
718 382 805 426 sexus
830 374 873 425 est
894 367 939 422 in·
993 364 1088 422 virtus
1110 372 1168 420 tam
1192 365 1250 421 lieo
1268 376 1357 434 eiiam
1387 362 1552 421 bominibus
1573 371 1615 422 cst
1639 365 1756 438 gratior.
1779 366 1840 423 Tan

96 475 219 541 tirmior,
235 476 314 528 tanto
336 478 439 524 earum
455 462 551 534 inopia
574 457 765 517 miserabilior
786 455 868 513 iacile
890 456 943 513 bu·
995 461 1054 510 tam
1068 461 1164 511 autem
1179 452 1302 523 gratiam
1315 451 1346 508 in
1359 452 1449 510 oculis
1468 453 1599 510 omnium
1628 453 1684 528 (61)
1701 454 1742 511 iiii
1763 469 1841 512 soro·
1886 505 1888 543 :

702 589 857 646 ANDREAE
876 586 1097 653 obiecerant
1116 587 1227 644 NOTAE.

120 728 216 788 uopue
229 712 265 769 de
283 706 428 780 Nogennio
450 702 529 760 dedit
553 701 588 758 de
616 698 709 756 alodio
732 711 799 778 suo¹
812 696 943 753 culturas
996 710 1057 752 suae
1073 694 1246 776 Petroniilae,
1260 701 1288 750 et
1303 694 1352 751 lilii
1366 695 1411 752 sui
1433 697 1574 767 Garnerii,
1588 704 1616 754 et
1631 697 1696 755 fllia
1719 713 1779 758 suae
1794 701 1841 757 isa

96 734 181 853 guas,
204 797 293 842 unam
316 780 421 837 scilicet
446 776 477 831 in
501 785 561 845 qua
580 773 672 841 ipsum
695 776 853 826 oratorium
877 780 944 823 con·
997 767 1053 827 bei.
1066 767 1211 837 ttuidqnid
1225 764 1349 822 babebat
1372 768 1400 823 in
1416 768 1527 824 decima
1541 769 1576 824 de
1591 771 1736 834 Quinceto,
1753 792 1764 821 .
1782 775 1840 828 tn.

96 865 239 918 structum
259 861 311 919 est,
327 858 354 907 et
369 848 455 904 aliam
477 844 507 900 in
526 852 623 899 monte
646 841 810 897 Limarsum
826 839 860 920 'in
875 852 944 908 prae⁴
996 838 1084 894 sellus
1108 838 1244 917 dominus
1263 836 1414 908 Triangnii
1438 843 1598 909 prioratum
1620 844 1840 899 conventum

96 930 190 988 sentia
205 922 337 983 ililduini
352 917 453 976 decani
472 923 500 973 et
520 913 632 971 llilonis
644 912 679 968 de
702 910 861 991 Nogennio'.
880 909 944 965 llu—
997 909 1091 964 beatae
1110 907 1207 964 llariae
1222 908 1256 963 de
1270 908 1428 980 Trianguio
1444 909 1472 965 in
1498 910 1629 968 irecensi
1648 911 1763 980 diocesi,
1788 928 1842 970 neo

97 1003 197 1060 bertus
220 997 255 1053 de
269 991 418 1063 Nogennio
445 988 503 1044 duo
523 985 628 1056 jugera
657 990 741 1039 terrra
757 988 823 1037 ante
849 995 857 1035 i
878 994 944 1036 sum
996 979 1204 1036 noniinsellus
1223 977 1392 1050 filiuseius,
1414 979 1594 1038 medietatem
1614 983 1700 1039 tortus
1714 985 1842 1041 nemoris

96 1071 255 1131 oratorium
270 1077 320 1135 per
333 1073 452 1118 manum
466 1056 579 1136 litionis
592 1055 627 1111 de
644 1051 802 1124 Nogennio.
818 1073 833 1101 »
849 993 944 1177 Rigue
1019 1050 1073 1132 uod
1088 1057 1209 1105 vocatur
1224 1050 1376 1131 Couldroy,
1393 1052 1422 1106 in
1441 1051 1583 1109 territorio
1602 1052 1637 1109 de
1652 1053 1839 1113 llarcetttaco,

97 1145 159 1202 baec
181 1137 280 1197 omnia
302 1129 485 1190 confirmavit
508 1127 657 1198 aliquanto
679 1131 741 1194 post
762 1121 886 1179 rbeobai
910 1135 945 1204 us
1035 1136 1065 1186 ιι,
1081 1135 1207 1191 quorum
1230 1134 1348 1176 nomina
1364 1135 1421 1178 non
1444 1123 1548 1193 reperi,
1572 1125 1715 1194 prioratus
1736 1127 1771 1182 de
1787 1128 1844 1183 ge,

98 1225 193 1272 comes
204 1206 361 1271 itacensis,
384 1200 491 1259 scilicet
511 1212 588 1254 anno
605 1197 684 1263 1116,
698 1214 712 1245 ι
728 1194 863 1250 laudante
886 1193 945 1248 lilia
997 1193 1082 1256 valle,
1099 1192 1128 1247 in
1150 1191 1250 1248 eadem
1276 1192 1389 1260 diocesi,
1418 1192 1453 1248 de
1480 1194 1623 1251 Neofortto
1653 1196 1683 1252 tn
1707 1197 1842 1255 perpensi

96 1281 208 1357 prelati
249 1273 362 1335 Milonis
392 1271 495 1337 isabel,
528 1276 555 1325 ct
582 1267 703 1324 Girardo
738 1278 843 1336 genero
880 1277 943 1345 suo,
997 1271 1025 1320 et
1044 1264 1133 1319 sancti
1150 1261 1265 1319 llartini
1290 1263 1324 1318 dc
1340 1263 1482 1320 Beaurain
1505 1266 1533 1320 in
1556 1266 1729 1323 belvacensi.
1754 1289 1769 1316 e
1785 1270 1842 1326 tta.

99 1353 224 1417 Frecrio,
250 1346 383 1412 iosirido,
412 1339 581 1406 deuouerio,
606 1337 760 1408 Stephano,
792 1335 945 1405 nepotibus
997 1348 1106 1398 nasses,
1136 1334 1287 1390 lloidensis
1310 1335 1470 1404 episcopus,
1499 1344 1629 1393 octavam
1653 1346 1760 1407 partem
1785 1348 1842 1396 tam

97 1427 172 1499 ejus.
188 1445 199 1472 ι
216 1424 337 1492 ipseque
357 1416 445 1472 eiiam
465 1410 648 1488 monialibus¹
661 1408 720 1488 iliis
736 1407 864 1463 modium
887 1406 946 1462 lru-
998 1419 1112 1477 magnae
1125 1417 1213 1485 quam
1240 1417 1337 1474 parrae
1353 1405 1470 1462 decimae
1489 1406 1524 1462 de
1540 1407 1673 1475 llelnilio,
1696 1417 1724 1466 et
1741 1411 1844 1466 medie

97 1494 189 1555 menti
209 1490 331 1563 singulis
348 1487 443 1552 annis,
463 1492 490 1540 et
515 1488 602 1562 totam
623 1486 809 1560 piscationem
831 1478 862 1533 in
888 1491 946 1559 mo
999 1484 1085 1557 tatem
1106 1475 1357 1556 minutaedecimae
1375 1476 1567 1545 deTilllis,et
1605 1489 1716 1537 uariam
1734 1488 1844 1552 partem

99 1564 224 1625 lendinis
239 1562 298 1619 suis
315 1558 389 1628 apud
406 1557 508 1612 Pontes
522 1551 610 1618 dedit,
629 1558 661 1608 ut
684 1563 713 1606 in
724 1548 825 1606 litteris
835 1548 946 1604 dommi
999 1547 1250 1627 minutaeldcoimae
1264 1546 1299 1602 de
1314 1545 1416 1602 Sancto
1431 1547 1567 1604 blaximo.
1582 1494 1756 1619 sseucellina,
1770 1566 1847 1608 uxor

98 1635 273 1708 Eugeniiiii
289 1643 371 1703 papae
385 1639 474 1698 supra
485 1622 582 1681 relatis
594 1620 766 1678 continetur.
997 1617 1128 1675 Guerrici
1152 1618 1187 1674 de
1215 1617 1450 1688 Ponticosque
1471 1634 1500 1676 se
1526 1621 1679 1678 monialem
1704 1621 1733 1677 in
1763 1622 1846 1679 Para·

134 1709 178 1764 ed
194 1707 264 1770 brec,
282 1724 293 1753 ι
308 1701 376 1758 Gaio
390 1706 417 1755 et
438 1694 691 1754 Adelaudisuxor
714 1690 778 1761 ejus
800 1702 881 1746 soror
898 1689 947 1744 Er·
998 1688 1069 1746 cleto
1085 1685 1218 1758 reddidit,
1242 1688 1360 1746 domuin
1380 1703 1447 1746 cum
1472 1690 1587 1749 cellario
1601 1693 1735 1750 sesamtae
1747 1695 1844 1751 sitam.

99 1780 214 1838 111111111
228 1788 295 1848 1111
318 1772 465 1829 11111111
485 1765 612 1823 11111111
635 1759 1227 1854 11111111111111111118110111111111111
1246 1758 1327 1816 liclia
1347 1760 1382 1817 de
1409 1760 1586 1821 villamauro
1611 1764 1709 1821 relicta
1736 1765 1847 1822 billonis

100 1849 256 1909 monialem
280 1843 368 1908 dedit,
393 1840 587 1896 laudaverunt
612 1841 639 1890 et
662 1839 864 1889 concesserunt
888 1831 946 1888 lieo
1003 1831 1037 1888 dc
1057 1833 1185 1887 Pruvmo
1206 1831 1353 1901 quondam
1379 1834 1542 1890 marescalci
1567 1834 1731 1905 Campania
1749 1837 1847 1893 decem

99 1930 128 1980 et
152 1921 234 1977 dictae
258 1914 383 1973 ccclesia
408 1908 545 1967 Paracleti
568 1913 596 1963 et
614 1902 880 1961 sanctimonialibus
898 1903 949 1958 ibi·
1002 1902 1092 1958 libras
1121 1901 1212 1957 annui
1236 1901 1365 1958 redditus
1384 1903 1418 1957 de
1446 1904 1562 1975 proprio
1590 1907 1760 1976 patrimonio
1780 1923 1843 1964 300,

101 1993 166 2050 dem
197 1991 254 2046 ileo
289 1982 482 2042 servientibus
514 1978 693 2035 medietatem
730 1972 886 2030 molendini
913 1973 949 2029 de
1002 1973 1102 2038 llario,
1127 1972 1275 2028 'irecensis
1295 1973 1449 2041 comitissa,
1471 1977 1592 2045 plateam
1615 1991 1696 2033 suam
1717 1977 1844 2035 pampini,

101 2065 251 2125 crevecor,
272 2065 300 2113 et
322 2059 421 2112 vineas
438 2052 525 2108 etiam
548 2049 583 2105 de
607 2047 756 2113 crevecor,
776 2054 804 2102 et
829 2043 948 2125 xcsoli-
1001 2045 1122 2100 Domum
1149 2047 1246 2114 Agnes
1266 2042 1300 2099 de
1323 2044 1497 2125 ilariguiaco
1526 2061 1576 2115 pro
1600 2048 1778 2117 susceptione
1798 2050 1846 2106 sui

101 2136 288 2191 descensus:
311 2137 339 2183 et
365 2125 396 2180 in
421 2125 476 2180 boc
500 2133 588 2176 censu
612 2118 777 2174 babuerunt
791 2123 949 2172 sanctimo-
1001 2116 1075 2172 duas
1090 2122 1185 2184 partos
1212 2114 1330 2170 minutae
1345 2115 1461 2171 decimae
1478 2116 1552 2173 viilae
1575 2118 1760 2191 blarigniacy.
1790 2121 1848 2177 tta.

102 2205 193 2261 niales
215 2195 487 2257 Paracletiecnsum
508 2189 749 2253 Pruvini‚etboc
770 2187 949 2257 quodresta·
1001 2200 1100 2242 nasses
1124 2198 1225 2264 ,nepos
1256 2185 1320 2255 ejus
1356 2187 1469 2242 tertiam
1506 2195 1629 2257 partein,
1666 2190 1849 2247 Tbeobatdus

102 2276 153 2332 bat
179 2274 216 2329 ad
233 2266 449 2343 percipiendum
475 2264 510 2319 de
533 2274 570 2317 rc
593 2259 691 2315 solidis
717 2264 855 2328 oeperunt
870 2255 948 2337 apud
1000 2257 1064 2327 ejus
1090 2255 1168 2311 lilius
1194 2256 1305 2312 tertiam
1327 2265 1437 2327 partem
1467 2257 1602 2316 taudem„
1625 2260 1739 2317 Letum
1756 2276 1849 2319 uxo„

103 2345 228 2403 borinas.
256 2342 382 2410 llaeoque
404 2331 548 2392 concessio
575 2329 651 2386 iacta
677 2336 720 2386 est
743 2328 820 2398 apud
845 2327 949 2384 Pruvi-
1001 2328 1088 2384 illius.
1110 2347 1124 2377 e
1150 2326 1289 2397 Atquebi
1313 2336 1381 2384 sunt
1397 2329 1533 2399 praeclpui
1561 2331 1763 2388 paracletense
1790 2347 1847 2389 mo

103 2431 175 2474 num
205 2416 234 2470 in
259 2408 410 2483 praesentia
436 2402 548 2461 coniitia
568 2400 735 2464 l'bcobaldi,
759 2406 786 2481 et
804 2398 949 2480 liatbiidis
1002 2397 1118 2455 nasterii
1139 2397 1351 2454 benefactores:
1384 2400 1492 2470 quibus
1515 2409 1542 2458 et
1570 2402 1682 2473 aliqupt
1703 2402 1773 2459 altos
1801 2404 1849 2459 td.

103 2477 504 2548 11111111111101111111111
530 2486 581 2543 1111
602 2485 722 2551 1111111111
746 2476 831 2527 111111
859 2470 950 2539 iiisms
1001 2471 1068 2526 dere
1088 2482 1208 2539 possem
1240 2468 1294 2526 Sed
1322 2469 1358 2525 ad
1380 2484 1415 2526 ea
1439 2484 1506 2542 qua
1532 2475 1658 2530 notanda
1680 2483 1848 2545 supersunt,

103 2558 224 2616 comitis.
247 2553 300 2621 Qui
328 2561 432 2616 comos,
455 2554 486 2603 ut
507 2544 570 2600 brec
592 2542 703 2600 stabilis
729 2549 758 2597 et
780 2541 950 2597 inconvulsa
999 2539 1227 2610 lestinatstylus.

104 2634 294 2701 permaneret,
317 2635 380 2678 eam
402 2618 489 2689 sigilli
513 2616 557 2672 sui
582 2613 752 2671 auctoritaie
770 2611 949 2669 corroborari
1037 2613 1093 2684 (61)
1116 2613 1163 2666 itti
1193 2614 1282 2665 sorori
1313 2616 1411 2667 rostra
1439 2626 1498 2677 ouae
1523 2616 1627 2669 catoris
1651 2620 1776 2685 praerat.
1810 2647 1846 2656 -

125 2699 240 2769 raecepit
261 2708 338 2752 anno
362 2691 399 2747 ab
422 2690 537 2745 incarn.
558 2686 672 2742 ilomini
702 2685 781 2749 1133,
810 2691 949 2764 regnante
1002 2685 1156 2740 lleloissam
1188 2682 1257 2736 dicit
1286 2682 1396 2751 prinam
1429 2683 1566 2739 Paracletl
1597 2686 1782 2750 abbatissam,
1811 2689 1847 2744 de

103 2716 250 2828 liudovico
270 2779 335 2836 rege
362 2763 551 2824 Francorum,
580 2758 714 2813 llalnrieo
738 2752 949 2823 archiepiscopo
1001 2753 1086 2824 cujus
1110 2752 1281 2808 doctrinaet
1306 2752 1444 2823 reiigione
1461 2757 1502 2808 sic
1530 2756 1630 2824 paucis
1658 2756 1760 2815 Petrus
1778 2758 1843 2815 Clu-

104 2837 258 2898 Senonensi
275 2834 411 2893 cathedra
426 2831 578 2896 residente,
592 2828 702 2883 llatone
728 2838 798 2881 vero
818 2825 949 2894 episcopo
1002 2823 1145 2879 niacensis
1165 2822 1256 2877 abbas
1278 2822 1314 2877 ad
1333 2837 1396 2878 eain
1419 2823 1560 2880 scribens:
1589 2847 1603 2876 e
1619 2827 1784 2898 Nectum‚,‚
1805 2830 1848 2885 tn.

102 2909 448 2969 ’11111111111111111111
468 2921 479 2948 ‘
1002 2896 1076 2966 quit,
1108 2914 1118 2942 ι
1138 2900 1226 2948 metas
1240 2891 1437 2949 adolescentiae
1457 2909 1645 2966 excesseram,
1665 2901 1786 2956 necdum
1815 2900 1847 2956 in

140 2980 304 3039 budovicus
330 2985 448 3045 quoque
471 2972 530 3039 ipse
558 2967 737 3022 Francorum
762 2977 814 3020 rex
842 2964 949 3021 eisdem
1002 2962 1145 3038 juveniles
1160 2977 1251 3019 anuos
1276 2978 1434 3027 evaseram,
1452 2967 1569 3037 quando
1589 2982 1693 3025 nomen
1714 2983 1770 3026 uon
1787 2971 1849 3040 qui·

106 3044 405 3110 «sanctimonialibus
425 3043 459 3097 de
474 3038 620 3118 Paracleto
639 3038 668 3092 in
688 3043 860 3105 perpetuum
878 3049 948 3116 cori-
966 3080 987 3135 C
1005 3038 1068 3093 dem
1085 3034 1184 3115 adbuc·
1200 3034 1346 3105 religionis
1372 3043 1439 3104 tua,
1467 3038 1514 3099 sed
1543 3038 1726 3096 bonestorum
1749 3048 1847 3097 tame„

104 3125 198 3190 cessit,
212 3129 245 3177 ut
263 3127 416 3187 nunquam
436 3113 471 3167 de
485 3108 662 3181 quibuslibet
679 3108 775 3171 rebus,
794 3120 868 3177 quas
884 3120 950 3176 ipsae
1004 3116 1031 3164 ot
1049 3105 1237 3163 laudabilium
1262 3107 1425 3163 studiorum
1442 3116 1558 3166 tuorum
1579 3109 1648 3165 inihi
1665 3109 1742 3166 tama
1760 3111 1848 3168 iuno-

104 3195 151 3250 vei
167 3191 323 3250 servientes
338 3191 466 3256 ipsarum
481 3183 517 3236 ad
537 3194 608 3237 usus
621 3178 788 3234 earumdem
811 3185 948 3244 emerent,
1005 3179 1070 3234 tuit.
1089 3176 1249 3233 audiebam
1271 3184 1340 3234 lunc
1355 3180 1492 3249 temporis
1510 3179 1670 3250 mulierem,
1698 3181 1763 3238 licet
1777 3197 1847 3240 nec-

106 3265 151 3322 vel
172 3277 221 3334 pro
244 3259 305 3316 suis
329 3253 548 3313 necessitatibus
569 3251 604 3306 de
633 3249 692 3305 suis
713 3247 845 3329 propriis¹
864 3249 951 3304 rebus
1004 3250 1073 3305 dum
1094 3247 1192 3327 saeculi
1215 3248 1339 3305 nexibus
1361 3251 1537 3322 expeditam,
1563 3251 1737 3309 litteratorios
1758 3255 1850 3309 scieu-

104 3337 274 3398 venderent,
300 3329 429 3399 aliquam
442 3325 483 3380 iili
505 3323 550 3379 vel
566 3319 778 3377 successoribus
801 3332 862 3374 suis
885 3333 951 3375 con·
1006 3320 1052 3377 tiae
1067 3326 1094 3375 et
1110 3317 1205 3374 studio
1228 3319 1375 3376 saecularis
1397 3321 1541 3390 sapientiae
1562 3336 1707 3378 summam
1730 3338 1849 3394 operam

105 3405 288 3464 suetudinem
305 3401 334 3456 in
349 3406 408 3455 tota
422 3405 498 3453 terra
511 3406 566 3450 sua
582 3392 785 3462 persolverent.
809 3389 901 3457 Quod,
919 3396 951 3445 ut
1005 3392 1082 3447 darc.
1107 3389 1168 3456 Quo
1193 3389 1337 3446 eliciendo
1352 3392 1447 3447 studio
1466 3399 1525 3458 tuo,
1539 3399 1567 3447 et
1592 3391 1725 3449 mulieres
1747 3408 1849 3451 omnes

104 3484 203 3535 1111111
222 3473 466 3530 1111111111111111
483 3469 670 3535 permaneret,
687 3462 792 3542 81111110
811 3474 952 3541 commen·
1004 3461 1125 3528 evicisti,
1140 3467 1168 3515 et
1184 3475 1255 3530 pene
1273 3462 1350 3516 viros
1363 3462 1512 3518 universos
1524 3464 1674 3542 superasti.
1687 3463 1752 3520 llox
1768 3478 1848 3533 vero,

105 3547 167 3605 dari
190 3543 334 3616 pracepit,
358 3547 385 3596 et
400 3552 436 3594 nc
457 3542 547 3607 posset
575 3547 592 3589 a
614 3542 733 3602 posteris
755 3531 884 3602 infringi,
909 3546 951 3587 si·
1003 3532 1089 3604 Juxta
1103 3531 1191 3586 verba
1205 3531 1341 3601 Apostoli,
1361 3539 1394 3587 nt
1410 3532 1582 3602 complacuit
1600 3535 1625 3589 ei
1641 3535 1691 3604 qui
1708 3543 1734 3591 te
1748 3550 1850 3606 scgre-

105 3618 165 3690 gilli
179 3619 223 3674 sni
251 3614 421 3670 anctoritate
445 3605 641 3664 corroboravit
656 3604 770 3684 publice
789 3605 863 3683 apud
880 3602 951 3657 San·
1005 3605 1085 3686 gavit
1099 3602 1136 3657 ab
1153 3609 1233 3658 utero
1249 3601 1348 3657 matris
1363 3609 1429 3670 tuae,
1445 3616 1494 3672 per
1510 3603 1634 3675 gratiam
1649 3619 1743 3673 suam,
1760 3606 1846 3678 longe

104 3697 183 3745 ctum
214 3685 391 3742 Germanum
420 3679 451 3735 in
475 3677 557 3747 Leya,
585 3689 662 3730 antio
692 3681 834 3730 incarnati
865 3673 951 3729 Verbi
1006 3690 1034 3730 in
1051 3674 1154 3730 melius
1176 3671 1394 3742 disciplinarum
1422 3674 1519 3730 studia
1541 3677 1734 3746 commutasti,
1753 3684 1849 3748 etpro

107 3762 185 3826 1135,
202 3757 284 3826 regni
299 3753 345 3810 sui
367 3764 460 3817 xxvii,
486 3747 630 3805 liudovico
648 3744 706 3802 lilio
724 3758 777 3801 suo
801 3743 830 3800 in
854 3757 950 3816 regem
1005 3745 1098 3817 logica
1114 3743 1316 3814 evangelium,
1331 3757 1382 3814 pro
1393 3744 1512 3814 physica
1530 3747 1701 3816 apostolum,
1718 3762 1769 3819 pro
1783 3747 1849 3804 Pia-

106 3824 478 3900 ⁸¹¹h¹¹¹¹¹[³⁸]⁰³⁰¹¹⁰¹¹¹·’
540 3888 568 3901 ..
803 3885 808 3896 .
887 3885 892 3896 .
1005 3824 1071 3873 11111
1094 3813 1251 3880 Christum,
1279 3828 1329 3884 pro
1358 3815 1513 3872 Academia
1534 3818 1692 3874 claustrum
1710 3828 1768 3875 tota
1787 3819 1849 3889 jam

142 3903 284 3958 Praeterea
306 3893 451 3952 liatbildis
474 3897 629 3955 comitissa,
654 3884 809 3942 'lbeobaidi
830 3897 949 3956 coniux,
1005 3894 1122 3943 atvero
1165 3885 1341 3955 biiosopbioa
1367 3886 1471 3942 mulier
1498 3886 1647 3958 elegisti..
1675 3888 1849 3961 Rettgtosaffl

104 3972 251 4029 abbatiam
271 3971 301 4025 in
324 3966 385 4021 loro
400 3962 521 4020 Pomerii
546 3965 775 4037 constructama
798 3970 839 4023 se,
866 3957 952 4010 Para·
1006 3970 1124 4038 qnoque
1143 3899 1279 4036 feminam
1292 3963 1391 4013 ettam
1411 3957 1557 4014 Hebraicis
1571 3972 1661 4028 quam
1684 3962 1792 4016 Latinis
1804 3961 1849 4018 tp.

104 4043 220 4100 11111111
243 4037 372 4097 11111111
395 4034 541 4095 1111111111
565 4043 625 4086 1111
647 4029 748 4110 1111111·
766 4028 800 4107 ,111
818 4040 950 4096 1111011·
1005 4031 1074 4083 icris
1098 4026 1227 4096 adprime
1250 4027 1393 4083 eruditam
1417 4027 1505 4084 inisse
1528 4034 1650 4085 testatur
1677 4032 1850 4088 antissiodo-

104 4114 231 4170 cessione
250 4107 376 4181 praedicti
406 4104 471 4168 loci,
500 4115 586 4173 quem
616 4099 739 4155 lleloissa
764 4110 834 4167 ipsa,
859 4110 952 4168 prima
1005 4097 1097 4155 rensis
1122 4095 1291 4158 monachus.
1315 4098 1442 4154 necnon'
1461 4100 1553 4167 ipsum
1577 4100 1772 4159 paracletense
1795 4103 1850 4158 lia·

104 4181 244 4241 Paracleti
272 4178 427 4241 abbatissa,
456 4171 656 4243 religiosorum
686 4170 849 4249 interventu
878 4169 952 4250 viro
1006 4168 1168 4225 lendarium
1191 4167 1342 4238 Gallicum,
1367 4168 1412 4225 liis
1434 4170 1547 4226 verbis:
1573 4172 1711 4230 «lieiorse
1737 4183 1850 4230 mereat

104 4269 171 4312 rum
186 4253 211 4309 ei
228 4250 344 4307 dederat
357 4246 394 4301 ad
412 4244 663 4306 constructionem,
681 4260 695 4289 κ
711 4239 788 4319 dedit
807 4239 952 4295 comitissa
1005 4239 1145 4312 premiere
1164 4237 1283 4295 abbesse
1297 4239 1332 4294 de
1353 4253 1448 4308 ceans,
1472 4241 1507 4296 de
1528 4241 1656 4300 doctrine
1678 4252 1706 4300 et
1728 4244 1850 4316 religion

104 4324 231 4382 ecclesiae
254 4318 392 4376 Paracleti
421 4323 478 4371 tres
504 4311 761 4369 modiosirumcnti
779 4323 829 4380 per
853 4310 952 4381 singu·
1006 4321 1063 4368 tres
1083 4309 1356 4379 resplendissante.»
1384 4310 1465 4378 Quod
1489 4314 1616 4381 apertius
1637 4314 1734 4371 adhuc
1759 4314 1849 4370 decla,

104 4397 147 4453 los
163 4406 256 4451 annos
284 4393 312 4447 in
333 4386 498 4444 molendino
513 4398 564 4464 suo
582 4382 697 4437 i’rovini
718 4380 772 4462 sub
799 4381 948 4462 crevecor,
964 4373 988 4430 ll
1004 4390 1049 4439 rat
1063 4381 1234 4437 abelardus
1261 4381 1320 4452 ipse
1338 4382 1400 4438 suis
1424 4382 1461 4439 ad
1480 4397 1545 4439 eam
1569 4385 1682 4455 scriptis
1710 4385 1846 4456 epistolis.

103 4467 189 4524 laude
204 4464 329 4520 illiorum
344 4471 467 4514 suorum
482 4464 619 4511 comitum
638 4453 763 4519 ilenrioi,
780 4451 946 4519 Tbeobaidi,
1002 4453 1037 4509 Et
1051 4453 1078 4507 in
1096 4451 1299 4508 Exhortatione
1314 4452 1349 4508 de
1368 4452 1530 4510 litterarum
1550 4457 1646 4512 studio
1665 4456 1701 4512 ad
1722 4456 1768 4512 vi,
1789 4459 1849 4513 mes

103 4546 130 4596 et
146 4536 292 4607 Stephani,
309 4529 412 4586 »sicut
431 4535 473 4584 est
490 4525 520 4581 in
537 4525 638 4580 litteris
657 4523 785 4605 lingonis
808 4521 948 4603 archippi·
1002 4522 1231 4580 paracletenses:
1259 4544 1270 4573 ι
1297 4523 1502 4594 magisterium,
1523 4547 1537 4574 »
1566 4527 1671 4598 inquit,
1694 4548 1708 4576 i
1737 4472 1849 4584 haffietjg

103 4609 181 4679 scopi
205 4603 376 4663 senonensis
404 4599 459 4654 bac
480 4598 514 4653 de
540 4593 739 4659 reconiectis;
760 4606 834 4664 quas
860 4601 947 4674 etiam
1002 4595 1031 4650 in
1049 4601 1150 4656 matre.
1179 4592 1255 4664 quod
1274 4593 1309 4648 ad
1329 4593 1427 4651 omnia
1451 4596 1532 4653 vobis
1553 4599 1694 4666 suilioere,
1723 4605 1782 4655 tam
1811 4599 1848 4655 ad

103 4690 276 4750 supracum
300 4669 470 4745 pontiilcum
492 4678 677 4724 romanorum
706 4665 849 4737 rescriptis
878 4672 947 4720 intc-
1001 4664 1167 4734 exemplum
1195 4664 1303 4720 scilicet
1329 4667 1482 4735 virtutum,
1528 4682 1595 4725 uam
1623 4670 1659 4725 ad
1687 4668 1849 4727 doctrinam

125 4765 171 4808 ras
185 4749 347 4806 retulimus.
367 4741 449 4815 [Vide
463 4739 498 4795 ad
520 4739 627 4794 calcem
652 4733 772 4815 bujusco
792 4734 948 4816 voluminis
1001 4736 1162 4792 litterarum
1182 4741 1291 4805 potest:
1316 4749 1382 4807 quae
1405 4752 1463 4795 non
1484 4683 1577 4795 seium
1601 4740 1719 4806 Latinae,
1747 4753 1849 4797 rerum

104 4836 134 4877 111
167 4813 345 4891 1111111111]
380 4814 503 4881 11111111
530 4809 712 4865 1111111111
745 4807 883 4861 decimam
912 4805 947 4886 tle
1000 4806 1161 4863 etiamtum
1179 4805 1325 4862 liebraicoe
1346 4821 1435 4878 quam
1455 4807 1561 4866 Graeoae
1580 4825 1637 4867 non
1659 4810 1849 4881 expersiitte

103 4892 207 4948 Sancto
223 4890 342 4946 ltartino
358 4886 392 4940 de
415 4880 530 4961 cauipis
551 4887 579 4936 et
603 4878 638 4933 dc
657 4875 736 4943 Boai,
764 4890 852 4947 quam
872 4874 948 4958 Guil-
1001 4884 1119 4944 raturae,
1148 4877 1209 4932 sola
1235 4876 1290 4934 boc
1310 4885 1437 4949 tempore
1461 4879 1540 4936 iliam
1566 4882 1656 4938 trium
1679 4879 1849 4955 linguarum

103 4962 208 5019 lelmus
234 4960 356 5015 clericus
377 4954 440 5025 ejus
465 4951 542 5008 dedit
567 4956 629 5030 post
652 4949 799 5004 decessum
822 4947 947 5029 ecclesias
1001 4948 1104 5017 adepta
1121 4947 1252 5017 peritiam
1275 4948 1400 5018 videtur,
1421 4961 1487 5021 quae
1503 4952 1539 5007 ab
1564 4951 1700 5009 omnibus
1715 4953 1745 5008 in
1765 4953 1848 5011 beato

104 5031 242 5091 Paracleti
259 5036 287 5084 et
298 5023 567 5084 sanctimonialibus
589 5020 694 5101 ibidem
720 5019 776 5074 lieo
798 5018 946 5075 servienti·
1001 5017 1175 5089 llieronymo
1186 5025 1336 5090 tamquam
1351 5022 1505 5093 singularis
1519 5023 1613 5093 gratia
1627 5023 1847 5094 praedicatur.»

103 5105 159 5162 bus
173 5114 250 5157 anno
267 5098 344 5163 1151,
366 5102 503 5167 regnante
519 5091 661 5149 ludovico
677 5090 853 5170 Francorum
869 5101 946 5159 rege,
1000 5118 1035 5131 -
1064 5088 1170 5146 seriem
1197 5089 1412 5149 abbatissarum
1441 5094 1609 5150 monasterii
1641 5095 1850 5153 Paracletentts

103 5175 226 5244 liugoue
240 5165 452 5237 archiepiscopo
467 5162 621 5245 senonensi
640 5167 789 5241 existente.
812 5158 869 5216 Nec
888 5173 946 5213 non
1001 5173 1090 5287 genem
1113 5160 1188 5216 And.
1209 5161 1406 5228 Quercetanus
1422 5161 1468 5220 bis
1495 5164 1666 5234 inseruerat,
1691 5168 1723 5224 in
1741 5180 1847 5239 appen-

102 5254 130 5304 et
145 5244 202 5301 alia
217 5238 344 5312 piurima
368 5237 443 5293 bona
465 5237 557 5291 eidem
580 5232 709 5290 coenobio
728 5230 858 5298 contulit,
881 5244 947 5302 quae
1022 5245 1093 5287 icem
1106 5231 1142 5287 ad
1159 5232 1303 5289 abaelardi
1318 5246 1405 5304 opera
1423 5234 1584 5305 reiecimus.
1601 5236 1682 5294 Epir.

103 5317 223 5375 recitare
234 5312 352 5382 longum
367 5320 401 5363 ac
415 5305 592 5362 lastidiosum
608 5302 711 5384 ioret.¹
743 5370 748 5376 ¹
910 5370 915 5381 ,
1003 5371 1009 5384 ι
1038 5301 1145 5359 Verum
1161 5302 1247 5360 utba
1262 5305 1349 5372 lictae,
1375 5305 1492 5375 quarab
1513 5305 1665 5365 Abaelardo
1688 5316 1847 5380 caeperunt,

138 5385 269 5455 benique
295 5379 394 5434 «dato
416 5377 474 5446 ipse
500 5376 648 5431 Trecensis
668 5384 817 5454 episcopus
842 5369 947 5452 medie·
1002 5385 1032 5428 in
1046 5386 1113 5429 enm
1136 5373 1267 5431 similiter
1288 5374 1429 5443 desinant,
1454 5378 1554 5446 paucis
1566 5393 1646 5436 nunc
1659 5379 1757 5437 adbuc
1777 5380 1848 5438 sub-

104 5463 193 5515 tatem
211 5451 305 5510 omnis
318 5448 437 5506 decimae
449 5445 485 5502 de
498 5452 597 5527 sancto
617 5443 734 5512 Albino,
760 5448 788 5499 et
810 5443 946 5525 medieia·
1000 5441 1182 5516 iungendum
1197 5444 1276 5519 quod
1292 5445 1352 5517 ipse
1374 5445 1405 5502 in
1424 5446 1549 5505 ilistoria
1570 5451 1767 5509 calamitatum
1785 5465 1850 5509 sua·

103 5534 160 5586 tem
185 5525 373 5583 candelarum
399 5519 429 5575 in
451 5516 652 5574 Puriiicatione
675 5515 766 5572 beate
781 5511 879 5571 blarru
902 5514 949 5571 de
1002 5526 1069 5572 runi
1093 5515 1198 5584 omisit,
1220 5529 1285 5573 nem
1350 5515 1618 5580 condemnationem
1637 5521 1757 5580 albiani
1780 5520 1849 5580 libri

103 5599 165 5658 dit:
192 5596 260 5656 lilio
286 5594 322 5652 de
346 5588 493 5660 Quinoeio,
525 5585 619 5656 mites,
643 5585 679 5643 de
707 5597 828 5646 usensis
845 5585 948 5645 uxoria
1002 5585 1048 5647 sni
1061 5585 1096 5646 de
1120 5585 1259 5647 Trinitate
1318 5587 1403 5647 nonis
1427 5587 1546 5667 imtani,
1574 5591 1610 5652 de
1632 5605 1694 5666 qut
1710 5593 1753 5653 tte
1773 5591 1848 5654 opto
