3804 5962
36 237 42 245 ⁹
132 159 195 214 rear
396 157 497 214 rernr
515 155 699 214 romaum
718 158 795 215 orn.
815 116 905 215 rens
921 157 971 212 m.
985 157 1243 217 -rnuonoorm
1263 159 1305 214 ur
1325 157 1592 217 euriosormoe.
1823 162 1866 215 ιιι

117 284 257 355 praeputii
282 297 345 337 cara
376 284 535 338 circumcisa
559 297 614 336 aaa
632 284 729 349 fuerit,
758 282 861 353 peribit
880 286 973 338 anima
987 285 1012 337 A
1027 283 1164 340 omnibns
1189 298 1250 342 esse
1275 285 1459 341 verissimum
1484 291 1573 356 patet.
1591 283 1680 341 Unde
1706 291 1737 341 et
1755 296 1869 341 resnou

122 372 173 428 itia
188 372 221 426 de
241 373 344 442 papate
363 387 422 437 sua,
441 374 507 441 quia
518 376 631 440 paetum
655 388 742 427 meum
760 373 872 428 irritum
897 374 971 439 tecit,
1026 374 1122 430 nullas
1138 375 1245 444 primas
1259 374 1427 431 traditiones
1442 383 1503 445 post
1517 375 1613 446 legem
1630 372 1801 444 accepistis,
1816 387 1868 444 qna

123 461 267 532 quomodo
300 460 335 515 ad
375 461 532 530 praemissa,
563 460 672 531 quibus
704 468 731 519 et
761 462 879 517 advenae
911 461 972 534 jam
1026 459 1194 516 utilissimas
1221 461 1265 531 (ld
1293 460 1325 532 V)
1353 460 1501 532 judicatis,
1529 459 1625 516 veluti
1660 473 1732 514 cum
1758 458 1866 530 exempli

123 558 193 607 snm
225 548 423 619 comprehensi
451 549 586 617 retertur,
614 550 671 606 nisi
702 558 730 607 et
760 564 827 607 curn
855 551 973 608 advenis
1027 548 1153 604 Danielis
1174 549 1251 606 cibos
1271 549 1364 620 regios
1382 547 1729 618 etrinumrespuentis,
1747 561 1785 603 ne
1803 549 1865 604 inei

124 647 240 709 pactum
281 653 368 694 suum
412 639 466 706 slt;
501 640 600 695 saltem
633 654 698 695 cum
730 639 872 696 dieitur:
912 641 972 697 cir·
1026 637 1133 694 scilicet
1156 639 1411 706 contaminaretur,
1435 653 1485 695 vos
1505 653 1628 710 quoque
1655 647 1788 694 anostra
1801 639 1865 695 obsti

123 728 292 783 cumeidetur
338 744 373 782 en
414 729 498 795 uode,
548 736 602 785 etc.
654 728 736 796 Quod
779 744 847 786 vero
890 738 971 787 reter-
1026 728 1100 784 netis
1116 728 1192 782 rino.
1219 727 1269 783 Sed
1292 734 1317 783 et
1345 727 1509 784 ilechabitae
1525 734 1673 798 praecepto
1690 727 1818 782 ionadab
1830 742 1864 798 pr·

123 831 191 873 nam
226 831 344 888 quoque
384 819 548 873 animarum
592 818 798 876 beatitudinem
834 834 872 876 err
902 820 972 891 legi·
1027 817 1139 873 trissui
1164 817 1233 871 vino
1264 817 1478 887 inperpetuum
1500 818 1685 873 abstinentes
1702 827 1762 872 tam
1783 831 1864 887 praee

125 906 204 963 timis
216 908 319 963 restris
352 907 434 963 vohis
459 921 519 962 esse
549 909 719 977 promissam
749 919 879 964 astruere
895 908 971 964 labo·
1026 912 1076 975 pta
1089 906 1203 976 Moysis,
1225 919 1312 976 quam
1340 919 1439 982 omnes
1463 912 1581 976 patrum
1602 912 1776 961 vestrorum
1799 906 1864 961 tradi·

123 1009 181 1061 ras,
207 995 355 1052 vilissimae
382 995 557 1065 coniec'urae
583 1011 643 1052 esse
666 1010 701 1052 ex
722 996 782 1066 ipsa
805 997 865 1068 lege
883 1005 973 1067 potest
1028 997 1119 1051 tiones
1134 995 1312 1066 supergressi
1334 1001 1412 1050 sunt.
1432 995 1474 1050 Aa
1501 1008 1575 1064 quos
1592 994 1686 1050 etiam
1703 994 1862 1051 ieremiast

122 1085 243 1143 ostendi.
276 1084 327 1140 Per
360 1085 414 1141 hoe
439 1084 547 1155 quippe
571 1086 770 1155 quoddiritur
794 1102 854 1140 eum
873 1087 972 1153 sedere
1026 1083 1148 1138 Domino
1171 1084 1284 1144 missus,
1307 1083 1454 1138 ntvinum
1475 1081 1617 1147 biberent,
1642 1096 1705 1137 nou
1725 1082 1861 1140 estabe'r

123 1177 286 1243 sempiterno
311 1175 355 1230 rel
375 1177 404 1228 ia
422 1176 512 1239 fartus
535 1180 741 1240 aeternamm,
767 1176 818 1246 qui
840 1190 876 1231 ex
897 1189 970 1244 prro·
1025 1170 1192 1227 exauditus.
1209 1170 1289 1226 Unde
1301 1169 1331 1225 in
1352 1176 1464 1225 tanturn
1480 1184 1548 1225 roae
1563 1169 1683 1226 Domini
1698 1184 1804 1227 eorum
1817 1172 1860 1228 obe

122 1271 203 1333 cepto
227 1263 275 1319 Dei
291 1262 537 1319 circumcidentur
555 1264 581 1320 ei
598 1264 627 1318 in
644 1272 813 1333 perpetuum
831 1265 870 1319 ita
885 1263 972 1320 loedc-
1026 1258 1136 1314 dientia
1170 1258 1402 1325 commendatur,
1430 1264 1462 1314 ut
1479 1257 1520 1314 eis
1548 1257 1736 1327 promitteret
1765 1259 1857 1317 dicens

123 1360 201 1407 ratos
225 1351 371 1422 intelligis,
395 1359 426 1407 ut
445 1366 498 1408 nec
513 1353 543 1407 in
559 1352 656 1408 loturo
672 1352 708 1408 ab
723 1353 787 1423 ejus
807 1351 900 1422 gratia
915 1350 972 1406 dis·
1025 1351 1077 1404 Pro
1105 1364 1145 1416 eo,
1170 1347 1243 1417 quod
1264 1347 1394 1402 obedistis
1422 1351 1556 1417 precepto
1583 1345 1715 1401 donadac
1727 1349 1820 1416 patris
1834 1362 1857 1400 u

121 1439 297 1512 lungantur.
325 1440 405 1497 Unde
430 1448 457 1497 et
476 1441 609 1497 lsraelem
633 1456 684 1497 seu
706 1442 784 1498 Esau
805 1441 851 1497 vel
868 1441 971 1511 pleros·
1024 1439 1079 1491 etri
1100 1440 1126 1491 et
1148 1437 1306 1491 custodistis
1332 1438 1423 1491 omnia
1443 1436 1578 1490 mandata
1604 1437 1753 1505 ejus,aon
1782 1434 1857 1507 defiat

124 1542 181 1599 que
196 1529 332 1604 reprobos
354 1529 521 1585 nullatenus
545 1530 752 1602 ambigendum
772 1538 893 1586 estesse
918 1529 972 1584 sal·
1026 1528 1069 1580 air
1079 1527 1112 1581 de
1126 1530 1212 1594 stirpe
1236 1524 1370 1587 ionadab,
1386 1526 1439 1594 filii
1463 1524 1575 1587 licebat,
1591 1530 1673 1579 stans
1689 1527 1721 1579 in
1736 1529 1856 1594 conspecti

122 1617 241 1673 vandos.
272 1617 359 1674 Miror
384 1619 469 1675 etiam
489 1620 567 1689 quod
594 1634 651 1675 non
678 1619 801 1675 attendis
830 1628 971 1675 aeternum
1026 1618 1202 1671 mecaenatis
1227 1614 1321 1668 diebus
1340 1614 1405 1686 (Jer.
1427 1628 1515 1681 xxxv,
1539 1616 1581 1682 l8,
1612 1616 1670 1684 le).
1698 1614 1857 1685 Nunquidrl

123 1705 183 1762 sire
205 1705 411 1775 sempiternum
437 1706 601 1777 lrcqttenter
632 1709 660 1764 in
686 1708 747 1778 lege
770 1708 810 1763 sic
835 1708 923 1776 accipi
939 1714 972 1763 ut
1027 1718 1078 1760 rex
1102 1704 1233 1759 Ezechias
1262 1702 1470 1774 confringendo
1494 1705 1659 1772 serpentem
1690 1717 1807 1759 aeneum
1829 1702 1858 1774 (ll

122 1793 190 1850 vitre
213 1794 362 1863 praesentis
385 1797 629 1864 perseverantiam
655 1811 711 1851 non
735 1796 864 1852 excedat.
890 1796 972 1853 Unde
1026 1796 1091 1862 ileg.
1121 1807 1202 1860 xrur,
1230 1791 1268 1862 d),
1297 1791 1367 1863 legis
1389 1798 1584 1863 transgressor
1601 1792 1729 1859 exstitit,
1756 1792 1860 1848 videlice

123 1884 212 1938 etiam
239 1883 299 1952 ipso
328 1891 409 1952 pacto
433 1884 662 1941 circumcisionis
677 1900 743 1941 curn
764 1885 970 1955 praemittitur:
1025 1881 1212 1938 laudabiliter
1242 1881 1388 1936 destructo
1409 1894 1471 1936 sine
1495 1889 1649 1951 precepto,
1671 1881 1754 1952 quod
1778 1882 1860 1937 utiliter

124 1971 251 2041 Dotoque
266 1973 317 2025 tibi
334 1977 359 2026 et
373 1975 473 2026 remini
487 1978 531 2028 tae
547 1978 646 2028 terram
670 1976 899 2044 peregrinationis
921 1978 973 2028 tuae
1028 1970 1242 2028 lactumluerat
1270 1985 1304 2026 cx
1320 1977 1468 2040 praecepto.
1495 1968 1586 2024 David
1607 1970 1700 2026 etiam
1729 1971 1859 2040 cumpstl

125 2064 152 2113 et
173 2075 277 2113 omnem
306 2045 410 2114 terrani
434 2061 565 2117 Chrtrtaau
586 2065 615 2116 in
636 2067 829 2132 possessionem
844 2068 973 2116 aternam
1026 2059 1137 2115 mosad
1166 2059 1301 2114 honorem
1329 2058 1378 2114 Dei
1397 2058 1567 2127 composuit,
1586 2057 1633 2115 vel
1653 2072 1756 2114 arcam
1773 2058 1860 2116 Demiu

123 2146 202 2218 (Gen.
217 2162 288 2213 xvir,
315 2152 352 2216 8),
378 2161 436 2204 non
457 2151 542 2205 credo
567 2160 591 2206 te
607 2151 677 2207 adeo
697 2151 829 2219 delirare,
844 2159 875 2206 ut
891 2159 971 2206 eeter-
1027 2148 1191 2204 solemniter
1206 2148 1236 2203 in
1255 2147 1415 2203 Jerusalem
1431 2146 1564 2214 adduxit,
1582 2146 1628 2203 vel
1654 2147 1794 2205 Salomon
1811 2157 1859 2203 lem

123 2235 224 2292 uitatis
250 2236 392 2292 rocaduno
409 2237 475 2293 ritae
494 2253 612 2309 quoque
635 2240 741 2296 luturae
767 2239 971 2296 beatitudinem
1028 2237 1106 2308 plum
1128 2237 1241 2293 Domini
1265 2237 1438 2304 construxit,
1464 2245 1551 2306 atque
1571 2235 1724 2293 dedicarit
1738 2238 1778 2304 id,
1792 2238 1858 2308 prole
1885 2268 1888 2307 ς

125 2321 266 2390 includas,
285 2324 650 2396 deuualricsupertiuum
671 2329 886 2398 estquidguam
905 2341 974 2397 pree
1026 2335 1071 2382 cto
1096 2335 1218 2398 egerunt
1247 2327 1324 2397 quod
1354 2340 1540 2397 nequaquam
1561 2327 1675 2396 Moyses
1698 2336 1860 2397 praeeperat.
1885 2332 1889 2409 ζ

125 2410 231 2480 cipere.
253 2410 332 2481 Saepe
348 2411 434 2467 etiam
450 2413 526 2469 sieut
547 2415 621 2469 nosti
645 2414 673 2469 ln
698 2415 769 2485 ipsis
792 2415 862 2487 legis
881 2416 970 2484 operi·
1025 2414 1131 2470 Omnes
1157 2430 1275 2486 quoque
1301 2415 1457 2486 prophetiae
1476 2415 1587 2487 absque
1617 2423 1766 2486 praecepto
1781 2415 1861 2485 ltogsu

124 2497 180 2554 bus
194 2513 260 2570 qum
275 2501 302 2555 in
323 2501 376 2555 hac
391 2508 504 2556 tuntum
520 2503 580 2557 vita
595 2502 788 2569 celebrantur,
805 2503 849 2560 lex
869 2505 971 2575 adjun·
1027 2505 1197 2571 conscriptae
1218 2509 1286 2559 sunt
1312 2509 1339 2558 et
1370 2502 1441 2573 legis
1470 2501 1524 2557 sibi
1541 2502 1670 2570 traditae,
1687 2511 1717 2558 et
1731 2503 1862 2559 innumera

125 2601 191 2659 gere
213 2587 272 2658 (tol.
296 2589 691 2660 loll.)solet:tegitimum
710 2595 974 2662 sempiteruumerit
1027 2598 1091 2660 post
1124 2592 1236 2660 dassen
1261 2606 1278 2646 a
1304 2591 1412 2647 sanctis
1437 2590 1569 2646 Patribus
1599 2590 1647 2647 rel
1680 2604 1720 2648 ex
1747 2600 1862 2663 praecepti

125 2676 202 2730 nodis
226 2680 256 2731 ia
280 2682 383 2732 eunetis
410 2681 627 2745 generationibus
648 2687 672 2736 et
692 2682 906 2736 daouauaailus
930 2697 972 2735 ce·
1027 2679 1140 2736 Domini
1158 2680 1201 2736 rel
1232 2694 1283 2750 pro
1312 2680 1462 2736 manilesta
1479 2679 1603 2735 utilitate
1628 2688 1704 2736 sunt
1729 2689 1801 2746 acta,
1815 2693 1862 2748 oue

124 2767 201 2820 stris.
234 2765 278 2821 Sic
304 2767 430 2823 enimut
455 2782 491 2823 ex
520 2769 656 2839 pluribus
680 2771 791 2841 aliquid
817 2770 972 2827 alienamus
1027 2783 1180 2840 nunquam
1209 2769 1238 2824 in
1268 2768 1416 2839 preceptis
1447 2767 1549 2839 Moysis
1585 2770 1790 2825 continentur.
1817 2765 1861 2825 ltu

126 2853 294 2932 exemplum
309 2855 343 2911 de
358 2856 531 2912 celebranda
546 2858 698 2915 testivitate
718 2858 972 2916 tabernaculorum
989 2840 1010 2896 C
1027 2858 1145 2914 enimin
1162 2858 1206 2914 his
1223 2873 1287 2928 guae
1303 2857 1483 2914 manifestam
1508 2858 1616 2914 babent
1638 2857 1796 2915 utilitatem
1810 2871 1861 2928 pra·
1887 2900 1890 2929 ,

125 2942 237 3013 adjecit.
264 2941 337 2999 Cum
360 2945 436 2999 enirn
466 2946 672 3015 praemisisset:
698 2948 869 3014 Sumatisqne
896 2948 972 3002 uadis
1026 2955 1109 3018 cepta
1145 2946 1258 3004 Domini
1285 2955 1354 3004 suut
1371 2947 1577 3017 exspectanda,
1598 2960 1635 3002 ne
1666 2955 1813 3018 peccatum
1832 2953 1860 3003 es

125 3032 169 3086 die
187 3033 275 3100 primo
303 3034 411 3099 fruetus
441 3035 548 3089 ardoris
575 3037 764 3106 pulcherrimae
797 3038 973 3106 spatulasque
1027 3035 1121 3092 lacere
1137 3038 1213 3106 rpuod
1237 3050 1294 3092 non
1328 3043 1370 3092 est
1395 3042 1579 3106 praeceptum,
1594 3035 1645 3091 sed
1665 3036 1763 3093 lacere
1781 3046 1859 3093 ccn'rt

122 3122 290 3188 palmarum,
323 3127 348 3173 et
377 3137 468 3176 ramos
488 3125 557 3191 tigeri
583 3125 752 3179 diuersarum
774 3126 916 3192 froradium
946 3131 971 3179 et
1027 3135 1211 3196 praeceptum.
1246 3126 1383 3197 Alioquin
1415 3140 1468 3181 nec
1500 3125 1576 3180 diem
1605 3139 1699 3181 uuam
1734 3125 1860 3196 presente
1886 3136 1890 3203 l

125 3211 221 3264 salices
241 3209 274 3262 de
298 3214 451 3264 terreateet
469 3213 601 3266 laetamini
625 3217 655 3267 iu
682 3216 791 3269 Domino
808 3216 858 3268 Deo
873 3220 971 3281 oestro,
1026 3215 1093 3271 vitae
1109 3215 1227 3284 possetis
1242 3216 1401 3286 transigere
1414 3228 1469 3271 nec
1491 3214 1681 3270 domesticam
1697 3229 1796 3272 curam
1817 3228 1859 3270 uod
1885 3206 1890 3275 Ι

126 3295 350 3365 celebrabitisque
367 3299 567 3354 solemnitatem
590 3302 658 3369 ejus,
683 3308 782 3372 septem
806 3303 900 3357 dietus
922 3319 972 3372 per
1026 3303 1072 3359 die
1100 3318 1247 3374 prerogere,
1271 3319 1338 3360 cnm
1366 3304 1457 3359 multa
1486 3319 1538 3360 nos
1563 3317 1651 3374 agere
1680 3319 1755 3374 opus
1777 3305 1810 3360 sit
1827 3301 1858 3357 td
1887 3286 1890 3311 ⁵

125 3400 228 3439 annum
244 3386 340 3450 (Leuit.
366 3390 508 3455 intigro,
535 3391 590 3459 dl);
608 3390 704 3445 statim
726 3391 862 3462 adjunxit
880 3393 971 3463 legiti·
1025 3392 1145 3448 emendo
1169 3392 1213 3448 vel
1233 3391 1406 3463 negotiando
1437 3391 1481 3448 vel
1508 3392 1542 3447 de
1566 3393 1621 3449 hoc
1657 3392 1721 3450 loeo
1743 3391 1857 3448 adillnu

125 3487 205 3529 mum
227 3473 436 3543 sempiternum
465 3477 519 3534 erit
545 3479 571 3533 in
593 3481 830 3550 generationibus
857 3483 970 3538 vestris.
1026 3481 1212 3548 transeundo,
1229 3481 1272 3536 vel
1293 3479 1418 3551 denique
1433 3481 1607 3537 comedendo
1621 3480 1757 3553 sivcllol.
1777 3480 1857 3543 llll-l
1887 3544 1890 3553 ¹

125 3561 180 3630 Qui
194 3563 279 3618 etiarn
296 3563 513 3622 celebrationem
529 3568 646 3624 Sabbati
657 3570 776 3639 septimo
787 3570 831 3625 die
845 3572 971 3641 guorlam
1025 3569 1201 3636 dormiendo,
1219 3584 1284 3640 quae
1300 3585 1356 3625 non
1373 3569 1517 3626 habentur
1531 3569 1560 3625 iu
1572 3579 1728 3640 praecepto.
1741 3572 1858 3626 creora

124 3650 186 3708 loco
212 3651 364 3708 instituens
390 3654 430 3710 ait
453 3671 459 3707 :
484 3658 595 3712 Pactum
617 3663 659 3711 est
683 3662 877 3728 sempiternum
900 3662 972 3714 inter
1026 3658 1164 3729 quisuon
1195 3659 1339 3726 videat,si
1365 3660 1429 3729 plus
1455 3659 1500 3715 vel
1521 3660 1630 3725 miuus,
1648 3673 1741 3730 utram
1770 3659 1857 3727 Dosse

124 3756 166 3794 me
181 3746 206 3796 et
217 3742 288 3812 filios
303 3744 401 3810 Israel,
418 3746 580 3816 signumque
592 3752 753 3816 perpetuum
772 3749 870 3818 (deod.
890 3763 970 3814 xxxi,
1026 3748 1169 3818 pracepit,
1193 3748 1301 3804 nonsit
1327 3747 1502 3815 laciendum,
1517 3762 1629 3814 omues,
1651 3750 1707 3819 qui
1722 3748 1806 3821 legem
1817 3758 1858 3801 cu-
1888 3736 1891 3759 ¹

128 3831 181 3897 li).
199 3831 294 3889 Sedet
315 3834 438 3889 curnait
459 3835 598 3892 Dominus
621 3836 655 3892 de
677 3830 898 3905 llehrmoservo,
919 3837 970 3908 qni
1024 3837 1162 3904 stodiunt,
1193 3837 1313 3910 aqualis
1341 3853 1401 3894 esse
1417 3837 1522 3902 meriti
1551 3851 1605 3893 nee
1639 3837 1720 3894 iuter
1741 3833 1861 3895 eosalte·

124 3921 262 3977 nonvult
285 3922 383 3993 egredi
408 3922 488 3989 liber,
514 3925 658 3994 guodcrit
680 3941 772 3981 sertus
792 3929 822 3980 iu
843 3929 971 3982 secutum
1025 3938 1092 3982 rum
1112 3927 1201 3983 altero
1226 3927 1370 3983 meliorem
1400 3926 1531 3994 existere,
1553 3940 1685 3997 quorum
1705 3927 1864 3983 meritanon

129 4006 236 4077 (Ecod
260 4023 320 4075 xxi,
347 4009 383 4079 d),
403 4019 516 4079 tempus
538 4019 649 4067 tautum
672 4014 818 4084 vitaeejus
841 4027 971 4084 compre·
1025 4017 1316 4087 possuntmaegnalia
1337 4030 1408 4072 esse
1439 4016 1519 4071 Patet
1548 4015 1694 4085 igiturex
1716 4013 1890 4107 premissis

127 4093 236 4151 hendit.
266 4098 328 4154 Non
356 4099 433 4154 euim
457 4099 566 4155 hebraei
593 4101 668 4155 servi
692 4103 852 4157 secundum
878 4102 969 4173 legem
986 4126 1008 4181 ῃ
1026 4105 1104 4175 qttod
1124 4106 1204 4161 nullo
1222 4106 1305 4162 modo
1325 4104 1528 4175 perlectionem
1556 4105 1627 4176 legis
1649 4118 1704 4174 per
1726 4104 1779 4160 boc
1801 4112 1864 4173 potes

124 4186 364 4242 transmittuntur
386 4187 420 4242 ad
440 4197 576 4258 posteros,
604 4189 678 4245 sicut
702 4188 858 4260 illiquide
880 4192 971 4248 natio·
1025 4195 1226 4250 commendare
1256 4194 1332 4264 guod
1362 4193 1499 4264 intelligis
1526 4202 1629 4249 contra
1648 4193 1744 4266 legem
1772 4193 1829 4265 agi,
1848 4205 1863 4246 s

123 4272 211 4330 uibus
239 4275 379 4345 assumpti
403 4285 480 4331 sunt.
504 4278 605 4332 Unde:
624 4278 723 4332 Servus
745 4284 770 4333 et
791 4281 894 4334 ancilla
915 4284 972 4336 siat

124 4364 199 4417 vodis
220 4364 253 4418 de
267 4365 425 4419 nationibus
454 4370 501 4432 qui
516 4368 544 4420 in
560 4369 676 4422 circuitu
694 4373 784 4423 oestro
809 4375 884 4434 suut,
898 4375 923 4424 ct
938 4372 972 4426 de

123 4452 237 4507 aduenis
253 4457 302 4523 qui
315 4457 527 4524 peregrinantur
537 4456 614 4525 apud
626 4473 682 4522 iios,
699 4459 740 4510 eet
755 4462 846 4523 quiea
857 4460 898 4513 bis
913 4463 972 4514 nali

122 4545 240 4609 suerint,
270 4546 299 4597 iu
328 4550 402 4598 terra
424 4550 525 4611 cestra,
542 4547 588 4600 hes
603 4545 737 4600 babebitis
747 4547 864 4613 (ramulos
880 4553 905 4602 et
916 4549 971 4604 ha-

122 4633 327 4700 reditarioi'ure
348 4634 539 4688 transmittetis
566 4635 604 4687 ad
622 4642 745 4704 posteros
772 4653 803 4690 uc
823 4637 973 4706 possimos

124 4722 159 4776 tis
178 4725 207 4776 tu
226 4727 376 4788 aternum
400 4724 503 4789 tratres
521 4727 610 4777 autem
626 4729 728 4778 uestros
752 4726 822 4794 filios·
839 4727 926 4781 lsrael
940 4743 972 4781 ue

123 4811 287 4879 opprimatis
309 4827 359 4881 per
381 4814 532 4880 potentiam
559 4812 656 4882 (Leuit.
683 4827 753 4880 xxv,
778 4814 881 4885 lt-tol.
906 4814 969 4871 sat·

122 4899 238 4958 liciebat
259 4899 365 4969 quippe
388 4901 508 4956 Domino
533 4901 561 4956 in
587 4903 819 4958 remuneratione
846 4905 972 4960 carnalis

123 4988 236 5060 populi,
252 4988 304 5056 gni
320 5003 376 5043 nou
392 4989 443 5044 nisi
461 4998 573 5045 terrena
588 4990 705 5058 sciebat,
721 5004 784 5045 eam
806 4991 842 5047 ad
858 5000 972 5062 tempus

122 5074 190 5134 t'ritre
224 5082 336 5133 tautum
372 5077 521 5146 praesentis
548 5080 775 5135 accommodare.
798 5079 879 5145 Quod
902 5095 970 5138 vero

86 5238 89 5245 Ι
122 5163 324 5237 perlectionem
355 5164 424 5236 legis
447 5166 652 5222 commendans
677 5168 834 5234 asseruisti,
860 5182 894 5224 ea
910 5177 971 5225 tan-

121 5260 186 5311 turn
219 5268 285 5324 guae
314 5255 420 5324 ldoyses
440 5255 585 5326 praecepit,
615 5270 677 5313 esse
705 5256 846 5325 iacienda,
882 5260 971 5314 miror

124 5341 200 5410 quod
218 5343 325 5399 oblitus
339 5342 377 5399 sis
399 5345 558 5416 tequidem
577 5345 714 5416 superius
732 5347 891 5403 astruxisse
910 5347 971 5404 lau·

123 5425 257 5487 debiliter
271 5432 365 5488 multa
380 5433 528 5503 praereptis
542 5447 577 5490 er
599 5434 692 5515 gratia
706 5434 870 5506 superaddi.
887 5435 968 5503 Quod

1025 4282 1222 4355 quid,r1uod
1217 4297 1244 4338 in
1260 4297 1294 4338 ea
1317 4290 1491 4353 preceptum
1507 4281 1628 4346 nonsit,
1649 4283 1862 4352 superaddatur.
1889 4356 1892 4363 Ι

1025 4373 1082 4430 Nec
1107 4381 1134 4428 te
1158 4371 1229 4427 satis
1256 4371 1414 4428 Dominum
1443 4384 1584 4427 excusare
1613 4384 1773 4442 agnoscas,
1805 4368 1862 4444 gual
1889 4376 1893 4437 ξ

1025 4477 1090 4518 curu
1112 4462 1183 4531 legis
1206 4461 1400 4518 obedientiam
1421 4460 1554 4516 suaderet
1570 4459 1609 4525 iti,
1635 4468 1670 4515 ut
1697 4462 1761 4518 dixi
1789 4460 1862 4520 mati

1025 4565 1070 4606 me
1086 4548 1162 4622 iuml
1188 4551 1218 4605 in
1238 4551 1302 4621 ejus
1326 4550 1558 4606 remuneratione
1578 4551 1783 4619 praetermisit,
1807 4546 1860 4607 siai

1025 4638 1097 4695 illud
1112 4638 1198 4694 etiam
1214 4627 1435 4707 promerendum
1456 4651 1518 4692 eam
1540 4636 1676 4692 sulficere
1690 4638 1859 4709 judicarent
1890 4706 1893 4717 Ι

1024 4727 1105 4794 Quid
1122 4741 1189 4782 vcro
1204 4725 1332 4796 spiritale
1353 4725 1459 4782 bonum
1477 4733 1660 4796 peccatorum
1680 4728 1859 4796 purillaatiore

1025 4829 1076 4887 per
1102 4815 1244 4872 sacrificia
1283 4815 1328 4871 vel
1355 4814 1490 4885 qualibet
1516 4812 1586 4885 legis
1617 4826 1710 4883 opera
1740 4815 1859 4872 exteriar
1890 4840 1894 4895 ι

1024 4905 1163 4972 consenui
1190 4902 1342 4970 confiditis,
1371 4903 1461 4959 miror
1484 4903 1518 4966 si,
1544 4910 1576 4958 ut
1599 4901 1660 4972 ipse
1692 4906 1859 4973 protessuse
1890 4910 1894 4957 i

1024 5002 1052 5051 et
1081 4993 1232 5049 manilesta
1256 4992 1363 5049 veritas
1388 4992 1486 5061 babet,
1511 4999 1609 5048 restra
1637 4992 1689 5048 Dei
1707 5003 1738 5050 et
1759 4990 1859 5065 pruxirt'
1889 4960 1895 5037 1

1023 5083 1136 5139 dilectio
1161 5081 1196 5136 ud
1222 5081 1455 5152 justificationem
1481 5080 1644 5138 sanctitatis
1671 5080 1860 5141 suldanum

1024 5186 1081 5244 que
1093 5172 1170 5227 euim
1186 5170 1247 5225 sine
1264 5171 1324 5226 istis
1337 5171 1498 5243 quidquam
1518 5169 1567 5225 illa
1585 5169 1711 5238 prodere
1727 5172 1774 5247 [ill
1790 5183 1861 5244 gum

1023 5268 1084 5317 tum
1104 5260 1140 5316 ad
1161 5259 1265 5315 auimae
1290 5259 1412 5316 salutem
1439 5260 1590 5331 pertineat,
1611 5275 1666 5317 nec
1689 5261 1816 5318 dubium
1833 5262 1861 5315 el

1023 5363 1091 5405 curn
1106 5348 1161 5405 ista
1177 5347 1335 5418 quemlibet
1353 5347 1466 5420 justum
1481 5347 1629 5406 eliecerinl
1640 5349 1706 5421 jam
1727 5365 1787 5408 uon
1799 5351 1827 5406 in
1840 5357 1862 5401 eo

1024 5444 1107 5494 reatu
1139 5436 1247 5508 peccati
1274 5451 1336 5496 esse
1359 5444 1392 5495 ut
1417 5436 1537 5509 spiritali
1550 5446 1634 5510 egeat
1661 5439 1860 5511 purificatione
