<?xml version="1.0" encoding="UTF-8"?>
<!DOCTYPE html PUBLIC "-//W3C//DTD XHTML 1.0 Transitional//EN"
    "http://www.w3.org/TR/xhtml1/DTD/xhtml1-transitional.dtd">
<html xmlns="http://www.w3.org/1999/xhtml" xml:lang="en" lang="en">
 <head>
  <title>
</title>
<meta http-equiv="Content-Type" content="text/html;charset=utf-8" />
  <meta name='ocr-system' content='tesseract 3.04.00' />
  <meta name='ocr-capabilities' content='ocr_page ocr_carea ocr_par ocr_line ocrx_word'/>
</head>
<body>
  <div class='ocr_page' id='page_1' title='image "./patrologiaecurs53unkngoog_0586.png"; bbox 0 0 3804 5962; ppageno 0'>
   <div class='ocr_carea' id='block_1_1' title="bbox 552 169 1201 272">
    <p class='ocr_par' dir='ltr' id='par_1_1' title="bbox 552 169 1201 272">
     <span class='ocr_line' id='line_1_1' title="bbox 552 169 1201 272; baseline 0.003 -4"><span class='ocrx_word' id='word_1_1' title='bbox 552 213 749 271; x_wconf 74' lang='lat' dir='ltr'><strong>raboldum</strong></span> <span class='ocrx_word' id='word_1_2' title='bbox 769 213 986 272; x_wconf 77' lang='lat' dir='ltr'><strong>euulsitarla.</strong></span> <span class='ocrx_word' id='word_1_3' title='bbox 1003 243 1037 256; x_wconf 92' lang='lat'><strong>-·</strong></span> <span class='ocrx_word' id='word_1_4' title='bbox 1054 216 1118 271; x_wconf 82' lang='lat' dir='ltr'><strong>ltu.</strong></span> <span class='ocrx_word' id='word_1_5' title='bbox 1139 216 1160 270; x_wconf 94' lang='lat' dir='ltr'><strong>l.</strong></span> <span class='ocrx_word' id='word_1_6' title='bbox 1199 169 1201 173; x_wconf 53' lang='lat'>&gt;</span> 
     </span>
    </p>
   </div>
   <div class='ocr_carea' id='block_1_2' title="bbox 1666 222 1733 276">
    <p class='ocr_par' dir='ltr' id='par_1_2' title="bbox 1666 222 1733 276">
     <span class='ocr_line' id='line_1_2' title="bbox 1666 222 1733 276; baseline 0.03 -2"><span class='ocrx_word' id='word_1_7' title='bbox 1666 222 1733 276; x_wconf 79' lang='lat' dir='ltr'><strong>troo</strong></span> 
     </span>
    </p>
   </div>
   <div class='ocr_carea' id='block_1_3' title="bbox 97 324 1731 413">
    <p class='ocr_par' dir='ltr' id='par_1_3' title="bbox 97 324 1731 413">
     <span class='ocr_line' id='line_1_3' title="bbox 97 324 1731 413; baseline 0.007 -21"><span class='ocrx_word' id='word_1_8' title='bbox 97 335 201 392; x_wconf 74' lang='lat' dir='ltr'><strong>animae</strong></span> <span class='ocrx_word' id='word_1_9' title='bbox 229 334 306 393; x_wconf 83' lang='lat' dir='ltr'><strong>vires</strong></span> <span class='ocrx_word' id='word_1_10' title='bbox 326 335 527 409; x_wconf 79' lang='lat' dir='ltr'>distingueret,</span> <span class='ocrx_word' id='word_1_11' title='bbox 551 324 625 409; x_wconf 82' lang='lat' dir='ltr'><strong>quas</strong></span> <span class='ocrx_word' id='word_1_12' title='bbox 647 338 676 394; x_wconf 94' lang='lat' dir='ltr'><strong>in</strong></span> <span class='ocrx_word' id='word_1_13' title='bbox 700 339 828 409; x_wconf 92' lang='lat' dir='ltr'><strong>corpori·</strong></span> <span class='ocrx_word' id='word_1_14' title='bbox 844 342 868 394; x_wconf 75' lang='grc' dir='ltr'><strong>Α</strong></span> <span class='ocrx_word' id='word_1_15' title='bbox 884 355 942 411; x_wconf 84' lang='lat' dir='ltr'><strong>quo</strong></span> <span class='ocrx_word' id='word_1_16' title='bbox 957 338 1013 411; x_wconf 77' lang='lat' dir='ltr'><strong>(ill</strong></span> <span class='ocrx_word' id='word_1_17' title='bbox 1028 338 1191 411; x_wconf 81' lang='lat' dir='ltr'><strong>philosophi</strong></span> <span class='ocrx_word' id='word_1_18' title='bbox 1214 353 1427 412; x_wconf 87' lang='lat' dir='ltr'><strong>nonnunquam</strong></span> <span class='ocrx_word' id='word_1_19' title='bbox 1449 349 1572 413; x_wconf 86' lang='lat' dir='ltr'><strong>ponunt.</strong></span> <span class='ocrx_word' id='word_1_20' title='bbox 1598 344 1679 402; x_wconf 88' lang='lat' dir='ltr'><strong>Unde</strong></span> <span class='ocrx_word' id='word_1_21' title='bbox 1703 355 1731 404; x_wconf 88' lang='lat' dir='ltr'><strong>et</strong></span> 
     </span>
    </p>
   </div>
   <div class='ocr_carea' id='block_1_4' title="bbox 79 424 829 1563">
    <p class='ocr_par' dir='ltr' id='par_1_4' title="bbox 79 424 829 1563">
     <span class='ocr_line' id='line_1_4' title="bbox 79 424 829 496; baseline 0.003 -16"><span class='ocrx_word' id='word_1_22' title='bbox 79 430 186 491; x_wconf 81' lang='lat' dir='ltr'><strong>xercet,</strong></span> <span class='ocrx_word' id='word_1_23' title='bbox 212 424 373 481; x_wconf 87' lang='lat' dir='ltr'><strong>secundum</strong></span> <span class='ocrx_word' id='word_1_24' title='bbox 398 439 472 496; x_wconf 88' lang='lat' dir='ltr'><strong>quas</strong></span> <span class='ocrx_word' id='word_1_25' title='bbox 487 426 617 482; x_wconf 91' lang='lat' dir='ltr'><strong>omnium</strong></span> <span class='ocrx_word' id='word_1_26' title='bbox 633 425 829 483; x_wconf 77' lang='lat' dir='ltr'><strong>animatorum</strong></span> 
     </span>
     <span class='ocr_line' id='line_1_5' title="bbox 79 514 828 585; baseline 0.003 -16"><span class='ocrx_word' id='word_1_27' title='bbox 79 520 176 570; x_wconf 89' lang='lat' dir='ltr'><strong>ttaest</strong></span> <span class='ocrx_word' id='word_1_28' title='bbox 202 519 317 578; x_wconf 86' lang='lat' dir='ltr'><strong>natura,</strong></span> <span class='ocrx_word' id='word_1_29' title='bbox 343 521 376 570; x_wconf 92' lang='lat' dir='ltr'><strong>ut</strong></span> <span class='ocrx_word' id='word_1_30' title='bbox 391 514 448 570; x_wconf 87' lang='lat' dir='ltr'><strong>alia</strong></span> <span class='ocrx_word' id='word_1_31' title='bbox 475 515 583 572; x_wconf 89' lang='lat' dir='ltr'><strong>scilicet</strong></span> <span class='ocrx_word' id='word_1_32' title='bbox 613 515 678 572; x_wconf 91' lang='lat' dir='ltr'><strong>aliis</strong></span> <span class='ocrx_word' id='word_1_33' title='bbox 700 516 828 585; x_wconf 85' lang='lat' dir='ltr'><strong>praesiul,</strong></span> 
     </span>
     <span class='ocr_line' id='line_1_6' title="bbox 79 601 829 677; baseline 0.004 -19"><span class='ocrx_word' id='word_1_34' title='bbox 79 601 217 658; x_wconf 78' lang='lat' dir='ltr'><strong>idicens:</strong></span> <span class='ocrx_word' id='word_1_35' title='bbox 235 623 250 653; x_wconf 81' lang='lat' dir='ltr'><strong>a</strong></span> <span class='ocrx_word' id='word_1_36' title='bbox 275 603 358 659; x_wconf 80' lang='lat' dir='ltr'><strong>Hunc</strong></span> <span class='ocrx_word' id='word_1_37' title='bbox 375 617 473 659; x_wconf 90' lang='lat' dir='ltr'><strong>rerum</strong></span> <span class='ocrx_word' id='word_1_38' title='bbox 488 604 631 671; x_wconf 80' lang='lat' dir='ltr'>ordinem,</span> <span class='ocrx_word' id='word_1_39' title='bbox 647 612 674 661; x_wconf 90' lang='lat' dir='ltr'><strong>et</strong></span> <span class='ocrx_word' id='word_1_40' title='bbox 688 604 829 677; x_wconf 85' lang='lat' dir='ltr'><strong>Virgilius</strong></span> 
     </span>
     <span class='ocr_line' id='line_1_7' title="bbox 79 692 828 764; baseline 0.003 -16"><span class='ocrx_word' id='word_1_41' title='bbox 79 692 315 762; x_wconf 66' lang='lat' dir='ltr'><strong>centimanum,</strong></span> <span class='ocrx_word' id='word_1_42' title='bbox 343 696 394 748; x_wconf 68' lang='grc' dir='ltr'><strong>ιιι</strong></span> <span class='ocrx_word' id='word_1_43' title='bbox 420 701 447 749; x_wconf 92' lang='grc' dir='ltr'><strong>ει</strong></span> <span class='ocrx_word' id='word_1_44' title='bbox 475 693 559 764; x_wconf 72' lang='lat' dir='ltr'><strong>sep).</strong></span> <span class='ocrx_word' id='word_1_45' title='bbox 586 693 659 750; x_wconf 89' lang='lat' dir='ltr'><strong>Nam</strong></span> <span class='ocrx_word' id='word_1_46' title='bbox 687 701 715 751; x_wconf 88' lang='lat' dir='ltr'><strong>et</strong></span> <span class='ocrx_word' id='word_1_47' title='bbox 744 707 828 751; x_wconf 91' lang='lat' dir='ltr'><strong>mun·</strong></span> 
     </span>
     <span class='ocr_line' id='line_1_8' title="bbox 79 780 826 854; baseline 0.007 -20"><span class='ocrx_word' id='word_1_48' title='bbox 79 781 165 836; x_wconf 89' lang='lat' dir='ltr'><strong>imam</strong></span> <span class='ocrx_word' id='word_1_49' title='bbox 189 780 278 849; x_wconf 80' lang='lat' dir='ltr'><strong>dedit,</strong></span> <span class='ocrx_word' id='word_1_50' title='bbox 294 789 322 837; x_wconf 86' lang='grc' dir='ltr'><strong>ει</strong></span> <span class='ocrx_word' id='word_1_51' title='bbox 346 788 378 836; x_wconf 83' lang='grc' dir='ltr'><strong>ιιι</strong></span> <span class='ocrx_word' id='word_1_52' title='bbox 395 781 515 851; x_wconf 91' lang='lat' dir='ltr'><strong>puritati</strong></span> <span class='ocrx_word' id='word_1_53' title='bbox 540 783 604 854; x_wconf 83' lang='lat' dir='ltr'><strong>ejus</strong></span> <span class='ocrx_word' id='word_1_54' title='bbox 633 789 826 851; x_wconf 87' lang='lat' dir='ltr'><strong>attestaretur,</strong></span> 
     </span>
     <span class='ocr_line' id='line_1_9' title="bbox 80 869 826 938; baseline 0.003 -13"><span class='ocrx_word' id='word_1_55' title='bbox 80 883 108 925; x_wconf 91' lang='lat' dir='ltr'><strong>m</strong></span> <span class='ocrx_word' id='word_1_56' title='bbox 137 869 260 926; x_wconf 85' lang='lat' dir='ltr'><strong>vocavit.</strong></span> <span class='ocrx_word' id='word_1_57' title='bbox 292 869 392 925; x_wconf 80' lang='lat' dir='ltr'><strong>delum</strong></span> <span class='ocrx_word' id='word_1_58' title='bbox 420 870 507 938; x_wconf 91' lang='lat' dir='ltr'><strong>enim,</strong></span> <span class='ocrx_word' id='word_1_59' title='bbox 542 870 582 926; x_wconf 87' lang='lat' dir='ltr'><strong>ait</strong></span> <span class='ocrx_word' id='word_1_60' title='bbox 603 875 690 926; x_wconf 84' lang='lat' dir='ltr'><strong>terras</strong></span> <span class='ocrx_word' id='word_1_61' title='bbox 719 875 745 926; x_wconf 87' lang='lat' dir='ltr'><strong>et</strong></span> <span class='ocrx_word' id='word_1_62' title='bbox 770 888 826 927; x_wconf 87' lang='lat' dir='ltr'><strong>ma-</strong></span> 
     </span>
     <span class='ocr_line' id='line_1_10' title="bbox 98 956 829 1028; baseline 0.005 -16"><span class='ocrx_word' id='word_1_63' title='bbox 98 956 190 1012; x_wconf 80' lang='lat' dir='ltr'><strong>sidera</strong></span> <span class='ocrx_word' id='word_1_64' title='bbox 217 959 334 1027; x_wconf 73' lang='lat' dir='ltr'><strong>spiritam</strong></span> <span class='ocrx_word' id='word_1_65' title='bbox 360 958 410 1012; x_wconf 84' lang='lat' dir='ltr'><strong>alit</strong></span> <span class='ocrx_word' id='word_1_66' title='bbox 439 962 524 1027; x_wconf 83' lang='lat' dir='ltr'><strong>intus,</strong></span> <span class='ocrx_word' id='word_1_67' title='bbox 545 959 573 1015; x_wconf 92' lang='lat' dir='ltr'><strong>id</strong></span> <span class='ocrx_word' id='word_1_68' title='bbox 597 965 639 1015; x_wconf 98' lang='grc' dir='ltr'><strong>εει</strong></span> <span class='ocrx_word' id='word_1_69' title='bbox 668 959 784 1028; x_wconf 89' lang='lat' dir='ltr'><strong>anima;</strong></span> <span class='ocrx_word' id='word_1_70' title='bbox 800 967 829 1016; x_wconf 91' lang='lat' dir='ltr'><strong>et</strong></span> 
     </span>
     <span class='ocr_line' id='line_1_11' title="bbox 79 1046 828 1119; baseline 0.003 -16"><span class='ocrx_word' id='word_1_71' title='bbox 79 1060 106 1103; x_wconf 84' lang='lat' dir='ltr'><strong>rs</strong></span> <span class='ocrx_word' id='word_1_72' title='bbox 134 1046 240 1102; x_wconf 77' lang='lat' dir='ltr'><strong>animae</strong></span> <span class='ocrx_word' id='word_1_73' title='bbox 266 1054 404 1103; x_wconf 81' lang='lat' dir='ltr'><strong>assereret</strong></span> <span class='ocrx_word' id='word_1_74' title='bbox 423 1046 605 1119; x_wconf 88' lang='lat' dir='ltr'><strong>dignitatem,</strong></span> <span class='ocrx_word' id='word_1_75' title='bbox 627 1057 752 1105; x_wconf 79' lang='lat' dir='ltr'><strong>mentem</strong></span> <span class='ocrx_word' id='word_1_76' title='bbox 767 1063 828 1105; x_wconf 88' lang='lat' dir='ltr'><strong>esso</strong></span> 
     </span>
     <span class='ocr_line' id='line_1_12' title="bbox 79 1137 829 1204; baseline 0.004 -13"><span class='ocrx_word' id='word_1_77' title='bbox 79 1149 101 1191; x_wconf 88' lang='grc' dir='ltr'><strong>ιε</strong></span> <span class='ocrx_word' id='word_1_78' title='bbox 123 1142 188 1192; x_wconf 91' lang='lat' dir='ltr'><strong>est:</strong></span> <span class='ocrx_word' id='word_1_79' title='bbox 224 1137 299 1191; x_wconf 79' lang='lat' dir='ltr'><strong>Mens</strong></span> <span class='ocrx_word' id='word_1_80' title='bbox 337 1138 426 1204; x_wconf 80' lang='lat' dir='ltr'><strong>agitat</strong></span> <span class='ocrx_word' id='word_1_81' title='bbox 464 1137 571 1192; x_wconf 75' lang='lat' dir='ltr'><strong>molem</strong></span> <span class='ocrx_word' id='word_1_82' title='bbox 608 1139 751 1193; x_wconf 88' lang='lat' dir='ltr'><strong>Necnon</strong></span> <span class='ocrx_word' id='word_1_83' title='bbox 795 1145 829 1194; x_wconf 88' lang='grc' dir='ltr'><strong>ιιι</strong></span> 
     </span>
     <span class='ocr_line' id='line_1_13' title="bbox 82 1223 827 1294; baseline 0.001 -15"><span class='ocrx_word' id='word_1_84' title='bbox 82 1229 142 1279; x_wconf 89' lang='lat' dir='ltr'><strong>eret</strong></span> <span class='ocrx_word' id='word_1_85' title='bbox 156 1237 191 1280; x_wconf 86' lang='lat' dir='ltr'><strong>ex</strong></span> <span class='ocrx_word' id='word_1_86' title='bbox 215 1223 277 1294; x_wconf 88' lang='lat' dir='ltr'><strong>ipsa</strong></span> <span class='ocrx_word' id='word_1_87' title='bbox 297 1223 394 1281; x_wconf 88' lang='lat' dir='ltr'><strong>anima</strong></span> <span class='ocrx_word' id='word_1_88' title='bbox 418 1231 549 1281; x_wconf 87' lang='lat' dir='ltr'><strong>constare</strong></span> <span class='ocrx_word' id='word_1_89' title='bbox 571 1231 598 1281; x_wconf 89' lang='lat' dir='ltr'><strong>et</strong></span> <span class='ocrx_word' id='word_1_90' title='bbox 617 1224 741 1283; x_wconf 90' lang='lat' dir='ltr'><strong>animari</strong></span> <span class='ocrx_word' id='word_1_91' title='bbox 761 1226 827 1281; x_wconf 91' lang='lat' dir='ltr'><strong>uui·</strong></span> 
     </span>
     <span class='ocr_line' id='line_1_14' title="bbox 85 1312 827 1384; baseline 0 -16"><span class='ocrx_word' id='word_1_92' title='bbox 85 1325 151 1383; x_wconf 74' lang='lat' dir='ltr'><strong>quae</strong></span> <span class='ocrx_word' id='word_1_93' title='bbox 176 1312 292 1381; x_wconf 81' lang='lat' dir='ltr'><strong>vivunt,</strong></span> <span class='ocrx_word' id='word_1_94' title='bbox 317 1312 451 1369; x_wconf 86' lang='lat' dir='ltr'><strong>addidit:</strong></span> <span class='ocrx_word' id='word_1_95' title='bbox 485 1315 555 1369; x_wconf 85' lang='lat' dir='ltr'><strong>Hinc</strong></span> <span class='ocrx_word' id='word_1_96' title='bbox 580 1313 718 1369; x_wconf 86' lang='lat' dir='ltr'><strong>bominum</strong></span> <span class='ocrx_word' id='word_1_97' title='bbox 742 1328 827 1384; x_wconf 84' lang='lat' dir='ltr'><strong>pecu·</strong></span> 
     </span>
     <span class='ocr_line' id='line_1_15' title="bbox 79 1396 826 1474; baseline 0.003 -19"><span class='ocrx_word' id='word_1_98' title='bbox 79 1416 101 1456; x_wconf 82' lang='lat' dir='ltr'><strong>ie</strong></span> <span class='ocrx_word' id='word_1_99' title='bbox 131 1416 215 1471; x_wconf 85' lang='lat' dir='ltr'><strong>penus</strong></span> <span class='ocrx_word' id='word_1_100' title='bbox 258 1409 312 1457; x_wconf 89' lang='lat' dir='ltr'><strong>etc.</strong></span> <span class='ocrx_word' id='word_1_101' title='bbox 351 1400 445 1474; x_wconf 88' lang='lat' dir='ltr'><strong>thue</strong></span> <span class='ocrx_word' id='word_1_102' title='bbox 480 1396 656 1460; x_wconf 76' lang='lat' dir='ltr'><strong>asseveraret</strong></span> <span class='ocrx_word' id='word_1_103' title='bbox 693 1403 826 1458; x_wconf 90' lang='lat' dir='ltr'><strong>eumdem</strong></span> 
     </span>
     <span class='ocr_line' id='line_1_16' title="bbox 79 1490 827 1563; baseline 0.001 -17"><span class='ocrx_word' id='word_1_104' title='bbox 79 1490 205 1546; x_wconf 89' lang='lat' dir='ltr'><strong>uanima</strong></span> <span class='ocrx_word' id='word_1_105' title='bbox 231 1490 287 1563; x_wconf 81' lang='grc'><strong>[69)</strong></span> <span class='ocrx_word' id='word_1_106' title='bbox 303 1505 416 1562; x_wconf 86' lang='lat' dir='ltr'><strong>semper</strong></span> <span class='ocrx_word' id='word_1_107' title='bbox 439 1492 578 1563; x_wconf 85' lang='lat' dir='ltr'><strong>rigorem,</strong></span> <span class='ocrx_word' id='word_1_108' title='bbox 600 1493 648 1548; x_wconf 91' lang='lat' dir='ltr'><strong>sed</strong></span> <span class='ocrx_word' id='word_1_109' title='bbox 662 1504 749 1548; x_wconf 90' lang='lat' dir='ltr'><strong>usum</strong></span> <span class='ocrx_word' id='word_1_110' title='bbox 764 1493 827 1562; x_wconf 81' lang='lat' dir='ltr'><strong>ejus</strong></span> 
     </span>
    </p>
   </div>
   <div class='ocr_carea' id='block_1_5' title="bbox 881 428 1734 1564">
    <p class='ocr_par' dir='ltr' id='par_1_5' title="bbox 882 428 1734 1209">
     <span class='ocr_line' id='line_1_17' title="bbox 886 428 1731 505; baseline 0.011 -22"><span class='ocrx_word' id='word_1_111' title='bbox 886 428 1058 497; x_wconf 83' lang='lat' dir='ltr'><strong>Macrobius,</strong></span> <span class='ocrx_word' id='word_1_112' title='bbox 1074 437 1132 486; x_wconf 86' lang='lat' dir='ltr'><strong>tam</strong></span> <span class='ocrx_word' id='word_1_113' title='bbox 1149 443 1225 499; x_wconf 79' lang='lat' dir='ltr'><strong>noyn</strong></span> <span class='ocrx_word' id='word_1_114' title='bbox 1242 428 1324 500; x_wconf 81' lang='grc' dir='ltr'><strong>[νοῦν]</strong></span> <span class='ocrx_word' id='word_1_115' title='bbox 1342 430 1399 501; x_wconf 69' lang='grc' dir='ltr'><strong>(τι)</strong></span> <span class='ocrx_word' id='word_1_116' title='bbox 1419 431 1510 502; x_wconf 81' lang='lat' dir='ltr'><strong>ipsam</strong></span> <span class='ocrx_word' id='word_1_117' title='bbox 1525 446 1541 488; x_wconf 88' lang='lat' dir='ltr'><strong>a</strong></span> <span class='ocrx_word' id='word_1_118' title='bbox 1557 433 1624 500; x_wconf 86' lang='lat' dir='ltr'><strong>Deo,</strong></span> <span class='ocrx_word' id='word_1_119' title='bbox 1641 448 1731 505; x_wconf 88' lang='lat' dir='ltr'><strong>quam</strong></span> 
     </span>
     <span class='ocr_line' id='line_1_18' title="bbox 885 515 1732 595; baseline 0.011 -24"><span class='ocrx_word' id='word_1_120' title='bbox 885 517 1047 573; x_wconf 88' lang='lat' dir='ltr'><strong>animama</strong></span> <span class='ocrx_word' id='word_1_121' title='bbox 1071 531 1128 589; x_wconf 88' lang='lat' dir='ltr'><strong>noy</strong></span> <span class='ocrx_word' id='word_1_122' title='bbox 1144 515 1203 590; x_wconf 83' lang='grc' dir='ltr'><strong>[νῷ]</strong></span> <span class='ocrx_word' id='word_1_123' title='bbox 1221 526 1346 574; x_wconf 87' lang='lat' dir='ltr'><strong>creatam</strong></span> <span class='ocrx_word' id='word_1_124' title='bbox 1368 519 1448 587; x_wconf 91' lang='lat' dir='ltr'><strong>dicit,</strong></span> <span class='ocrx_word' id='word_1_125' title='bbox 1473 519 1526 576; x_wconf 91' lang='lat' dir='ltr'><strong>boc</strong></span> <span class='ocrx_word' id='word_1_126' title='bbox 1545 528 1587 576; x_wconf 89' lang='grc' dir='ltr'><strong>εει</strong></span> <span class='ocrx_word' id='word_1_127' title='bbox 1613 535 1650 578; x_wconf 79' lang='lat' dir='ltr'><strong>ex</strong></span> <span class='ocrx_word' id='word_1_128' title='bbox 1671 523 1732 595; x_wconf 91' lang='lat' dir='ltr'><strong>ipso</strong></span> 
     </span>
     <span class='ocr_line' id='line_1_19' title="bbox 884 601 1732 679; baseline 0.009 -18"><span class='ocrx_word' id='word_1_129' title='bbox 884 619 953 662; x_wconf 90' lang='lat' dir='ltr'><strong>csse.</strong></span> <span class='ocrx_word' id='word_1_130' title='bbox 972 606 1003 662; x_wconf 91' lang='lat' dir='ltr'><strong>ln</strong></span> <span class='ocrx_word' id='word_1_131' title='bbox 1021 606 1126 662; x_wconf 87' lang='lat' dir='ltr'><strong>eadem</strong></span> <span class='ocrx_word' id='word_1_132' title='bbox 1142 601 1260 677; x_wconf 68' lang='lat' dir='ltr'><strong>quoquo</strong></span> <span class='ocrx_word' id='word_1_133' title='bbox 1276 607 1486 679; x_wconf 86' lang='lat' dir='ltr'><strong>significatione</strong></span> <span class='ocrx_word' id='word_1_134' title='bbox 1502 611 1581 666; x_wconf 93' lang='lat' dir='ltr'><strong>nasci</strong></span> <span class='ocrx_word' id='word_1_135' title='bbox 1601 611 1654 667; x_wconf 85' lang='lat' dir='ltr'><strong>troc</strong></span> <span class='ocrx_word' id='word_1_136' title='bbox 1669 611 1732 670; x_wconf 93' lang='lat' dir='ltr'><strong>loco</strong></span> 
     </span>
     <span class='ocr_line' id='line_1_20' title="bbox 884 693 1733 767; baseline 0.006 -18"><span class='ocrx_word' id='word_1_137' title='bbox 884 693 1017 751; x_wconf 91' lang='lat' dir='ltr'><strong>abutitur</strong></span> <span class='ocrx_word' id='word_1_138' title='bbox 1039 694 1106 767; x_wconf 82' lang='grc'>(73).</span> <span class='ocrx_word' id='word_1_139' title='bbox 1137 694 1255 751; x_wconf 88' lang='lat' dir='ltr'><strong>Hermes</strong></span> <span class='ocrx_word' id='word_1_140' title='bbox 1281 709 1349 752; x_wconf 88' lang='lat' dir='ltr'><strong>vero</strong></span> <span class='ocrx_word' id='word_1_141' title='bbox 1379 696 1515 766; x_wconf 86' lang='lat' dir='ltr'><strong>superius</strong></span> <span class='ocrx_word' id='word_1_142' title='bbox 1533 710 1600 754; x_wconf 90' lang='lat' dir='ltr'><strong>eum</strong></span> <span class='ocrx_word' id='word_1_143' title='bbox 1626 699 1733 756; x_wconf 84' lang='lat' dir='ltr'><strong>dixerit</strong></span> 
     </span>
     <span class='ocr_line' id='line_1_21' title="bbox 884 783 1731 860; baseline 0.005 -21"><span class='ocrx_word' id='word_1_144' title='bbox 884 783 961 853; x_wconf 84' lang='lat' dir='ltr'><strong>quod</strong></span> <span class='ocrx_word' id='word_1_145' title='bbox 977 783 1052 839; x_wconf 81' lang='lat' dir='ltr'><strong>Deus</strong></span> <span class='ocrx_word' id='word_1_146' title='bbox 1080 784 1239 840; x_wconf 89' lang='lat' dir='ltr'><strong>secundum</strong></span> <span class='ocrx_word' id='word_1_147' title='bbox 1261 784 1325 841; x_wconf 88' lang='lat' dir='ltr'><strong>lecit</strong></span> <span class='ocrx_word' id='word_1_148' title='bbox 1355 785 1520 853; x_wconf 85' lang='lat' dir='ltr'><strong>Donrinum,</strong></span> <span class='ocrx_word' id='word_1_149' title='bbox 1542 786 1650 842; x_wconf 84' lang='lat' dir='ltr'><strong>Filium</strong></span> <span class='ocrx_word' id='word_1_150' title='bbox 1674 787 1731 860; x_wconf 77' lang='lat'>(74)</span> 
     </span>
     <span class='ocr_line' id='line_1_22' title="bbox 884 870 1734 947; baseline 0.005 -20"><span class='ocrx_word' id='word_1_151' title='bbox 884 870 979 942; x_wconf 91' lang='lat' dir='ltr'><strong>ipsum</strong></span> <span class='ocrx_word' id='word_1_152' title='bbox 1001 885 1037 928; x_wconf 83' lang='lat' dir='ltr'><strong>ex</strong></span> <span class='ocrx_word' id='word_1_153' title='bbox 1053 873 1109 928; x_wconf 83' lang='lat' dir='ltr'><strong>lieo</strong></span> <span class='ocrx_word' id='word_1_154' title='bbox 1126 874 1210 928; x_wconf 85' lang='lat' dir='ltr'><strong>Patre</strong></span> <span class='ocrx_word' id='word_1_155' title='bbox 1232 871 1296 943; x_wconf 78' lang='lat' dir='ltr'><strong>eius</strong></span> <span class='ocrx_word' id='word_1_156' title='bbox 1312 872 1444 929; x_wconf 89' lang='lat' dir='ltr'><strong>ostendit.</strong></span> <span class='ocrx_word' id='word_1_157' title='bbox 1472 873 1590 931; x_wconf 81' lang='lat' dir='ltr'><strong>Fontem</strong></span> <span class='ocrx_word' id='word_1_158' title='bbox 1612 874 1734 947; x_wconf 89' lang='lat' dir='ltr'><strong>Sapien-</strong></span> 
     </span>
     <span class='ocr_line' id='line_1_23' title="bbox 882 958 1734 1034; baseline 0.008 -20"><span class='ocrx_word' id='word_1_159' title='bbox 882 960 930 1016; x_wconf 81' lang='lat' dir='ltr'><strong>tia</strong></span> <span class='ocrx_word' id='word_1_160' title='bbox 945 961 1132 1029; x_wconf 90' lang='lat' dir='ltr'><strong>purissimam</strong></span> <span class='ocrx_word' id='word_1_161' title='bbox 1149 960 1241 1031; x_wconf 90' lang='lat' dir='ltr'><strong>ipsam</strong></span> <span class='ocrx_word' id='word_1_162' title='bbox 1264 976 1341 1032; x_wconf 85' lang='lat' dir='ltr'><strong>noyn</strong></span> <span class='ocrx_word' id='word_1_163' title='bbox 1360 958 1440 1034; x_wconf 78' lang='grc' dir='ltr'><strong>[νοῦν]</strong></span> <span class='ocrx_word' id='word_1_164' title='bbox 1464 962 1597 1032; x_wconf 89' lang='lat' dir='ltr'><strong>appellat,</strong></span> <span class='ocrx_word' id='word_1_165' title='bbox 1615 964 1669 1021; x_wconf 92' lang='lat' dir='ltr'><strong>boc</strong></span> <span class='ocrx_word' id='word_1_166' title='bbox 1691 971 1734 1021; x_wconf 87' lang='grc' dir='ltr'><strong>εει</strong></span> 
     </span>
     <span class='ocr_line' id='line_1_24' title="bbox 883 1049 1732 1124; baseline 0.006 -20"><span class='ocrx_word' id='word_1_167' title='bbox 883 1049 1053 1118; x_wconf 79' lang='lat' dir='ltr'><strong>sapientiam</strong></span> <span class='ocrx_word' id='word_1_168' title='bbox 1084 1049 1187 1114; x_wconf 89' lang='lat' dir='ltr'><strong>Patris,</strong></span> <span class='ocrx_word' id='word_1_169' title='bbox 1231 1063 1322 1120; x_wconf 86' lang='lat' dir='ltr'><strong>quam</strong></span> <span class='ocrx_word' id='word_1_170' title='bbox 1361 1050 1434 1107; x_wconf 86' lang='lat' dir='ltr'><strong>nihil</strong></span> <span class='ocrx_word' id='word_1_171' title='bbox 1467 1059 1732 1124; x_wconf 83' lang='lat' dir='ltr'><strong>quantumcunque</strong></span> 
     </span>
     <span class='ocr_line' id='line_1_25' title="bbox 882 1135 1306 1209; baseline 0.002 -16"><span class='ocrx_word' id='word_1_172' title='bbox 882 1137 1039 1194; x_wconf 90' lang='lat' dir='ltr'><strong>obscurum</strong></span> <span class='ocrx_word' id='word_1_173' title='bbox 1050 1137 1085 1193; x_wconf 93' lang='lat' dir='ltr'><strong>sit</strong></span> <span class='ocrx_word' id='word_1_174' title='bbox 1100 1135 1188 1194; x_wconf 90' lang='lat' dir='ltr'><strong>latere</strong></span> <span class='ocrx_word' id='word_1_175' title='bbox 1205 1145 1306 1209; x_wconf 90' lang='lat' dir='ltr'><strong>potest.</strong></span> 
     </span>
    </p>

    <p class='ocr_par' dir='ltr' id='par_1_6' title="bbox 881 1225 1732 1564">
     <span class='ocr_line' id='line_1_26' title="bbox 919 1225 1732 1296; baseline 0.006 -15"><span class='ocrx_word' id='word_1_176' title='bbox 919 1225 1054 1296; x_wconf 85' lang='lat' dir='ltr'><strong>uaeopia</strong></span> <span class='ocrx_word' id='word_1_177' title='bbox 1077 1225 1167 1295; x_wconf 82' lang='lat' dir='ltr'><strong>buius</strong></span> <span class='ocrx_word' id='word_1_178' title='bbox 1195 1225 1280 1283; x_wconf 86' lang='lat' dir='ltr'><strong>tontis</strong></span> <span class='ocrx_word' id='word_1_179' title='bbox 1304 1227 1366 1296; x_wconf 90' lang='lat' dir='ltr'><strong>ipsa</strong></span> <span class='ocrx_word' id='word_1_180' title='bbox 1389 1227 1438 1284; x_wconf 86' lang='lat' dir='ltr'><strong>liei</strong></span> <span class='ocrx_word' id='word_1_181' title='bbox 1458 1227 1573 1285; x_wconf 88' lang='lat' dir='ltr'><strong>bonitas</strong></span> <span class='ocrx_word' id='word_1_182' title='bbox 1588 1229 1732 1286; x_wconf 87' lang='lat' dir='ltr'><strong>animavit</strong></span> 
     </span>
     <span class='ocr_line' id='line_1_27' title="bbox 881 1313 1732 1387; baseline 0.006 -18"><span class='ocrx_word' id='word_1_183' title='bbox 881 1313 1009 1384; x_wconf 91' lang='lat' dir='ltr'><strong>primum</strong></span> <span class='ocrx_word' id='word_1_184' title='bbox 1022 1327 1143 1385; x_wconf 89' lang='lat' dir='ltr'><strong>corpora</strong></span> <span class='ocrx_word' id='word_1_185' title='bbox 1162 1314 1224 1371; x_wconf 90' lang='lat' dir='ltr'><strong>coeli</strong></span> <span class='ocrx_word' id='word_1_186' title='bbox 1241 1328 1274 1370; x_wconf 87' lang='lat' dir='ltr'><strong>ac</strong></span> <span class='ocrx_word' id='word_1_187' title='bbox 1293 1315 1430 1382; x_wconf 89' lang='lat' dir='ltr'><strong>siderum,</strong></span> <span class='ocrx_word' id='word_1_188' title='bbox 1445 1316 1499 1373; x_wconf 92' lang='lat' dir='ltr'><strong>boc</strong></span> <span class='ocrx_word' id='word_1_189' title='bbox 1522 1323 1565 1374; x_wconf 92' lang='grc' dir='ltr'><strong>εει</strong></span> <span class='ocrx_word' id='word_1_190' title='bbox 1581 1316 1658 1387; x_wconf 86' lang='lat' dir='ltr'><strong>ipsos</strong></span> <span class='ocrx_word' id='word_1_191' title='bbox 1682 1331 1732 1374; x_wconf 84' lang='lat' dir='ltr'><strong>au·</strong></span> 
     </span>
     <span class='ocr_line' id='line_1_28' title="bbox 883 1400 1730 1474; baseline 0.006 -17"><span class='ocrx_word' id='word_1_192' title='bbox 883 1400 960 1474; x_wconf 85' lang='lat' dir='ltr'><strong>gelos</strong></span> <span class='ocrx_word' id='word_1_193' title='bbox 972 1401 1019 1458; x_wconf 81' lang='lat' dir='ltr'><strong>vel</strong></span> <span class='ocrx_word' id='word_1_194' title='bbox 1034 1402 1159 1458; x_wconf 87' lang='lat' dir='ltr'><strong>coelesles</strong></span> <span class='ocrx_word' id='word_1_195' title='bbox 1182 1403 1312 1473; x_wconf 90' lang='lat' dir='ltr'><strong>spiritus,</strong></span> <span class='ocrx_word' id='word_1_196' title='bbox 1329 1405 1381 1474; x_wconf 88' lang='lat' dir='ltr'><strong>qui</strong></span> <span class='ocrx_word' id='word_1_197' title='bbox 1400 1411 1467 1460; x_wconf 89' lang='lat' dir='ltr'><strong>aute</strong></span> <span class='ocrx_word' id='word_1_198' title='bbox 1489 1404 1636 1461; x_wconf 91' lang='lat' dir='ltr'><strong>bominem</strong></span> <span class='ocrx_word' id='word_1_199' title='bbox 1664 1419 1730 1463; x_wconf 91' lang='lat' dir='ltr'><strong>oon·</strong></span> 
     </span>
     <span class='ocr_line' id='line_1_29' title="bbox 882 1489 1732 1564; baseline 0.005 -19"><span class='ocrx_word' id='word_1_200' title='bbox 882 1489 935 1546; x_wconf 89' lang='lat' dir='ltr'><strong>diti</strong></span> <span class='ocrx_word' id='word_1_201' title='bbox 949 1496 1027 1558; x_wconf 89' lang='lat' dir='ltr'><strong>sunt,</strong></span> <span class='ocrx_word' id='word_1_202' title='bbox 1058 1491 1218 1548; x_wconf 90' lang='lat' dir='ltr'><strong>secundum</strong></span> <span class='ocrx_word' id='word_1_203' title='bbox 1237 1491 1315 1562; x_wconf 87' lang='lat' dir='ltr'><strong>qttod</strong></span> <span class='ocrx_word' id='word_1_204' title='bbox 1340 1492 1480 1563; x_wconf 91' lang='lat' dir='ltr'><strong>scriplum</strong></span> <span class='ocrx_word' id='word_1_205' title='bbox 1504 1501 1568 1550; x_wconf 92' lang='lat' dir='ltr'><strong>est:</strong></span> <span class='ocrx_word' id='word_1_206' title='bbox 1588 1496 1628 1549; x_wconf 83' lang='lat' dir='ltr'><strong>Dc</strong></span> <span class='ocrx_word' id='word_1_207' title='bbox 1641 1495 1732 1564; x_wconf 82' lang='lat' dir='ltr'><strong>pleni·</strong></span> 
     </span>
    </p>
   </div>
   <div class='ocr_carea' id='block_1_6' title="bbox 78 1579 1789 4667">
    <p class='ocr_par' dir='ltr' id='par_1_7' title="bbox 78 1579 1789 4667">
     <span class='ocr_line' id='line_1_30' title="bbox 79 1579 1789 1654; baseline 0.002 -18"><span class='ocrx_word' id='word_1_208' title='bbox 79 1592 133 1636; x_wconf 77' lang='lat' dir='ltr'><strong>are</strong></span> <span class='ocrx_word' id='word_1_209' title='bbox 161 1579 191 1634; x_wconf 90' lang='lat' dir='ltr'><strong>iu</strong></span> <span class='ocrx_word' id='word_1_210' title='bbox 221 1579 397 1636; x_wconf 89' lang='lat' dir='ltr'><strong>animalibus</strong></span> <span class='ocrx_word' id='word_1_211' title='bbox 424 1581 553 1651; x_wconf 91' lang='lat' dir='ltr'><strong>corporis</strong></span> <span class='ocrx_word' id='word_1_212' title='bbox 584 1579 734 1650; x_wconf 89' lang='lat' dir='ltr'><strong>densitate,</strong></span> <span class='ocrx_word' id='word_1_213' title='bbox 776 1579 824 1635; x_wconf 92' lang='lat' dir='ltr'><strong>ad·</strong></span> <span class='ocrx_word' id='word_1_214' title='bbox 882 1579 1252 1650; x_wconf 79' lang='lat' dir='ltr'><strong>tudineomnesaccepiinus</strong></span> <span class='ocrx_word' id='word_1_215' title='bbox 1279 1580 1731 1654; x_wconf 76' lang='lat' dir='ltr'><strong>(Jaan.1,16).coeliaeside·</strong></span> <span class='ocrx_word' id='word_1_216' title='bbox 1787 1620 1789 1625; x_wconf 89' lang='lat'><em>-</em></span> 
     </span>
     <span class='ocr_line' id='line_1_31' title="bbox 88 1666 1729 1741; baseline 0.004 -19"><span class='ocrx_word' id='word_1_217' title='bbox 88 1666 225 1735; x_wconf 59' lang='lat' dir='ltr'><strong>mantum</strong></span> <span class='ocrx_word' id='word_1_218' title='bbox 239 1670 388 1724; x_wconf 87' lang='lat' dir='ltr'><strong>nonnocia</strong></span> <span class='ocrx_word' id='word_1_219' title='bbox 402 1684 513 1739; x_wconf 79' lang='lat' dir='ltr'><strong>corpora</strong></span> <span class='ocrx_word' id='word_1_220' title='bbox 534 1668 655 1725; x_wconf 85' lang='lat' dir='ltr'><strong>tardant.</strong></span> <span class='ocrx_word' id='word_1_221' title='bbox 676 1690 686 1718; x_wconf 82' lang='grc' dir='ltr'><strong>ν</strong></span> <span class='ocrx_word' id='word_1_222' title='bbox 843 1682 864 1737; x_wconf 88' lang='lat' dir='ltr'>B</span> <span class='ocrx_word' id='word_1_223' title='bbox 881 1680 947 1724; x_wconf 89' lang='lat' dir='ltr'><strong>rum</strong></span> <span class='ocrx_word' id='word_1_224' title='bbox 963 1667 1131 1725; x_wconf 89' lang='lat' dir='ltr'><strong>dictumest</strong></span> <span class='ocrx_word' id='word_1_225' title='bbox 1152 1669 1311 1725; x_wconf 89' lang='lat' dir='ltr'><strong>secundum</strong></span> <span class='ocrx_word' id='word_1_226' title='bbox 1326 1669 1503 1741; x_wconf 80' lang='lat' dir='ltr'><strong>dignitatum</strong></span> <span class='ocrx_word' id='word_1_227' title='bbox 1526 1669 1729 1740; x_wconf 78' lang='lat' dir='ltr'><strong>differentiam,</strong></span> 
     </span>
     <span class='ocr_line' id='line_1_32' title="bbox 79 1755 1727 1833; baseline 0.005 -26"><span class='ocrx_word' id='word_1_228' title='bbox 79 1756 212 1828; x_wconf 79' lang='lat' dir='ltr'><strong>:quidem</strong></span> <span class='ocrx_word' id='word_1_229' title='bbox 236 1758 335 1814; x_wconf 92' lang='lat' dir='ltr'><strong>omnia</strong></span> <span class='ocrx_word' id='word_1_230' title='bbox 358 1765 418 1813; x_wconf 92' lang='lat' dir='ltr'><strong>tam</strong></span> <span class='ocrx_word' id='word_1_231' title='bbox 441 1756 555 1833; x_wconf 88' lang='lat' dir='ltr'><strong>Virgilii</strong></span> <span class='ocrx_word' id='word_1_232' title='bbox 575 1771 664 1829; x_wconf 90' lang='lat' dir='ltr'><strong>quam</strong></span> <span class='ocrx_word' id='word_1_233' title='bbox 688 1756 825 1814; x_wconf 90' lang='lat' dir='ltr'><strong>ltaerobii</strong></span> <span class='ocrx_word' id='word_1_234' title='bbox 882 1770 949 1814; x_wconf 91' lang='lat' dir='ltr'><strong>cum</strong></span> <span class='ocrx_word' id='word_1_235' title='bbox 968 1755 1174 1826; x_wconf 86' lang='lat' dir='ltr'><strong>eliosspiritus</strong></span> <span class='ocrx_word' id='word_1_236' title='bbox 1189 1757 1254 1814; x_wconf 91' lang='lat' dir='ltr'><strong>aliis</strong></span> <span class='ocrx_word' id='word_1_237' title='bbox 1278 1758 1411 1828; x_wconf 83' lang='lat' dir='ltr'><strong>praelatos</strong></span> <span class='ocrx_word' id='word_1_238' title='bbox 1430 1767 1458 1814; x_wconf 89' lang='lat' dir='ltr'><strong>ct</strong></span> <span class='ocrx_word' id='word_1_239' title='bbox 1482 1757 1647 1828; x_wconf 78' lang='lat' dir='ltr'><strong>superiores</strong></span> <span class='ocrx_word' id='word_1_240' title='bbox 1668 1772 1727 1816; x_wconf 89' lang='lat' dir='ltr'><strong>cre·</strong></span> 
     </span>
     <span class='ocr_line' id='line_1_33' title="bbox 83 1844 1730 1917; baseline 0.002 -16"><span class='ocrx_word' id='word_1_241' title='bbox 83 1844 166 1902; x_wconf 88' lang='lat' dir='ltr'><strong>tacite</strong></span> <span class='ocrx_word' id='word_1_242' title='bbox 190 1853 232 1902; x_wconf 89' lang='grc' dir='ltr'><strong>εει</strong></span> <span class='ocrx_word' id='word_1_243' title='bbox 257 1844 343 1916; x_wconf 81' lang='lat' dir='ltr'><strong>juata</strong></span> <span class='ocrx_word' id='word_1_244' title='bbox 359 1845 538 1916; x_wconf 90' lang='lat' dir='ltr'><strong>propositum</strong></span> <span class='ocrx_word' id='word_1_245' title='bbox 567 1852 699 1901; x_wconf 89' lang='lat' dir='ltr'><strong>nostrum</strong></span> <span class='ocrx_word' id='word_1_246' title='bbox 718 1844 754 1900; x_wconf 90' lang='lat' dir='ltr'><strong>ad</strong></span> <span class='ocrx_word' id='word_1_247' title='bbox 773 1859 826 1901; x_wconf 92' lang='lat' dir='ltr'><strong>no·</strong></span> <span class='ocrx_word' id='word_1_248' title='bbox 881 1844 993 1901; x_wconf 88' lang='lat' dir='ltr'><strong>damus.</strong></span> <span class='ocrx_word' id='word_1_249' title='bbox 1018 1844 1099 1901; x_wconf 89' lang='lat' dir='ltr'><strong>Unde</strong></span> <span class='ocrx_word' id='word_1_250' title='bbox 1127 1844 1245 1916; x_wconf 88' lang='lat' dir='ltr'><strong>angelos</strong></span> <span class='ocrx_word' id='word_1_251' title='bbox 1271 1853 1360 1917; x_wconf 85' lang='lat' dir='ltr'><strong>atque</strong></span> <span class='ocrx_word' id='word_1_252' title='bbox 1387 1846 1577 1917; x_wconf 82' lang='lat' dir='ltr'><strong>archangelos</strong></span> <span class='ocrx_word' id='word_1_253' title='bbox 1605 1846 1730 1904; x_wconf 92' lang='lat' dir='ltr'><strong>dicimus</strong></span> 
     </span>
     <span class='ocr_line' id='line_1_34' title="bbox 80 1932 1730 2006; baseline 0.001 -16"><span class='ocrx_word' id='word_1_254' title='bbox 80 1934 124 1991; x_wconf 89' lang='lat' dir='ltr'><strong>dei</strong></span> <span class='ocrx_word' id='word_1_255' title='bbox 150 1941 276 1990; x_wconf 91' lang='lat' dir='ltr'><strong>tenorem</strong></span> <span class='ocrx_word' id='word_1_256' title='bbox 291 1934 520 2001; x_wconf 90' lang='lat' dir='ltr'><strong>accommodare,</strong></span> <span class='ocrx_word' id='word_1_257' title='bbox 534 1947 593 1990; x_wconf 91' lang='lat' dir='ltr'><strong>noa</strong></span> <span class='ocrx_word' id='word_1_258' title='bbox 612 1933 697 1990; x_wconf 89' lang='lat' dir='ltr'><strong>aliter</strong></span> <span class='ocrx_word' id='word_1_259' title='bbox 710 1946 745 1990; x_wconf 90' lang='lat' dir='ltr'><strong>ea</strong></span> <span class='ocrx_word' id='word_1_260' title='bbox 759 1947 825 1989; x_wconf 90' lang='lat' dir='ltr'><strong>con·</strong></span> <span class='ocrx_word' id='word_1_261' title='bbox 881 1947 931 1990; x_wconf 89' lang='lat' dir='ltr'><strong>seu</strong></span> <span class='ocrx_word' id='word_1_262' title='bbox 948 1932 1168 1989; x_wconf 86' lang='lat' dir='ltr'><strong>dominationes.</strong></span> <span class='ocrx_word' id='word_1_263' title='bbox 1184 1932 1311 2003; x_wconf 86' lang='lat' dir='ltr'><strong>Corpora</strong></span> <span class='ocrx_word' id='word_1_264' title='bbox 1334 1935 1440 1991; x_wconf 91' lang='lat' dir='ltr'><strong>summi</strong></span> <span class='ocrx_word' id='word_1_265' title='bbox 1453 1933 1576 2004; x_wconf 87' lang='lat' dir='ltr'><strong>Spiritus</strong></span> <span class='ocrx_word' id='word_1_266' title='bbox 1591 1934 1647 1991; x_wconf 90' lang='lat' dir='ltr'><strong>dici</strong></span> <span class='ocrx_word' id='word_1_267' title='bbox 1664 1947 1730 2006; x_wconf 92' lang='lat' dir='ltr'><strong>pos-</strong></span> 
     </span>
     <span class='ocr_line' id='line_1_35' title="bbox 85 2020 1728 2093; baseline 0.001 -14"><span class='ocrx_word' id='word_1_268' title='bbox 85 2023 201 2093; x_wconf 84' lang='lat' dir='ltr'><strong>exponi.</strong></span> <span class='ocrx_word' id='word_1_269' title='bbox 216 2020 297 2089; x_wconf 86' lang='lat' dir='ltr'><strong>Quod</strong></span> <span class='ocrx_word' id='word_1_270' title='bbox 314 2022 413 2093; x_wconf 86' lang='lat' dir='ltr'><strong>itaque</strong></span> <span class='ocrx_word' id='word_1_271' title='bbox 436 2021 476 2078; x_wconf 89' lang='lat' dir='ltr'><strong>ait</strong></span> <span class='ocrx_word' id='word_1_272' title='bbox 491 2036 578 2078; x_wconf 91' lang='lat' dir='ltr'><strong>usum</strong></span> <span class='ocrx_word' id='word_1_273' title='bbox 598 2021 703 2077; x_wconf 79' lang='lat' dir='ltr'><strong>animae</strong></span> <span class='ocrx_word' id='word_1_274' title='bbox 725 2021 825 2078; x_wconf 86' lang='lat' dir='ltr'><strong>hebes·</strong></span> <span class='ocrx_word' id='word_1_275' title='bbox 881 2020 1049 2077; x_wconf 90' lang='lat' dir='ltr'><strong>suntetiam</strong></span> <span class='ocrx_word' id='word_1_276' title='bbox 1071 2020 1167 2091; x_wconf 91' lang='lat' dir='ltr'><strong>angeli</strong></span> <span class='ocrx_word' id='word_1_277' title='bbox 1191 2021 1228 2078; x_wconf 89' lang='lat' dir='ltr'><strong>ab</strong></span> <span class='ocrx_word' id='word_1_278' title='bbox 1242 2021 1315 2091; x_wconf 86' lang='lat' dir='ltr'><strong>ipso.</strong></span> <span class='ocrx_word' id='word_1_279' title='bbox 1343 2030 1375 2080; x_wconf 89' lang='lat' dir='ltr'><strong>ut</strong></span> <span class='ocrx_word' id='word_1_280' title='bbox 1391 2023 1500 2079; x_wconf 87' lang='lat' dir='ltr'><strong>dictum</strong></span> <span class='ocrx_word' id='word_1_281' title='bbox 1524 2031 1575 2089; x_wconf 87' lang='lat' dir='ltr'><strong>est,</strong></span> <span class='ocrx_word' id='word_1_282' title='bbox 1593 2024 1728 2093; x_wconf 90' lang='lat' dir='ltr'><strong>spiritua·</strong></span> 
     </span>
     <span class='ocr_line' id='line_1_36' title="bbox 79 2107 1729 2183; baseline 0 -15"><span class='ocrx_word' id='word_1_283' title='bbox 79 2127 87 2168; x_wconf 92' lang='grc' dir='ltr'>ι</span> <span class='ocrx_word' id='word_1_284' title='bbox 103 2111 282 2169; x_wconf 88' lang='lat' dir='ltr'><strong>animalibus</strong></span> <span class='ocrx_word' id='word_1_285' title='bbox 295 2110 445 2181; x_wconf 86' lang='lat' dir='ltr'><strong>corporis:</strong></span> <span class='ocrx_word' id='word_1_286' title='bbox 461 2111 612 2178; x_wconf 89' lang='lat' dir='ltr'><strong>densitate,</strong></span> <span class='ocrx_word' id='word_1_287' title='bbox 629 2110 685 2167; x_wconf 88' lang='lat' dir='ltr'><strong>talo</strong></span> <span class='ocrx_word' id='word_1_288' title='bbox 699 2116 742 2166; x_wconf 91' lang='grc' dir='ltr'><strong>εει</strong></span> <span class='ocrx_word' id='word_1_289' title='bbox 761 2109 825 2180; x_wconf 89' lang='lat' dir='ltr'><strong>Spi·</strong></span> <span class='ocrx_word' id='word_1_290' title='bbox 881 2107 947 2165; x_wconf 88' lang='lat' dir='ltr'><strong>liter</strong></span> <span class='ocrx_word' id='word_1_291' title='bbox 960 2107 1110 2165; x_wconf 82' lang='lat' dir='ltr'><strong>vivificati.</strong></span> <span class='ocrx_word' id='word_1_292' title='bbox 1139 2109 1187 2167; x_wconf 83' lang='lat' dir='ltr'><strong>Vel</strong></span> <span class='ocrx_word' id='word_1_293' title='bbox 1214 2111 1301 2166; x_wconf 91' lang='lat' dir='ltr'><strong>etiam</strong></span> <span class='ocrx_word' id='word_1_294' title='bbox 1323 2125 1443 2183; x_wconf 88' lang='lat' dir='ltr'><strong>corpora</strong></span> <span class='ocrx_word' id='word_1_295' title='bbox 1471 2111 1539 2168; x_wconf 90' lang='lat' dir='ltr'><strong>dicit</strong></span> <span class='ocrx_word' id='word_1_296' title='bbox 1567 2112 1729 2169; x_wconf 90' lang='lat' dir='ltr'><strong>secuudum</strong></span> 
     </span>
     <span class='ocr_line' id='line_1_37' title="bbox 79 2197 1727 2273; baseline -0.001 -17"><span class='ocrx_word' id='word_1_297' title='bbox 79 2201 161 2256; x_wconf 78' lang='lat' dir='ltr'><strong>tancti</strong></span> <span class='ocrx_word' id='word_1_298' title='bbox 176 2200 298 2271; x_wconf 89' lang='lat' dir='ltr'><strong>gratiam</strong></span> <span class='ocrx_word' id='word_1_299' title='bbox 309 2213 430 2257; x_wconf 89' lang='lat' dir='ltr'><strong>suorum</strong></span> <span class='ocrx_word' id='word_1_300' title='bbox 445 2198 652 2256; x_wconf 91' lang='lat' dir='ltr'><strong>benellciorum</strong></span> <span class='ocrx_word' id='word_1_301' title='bbox 668 2198 825 2255; x_wconf 88' lang='lat' dir='ltr'><strong>elticaciam</strong></span> <span class='ocrx_word' id='word_1_302' title='bbox 880 2197 934 2254; x_wconf 90' lang='lat' dir='ltr'><strong>boc</strong></span> <span class='ocrx_word' id='word_1_303' title='bbox 949 2197 1027 2270; x_wconf 87' lang='lat' dir='ltr'><strong>quod</strong></span> <span class='ocrx_word' id='word_1_304' title='bbox 1047 2211 1159 2255; x_wconf 90' lang='lat' dir='ltr'><strong>omnem</strong></span> <span class='ocrx_word' id='word_1_305' title='bbox 1176 2206 1339 2257; x_wconf 67' lang='lat' dir='ltr'><strong>creaturam</strong></span> <span class='ocrx_word' id='word_1_306' title='bbox 1363 2200 1547 2273; x_wconf 78' lang='lat' dir='ltr'><strong>Augustinus</strong></span> <span class='ocrx_word' id='word_1_307' title='bbox 1561 2214 1727 2273; x_wconf 83' lang='lat' dir='ltr'><strong>corpoream</strong></span> 
     </span>
     <span class='ocr_line' id='line_1_38' title="bbox 98 2286 1728 2359; baseline -0.001 -14"><span class='ocrx_word' id='word_1_308' title='bbox 98 2288 249 2345; x_wconf 91' lang='lat' dir='ltr'><strong>baberein</strong></span> <span class='ocrx_word' id='word_1_309' title='bbox 273 2289 440 2346; x_wconf 89' lang='lat' dir='ltr'><strong>carnalibus</strong></span> <span class='ocrx_word' id='word_1_310' title='bbox 461 2295 488 2345; x_wconf 90' lang='lat' dir='ltr'><strong>et</strong></span> <span class='ocrx_word' id='word_1_311' title='bbox 507 2286 676 2345; x_wconf 88' lang='lat' dir='ltr'><strong>bestialibus</strong></span> <span class='ocrx_word' id='word_1_312' title='bbox 697 2287 824 2343; x_wconf 90' lang='lat' dir='ltr'><strong>homini·</strong></span> <span class='ocrx_word' id='word_1_313' title='bbox 879 2287 957 2357; x_wconf 90' lang='lat' dir='ltr'><strong>dicit,</strong></span> <span class='ocrx_word' id='word_1_314' title='bbox 987 2287 1040 2344; x_wconf 92' lang='lat' dir='ltr'><strong>boe</strong></span> <span class='ocrx_word' id='word_1_315' title='bbox 1065 2295 1107 2344; x_wconf 91' lang='grc' dir='ltr'><strong>εει</strong></span> <span class='ocrx_word' id='word_1_316' title='bbox 1135 2288 1395 2359; x_wconf 79' lang='lat' dir='ltr'><strong>circumscriptam.</strong></span> <span class='ocrx_word' id='word_1_317' title='bbox 1427 2288 1473 2345; x_wconf 92' lang='lat' dir='ltr'><strong>Sic</strong></span> <span class='ocrx_word' id='word_1_318' title='bbox 1498 2289 1575 2346; x_wconf 86' lang='lat' dir='ltr'><strong>enim</strong></span> <span class='ocrx_word' id='word_1_319' title='bbox 1607 2289 1675 2345; x_wconf 91' lang='lat' dir='ltr'><strong>dicit</strong></span> <span class='ocrx_word' id='word_1_320' title='bbox 1699 2289 1728 2344; x_wconf 92' lang='lat' dir='ltr'><strong>in</strong></span> 
     </span>
     <span class='ocr_line' id='line_1_39' title="bbox 79 2375 1730 2449; baseline 0 -18"><span class='ocrx_word' id='word_1_321' title='bbox 79 2376 116 2447; x_wconf 48' lang='lat' dir='ltr'><strong>¹ui</strong></span> <span class='ocrx_word' id='word_1_322' title='bbox 140 2375 234 2447; x_wconf 91' lang='lat' dir='ltr'><strong>magis</strong></span> <span class='ocrx_word' id='word_1_323' title='bbox 263 2376 393 2432; x_wconf 89' lang='lat' dir='ltr'><strong>sensibus</strong></span> <span class='ocrx_word' id='word_1_324' title='bbox 424 2389 513 2446; x_wconf 86' lang='lat' dir='ltr'><strong>quam</strong></span> <span class='ocrx_word' id='word_1_325' title='bbox 539 2376 650 2431; x_wconf 89' lang='lat' dir='ltr'><strong>ratione</strong></span> <span class='ocrx_word' id='word_1_326' title='bbox 669 2382 823 2446; x_wconf 88' lang='lat' dir='ltr'><strong>reguntur,</strong></span> <span class='ocrx_word' id='word_1_327' title='bbox 879 2377 952 2434; x_wconf 92' lang='lat' dir='ltr'><strong>libro</strong></span> <span class='ocrx_word' id='word_1_328' title='bbox 972 2378 1010 2433; x_wconf 85' lang='lat' dir='ltr'><strong>lle</strong></span> <span class='ocrx_word' id='word_1_329' title='bbox 1037 2378 1269 2434; x_wconf 82' lang='lat' dir='ltr'><strong>orthodoxaltdc</strong></span> <span class='ocrx_word' id='word_1_330' title='bbox 1294 2391 1357 2449; x_wconf 91' lang='lat' dir='ltr'><strong>cap.</strong></span> <span class='ocrx_word' id='word_1_331' title='bbox 1391 2377 1422 2432; x_wconf 88' lang='lat' dir='ltr'><strong>lo</strong></span> <span class='ocrx_word' id='word_1_332' title='bbox 1448 2376 1519 2449; x_wconf 69' lang='lat' dir='ltr'><strong>(iila</strong></span> <span class='ocrx_word' id='word_1_333' title='bbox 1545 2397 1560 2426; x_wconf 78' lang='lat' dir='ltr'><strong>a</strong></span> <span class='ocrx_word' id='word_1_334' title='bbox 1581 2375 1660 2434; x_wconf 88' lang='lat' dir='ltr'><strong>Nihil</strong></span> <span class='ocrx_word' id='word_1_335' title='bbox 1687 2375 1730 2431; x_wconf 92' lang='lat' dir='ltr'><strong>in-</strong></span> 
     </span>
     <span class='ocr_line' id='line_1_40' title="bbox 81 2461 1728 2537; baseline -0.001 -17"><span class='ocrx_word' id='word_1_336' title='bbox 81 2463 266 2522; x_wconf 90' lang='lat' dir='ltr'><strong>ibussoilicet</strong></span> <span class='ocrx_word' id='word_1_337' title='bbox 281 2463 368 2521; x_wconf 91' lang='lat' dir='ltr'><strong>dediti</strong></span> <span class='ocrx_word' id='word_1_338' title='bbox 381 2462 589 2535; x_wconf 86' lang='lat' dir='ltr'><strong>voluptatibus,</strong></span> <span class='ocrx_word' id='word_1_339' title='bbox 607 2470 639 2521; x_wconf 91' lang='lat' dir='ltr'><strong>nt</strong></span> <span class='ocrx_word' id='word_1_340' title='bbox 654 2461 824 2534; x_wconf 91' lang='lat' dir='ltr'><strong>ipsamden·</strong></span> <span class='ocrx_word' id='word_1_341' title='bbox 879 2479 1049 2537; x_wconf 90' lang='lat' dir='ltr'><strong>corporeum</strong></span> <span class='ocrx_word' id='word_1_342' title='bbox 1064 2473 1091 2522; x_wconf 89' lang='lat' dir='ltr'><strong>et</strong></span> <span class='ocrx_word' id='word_1_343' title='bbox 1118 2465 1263 2523; x_wconf 91' lang='lat' dir='ltr'><strong>invisibile</strong></span> <span class='ocrx_word' id='word_1_344' title='bbox 1289 2466 1318 2522; x_wconf 93' lang='lat' dir='ltr'><strong>in</strong></span> <span class='ocrx_word' id='word_1_345' title='bbox 1344 2473 1451 2523; x_wconf 88' lang='lat' dir='ltr'><strong>natura</strong></span> <span class='ocrx_word' id='word_1_346' title='bbox 1471 2464 1648 2522; x_wconf 90' lang='lat' dir='ltr'><strong>credendum</strong></span> <span class='ocrx_word' id='word_1_347' title='bbox 1674 2471 1728 2532; x_wconf 89' lang='lat' dir='ltr'><strong>est,</strong></span> 
     </span>
     <span class='ocr_line' id='line_1_41' title="bbox 79 2551 1728 2626; baseline 0.001 -18"><span class='ocrx_word' id='word_1_348' title='bbox 79 2567 89 2608; x_wconf 87' lang='lat' dir='ltr'><strong>r</strong></span> <span class='ocrx_word' id='word_1_349' title='bbox 108 2552 238 2624; x_wconf 87' lang='lat' dir='ltr'><strong>corporis</strong></span> <span class='ocrx_word' id='word_1_350' title='bbox 265 2552 429 2609; x_wconf 88' lang='lat' dir='ltr'><strong>carnalium</strong></span> <span class='ocrx_word' id='word_1_351' title='bbox 457 2551 659 2609; x_wconf 88' lang='lat' dir='ltr'><strong>illecebrarum</strong></span> <span class='ocrx_word' id='word_1_352' title='bbox 674 2552 822 2624; x_wconf 90' lang='lat' dir='ltr'><strong>maguitu·</strong></span> <span class='ocrx_word' id='word_1_353' title='bbox 879 2554 935 2610; x_wconf 91' lang='lat' dir='ltr'><strong>nisi</strong></span> <span class='ocrx_word' id='word_1_354' title='bbox 952 2554 1045 2611; x_wconf 89' lang='lat' dir='ltr'><strong>solum</strong></span> <span class='ocrx_word' id='word_1_355' title='bbox 1071 2554 1172 2623; x_wconf 85' lang='lat' dir='ltr'><strong>Deum,</strong></span> <span class='ocrx_word' id='word_1_356' title='bbox 1189 2555 1241 2626; x_wconf 80' lang='lat' dir='ltr'><strong>qui</strong></span> <span class='ocrx_word' id='word_1_357' title='bbox 1259 2569 1295 2612; x_wconf 84' lang='lat' dir='ltr'><strong>ex</strong></span> <span class='ocrx_word' id='word_1_358' title='bbox 1323 2567 1355 2610; x_wconf 91' lang='lat' dir='ltr'><strong>eo</strong></span> <span class='ocrx_word' id='word_1_359' title='bbox 1385 2554 1572 2625; x_wconf 90' lang='lat' dir='ltr'><strong>incorporeus</strong></span> <span class='ocrx_word' id='word_1_360' title='bbox 1587 2552 1728 2619; x_wconf 89' lang='lat' dir='ltr'><strong>creditur,</strong></span> 
     </span>
     <span class='ocr_line' id='line_1_42' title="bbox 99 2640 1729 2714; baseline -0.001 -16"><span class='ocrx_word' id='word_1_361' title='bbox 99 2641 305 2714; x_wconf 78' lang='lat' dir='ltr'><strong>intelligamus.</strong></span> <span class='ocrx_word' id='word_1_362' title='bbox 325 2642 378 2707; x_wconf 87' lang='lat' dir='ltr'><strong>Qui</strong></span> <span class='ocrx_word' id='word_1_363' title='bbox 394 2643 482 2699; x_wconf 92' lang='lat' dir='ltr'><strong>etiam</strong></span> <span class='ocrx_word' id='word_1_364' title='bbox 508 2641 559 2698; x_wconf 92' lang='lat' dir='ltr'><strong>ubi</strong></span> <span class='ocrx_word' id='word_1_365' title='bbox 584 2642 625 2697; x_wconf 92' lang='lat' dir='ltr'><strong>ait</strong></span> <span class='ocrx_word' id='word_1_366' title='bbox 651 2642 743 2711; x_wconf 91' lang='lat' dir='ltr'><strong>ipsam</strong></span> <span class='ocrx_word' id='word_1_367' title='bbox 760 2641 822 2697; x_wconf 91' lang='lat' dir='ltr'><strong>ani·</strong></span> <span class='ocrx_word' id='word_1_368' title='bbox 879 2642 951 2714; x_wconf 86' lang='lat' dir='ltr'><strong>quia</strong></span> <span class='ocrx_word' id='word_1_369' title='bbox 965 2641 1076 2713; x_wconf 82' lang='lat' dir='ltr'><strong>ubique</strong></span> <span class='ocrx_word' id='word_1_370' title='bbox 1095 2649 1147 2708; x_wconf 89' lang='grc' dir='ltr'>εει,</span> <span class='ocrx_word' id='word_1_371' title='bbox 1163 2650 1190 2698; x_wconf 88' lang='grc' dir='ltr'><strong>ει</strong></span> <span class='ocrx_word' id='word_1_372' title='bbox 1208 2643 1307 2699; x_wconf 90' lang='lat' dir='ltr'><strong>omnia</strong></span> <span class='ocrx_word' id='word_1_373' title='bbox 1322 2642 1432 2713; x_wconf 90' lang='lat' dir='ltr'><strong>implet,</strong></span> <span class='ocrx_word' id='word_1_374' title='bbox 1452 2646 1480 2698; x_wconf 89' lang='grc' dir='ltr'><strong>ει</strong></span> <span class='ocrx_word' id='word_1_375' title='bbox 1494 2641 1558 2698; x_wconf 92' lang='lat' dir='ltr'><strong>ideo</strong></span> <span class='ocrx_word' id='word_1_376' title='bbox 1574 2640 1729 2698; x_wconf 84' lang='lat' dir='ltr'><strong>invisibilis</strong></span> 
     </span>
     <span class='ocr_line' id='line_1_43' title="bbox 79 2730 1728 2802; baseline -0.001 -15"><span class='ocrx_word' id='word_1_377' title='bbox 79 2744 170 2788; x_wconf 85' lang='lat' dir='ltr'><strong>:reare</strong></span> <span class='ocrx_word' id='word_1_378' title='bbox 185 2732 241 2788; x_wconf 93' lang='lat' dir='ltr'><strong>sibi</strong></span> <span class='ocrx_word' id='word_1_379' title='bbox 257 2745 378 2801; x_wconf 88' lang='lat' dir='ltr'><strong>corpora</strong></span> <span class='ocrx_word' id='word_1_380' title='bbox 393 2738 420 2787; x_wconf 89' lang='lat' dir='ltr'><strong>et</strong></span> <span class='ocrx_word' id='word_1_381' title='bbox 436 2731 568 2799; x_wconf 91' lang='lat' dir='ltr'><strong>condere,</strong></span> <span class='ocrx_word' id='word_1_382' title='bbox 584 2743 649 2786; x_wconf 87' lang='lat' dir='ltr'><strong>earn</strong></span> <span class='ocrx_word' id='word_1_383' title='bbox 664 2738 822 2787; x_wconf 87' lang='lat' dir='ltr'><strong>creatorem</strong></span> <span class='ocrx_word' id='word_1_384' title='bbox 878 2730 1016 2788; x_wconf 92' lang='lat' dir='ltr'><strong>omnibus</strong></span> <span class='ocrx_word' id='word_1_385' title='bbox 1031 2731 1183 2799; x_wconf 91' lang='lat' dir='ltr'><strong>creaturis,</strong></span> <span class='ocrx_word' id='word_1_386' title='bbox 1204 2731 1275 2802; x_wconf 85' lang='lat' dir='ltr'><strong>quia</strong></span> <span class='ocrx_word' id='word_1_387' title='bbox 1300 2730 1485 2801; x_wconf 90' lang='lat' dir='ltr'><strong>incorporeus</strong></span> <span class='ocrx_word' id='word_1_388' title='bbox 1510 2738 1561 2786; x_wconf 92' lang='grc' dir='ltr'>εει.</span> <span class='ocrx_word' id='word_1_389' title='bbox 1588 2731 1728 2786; x_wconf 83' lang='lat' dir='ltr'><strong>creatura</strong></span> 
     </span>
     <span class='ocr_line' id='line_1_44' title="bbox 79 2818 1728 2892; baseline -0.001 -17"><span class='ocrx_word' id='word_1_390' title='bbox 79 2859 85 2888; x_wconf 89' lang='lat'><strong>,</strong></span> <span class='ocrx_word' id='word_1_391' title='bbox 101 2827 129 2876; x_wconf 91' lang='lat' dir='ltr'><strong>et</strong></span> <span class='ocrx_word' id='word_1_392' title='bbox 143 2833 195 2890; x_wconf 91' lang='lat' dir='ltr'><strong>per</strong></span> <span class='ocrx_word' id='word_1_393' title='bbox 220 2820 274 2876; x_wconf 92' lang='lat' dir='ltr'><strong>boc</strong></span> <span class='ocrx_word' id='word_1_394' title='bbox 298 2821 389 2877; x_wconf 87' lang='lat' dir='ltr'><strong>Deum</strong></span> <span class='ocrx_word' id='word_1_395' title='bbox 402 2819 470 2891; x_wconf 69' lang='lat' dir='ltr'><strong>:esse</strong></span> <span class='ocrx_word' id='word_1_396' title='bbox 486 2819 601 2888; x_wconf 87' lang='lat' dir='ltr'><strong>astruit,</strong></span> <span class='ocrx_word' id='word_1_397' title='bbox 616 2826 644 2875; x_wconf 90' lang='lat' dir='ltr'><strong>et</strong></span> <span class='ocrx_word' id='word_1_398' title='bbox 659 2826 822 2877; x_wconf 88' lang='lat' dir='ltr'><strong>creatarum</strong></span> <span class='ocrx_word' id='word_1_399' title='bbox 879 2820 975 2877; x_wconf 88' lang='lat' dir='ltr'><strong>omnis</strong></span> <span class='ocrx_word' id='word_1_400' title='bbox 988 2833 1135 2891; x_wconf 89' lang='lat' dir='ltr'><strong>corporea,</strong></span> <span class='ocrx_word' id='word_1_401' title='bbox 1162 2819 1259 2892; x_wconf 88' lang='lat' dir='ltr'><strong>angeli</strong></span> <span class='ocrx_word' id='word_1_402' title='bbox 1274 2827 1301 2875; x_wconf 89' lang='lat' dir='ltr'><strong>et</strong></span> <span class='ocrx_word' id='word_1_403' title='bbox 1327 2832 1426 2875; x_wconf 91' lang='lat' dir='ltr'><strong>omues</strong></span> <span class='ocrx_word' id='word_1_404' title='bbox 1456 2818 1583 2875; x_wconf 81' lang='lat' dir='ltr'><strong>caelestes</strong></span> <span class='ocrx_word' id='word_1_405' title='bbox 1603 2818 1728 2875; x_wconf 84' lang='lat' dir='ltr'><strong>uirtutes</strong></span> 
     </span>
     <span class='ocr_line' id='line_1_45' title="bbox 95 2906 1728 3008; baseline -0.001 -44"><span class='ocrx_word' id='word_1_406' title='bbox 95 2908 289 2965; x_wconf 87' lang='lat' dir='ltr'><strong>ordinatorem</strong></span> <span class='ocrx_word' id='word_1_407' title='bbox 304 2916 332 2965; x_wconf 87' lang='lat' dir='ltr'><strong>et</strong></span> <span class='ocrx_word' id='word_1_408' title='bbox 358 2915 580 2980; x_wconf 78' lang='lat' dir='ltr'><strong>preparatorem</strong></span> <span class='ocrx_word' id='word_1_409' title='bbox 596 2906 633 2963; x_wconf 90' lang='lat' dir='ltr'><strong>ad</strong></span> <span class='ocrx_word' id='word_1_410' title='bbox 645 2906 721 2963; x_wconf 91' lang='lat' dir='ltr'><strong>bona</strong></span> <span class='ocrx_word' id='word_1_411' title='bbox 735 2921 821 2978; x_wconf 90' lang='lat' dir='ltr'><strong>opera</strong></span> <span class='ocrx_word' id='word_1_412' title='bbox 840 2950 861 3008; x_wconf 73' lang='lat' dir='ltr'><strong>c</strong></span> <span class='ocrx_word' id='word_1_413' title='bbox 880 2908 935 2978; x_wconf 80' lang='lat' dir='ltr'><strong>(to)</strong></span> <span class='ocrx_word' id='word_1_414' title='bbox 951 2920 1104 2979; x_wconf 79' lang='lat' dir='ltr'><strong>corporea,</strong></span> <span class='ocrx_word' id='word_1_415' title='bbox 1121 2907 1187 2963; x_wconf 90' lang='lat' dir='ltr'><strong>licet</strong></span> <span class='ocrx_word' id='word_1_416' title='bbox 1200 2921 1259 2962; x_wconf 91' lang='lat' dir='ltr'><strong>non</strong></span> <span class='ocrx_word' id='word_1_417' title='bbox 1274 2919 1361 2962; x_wconf 91' lang='lat' dir='ltr'><strong>carne</strong></span> <span class='ocrx_word' id='word_1_418' title='bbox 1376 2906 1543 2963; x_wconf 88' lang='lat' dir='ltr'><strong>subsistant.</strong></span> <span class='ocrx_word' id='word_1_419' title='bbox 1558 2907 1603 2962; x_wconf 85' lang='lat' dir='ltr'><strong>Ex</strong></span> <span class='ocrx_word' id='word_1_420' title='bbox 1623 2921 1656 2963; x_wconf 91' lang='lat' dir='ltr'><strong>eo</strong></span> <span class='ocrx_word' id='word_1_421' title='bbox 1671 2919 1728 2963; x_wconf 86' lang='lat' dir='ltr'><strong>au-</strong></span> 
     </span>
     <span class='ocr_line' id='line_1_46' title="bbox 78 2995 1726 3068; baseline -0.001 -16"><span class='ocrx_word' id='word_1_422' title='bbox 78 3010 116 3052; x_wconf 89' lang='lat' dir='ltr'><strong>tm</strong></span> <span class='ocrx_word' id='word_1_423' title='bbox 131 3010 251 3054; x_wconf 90' lang='lat' dir='ltr'><strong>suorum</strong></span> <span class='ocrx_word' id='word_1_424' title='bbox 281 2996 494 3064; x_wconf 87' lang='lat' dir='ltr'><strong>distributione,</strong></span> <span class='ocrx_word' id='word_1_425' title='bbox 511 3004 543 3052; x_wconf 92' lang='lat' dir='ltr'><strong>ut</strong></span> <span class='ocrx_word' id='word_1_426' title='bbox 564 2995 618 3052; x_wconf 90' lang='lat' dir='ltr'><strong>sibi</strong></span> <span class='ocrx_word' id='word_1_427' title='bbox 632 3009 681 3052; x_wconf 88' lang='lat' dir='ltr'><strong>eas</strong></span> <span class='ocrx_word' id='word_1_428' title='bbox 701 2995 824 3067; x_wconf 89' lang='lat' dir='ltr'><strong>dignum</strong></span> <span class='ocrx_word' id='word_1_429' title='bbox 879 3004 936 3053; x_wconf 90' lang='lat' dir='ltr'><strong>tem</strong></span> <span class='ocrx_word' id='word_1_430' title='bbox 952 3010 1105 3068; x_wconf 85' lang='lat' dir='ltr'><strong>corporeas</strong></span> <span class='ocrx_word' id='word_1_431' title='bbox 1118 3009 1180 3053; x_wconf 91' lang='lat' dir='ltr'><strong>esse</strong></span> <span class='ocrx_word' id='word_1_432' title='bbox 1196 2995 1341 3053; x_wconf 90' lang='lat' dir='ltr'><strong>credimus</strong></span> <span class='ocrx_word' id='word_1_433' title='bbox 1364 2995 1569 3053; x_wconf 88' lang='lat' dir='ltr'><strong>intellectuales</strong></span> <span class='ocrx_word' id='word_1_434' title='bbox 1595 3002 1726 3059; x_wconf 88' lang='lat' dir='ltr'><strong>naturas,</strong></span> 
     </span>
     <span class='ocr_line' id='line_1_47' title="bbox 79 3083 1727 3155; baseline -0.002 -14"><span class='ocrx_word' id='word_1_435' title='bbox 79 3083 176 3141; x_wconf 91' lang='lat' dir='ltr'><strong>culum</strong></span> <span class='ocrx_word' id='word_1_436' title='bbox 198 3083 314 3142; x_wconf 82' lang='lat' dir='ltr'><strong>afliciat.</strong></span> <span class='ocrx_word' id='word_1_437' title='bbox 340 3085 384 3141; x_wconf 80' lang='lat' dir='ltr'><strong>Ab</strong></span> <span class='ocrx_word' id='word_1_438' title='bbox 400 3084 499 3140; x_wconf 89' lang='lat' dir='ltr'><strong>anima</strong></span> <span class='ocrx_word' id='word_1_439' title='bbox 518 3092 653 3141; x_wconf 82' lang='lat' dir='ltr'><strong>naturam</strong></span> <span class='ocrx_word' id='word_1_440' title='bbox 670 3083 739 3140; x_wconf 93' lang='lat' dir='ltr'><strong>dicit</strong></span> <span class='ocrx_word' id='word_1_441' title='bbox 754 3084 824 3141; x_wconf 90' lang='lat' dir='ltr'><strong>inci·</strong></span> <span class='ocrx_word' id='word_1_442' title='bbox 878 3086 956 3155; x_wconf 86' lang='lat' dir='ltr'><strong>qrrod</strong></span> <span class='ocrx_word' id='word_1_443' title='bbox 986 3085 1114 3141; x_wconf 88' lang='lat' dir='ltr'><strong>localiter</strong></span> <span class='ocrx_word' id='word_1_444' title='bbox 1141 3083 1433 3154; x_wconf 90' lang='lat' dir='ltr'><strong>circumscribuntur,</strong></span> <span class='ocrx_word' id='word_1_445' title='bbox 1468 3084 1544 3141; x_wconf 89' lang='lat' dir='ltr'><strong>sieut</strong></span> <span class='ocrx_word' id='word_1_446' title='bbox 1572 3091 1599 3141; x_wconf 91' lang='grc' dir='ltr'><strong>ει</strong></span> <span class='ocrx_word' id='word_1_447' title='bbox 1627 3083 1727 3140; x_wconf 88' lang='lat' dir='ltr'><strong>anima</strong></span> 
     </span>
     <span class='ocr_line' id='line_1_48' title="bbox 79 3172 1726 3246; baseline -0.001 -16"><span class='ocrx_word' id='word_1_448' title='bbox 79 3172 145 3246; x_wconf 76' lang='lat' dir='ltr'><strong>guia</strong></span> <span class='ocrx_word' id='word_1_449' title='bbox 171 3186 221 3244; x_wconf 88' lang='lat' dir='ltr'><strong>per</strong></span> <span class='ocrx_word' id='word_1_450' title='bbox 248 3173 371 3245; x_wconf 87' lang='lat' dir='ltr'><strong>gratiam</strong></span> <span class='ocrx_word' id='word_1_451' title='bbox 399 3173 525 3243; x_wconf 86' lang='lat' dir='ltr'><strong>Spiritus</strong></span> <span class='ocrx_word' id='word_1_452' title='bbox 556 3172 648 3228; x_wconf 90' lang='lat' dir='ltr'><strong>sancti</strong></span> <span class='ocrx_word' id='word_1_453' title='bbox 674 3173 824 3230; x_wconf 89' lang='lat' dir='ltr'><strong>nascimur</strong></span> <span class='ocrx_word' id='word_1_454' title='bbox 878 3172 1017 3239; x_wconf 87' lang='lat' dir='ltr'><strong>bumana,</strong></span> <span class='ocrx_word' id='word_1_455' title='bbox 1033 3185 1196 3244; x_wconf 82' lang='lat' dir='ltr'><strong>quaecarne</strong></span> <span class='ocrx_word' id='word_1_456' title='bbox 1217 3172 1373 3240; x_wconf 88' lang='lat' dir='ltr'><strong>clauditur,</strong></span> <span class='ocrx_word' id='word_1_457' title='bbox 1398 3179 1425 3229; x_wconf 92' lang='lat' dir='ltr'><strong>et</strong></span> <span class='ocrx_word' id='word_1_458' title='bbox 1448 3172 1659 3244; x_wconf 87' lang='lat' dir='ltr'><strong>daemonesqui</strong></span> <span class='ocrx_word' id='word_1_459' title='bbox 1675 3185 1726 3242; x_wconf 93' lang='lat' dir='ltr'><strong>per</strong></span> 
     </span>
     <span class='ocr_line' id='line_1_49' title="bbox 79 3259 1724 3335; baseline 0.001 -19"><span class='ocrx_word' id='word_1_460' title='bbox 79 3260 173 3328; x_wconf 89' lang='lat' dir='ltr'><strong>aliter,</strong></span> <span class='ocrx_word' id='word_1_461' title='bbox 199 3268 231 3318; x_wconf 91' lang='lat' dir='ltr'><strong>ut</strong></span> <span class='ocrx_word' id='word_1_462' title='bbox 257 3262 348 3317; x_wconf 90' lang='lat' dir='ltr'><strong>simus</strong></span> <span class='ocrx_word' id='word_1_463' title='bbox 367 3260 418 3316; x_wconf 90' lang='lat' dir='ltr'><strong>lilii</strong></span> <span class='ocrx_word' id='word_1_464' title='bbox 439 3259 490 3317; x_wconf 82' lang='lat' dir='ltr'><strong>liei</strong></span> <span class='ocrx_word' id='word_1_465' title='bbox 509 3261 601 3332; x_wconf 85' lang='lat' dir='ltr'><strong>magis</strong></span> <span class='ocrx_word' id='word_1_466' title='bbox 628 3275 717 3332; x_wconf 84' lang='lat' dir='ltr'><strong>onam</strong></span> <span class='ocrx_word' id='word_1_467' title='bbox 736 3262 820 3318; x_wconf 86' lang='lat' dir='ltr'><strong>servi.</strong></span> <span class='ocrx_word' id='word_1_468' title='bbox 877 3261 1071 3318; x_wconf 90' lang='lat' dir='ltr'><strong>substantiam</strong></span> <span class='ocrx_word' id='word_1_469' title='bbox 1095 3261 1232 3335; x_wconf 73' lang='lat' dir='ltr'><strong>angelice</strong></span> <span class='ocrx_word' id='word_1_470' title='bbox 1250 3270 1363 3319; x_wconf 79' lang='lat' dir='ltr'><strong>naturae</strong></span> <span class='ocrx_word' id='word_1_471' title='bbox 1387 3267 1454 3318; x_wconf 89' lang='lat' dir='ltr'><strong>suut</strong></span> <span class='ocrx_word' id='word_1_472' title='bbox 1473 3261 1603 3333; x_wconf 88' lang='lat' dir='ltr'><strong>corporei</strong></span> <span class='ocrx_word' id='word_1_473' title='bbox 1627 3259 1695 3331; x_wconf 79' lang='lat' dir='ltr'><strong>(tr).</strong></span> <span class='ocrx_word' id='word_1_474' title='bbox 1713 3281 1724 3310; x_wconf 83' lang='grc' dir='ltr'><strong>ν</strong></span> 
     </span>
     <span class='ocr_line' id='line_1_50' title="bbox 79 3348 1725 3422; baseline 0 -16"><span class='ocrx_word' id='word_1_475' title='bbox 79 3348 147 3406; x_wconf 86' lang='lat' dir='ltr'><strong>mim</strong></span> <span class='ocrx_word' id='word_1_476' title='bbox 164 3348 312 3406; x_wconf 90' lang='lat' dir='ltr'><strong>subtracta</strong></span> <span class='ocrx_word' id='word_1_477' title='bbox 326 3349 381 3405; x_wconf 92' lang='lat' dir='ltr'><strong>bac</strong></span> <span class='ocrx_word' id='word_1_478' title='bbox 404 3348 499 3421; x_wconf 87' lang='lat' dir='ltr'><strong>gratia</strong></span> <span class='ocrx_word' id='word_1_479' title='bbox 514 3361 693 3405; x_wconf 89' lang='lat' dir='ltr'><strong>moreremur</strong></span> <span class='ocrx_word' id='word_1_480' title='bbox 716 3349 747 3406; x_wconf 91' lang='lat' dir='ltr'><strong>in</strong></span> <span class='ocrx_word' id='word_1_481' title='bbox 773 3351 822 3405; x_wconf 85' lang='lat' dir='ltr'><strong>vi·</strong></span> <span class='ocrx_word' id='word_1_482' title='bbox 876 3351 951 3408; x_wconf 88' lang='lat' dir='ltr'><strong>Beue</strong></span> <span class='ocrx_word' id='word_1_483' title='bbox 967 3359 1063 3409; x_wconf 87' lang='lat' dir='ltr'><strong>autem</strong></span> <span class='ocrx_word' id='word_1_484' title='bbox 1087 3350 1253 3408; x_wconf 91' lang='lat' dir='ltr'><strong>dictumest</strong></span> <span class='ocrx_word' id='word_1_485' title='bbox 1277 3366 1315 3408; x_wconf 82' lang='lat' dir='ltr'><strong>ex</strong></span> <span class='ocrx_word' id='word_1_486' title='bbox 1335 3351 1397 3422; x_wconf 89' lang='lat' dir='ltr'><strong>ipsa</strong></span> <span class='ocrx_word' id='word_1_487' title='bbox 1420 3351 1563 3422; x_wconf 90' lang='lat' dir='ltr'><strong>sapientia</strong></span> <span class='ocrx_word' id='word_1_488' title='bbox 1587 3364 1635 3407; x_wconf 90' lang='lat' dir='ltr'><strong>eos</strong></span> <span class='ocrx_word' id='word_1_489' title='bbox 1663 3363 1725 3406; x_wconf 91' lang='lat' dir='ltr'><strong>esse</strong></span> 
     </span>
     <span class='ocr_line' id='line_1_51' title="bbox 79 3437 1728 3515; baseline 0 -20"><span class='ocrx_word' id='word_1_490' title='bbox 79 3445 133 3497; x_wconf 88' lang='lat' dir='ltr'><strong>aet</strong></span> <span class='ocrx_word' id='word_1_491' title='bbox 148 3452 182 3494; x_wconf 92' lang='lat' dir='ltr'><strong>ea</strong></span> <span class='ocrx_word' id='word_1_492' title='bbox 202 3438 305 3495; x_wconf 88' lang='lat' dir='ltr'><strong>collata</strong></span> <span class='ocrx_word' id='word_1_493' title='bbox 324 3438 475 3494; x_wconf 90' lang='lat' dir='ltr'><strong>nascimur</strong></span> <span class='ocrx_word' id='word_1_494' title='bbox 498 3437 529 3492; x_wconf 90' lang='lat' dir='ltr'><strong>in</strong></span> <span class='ocrx_word' id='word_1_495' title='bbox 551 3450 651 3492; x_wconf 91' lang='lat' dir='ltr'><strong>veram</strong></span> <span class='ocrx_word' id='word_1_496' title='bbox 677 3437 822 3494; x_wconf 90' lang='lat' dir='ltr'><strong>virtutum</strong></span> <span class='ocrx_word' id='word_1_497' title='bbox 877 3440 1031 3509; x_wconf 87' lang='lat' dir='ltr'><strong>animatos,</strong></span> <span class='ocrx_word' id='word_1_498' title='bbox 1048 3439 1120 3511; x_wconf 84' lang='lat' dir='ltr'><strong>quia</strong></span> <span class='ocrx_word' id='word_1_499' title='bbox 1134 3441 1195 3497; x_wconf 83' lang='lat' dir='ltr'><strong>laaec</strong></span> <span class='ocrx_word' id='word_1_500' title='bbox 1210 3448 1252 3496; x_wconf 89' lang='grc' dir='ltr'><strong>εει</strong></span> <span class='ocrx_word' id='word_1_501' title='bbox 1266 3440 1326 3515; x_wconf 84' lang='lat' dir='ltr'><strong>vita</strong></span> <span class='ocrx_word' id='word_1_502' title='bbox 1342 3448 1450 3497; x_wconf 81' lang='lat' dir='ltr'><strong>aeterna</strong></span> <span class='ocrx_word' id='word_1_503' title='bbox 1465 3446 1498 3498; x_wconf 89' lang='lat' dir='ltr'><strong>ut</strong></span> <span class='ocrx_word' id='word_1_504' title='bbox 1519 3451 1728 3512; x_wconf 82' lang='lat' dir='ltr'><strong>cognoscamus</strong></span> 
     </span>
     <span class='ocr_line' id='line_1_52' title="bbox 84 3525 1726 3601; baseline -0.001 -18"><span class='ocrx_word' id='word_1_505' title='bbox 84 3539 159 3599; x_wconf 87' lang='lat' dir='ltr'><strong>quas</strong></span> <span class='ocrx_word' id='word_1_506' title='bbox 179 3541 229 3598; x_wconf 90' lang='lat' dir='ltr'><strong>per</strong></span> <span class='ocrx_word' id='word_1_507' title='bbox 245 3535 380 3584; x_wconf 88' lang='lat' dir='ltr'><strong>naturam</strong></span> <span class='ocrx_word' id='word_1_508' title='bbox 402 3525 553 3592; x_wconf 89' lang='lat' dir='ltr'><strong>babemus,</strong></span> <span class='ocrx_word' id='word_1_509' title='bbox 574 3530 601 3580; x_wconf 89' lang='lat' dir='ltr'><strong>et</strong></span> <span class='ocrx_word' id='word_1_510' title='bbox 624 3531 724 3580; x_wconf 87' lang='lat' dir='ltr'><strong>contra</strong></span> <span class='ocrx_word' id='word_1_511' title='bbox 739 3532 823 3582; x_wconf 90' lang='lat' dir='ltr'><strong>natu·</strong></span> <span class='ocrx_word' id='word_1_512' title='bbox 876 3530 992 3585; x_wconf 87' lang='lat' dir='ltr'><strong>sicutet</strong></span> <span class='ocrx_word' id='word_1_513' title='bbox 1017 3528 1127 3601; x_wconf 89' lang='lat' dir='ltr'><strong>cogniti</strong></span> <span class='ocrx_word' id='word_1_514' title='bbox 1152 3542 1265 3593; x_wconf 89' lang='lat' dir='ltr'><strong>sumus,</strong></span> <span class='ocrx_word' id='word_1_515' title='bbox 1283 3525 1355 3584; x_wconf 86' lang='lat' dir='ltr'><strong>lacte</strong></span> <span class='ocrx_word' id='word_1_516' title='bbox 1378 3528 1414 3584; x_wconf 93' lang='lat' dir='ltr'><strong>ad</strong></span> <span class='ocrx_word' id='word_1_517' title='bbox 1441 3526 1544 3585; x_wconf 85' lang='lat' dir='ltr'><strong>faciem</strong></span> <span class='ocrx_word' id='word_1_518' title='bbox 1566 3527 1657 3585; x_wconf 83' lang='lat' dir='ltr'><strong>Deum</strong></span> <span class='ocrx_word' id='word_1_519' title='bbox 1682 3527 1726 3584; x_wconf 83' lang='lat' dir='ltr'><strong>vi·</strong></span> 
     </span>
     <span class='ocr_line' id='line_1_53' title="bbox 79 3613 1727 3686; baseline 0.001 -15"><span class='ocrx_word' id='word_1_520' title='bbox 79 3615 144 3685; x_wconf 70' lang='lat' dir='ltr'><strong>’itia,</strong></span> <span class='ocrx_word' id='word_1_521' title='bbox 169 3630 236 3672; x_wconf 92' lang='lat' dir='ltr'><strong>cum</strong></span> <span class='ocrx_word' id='word_1_522' title='bbox 265 3616 301 3673; x_wconf 91' lang='lat' dir='ltr'><strong>sit</strong></span> <span class='ocrx_word' id='word_1_523' title='bbox 324 3617 429 3672; x_wconf 85' lang='lat' dir='ltr'><strong>vitium</strong></span> <span class='ocrx_word' id='word_1_524' title='bbox 460 3613 609 3684; x_wconf 86' lang='lat' dir='ltr'><strong>corruptio</strong></span> <span class='ocrx_word' id='word_1_525' title='bbox 634 3621 755 3670; x_wconf 82' lang='lat' dir='ltr'><strong>naturae.</strong></span> <span class='ocrx_word' id='word_1_526' title='bbox 784 3615 822 3670; x_wconf 84' lang='lat' dir='ltr'><strong>lle</strong></span> <span class='ocrx_word' id='word_1_527' title='bbox 876 3616 984 3675; x_wconf 88' lang='lat' dir='ltr'><strong>dentes.</strong></span> <span class='ocrx_word' id='word_1_528' title='bbox 1002 3617 1106 3673; x_wconf 90' lang='lat' dir='ltr'><strong>llaurit</strong></span> <span class='ocrx_word' id='word_1_529' title='bbox 1132 3616 1252 3686; x_wconf 92' lang='lat' dir='ltr'><strong>spiritus</strong></span> <span class='ocrx_word' id='word_1_530' title='bbox 1277 3615 1312 3672; x_wconf 90' lang='lat' dir='ltr'><strong>de</strong></span> <span class='ocrx_word' id='word_1_531' title='bbox 1337 3615 1385 3673; x_wconf 95' lang='lat' dir='ltr'><strong>illo</strong></span> <span class='ocrx_word' id='word_1_532' title='bbox 1412 3616 1500 3686; x_wconf 89' lang='lat' dir='ltr'><strong>tonte,</strong></span> <span class='ocrx_word' id='word_1_533' title='bbox 1531 3631 1600 3673; x_wconf 91' lang='lat' dir='ltr'><strong>cum</strong></span> <span class='ocrx_word' id='word_1_534' title='bbox 1624 3616 1727 3674; x_wconf 87' lang='lat' dir='ltr'><strong>nosde</strong></span> 
     </span>
     <span class='ocr_line' id='line_1_54' title="bbox 79 3700 1728 3777; baseline -0.001 -16"><span class='ocrx_word' id='word_1_535' title='bbox 79 3711 177 3762; x_wconf 89' lang='lat' dir='ltr'><strong>mente</strong></span> <span class='ocrx_word' id='word_1_536' title='bbox 206 3707 304 3762; x_wconf 91' lang='lat' dir='ltr'><strong>anima</strong></span> <span class='ocrx_word' id='word_1_537' title='bbox 333 3706 513 3771; x_wconf 88' lang='lat' dir='ltr'><strong>nominatur,</strong></span> <span class='ocrx_word' id='word_1_538' title='bbox 544 3702 703 3774; x_wconf 84' lang='lat' dir='ltr'><strong>quia‘tam</strong></span> <span class='ocrx_word' id='word_1_539' title='bbox 730 3700 822 3759; x_wconf 87' lang='lat' dir='ltr'><strong>Patris</strong></span> <span class='ocrx_word' id='word_1_540' title='bbox 876 3705 984 3762; x_wconf 81' lang='lat' dir='ltr'><strong>divinae</strong></span> <span class='ocrx_word' id='word_1_541' title='bbox 1016 3705 1166 3775; x_wconf 81' lang='lat' dir='ltr'><strong>sapientia</strong></span> <span class='ocrx_word' id='word_1_542' title='bbox 1195 3703 1385 3777; x_wconf 90' lang='lat' dir='ltr'><strong>intelligentia</strong></span> <span class='ocrx_word' id='word_1_543' title='bbox 1418 3703 1534 3774; x_wconf 91' lang='lat' dir='ltr'><strong>imbuit,</strong></span> <span class='ocrx_word' id='word_1_544' title='bbox 1567 3705 1728 3763; x_wconf 87' lang='lat' dir='ltr'><strong>secundum</strong></span> 
     </span>
     <span class='ocr_line' id='line_1_55' title="bbox 79 3791 1726 3865; baseline 0.001 -16"><span class='ocrx_word' id='word_1_545' title='bbox 79 3793 143 3851; x_wconf 79' lang='lat' dir='ltr'><strong>Filii</strong></span> <span class='ocrx_word' id='word_1_546' title='bbox 166 3795 241 3852; x_wconf 90' lang='lat' dir='ltr'><strong>idem</strong></span> <span class='ocrx_word' id='word_1_547' title='bbox 259 3803 302 3852; x_wconf 89' lang='grc' dir='ltr'><strong>εει</strong></span> <span class='ocrx_word' id='word_1_548' title='bbox 318 3794 453 3865; x_wconf 89' lang='lat' dir='ltr'><strong>Spiritus,</strong></span> <span class='ocrx_word' id='word_1_549' title='bbox 468 3806 536 3850; x_wconf 92' lang='lat' dir='ltr'><strong>cum</strong></span> <span class='ocrx_word' id='word_1_550' title='bbox 553 3791 592 3848; x_wconf 91' lang='lat' dir='ltr'><strong>ab</strong></span> <span class='ocrx_word' id='word_1_551' title='bbox 606 3799 731 3861; x_wconf 89' lang='lat' dir='ltr'><strong>utroque</strong></span> <span class='ocrx_word' id='word_1_552' title='bbox 755 3805 821 3861; x_wconf 92' lang='lat' dir='ltr'><strong>pro·</strong></span> <span class='ocrx_word' id='word_1_553' title='bbox 876 3794 954 3865; x_wconf 85' lang='lat' dir='ltr'><strong>quod</strong></span> <span class='ocrx_word' id='word_1_554' title='bbox 983 3793 1168 3851; x_wconf 86' lang='lat' dir='ltr'><strong>dictumest:</strong></span> <span class='ocrx_word' id='word_1_555' title='bbox 1184 3796 1222 3849; x_wconf 81' lang='lat' dir='ltr'><strong>lie</strong></span> <span class='ocrx_word' id='word_1_556' title='bbox 1236 3808 1293 3848; x_wconf 78' lang='lat' dir='ltr'><strong>anco</strong></span> <span class='ocrx_word' id='word_1_557' title='bbox 1320 3794 1435 3863; x_wconf 82' lang='lat' dir='ltr'><strong>accipiet</strong></span> <span class='ocrx_word' id='word_1_558' title='bbox 1449 3798 1475 3848; x_wconf 89' lang='grc' dir='ltr'><strong>ει</strong></span> <span class='ocrx_word' id='word_1_559' title='bbox 1489 3795 1665 3850; x_wconf 83' lang='lat' dir='ltr'><strong>annuntiabit</strong></span> <span class='ocrx_word' id='word_1_560' title='bbox 1680 3809 1726 3851; x_wconf 88' lang='lat' dir='ltr'><strong>oo·</strong></span> 
     </span>
     <span class='ocr_line' id='line_1_56' title="bbox 108 3878 1726 3954; baseline -0.001 -15"><span class='ocrx_word' id='word_1_561' title='bbox 108 3883 186 3939; x_wconf 91' lang='lat' dir='ltr'><strong>unde</strong></span> <span class='ocrx_word' id='word_1_562' title='bbox 210 3883 306 3948; x_wconf 84' lang='lat' dir='ltr'><strong>etiam.</strong></span> <span class='ocrx_word' id='word_1_563' title='bbox 333 3891 365 3940; x_wconf 91' lang='lat' dir='ltr'><strong>ut</strong></span> <span class='ocrx_word' id='word_1_564' title='bbox 392 3883 432 3939; x_wconf 92' lang='lat' dir='ltr'><strong>ait</strong></span> <span class='ocrx_word' id='word_1_565' title='bbox 455 3881 640 3954; x_wconf 83' lang='lat' dir='ltr'><strong>Augustinus</strong></span> <span class='ocrx_word' id='word_1_566' title='bbox 668 3878 698 3935; x_wconf 91' lang='lat' dir='ltr'><strong>in</strong></span> <span class='ocrx_word' id='word_1_567' title='bbox 726 3892 767 3935; x_wconf 84' lang='lat' dir='ltr'><strong>xv</strong></span> <span class='ocrx_word' id='word_1_568' title='bbox 782 3881 821 3936; x_wconf 87' lang='lat' dir='ltr'><strong>[ie</strong></span> <span class='ocrx_word' id='word_1_569' title='bbox 876 3883 917 3938; x_wconf 85' lang='lat' dir='ltr'><strong>bis</strong></span> <span class='ocrx_word' id='word_1_570' title='bbox 939 3882 1028 3953; x_wconf 86' lang='lat' dir='ltr'><strong>(Joan.</strong></span> <span class='ocrx_word' id='word_1_571' title='bbox 1054 3895 1115 3950; x_wconf 86' lang='lat' dir='ltr'><strong>xm,</strong></span> <span class='ocrx_word' id='word_1_572' title='bbox 1142 3882 1197 3951; x_wconf 81' lang='lat' dir='ltr'><strong>tl).</strong></span> <span class='ocrx_word' id='word_1_573' title='bbox 1214 3881 1333 3938; x_wconf 90' lang='lat' dir='ltr'><strong>Undeet</strong></span> <span class='ocrx_word' id='word_1_574' title='bbox 1349 3881 1473 3950; x_wconf 89' lang='lat' dir='ltr'><strong>Spiritus</strong></span> <span class='ocrx_word' id='word_1_575' title='bbox 1488 3883 1647 3952; x_wconf 84' lang='lat' dir='ltr'><strong>sapientiae,</strong></span> <span class='ocrx_word' id='word_1_576' title='bbox 1664 3882 1726 3939; x_wconf 83' lang='lat' dir='ltr'><strong>siue</strong></span> 
     </span>
     <span class='ocr_line' id='line_1_57' title="bbox 79 3969 1727 4045; baseline -0.001 -19"><span class='ocrx_word' id='word_1_577' title='bbox 79 3978 122 4040; x_wconf 78' lang='grc' dir='ltr'>ιιε,</span> <span class='ocrx_word' id='word_1_578' title='bbox 138 3985 200 4042; x_wconf 87' lang='lat' dir='ltr'><strong>cap.</strong></span> <span class='ocrx_word' id='word_1_579' title='bbox 229 3975 271 4040; x_wconf 77' lang='lat' dir='ltr'><strong>lb,</strong></span> <span class='ocrx_word' id='word_1_580' title='bbox 285 3974 309 4045; x_wconf 72' lang='lat' dir='ltr'><strong>l«</strong></span> <span class='ocrx_word' id='word_1_581' title='bbox 325 3972 396 4044; x_wconf 86' lang='lat' dir='ltr'><strong>quia</strong></span> <span class='ocrx_word' id='word_1_582' title='bbox 420 3972 481 4043; x_wconf 89' lang='lat' dir='ltr'><strong>ipse</strong></span> <span class='ocrx_word' id='word_1_583' title='bbox 508 3970 633 4041; x_wconf 90' lang='lat' dir='ltr'><strong>Spiritus</strong></span> <span class='ocrx_word' id='word_1_584' title='bbox 659 3970 821 4027; x_wconf 90' lang='lat' dir='ltr'><strong>communis</strong></span> <span class='ocrx_word' id='word_1_585' title='bbox 876 3970 1049 4040; x_wconf 83' lang='lat' dir='ltr'><strong>intellectus,</strong></span> <span class='ocrx_word' id='word_1_586' title='bbox 1066 3984 1119 4027; x_wconf 91' lang='lat' dir='ltr'><strong>seu</strong></span> <span class='ocrx_word' id='word_1_587' title='bbox 1147 3969 1274 4027; x_wconf 81' lang='lat' dir='ltr'><strong>scientiae</strong></span> <span class='ocrx_word' id='word_1_588' title='bbox 1296 3969 1392 4026; x_wconf 92' lang='lat' dir='ltr'><strong>dictus</strong></span> <span class='ocrx_word' id='word_1_589' title='bbox 1416 3975 1466 4026; x_wconf 88' lang='lat' dir='ltr'><strong>est.</strong></span> <span class='ocrx_word' id='word_1_590' title='bbox 1497 3969 1578 4034; x_wconf 86' lang='lat' dir='ltr'><strong>Quod</strong></span> <span class='ocrx_word' id='word_1_591' title='bbox 1593 3983 1662 4027; x_wconf 81' lang='lat' dir='ltr'><strong>vero</strong></span> <span class='ocrx_word' id='word_1_592' title='bbox 1684 3969 1727 4025; x_wconf 93' lang='lat' dir='ltr'><strong>di-</strong></span> 
     </span>
     <span class='ocr_line' id='line_1_58' title="bbox 79 4056 1727 4131; baseline -0.001 -15"><span class='ocrx_word' id='word_1_593' title='bbox 79 4060 179 4129; x_wconf 92' lang='lat' dir='ltr'><strong>bobus,</strong></span> <span class='ocrx_word' id='word_1_594' title='bbox 200 4061 227 4117; x_wconf 87' lang='lat' dir='ltr'><strong>id</strong></span> <span class='ocrx_word' id='word_1_595' title='bbox 248 4070 371 4119; x_wconf 81' lang='lat' dir='ltr'><strong>uocatur</strong></span> <span class='ocrx_word' id='word_1_596' title='bbox 401 4063 458 4131; x_wconf 90' lang='lat' dir='ltr'><strong>ipse</strong></span> <span class='ocrx_word' id='word_1_597' title='bbox 483 4059 599 4131; x_wconf 90' lang='lat' dir='ltr'><strong>proprie</strong></span> <span class='ocrx_word' id='word_1_598' title='bbox 630 4058 708 4131; x_wconf 85' lang='lat' dir='ltr'><strong>quod</strong></span> <span class='ocrx_word' id='word_1_599' title='bbox 735 4057 821 4115; x_wconf 82' lang='lat' dir='ltr'><strong>ambo</strong></span> <span class='ocrx_word' id='word_1_600' title='bbox 875 4066 953 4117; x_wconf 91' lang='lat' dir='ltr'><strong>ctum</strong></span> <span class='ocrx_word' id='word_1_601' title='bbox 969 4068 1033 4116; x_wconf 90' lang='lat' dir='ltr'><strong>est:</strong></span> <span class='ocrx_word' id='word_1_602' title='bbox 1053 4060 1234 4131; x_wconf 86' lang='lat' dir='ltr'><strong>lleusagitat</strong></span> <span class='ocrx_word' id='word_1_603' title='bbox 1258 4058 1371 4125; x_wconf 86' lang='lat' dir='ltr'><strong>rualem,</strong></span> <span class='ocrx_word' id='word_1_604' title='bbox 1395 4056 1450 4115; x_wconf 90' lang='lat' dir='ltr'><strong>hoe</strong></span> <span class='ocrx_word' id='word_1_605' title='bbox 1463 4066 1505 4114; x_wconf 89' lang='grc' dir='ltr'><strong>εει</strong></span> <span class='ocrx_word' id='word_1_606' title='bbox 1530 4057 1620 4115; x_wconf 91' lang='lat' dir='ltr'><strong>totius</strong></span> <span class='ocrx_word' id='word_1_607' title='bbox 1642 4071 1727 4115; x_wconf 91' lang='lat' dir='ltr'><strong>mun·</strong></span> 
     </span>
     <span class='ocr_line' id='line_1_59' title="bbox 79 4145 1724 4219; baseline -0.001 -15"><span class='ocrx_word' id='word_1_608' title='bbox 79 4150 257 4218; x_wconf 70' lang='lat' dir='ltr'><strong>tolloneum</strong></span> <span class='ocrx_word' id='word_1_609' title='bbox 281 4151 415 4208; x_wconf 81' lang='lat' dir='ltr'><strong>videlicet</strong></span> <span class='ocrx_word' id='word_1_610' title='bbox 430 4159 488 4206; x_wconf 90' lang='lat' dir='ltr'><strong>tam</strong></span> <span class='ocrx_word' id='word_1_611' title='bbox 514 4151 599 4207; x_wconf 89' lang='lat' dir='ltr'><strong>Pater</strong></span> <span class='ocrx_word' id='word_1_612' title='bbox 631 4149 719 4206; x_wconf 89' lang='lat' dir='ltr'><strong>etiam</strong></span> <span class='ocrx_word' id='word_1_613' title='bbox 748 4149 820 4218; x_wconf 91' lang='lat' dir='ltr'><strong>ipse,</strong></span> <span class='ocrx_word' id='word_1_614' title='bbox 876 4148 959 4204; x_wconf 85' lang='lat' dir='ltr'><strong>danae</strong></span> <span class='ocrx_word' id='word_1_615' title='bbox 983 4148 1101 4206; x_wconf 82' lang='lat' dir='ltr'><strong>labricae</strong></span> <span class='ocrx_word' id='word_1_616' title='bbox 1115 4148 1318 4219; x_wconf 87' lang='lat' dir='ltr'><strong>quantitatem,</strong></span> <span class='ocrx_word' id='word_1_617' title='bbox 1343 4147 1428 4217; x_wconf 84' lang='lat' dir='ltr'><strong>quasi</strong></span> <span class='ocrx_word' id='word_1_618' title='bbox 1448 4153 1553 4203; x_wconf 88' lang='lat' dir='ltr'><strong>cuncta</strong></span> <span class='ocrx_word' id='word_1_619' title='bbox 1568 4147 1598 4202; x_wconf 92' lang='lat' dir='ltr'><strong>in</strong></span> <span class='ocrx_word' id='word_1_620' title='bbox 1614 4145 1724 4203; x_wconf 90' lang='lat' dir='ltr'><strong>mundo</strong></span> 
     </span>
     <span class='ocr_line' id='line_1_60' title="bbox 79 4234 1725 4311; baseline -0.001 -17"><span class='ocrx_word' id='word_1_621' title='bbox 79 4238 180 4307; x_wconf 78' lang='lat' dir='ltr'><strong>Filius,</strong></span> <span class='ocrx_word' id='word_1_622' title='bbox 205 4239 327 4311; x_wconf 90' lang='lat' dir='ltr'><strong>Spiritus</strong></span> <span class='ocrx_word' id='word_1_623' title='bbox 341 4240 378 4296; x_wconf 91' lang='lat' dir='ltr'><strong>sit</strong></span> <span class='ocrx_word' id='word_1_624' title='bbox 397 4246 424 4296; x_wconf 91' lang='lat' dir='ltr'><strong>et</strong></span> <span class='ocrx_word' id='word_1_625' title='bbox 443 4245 570 4296; x_wconf 87' lang='lat' dir='ltr'><strong>sauctus.</strong></span> <span class='ocrx_word' id='word_1_626' title='bbox 588 4258 603 4288; x_wconf 92' lang='lat'>»</span> <span class='ocrx_word' id='word_1_627' title='bbox 629 4236 701 4295; x_wconf 84' lang='lat' dir='ltr'><strong>Cum</strong></span> <span class='ocrx_word' id='word_1_628' title='bbox 723 4243 819 4294; x_wconf 88' lang='lat' dir='ltr'><strong>autem</strong></span> <span class='ocrx_word' id='word_1_629' title='bbox 875 4237 1002 4294; x_wconf 84' lang='lat' dir='ltr'><strong>viviticat</strong></span> <span class='ocrx_word' id='word_1_630' title='bbox 1025 4244 1076 4294; x_wconf 88' lang='lat' dir='ltr'><strong>aut</strong></span> <span class='ocrx_word' id='word_1_631' title='bbox 1105 4243 1226 4305; x_wconf 84' lang='lat' dir='ltr'><strong>moreat,</strong></span> <span class='ocrx_word' id='word_1_632' title='bbox 1255 4236 1415 4293; x_wconf 91' lang='lat' dir='ltr'><strong>secundum</strong></span> <span class='ocrx_word' id='word_1_633' title='bbox 1433 4235 1487 4292; x_wconf 88' lang='lat' dir='ltr'><strong>boc</strong></span> <span class='ocrx_word' id='word_1_634' title='bbox 1512 4234 1619 4306; x_wconf 89' lang='lat' dir='ltr'><strong>accipe,</strong></span> <span class='ocrx_word' id='word_1_635' title='bbox 1646 4234 1725 4306; x_wconf 88' lang='lat' dir='ltr'><strong>quod</strong></span> 
     </span>
     <span class='ocr_line' id='line_1_61' title="bbox 90 4294 1725 4402; baseline -0.003 -18"><span class='ocrx_word' id='word_1_636' title='bbox 90 4335 118 4385; x_wconf 91' lang='lat' dir='ltr'><strong>et</strong></span> <span class='ocrx_word' id='word_1_637' title='bbox 130 4341 187 4400; x_wconf 88' lang='lat' dir='ltr'><strong>noy</strong></span> <span class='ocrx_word' id='word_1_638' title='bbox 212 4329 270 4402; x_wconf 83' lang='grc' dir='ltr'><strong>[νῷ]</strong></span> <span class='ocrx_word' id='word_1_639' title='bbox 300 4328 381 4385; x_wconf 89' lang='lat' dir='ltr'><strong>nasci</strong></span> <span class='ocrx_word' id='word_1_640' title='bbox 397 4327 441 4385; x_wconf 90' lang='lat' dir='ltr'><strong>vcl</strong></span> <span class='ocrx_word' id='word_1_641' title='bbox 456 4326 549 4384; x_wconf 90' lang='lat' dir='ltr'><strong>creari</strong></span> <span class='ocrx_word' id='word_1_642' title='bbox 565 4325 667 4395; x_wconf 89' lang='lat' dir='ltr'><strong>uoluit,</strong></span> <span class='ocrx_word' id='word_1_643' title='bbox 685 4325 745 4382; x_wconf 87' lang='lat' dir='ltr'><strong>sire</strong></span> <span class='ocrx_word' id='word_1_644' title='bbox 758 4294 858 4382; x_wconf 83' lang='lat' dir='ltr'><strong>lieri⁰</strong></span> <span class='ocrx_word' id='word_1_645' title='bbox 878 4324 985 4397; x_wconf 93' lang='lat' dir='ltr'><strong>optimo</strong></span> <span class='ocrx_word' id='word_1_646' title='bbox 1014 4333 1121 4382; x_wconf 91' lang='lat' dir='ltr'><strong>cuncta</strong></span> <span class='ocrx_word' id='word_1_647' title='bbox 1152 4325 1290 4396; x_wconf 87' lang='lat' dir='ltr'><strong>disponit,</strong></span> <span class='ocrx_word' id='word_1_648' title='bbox 1319 4323 1491 4395; x_wconf 85' lang='lat' dir='ltr'><strong>stabilisque</strong></span> <span class='ocrx_word' id='word_1_649' title='bbox 1527 4337 1648 4381; x_wconf 90' lang='lat' dir='ltr'><strong>manens</strong></span> <span class='ocrx_word' id='word_1_650' title='bbox 1675 4323 1725 4380; x_wconf 86' lang='lat' dir='ltr'><strong>dat</strong></span> 
     </span>
     <span class='ocr_line' id='line_1_62' title="bbox 83 4411 1721 4489; baseline -0.004 -15"><span class='ocrx_word' id='word_1_651' title='bbox 83 4418 260 4489; x_wconf 80' lang='lat' dir='ltr'><strong>quandoque</strong></span> <span class='ocrx_word' id='word_1_652' title='bbox 274 4431 292 4473; x_wconf 93' lang='lat' dir='ltr'><strong>a</strong></span> <span class='ocrx_word' id='word_1_653' title='bbox 307 4416 484 4488; x_wconf 86' lang='lat' dir='ltr'><strong>pbilosophis</strong></span> <span class='ocrx_word' id='word_1_654' title='bbox 509 4415 627 4479; x_wconf 89' lang='lat' dir='ltr'><strong>dicitur,</strong></span> <span class='ocrx_word' id='word_1_655' title='bbox 653 4414 753 4472; x_wconf 88' lang='lat' dir='ltr'><strong>abusio</strong></span> <span class='ocrx_word' id='word_1_656' title='bbox 777 4421 819 4471; x_wconf 90' lang='lat' dir='ltr'><strong>est</strong></span> <span class='ocrx_word' id='word_1_657' title='bbox 873 4423 979 4473; x_wconf 89' lang='lat' dir='ltr'><strong>cuncta</strong></span> <span class='ocrx_word' id='word_1_658' title='bbox 1001 4417 1119 4472; x_wconf 88' lang='lat' dir='ltr'><strong>moveri.</strong></span> <span class='ocrx_word' id='word_1_659' title='bbox 1136 4414 1240 4472; x_wconf 83' lang='lat' dir='ltr'><strong>Vivere</strong></span> <span class='ocrx_word' id='word_1_660' title='bbox 1254 4415 1341 4471; x_wconf 90' lang='lat' dir='ltr'><strong>etiam</strong></span> <span class='ocrx_word' id='word_1_661' title='bbox 1365 4414 1394 4469; x_wconf 94' lang='lat' dir='ltr'><strong>in</strong></span> <span class='ocrx_word' id='word_1_662' title='bbox 1410 4415 1467 4470; x_wconf 80' lang='lat' dir='ltr'><strong>lieo</strong></span> <span class='ocrx_word' id='word_1_663' title='bbox 1491 4419 1596 4469; x_wconf 82' lang='lat' dir='ltr'><strong>cuncta</strong></span> <span class='ocrx_word' id='word_1_664' title='bbox 1620 4411 1721 4468; x_wconf 90' lang='lat' dir='ltr'><strong>dicun·</strong></span> 
     </span>
     <span class='ocr_line' id='line_1_63' title="bbox 81 4500 1724 4578; baseline -0.004 -16"><span class='ocrx_word' id='word_1_665' title='bbox 81 4519 131 4562; x_wconf 91' lang='lat' dir='ltr'><strong>um</strong></span> <span class='ocrx_word' id='word_1_666' title='bbox 157 4507 251 4578; x_wconf 89' lang='lat' dir='ltr'><strong>magis</strong></span> <span class='ocrx_word' id='word_1_667' title='bbox 279 4520 369 4578; x_wconf 83' lang='lat' dir='ltr'><strong>quam</strong></span> <span class='ocrx_word' id='word_1_668' title='bbox 405 4519 486 4563; x_wconf 92' lang='lat' dir='ltr'><strong>error</strong></span> <span class='ocrx_word' id='word_1_669' title='bbox 527 4503 687 4561; x_wconf 77' lang='lat' dir='ltr'><strong>sententia.</strong></span> <span class='ocrx_word' id='word_1_670' title='bbox 720 4504 818 4561; x_wconf 88' lang='lat' dir='ltr'><strong>Creari</strong></span> <span class='ocrx_word' id='word_1_671' title='bbox 874 4512 933 4572; x_wconf 90' lang='lat' dir='ltr'><strong>tur,</strong></span> <span class='ocrx_word' id='word_1_672' title='bbox 949 4504 1110 4562; x_wconf 89' lang='lat' dir='ltr'><strong>secuudum</strong></span> <span class='ocrx_word' id='word_1_673' title='bbox 1126 4503 1205 4574; x_wconf 84' lang='lat' dir='ltr'><strong>qttod</strong></span> <span class='ocrx_word' id='word_1_674' title='bbox 1226 4503 1255 4558; x_wconf 93' lang='lat' dir='ltr'><strong>in</strong></span> <span class='ocrx_word' id='word_1_675' title='bbox 1273 4503 1333 4572; x_wconf 89' lang='lat' dir='ltr'><strong>ipso</strong></span> <span class='ocrx_word' id='word_1_676' title='bbox 1347 4501 1430 4559; x_wconf 91' lang='lat' dir='ltr'><strong>nulla</strong></span> <span class='ocrx_word' id='word_1_677' title='bbox 1444 4509 1513 4558; x_wconf 85' lang='lat' dir='ltr'><strong>sunt</strong></span> <span class='ocrx_word' id='word_1_678' title='bbox 1528 4508 1653 4565; x_wconf 88' lang='lat' dir='ltr'><strong>mortua,</strong></span> <span class='ocrx_word' id='word_1_679' title='bbox 1669 4500 1724 4557; x_wconf 91' lang='lat' dir='ltr'><strong>boc</strong></span> 
     </span>
     <span class='ocr_line' id='line_1_64' title="bbox 79 4589 1725 4667; baseline -0.003 -16"><span class='ocrx_word' id='word_1_680' title='bbox 79 4594 379 4667; x_wconf 76' lang='lat' dir='ltr'><strong>tovelflerirectelibl</strong></span> <span class='ocrx_word' id='word_1_681' title='bbox 395 4592 818 4665; x_wconf 82' lang='lat' dir='ltr'><strong>condicitur,nisiiubisquae</strong></span> <span class='ocrx_word' id='word_1_682' title='bbox 873 4602 915 4651; x_wconf 92' lang='lat' dir='ltr'><strong>cst</strong></span> <span class='ocrx_word' id='word_1_683' title='bbox 939 4592 1066 4662; x_wconf 87' lang='lat' dir='ltr'><strong>inutilia,</strong></span> <span class='ocrx_word' id='word_1_684' title='bbox 1102 4593 1150 4649; x_wconf 93' lang='lat' dir='ltr'><strong>sed</strong></span> <span class='ocrx_word' id='word_1_685' title='bbox 1179 4593 1278 4648; x_wconf 90' lang='lat' dir='ltr'><strong>omnia</strong></span> <span class='ocrx_word' id='word_1_686' title='bbox 1302 4591 1414 4648; x_wconf 87' lang='lat' dir='ltr'><strong>utiliter</strong></span> <span class='ocrx_word' id='word_1_687' title='bbox 1443 4599 1495 4646; x_wconf 92' lang='lat' dir='ltr'><strong>aut</strong></span> <span class='ocrx_word' id='word_1_688' title='bbox 1518 4589 1725 4648; x_wconf 82' lang='lat' dir='ltr'><strong>convenienter</strong></span> 
     </span>
    </p>
   </div>
   <div class='ocr_carea' id='block_1_7' title="bbox 79 4681 818 5021">
    <p class='ocr_par' dir='ltr' id='par_1_8' title="bbox 79 4681 818 5021">
     <span class='ocr_line' id='line_1_65' title="bbox 79 4681 816 4753; baseline 0.004 -17"><span class='ocrx_word' id='word_1_689' title='bbox 79 4691 162 4753; x_wconf 73' lang='lat' dir='ltr'><strong>irunt,</strong></span> <span class='ocrx_word' id='word_1_690' title='bbox 179 4684 234 4741; x_wconf 89' lang='lat' dir='ltr'><strong>hoc</strong></span> <span class='ocrx_word' id='word_1_691' title='bbox 257 4692 298 4742; x_wconf 89' lang='lat' dir='ltr'><strong>est</strong></span> <span class='ocrx_word' id='word_1_692' title='bbox 313 4693 420 4742; x_wconf 80' lang='lat' dir='ltr'><strong>aeterna</strong></span> <span class='ocrx_word' id='word_1_693' title='bbox 445 4699 505 4741; x_wconf 91' lang='lat' dir='ltr'><strong>nou</strong></span> <span class='ocrx_word' id='word_1_694' title='bbox 520 4690 599 4740; x_wconf 90' lang='lat' dir='ltr'><strong>sunt.</strong></span> <span class='ocrx_word' id='word_1_695' title='bbox 624 4681 709 4740; x_wconf 87' lang='lat' dir='ltr'><strong>Nasci</strong></span> <span class='ocrx_word' id='word_1_696' title='bbox 737 4697 816 4751; x_wconf 80' lang='lat' dir='ltr'><strong>vero,</strong></span> 
     </span>
     <span class='ocr_line' id='line_1_66' title="bbox 91 4771 817 4844; baseline -0.003 -14"><span class='ocrx_word' id='word_1_697' title='bbox 91 4773 126 4830; x_wconf 90' lang='lat' dir='ltr'><strong>de</strong></span> <span class='ocrx_word' id='word_1_698' title='bbox 145 4773 308 4830; x_wconf 89' lang='lat' dir='ltr'><strong>substantia</strong></span> <span class='ocrx_word' id='word_1_699' title='bbox 324 4773 386 4844; x_wconf 91' lang='lat' dir='ltr'><strong>ipsa</strong></span> <span class='ocrx_word' id='word_1_700' title='bbox 400 4773 493 4830; x_wconf 83' lang='lat' dir='ltr'><strong>Patrio</strong></span> <span class='ocrx_word' id='word_1_701' title='bbox 515 4772 647 4840; x_wconf 83' lang='lat' dir='ltr'><strong>existere,</strong></span> <span class='ocrx_word' id='word_1_702' title='bbox 665 4771 817 4842; x_wconf 91' lang='lat' dir='ltr'><strong>proprium</strong></span> 
     </span>
     <span class='ocr_line' id='line_1_67' title="bbox 83 4860 815 4934; baseline -0.001 -16"><span class='ocrx_word' id='word_1_703' title='bbox 83 4862 103 4931; x_wconf 90' lang='lat' dir='ltr'><strong>i,</strong></span> <span class='ocrx_word' id='word_1_704' title='bbox 126 4862 238 4934; x_wconf 87' lang='lat' dir='ltr'><strong>dequo</strong></span> <span class='ocrx_word' id='word_1_705' title='bbox 263 4876 315 4918; x_wconf 93' lang='lat' dir='ltr'><strong>suo</strong></span> <span class='ocrx_word' id='word_1_706' title='bbox 338 4863 397 4919; x_wconf 93' lang='lat' dir='ltr'><strong>loco</strong></span> <span class='ocrx_word' id='word_1_707' title='bbox 423 4861 605 4934; x_wconf 91' lang='lat' dir='ltr'><strong>postmodum</strong></span> <span class='ocrx_word' id='word_1_708' title='bbox 631 4860 815 4917; x_wconf 89' lang='lat' dir='ltr'><strong>disseremus.</strong></span> 
     </span>
     <span class='ocr_line' id='line_1_68' title="bbox 84 4950 818 5021; baseline 0 -14"><span class='ocrx_word' id='word_1_709' title='bbox 84 4958 191 5019; x_wconf 73' lang='lat' dir='ltr'><strong>umen,</strong></span> <span class='ocrx_word' id='word_1_710' title='bbox 207 4952 268 5009; x_wconf 86' lang='lat' dir='ltr'><strong>sire</strong></span> <span class='ocrx_word' id='word_1_711' title='bbox 284 4951 374 5018; x_wconf 86' lang='lat' dir='ltr'><strong>nasci,</strong></span> <span class='ocrx_word' id='word_1_712' title='bbox 391 4951 452 5009; x_wconf 88' lang='lat' dir='ltr'><strong>sive</strong></span> <span class='ocrx_word' id='word_1_713' title='bbox 465 4951 537 5019; x_wconf 88' lang='lat' dir='ltr'><strong>lieri,</strong></span> <span class='ocrx_word' id='word_1_714' title='bbox 562 4963 613 5021; x_wconf 92' lang='lat' dir='ltr'><strong>pro</strong></span> <span class='ocrx_word' id='word_1_715' title='bbox 628 4963 690 5007; x_wconf 91' lang='lat' dir='ltr'><strong>esse</strong></span> <span class='ocrx_word' id='word_1_716' title='bbox 716 4963 753 5007; x_wconf 83' lang='lat' dir='ltr'><strong>ex</strong></span> <span class='ocrx_word' id='word_1_717' title='bbox 767 4950 818 5007; x_wconf 92' lang='lat' dir='ltr'><strong>ali·</strong></span> 
     </span>
    </p>
   </div>
   <div class='ocr_carea' id='block_1_8' title="bbox 78 5076 816 5574">
    <p class='ocr_par' dir='ltr' id='par_1_9' title="bbox 81 5076 530 5146">
     <span class='ocr_line' id='line_1_69' title="bbox 81 5076 530 5146; baseline 0.002 -14"><span class='ocrx_word' id='word_1_718' title='bbox 81 5076 203 5146; x_wconf 83' lang='lat' dir='ltr'><strong>lotrad,</strong></span> <span class='ocrx_word' id='word_1_719' title='bbox 218 5076 253 5132; x_wconf 91' lang='lat' dir='ltr'><strong>ad</strong></span> <span class='ocrx_word' id='word_1_720' title='bbox 269 5076 356 5134; x_wconf 89' lang='lat' dir='ltr'><strong>theol.</strong></span> <span class='ocrx_word' id='word_1_721' title='bbox 375 5077 530 5133; x_wconf 86' lang='lat' dir='ltr'><strong>animabus.</strong></span> 
     </span>
    </p>

    <p class='ocr_par' dir='ltr' id='par_1_10' title="bbox 79 5147 375 5215">
     <span class='ocr_line' id='line_1_70' title="bbox 79 5147 375 5215; baseline 0 -13"><span class='ocrx_word' id='word_1_722' title='bbox 79 5147 200 5215; x_wconf 78' lang='lat' dir='ltr'><strong>lotrad,</strong></span> <span class='ocrx_word' id='word_1_723' title='bbox 216 5150 375 5203; x_wconf 83' lang='lat' dir='ltr'><strong>necessario.</strong></span> 
     </span>
    </p>

    <p class='ocr_par' dir='ltr' id='par_1_11' title="bbox 80 5219 453 5289">
     <span class='ocr_line' id='line_1_71' title="bbox 80 5219 453 5289; baseline -0.003 -15"><span class='ocrx_word' id='word_1_724' title='bbox 80 5219 200 5286; x_wconf 66' lang='lat' dir='ltr'><strong>lutrod„</strong></span> <span class='ocrx_word' id='word_1_725' title='bbox 216 5235 265 5289; x_wconf 81' lang='lat' dir='ltr'><strong>pcc</strong></span> <span class='ocrx_word' id='word_1_726' title='bbox 281 5235 337 5274; x_wconf 85' lang='lat' dir='ltr'><strong>esse</strong></span> <span class='ocrx_word' id='word_1_727' title='bbox 351 5221 453 5287; x_wconf 78' lang='lat' dir='ltr'><strong>aliquo.</strong></span> 
     </span>
    </p>

    <p class='ocr_par' dir='ltr' id='par_1_12' title="bbox 79 5289 357 5359">
     <span class='ocr_line' id='line_1_72' title="bbox 79 5289 357 5359; baseline 0.007 -16"><span class='ocrx_word' id='word_1_728' title='bbox 79 5289 201 5359; x_wconf 78' lang='lat' dir='ltr'><strong>Introd,</strong></span> <span class='ocrx_word' id='word_1_729' title='bbox 218 5295 357 5345; x_wconf 71' lang='lat' dir='ltr'><strong>cumeani-a</strong></span> 
     </span>
    </p>

    <p class='ocr_par' dir='ltr' id='par_1_13' title="bbox 78 5361 370 5430">
     <span class='ocr_line' id='line_1_73' title="bbox 78 5361 370 5430; baseline 0 -15"><span class='ocrx_word' id='word_1_730' title='bbox 78 5361 201 5430; x_wconf 67' lang='lat' dir='ltr'><strong>lotroci„</strong></span> <span class='ocrx_word' id='word_1_731' title='bbox 221 5362 370 5416; x_wconf 82' lang='lat' dir='ltr'><strong>abutimur.</strong></span> 
     </span>
    </p>

    <p class='ocr_par' dir='ltr' id='par_1_14' title="bbox 80 5432 377 5502">
     <span class='ocr_line' id='line_1_74' title="bbox 80 5432 377 5502; baseline -0.007 -14"><span class='ocrx_word' id='word_1_732' title='bbox 80 5432 202 5499; x_wconf 85' lang='lat' dir='ltr'><strong>introd,</strong></span> <span class='ocrx_word' id='word_1_733' title='bbox 216 5434 267 5488; x_wconf 83' lang='lat' dir='ltr'><strong>Dei</strong></span> <span class='ocrx_word' id='word_1_734' title='bbox 279 5434 377 5502; x_wconf 76' lang='lat' dir='ltr'><strong>filiunt.</strong></span> 
     </span>
    </p>

    <p class='ocr_par' dir='ltr' id='par_1_15' title="bbox 80 5499 816 5574">
     <span class='ocr_line' id='line_1_75' title="bbox 80 5499 816 5574; baseline -0.005 -14"><span class='ocrx_word' id='word_1_735' title='bbox 80 5501 150 5574; x_wconf 84' lang='lat' dir='ltr'><strong>Cap.</strong></span> <span class='ocrx_word' id='word_1_736' title='bbox 190 5506 217 5558; x_wconf 91' lang='lat' dir='ltr'><strong>ll</strong></span> <span class='ocrx_word' id='word_1_737' title='bbox 254 5512 281 5561; x_wconf 91' lang='lat' dir='ltr'><strong>ct</strong></span> <span class='ocrx_word' id='word_1_738' title='bbox 315 5505 347 5558; x_wconf 71' lang='lat' dir='ltr'><strong>ld</strong></span> <span class='ocrx_word' id='word_1_739' title='bbox 380 5501 499 5571; x_wconf 71' lang='lat' dir='ltr'><strong>introii„</strong></span> <span class='ocrx_word' id='word_1_740' title='bbox 546 5499 621 5558; x_wconf 82' lang='lat' dir='ltr'><strong>Unde</strong></span> <span class='ocrx_word' id='word_1_741' title='bbox 658 5500 816 5559; x_wconf 80' lang='lat' dir='ltr'><strong>Gennadius</strong></span> 
     </span>
    </p>
   </div>
   <div class='ocr_carea' id='block_1_9' title="bbox 872 4679 1724 5027">
    <p class='ocr_par' dir='ltr' id='par_1_16' title="bbox 872 4679 1724 5027">
     <span class='ocr_line' id='line_1_76' title="bbox 873 4679 1723 4751; baseline -0.006 -11"><span class='ocrx_word' id='word_1_742' title='bbox 873 4684 959 4751; x_wconf 89' lang='lat' dir='ltr'><strong>tacta,</strong></span> <span class='ocrx_word' id='word_1_743' title='bbox 984 4684 1045 4740; x_wconf 88' lang='lat' dir='ltr'><strong>sive</strong></span> <span class='ocrx_word' id='word_1_744' title='bbox 1071 4683 1215 4739; x_wconf 90' lang='lat' dir='ltr'><strong>ordinata.</strong></span> <span class='ocrx_word' id='word_1_745' title='bbox 1234 4680 1315 4737; x_wconf 90' lang='lat' dir='ltr'><strong>Unde</strong></span> <span class='ocrx_word' id='word_1_746' title='bbox 1341 4680 1559 4750; x_wconf 88' lang='lat' dir='ltr'><strong>scriptumest:</strong></span> <span class='ocrx_word' id='word_1_747' title='bbox 1587 4679 1664 4746; x_wconf 81' lang='lat' dir='ltr'><strong>Quod</strong></span> <span class='ocrx_word' id='word_1_748' title='bbox 1677 4681 1723 4746; x_wconf 79' lang='lat' dir='ltr'><strong>sa·</strong></span> 
     </span>
     <span class='ocr_line' id='line_1_77' title="bbox 872 4769 1723 4843; baseline -0.005 -15"><span class='ocrx_word' id='word_1_749' title='bbox 872 4777 1000 4829; x_wconf 84' lang='lat' dir='ltr'><strong>ctumcst</strong></span> <span class='ocrx_word' id='word_1_750' title='bbox 1020 4775 1128 4843; x_wconf 87' lang='lat' dir='ltr'><strong>inipso</strong></span> <span class='ocrx_word' id='word_1_751' title='bbox 1156 4773 1214 4827; x_wconf 87' lang='lat' dir='ltr'><strong>nita</strong></span> <span class='ocrx_word' id='word_1_752' title='bbox 1239 4775 1298 4827; x_wconf 85' lang='lat' dir='ltr'><strong>erat</strong></span> <span class='ocrx_word' id='word_1_753' title='bbox 1322 4771 1411 4840; x_wconf 85' lang='lat' dir='ltr'><strong>(Joan.</strong></span> <span class='ocrx_word' id='word_1_754' title='bbox 1442 4786 1462 4837; x_wconf 91' lang='lat'><strong>1,</strong></span> <span class='ocrx_word' id='word_1_755' title='bbox 1486 4770 1523 4840; x_wconf 83' lang='grc'><strong>3),</strong></span> <span class='ocrx_word' id='word_1_756' title='bbox 1549 4771 1604 4826; x_wconf 84' lang='lat' dir='ltr'><strong>boc</strong></span> <span class='ocrx_word' id='word_1_757' title='bbox 1624 4776 1666 4827; x_wconf 90' lang='grc' dir='ltr'><strong>εει</strong></span> <span class='ocrx_word' id='word_1_758' title='bbox 1692 4769 1723 4824; x_wconf 90' lang='lat' dir='ltr'><strong>in</strong></span> 
     </span>
     <span class='ocr_line' id='line_1_78' title="bbox 874 4857 1724 4933; baseline -0.005 -17"><span class='ocrx_word' id='word_1_759' title='bbox 874 4861 934 4931; x_wconf 90' lang='lat' dir='ltr'><strong>ipsa</strong></span> <span class='ocrx_word' id='word_1_760' title='bbox 952 4869 1107 4933; x_wconf 86' lang='lat' dir='ltr'><strong>antequam</strong></span> <span class='ocrx_word' id='word_1_761' title='bbox 1129 4861 1230 4917; x_wconf 87' lang='lat' dir='ltr'><strong>flerent</strong></span> <span class='ocrx_word' id='word_1_762' title='bbox 1245 4858 1429 4931; x_wconf 83' lang='lat' dir='ltr'><strong>providentia</strong></span> <span class='ocrx_word' id='word_1_763' title='bbox 1454 4858 1560 4914; x_wconf 77' lang='lat' dir='ltr'><strong>divium</strong></span> <span class='ocrx_word' id='word_1_764' title='bbox 1575 4857 1724 4928; x_wconf 84' lang='lat' dir='ltr'><strong>sapientiae</strong></span> 
     </span>
     <span class='ocr_line' id='line_1_79' title="bbox 872 4947 1721 5027; baseline -0.007 -20"><span class='ocrx_word' id='word_1_765' title='bbox 872 4950 1102 5008; x_wconf 90' lang='lat' dir='ltr'><strong>commodissime</strong></span> <span class='ocrx_word' id='word_1_766' title='bbox 1117 4957 1200 5006; x_wconf 88' lang='lat' dir='ltr'><strong>erant</strong></span> <span class='ocrx_word' id='word_1_767' title='bbox 1214 4950 1358 5006; x_wconf 86' lang='lat' dir='ltr'><strong>ordinata.</strong></span> <span class='ocrx_word' id='word_1_768' title='bbox 1379 4949 1451 5004; x_wconf 90' lang='lat' dir='ltr'><strong>ilinc</strong></span> <span class='ocrx_word' id='word_1_769' title='bbox 1472 4960 1576 5003; x_wconf 89' lang='lat' dir='ltr'><strong>rursus</strong></span> <span class='ocrx_word' id='word_1_770' title='bbox 1590 4947 1697 5027; x_wconf 83' lang='lat' dir='ltr'><strong>dicitur</strong></span> <span class='ocrx_word' id='word_1_771' title='bbox 1714 4962 1721 5001; x_wconf 75' lang='grc' dir='ltr'><strong>ε</strong></span> 
     </span>
    </p>
   </div>
   <div class='ocr_carea' id='block_1_10' title="bbox 871 5071 1722 5572">
    <p class='ocr_par' dir='ltr' id='par_1_17' title="bbox 871 5071 1722 5355">
     <span class='ocr_line' id='line_1_80' title="bbox 873 5071 1722 5146; baseline -0.006 -15"><span class='ocrx_word' id='word_1_772' title='bbox 873 5075 919 5131; x_wconf 80' lang='lat' dir='ltr'><strong>lid.</strong></span> <span class='ocrx_word' id='word_1_773' title='bbox 946 5077 983 5129; x_wconf 80' lang='lat' dir='ltr'><strong>lle</strong></span> <span class='ocrx_word' id='word_1_774' title='bbox 1003 5073 1155 5130; x_wconf 84' lang='lat' dir='ltr'><strong>ortltodoca</strong></span> <span class='ocrx_word' id='word_1_775' title='bbox 1173 5074 1237 5146; x_wconf 74' lang='lat' dir='ltr'><strong>fide,</strong></span> <span class='ocrx_word' id='word_1_776' title='bbox 1261 5079 1289 5130; x_wconf 88' lang='lat' dir='ltr'><strong>et</strong></span> <span class='ocrx_word' id='word_1_777' title='bbox 1303 5081 1378 5131; x_wconf 88' lang='lat' dir='ltr'><strong>cerlo</strong></span> <span class='ocrx_word' id='word_1_778' title='bbox 1401 5071 1520 5140; x_wconf 88' lang='lat' dir='ltr'><strong>rectius,</strong></span> <span class='ocrx_word' id='word_1_779' title='bbox 1537 5071 1722 5144; x_wconf 83' lang='lat' dir='ltr'><strong>nequeenim</strong></span> 
     </span>
     <span class='ocr_line' id='line_1_81' title="bbox 871 5142 1722 5216; baseline -0.007 -13"><span class='ocrx_word' id='word_1_780' title='bbox 871 5142 1053 5216; x_wconf 81' lang='lat' dir='ltr'><strong>augustinus</strong></span> <span class='ocrx_word' id='word_1_781' title='bbox 1074 5153 1116 5201; x_wconf 88' lang='grc' dir='ltr'><strong>εει</strong></span> <span class='ocrx_word' id='word_1_782' title='bbox 1130 5153 1232 5202; x_wconf 87' lang='lat' dir='ltr'><strong>auctor</strong></span> <span class='ocrx_word' id='word_1_783' title='bbox 1247 5144 1313 5202; x_wconf 92' lang='lat' dir='ltr'><strong>libri</strong></span> <span class='ocrx_word' id='word_1_784' title='bbox 1338 5146 1377 5200; x_wconf 84' lang='lat' dir='ltr'><strong>lle</strong></span> <span class='ocrx_word' id='word_1_785' title='bbox 1401 5144 1563 5201; x_wconf 83' lang='lat' dir='ltr'><strong>orthodoxa</strong></span> <span class='ocrx_word' id='word_1_786' title='bbox 1587 5143 1652 5210; x_wconf 87' lang='lat' dir='ltr'><strong>tide,</strong></span> <span class='ocrx_word' id='word_1_787' title='bbox 1670 5142 1722 5199; x_wconf 89' lang='lat' dir='ltr'><strong>etsi</strong></span> 
     </span>
     <span class='ocr_line' id='line_1_82' title="bbox 872 5212 1722 5286; baseline -0.005 -12"><span class='ocrx_word' id='word_1_788' title='bbox 872 5216 1034 5286; x_wconf 87' lang='lat' dir='ltr'><strong>reperiatur</strong></span> <span class='ocrx_word' id='word_1_789' title='bbox 1061 5215 1137 5272; x_wconf 91' lang='lat' dir='ltr'><strong>inter</strong></span> <span class='ocrx_word' id='word_1_790' title='bbox 1151 5216 1214 5286; x_wconf 78' lang='lat' dir='ltr'><strong>eius</strong></span> <span class='ocrx_word' id='word_1_791' title='bbox 1229 5229 1326 5285; x_wconf 88' lang='lat' dir='ltr'><strong>opera,</strong></span> <span class='ocrx_word' id='word_1_792' title='bbox 1341 5213 1390 5270; x_wconf 90' lang='lat' dir='ltr'><strong>sed</strong></span> <span class='ocrx_word' id='word_1_793' title='bbox 1412 5214 1580 5272; x_wconf 87' lang='lat' dir='ltr'><strong>Gennadius</strong></span> <span class='ocrx_word' id='word_1_794' title='bbox 1603 5212 1722 5285; x_wconf 88' lang='lat' dir='ltr'><strong>presby-</strong></span> 
     </span>
     <span class='ocr_line' id='line_1_83' title="bbox 872 5286 1523 5355; baseline -0.011 -9"><span class='ocrx_word' id='word_1_795' title='bbox 872 5294 916 5346; x_wconf 87' lang='lat' dir='ltr'><strong>ter</strong></span> <span class='ocrx_word' id='word_1_796' title='bbox 928 5286 1124 5353; x_wconf 79' lang='lat' dir='ltr'><strong>Massiliensis,</strong></span> <span class='ocrx_word' id='word_1_797' title='bbox 1141 5295 1174 5343; x_wconf 90' lang='lat' dir='ltr'><strong>ut</strong></span> <span class='ocrx_word' id='word_1_798' title='bbox 1189 5299 1279 5355; x_wconf 85' lang='lat' dir='ltr'><strong>supra</strong></span> <span class='ocrx_word' id='word_1_799' title='bbox 1291 5286 1523 5343; x_wconf 88' lang='lat' dir='ltr'><strong>observavimus.</strong></span> 
     </span>
    </p>

    <p class='ocr_par' dir='ltr' id='par_1_18' title="bbox 920 5354 1416 5428">
     <span class='ocr_line' id='line_1_84' title="bbox 920 5354 1416 5428; baseline -0.002 -16"><span class='ocrx_word' id='word_1_800' title='bbox 920 5358 966 5428; x_wconf 82' lang='lat'><strong>76)</strong></span> <span class='ocrx_word' id='word_1_801' title='bbox 980 5357 1090 5415; x_wconf 87' lang='lat' dir='ltr'><strong>lutrod.</strong></span> <span class='ocrx_word' id='word_1_802' title='bbox 1106 5357 1182 5414; x_wconf 89' lang='lat' dir='ltr'><strong>deest</strong></span> <span class='ocrx_word' id='word_1_803' title='bbox 1192 5358 1316 5425; x_wconf 83' lang='lat' dir='ltr'><strong>uirtutes,</strong></span> <span class='ocrx_word' id='word_1_804' title='bbox 1331 5354 1416 5413; x_wconf 91' lang='lat' dir='ltr'><strong>male.</strong></span> 
     </span>
    </p>

    <p class='ocr_par' dir='ltr' id='par_1_19' title="bbox 871 5425 1722 5572">
     <span class='ocr_line' id='line_1_85' title="bbox 919 5425 1722 5501; baseline 0.002 -18"><span class='ocrx_word' id='word_1_805' title='bbox 919 5429 965 5501; x_wconf 79' lang='lat'><strong>77)</strong></span> <span class='ocrx_word' id='word_1_806' title='bbox 982 5427 1112 5486; x_wconf 88' lang='lat' dir='ltr'><strong>ineditis</strong></span> <span class='ocrx_word' id='word_1_807' title='bbox 1128 5426 1270 5486; x_wconf 87' lang='lat' dir='ltr'><strong>Gennadii</strong></span> <span class='ocrx_word' id='word_1_808' title='bbox 1295 5428 1373 5501; x_wconf 90' lang='lat' dir='ltr'><strong>apud</strong></span> <span class='ocrx_word' id='word_1_809' title='bbox 1388 5426 1590 5501; x_wconf 80' lang='lat' dir='ltr'><strong>augustinum</strong></span> <span class='ocrx_word' id='word_1_810' title='bbox 1614 5425 1722 5488; x_wconf 84' lang='lat' dir='ltr'><strong>deside·</strong></span> 
     </span>
     <span class='ocr_line' id='line_1_86' title="bbox 871 5500 1242 5572; baseline -0.003 -15"><span class='ocrx_word' id='word_1_811' title='bbox 871 5509 957 5560; x_wconf 86' lang='lat' dir='ltr'><strong>ratur</strong></span> <span class='ocrx_word' id='word_1_812' title='bbox 971 5500 1096 5560; x_wconf 81' lang='lat' dir='ltr'><strong>uerbum</strong></span> <span class='ocrx_word' id='word_1_813' title='bbox 1107 5502 1242 5572; x_wconf 68' lang='lat' dir='ltr'><strong>romaici.</strong></span> 
     </span>
    </p>
   </div>
   <div class='ocr_carea' id='block_1_11' title="bbox 0 0 1906 5962">
    <p class='ocr_par' dir='ltr' id='par_1_20' title="bbox 0 0 1906 5962">
     <span class='ocr_line' id='line_1_87' title="bbox 0 0 1906 5962; baseline 0 2"><span class='ocrx_word' id='word_1_814' title='bbox 0 0 1906 5962; x_wconf 95' lang='lat' dir='ltr'><strong> </strong></span> 
     </span>
    </p>
   </div>
  </div>
 </body>
</html>
