3804 5962
133 252 182 307 831
396 249 499 307 PETRI
517 247 704 307 eculeum
722 248 800 307 OPP.
819 248 909 306 PARS
928 249 977 306 ill,
993 279 1029 294 -
1041 245 1264 306 xuuolodlct
1278 246 1322 304 ET
1341 244 1613 305 Puluosorfflcn.

129 383 172 432 est
195 387 253 445 pax
274 382 384 444 nostra,
422 380 455 431 ut
488 374 563 431 idem
582 373 623 430 alt
657 373 821 444 Apostolus,
853 379 882 430 et
910 372 979 432 lacit
994 377 1018 429 ll
1033 374 1138 431 derunt
1166 373 1202 430 de
1229 386 1262 430 eo
1286 371 1404 444 quidem
1422 370 1611 428 comminanti
1626 368 1772 427 etdicenti

130 471 290 535 utrumque
309 477 404 519 unum
418 462 532 534 (Epiros.
549 480 579 532 ιι,
593 464 647 529 ll).
663 464 717 528 Qui
732 470 760 520 et
775 463 810 519 de
829 463 981 534 semetipso
1035 466 1107 522 enim
1132 465 1234 518 securis
1277 462 1313 516 od
1334 459 1455 516 radicem
1473 459 1579 515 arboris
1600 463 1693 529 posito
1717 463 1766 514 ιιι.

131 554 190 610 ait:
216 556 273 620 Epo
302 567 363 607 sum
395 555 442 607 oio
462 553 550 624 (loun.
586 567 642 619 xlv,
657 552 704 621 6);
720 566 768 621 eqo
782 566 843 607 sum
861 554 978 621 ostium;
1034 556 1108 609 euim
1130 551 1212 607 arbor·
1231 566 1290 621 quae
1308 566 1361 605 ιιιιι
1389 550 1458 617 lucit
1485 551 1618 616 fructum,
1642 556 1695 605 etc.
1713 547 1775 619 (llo

127 658 179 713 per
211 657 253 696 ιιι
277 645 301 695 ιι
326 643 388 708 quis
416 643 562 709 introierit,
594 641 747 696 salvabitur
775 641 864 711 (loon.
892 655 921 710 ιι,
942 643 978 710 9).
1036 642 1090 714 lo).
1118 641 1178 696 Hoc
1204 646 1246 696 est
1273 637 1351 710 quod
1365 638 1511 709 supponit.
1527 639 1586 695 Nou
1599 642 1639 692 ιιι
1664 639 1749 692 timor

132 731 213 786 Hane
223 729 340 800 quidem
356 729 434 785 viam
446 743 509 790 non¹
518 719 726 800 cognoverunt,
738 730 766 785 id
779 736 822 786 est
831 728 978 786 Christum
1032 734 1075 783 est
1090 726 1182 782 oeulis
1200 725 1367 783 carnalibus
1390 726 1461 793 suis,
1490 725 1600 796 quibus
1624 725 1775 782 infirmitat

131 818 183 890 qui
208 832 261 889 pro
285 817 452 874 infirmitate
467 817 563 874 carnis
583 831 651 874 enm
666 825 910 889 contempserunt,
927 826 979 875 aut
1033 815 1239 887 percipiebant,
1253 822 1349 872 actum
1364 822 1406 871 est
1422 822 1454 872 ut
1476 829 1543 872 eum
1559 822 1699 886 tanquam
1716 816 1776 872 beu

132 921 240 979 purum
255 906 402 963 bominem
424 906 619 975 crediderunt,
636 921 669 964 ac
685 921 735 978 per
757 906 811 963 hoc
837 913 978 979 tanquam
1032 911 1204 967 metuerent,
1231 917 1298 961 cum
1313 903 1374 962 sola
1402 905 1467 975 ejus
1495 903 1648 960 infirmitas
1676 903 1775 960 humer

132 994 286 1053 Dominum
297 1009 365 1052 eum
387 996 503 1052 reveriti
516 1010 573 1052 nou
588 1002 666 1064 sunt,
683 1010 736 1052 nee
750 995 853 1053 loanni
880 995 977 1052 credi·
1032 1010 1090 1053 non
1106 995 1241 1067 majestas
1256 1001 1407 1065 appareret
1422 993 1595 1051 divinitatis.

670 1321 889 1416 LIBER
940 1314 1334 1416 SECUNDUS.

169 1626 275 1683 Scimus
303 1631 404 1682 cotem.
428 1625 512 1683 lledit
546 1625 699 1697 Apostolus
722 1626 758 1683 ad
783 1626 976 1685 invectionem
992 1626 1013 1680 B
1032 1627 1111 1684 istud
1120 1626 1281 1699 subjungit,
1302 1625 1447 1706 perlegam
1466 1624 1603 1682 claimed
1623 1622 1695 1681 illud
1710 1636 1775 1681 vern

133 1715 312 1784 ludaeorum,
345 1722 379 1771 ut
401 1715 477 1771 sicut
500 1714 620 1772 abstulit
641 1715 682 1772 eis
715 1715 915 1788 gloriationem
944 1714 978 1772 de
1032 1719 1099 1787 quio
1121 1733 1155 1771 oc
1176 1716 1312 1786 operibm,
1328 1722 1393 1782 ιιι,
1425 1714 1502 1771 istud
1515 1713 1659 1785 supponit,
1687 1715 1768 1771 Nunc

133 1804 360 1871 circumcisione,
376 1802 490 1861 auferat
504 1804 581 1861 etde
602 1804 664 1876 lege
687 1804 733 1861 vei
753 1805 979 1876 quibuscunque
1032 1810 1099 1873 ιιιι,
1114 1813 1167 1863 ιιι.
1183 1803 1229 1861 Sic
1240 1804 1397 1861 continua:
1414 1803 1509 1870 Quare
1536 1816 1586 1873 per
1613 1801 1705 1874 legem
1738 1815 1775 1858 co]

133 1893 301 1953 carnalibus
323 1893 524 1959 observantiis,
541 1907 577 1950 ne
599 1893 671 1952 torte
684 1895 812 1952 maxime
834 1893 926 1968 legem
948 1894 978 1951 in
1033 1910 1116 1954 asna
1126 1895 1296 1968 gloriatione
1311 1894 1442 1951 homines
1472 1894 1604 1962 debeant,
1622 1892 1775 1965 quiperc

133 1997 166 2040 ιο
190 1982 406 2040 commendasse
433 1981 591 2048 videretur,
617 1983 696 2054 quod
723 1981 837 2040 dixerat
855 1984 979 2054 ιιιιιιιι
1033 1984 1214 2043 excusabiles
1227 1998 1245 2040 a
1258 1984 1383 2055 peccatis
1396 1983 1458 2040 suis
1479 1982 1606 2039 maxime
1621 1981 1775 2038 redduntur

134 2072 255 2142 quidem,
279 2073 349 2145 quia
373 2070 481 2129 credita
505 2077 575 2128 sunt
597 2070 656 2128 illis
670 2071 787 2143 eloquia
807 2071 867 2129 liei.
899 2070 980 2143 Legis
1034 2088 1085 2147 per
1104 2078 1380 2146 eamcognovernnt
1398 2072 1594 2142 potiusquam
1617 2070 1775 2127 amiserunt

134 2174 204 2233 ergo
214 2161 415 2234 gloriationem
431 2175 481 2232 per
496 2160 549 2217 ltoc
573 2161 699 2231 primum
720 2161 822 2229 aulert,
839 2160 917 2232 qnod
932 2175 980 2217 eos
1033 2162 1119 2221 etiam
1135 2169 1291 2231 auxerunt,
1307 2170 1335 2219 et
1348 2162 1378 2219 in
1391 2160 1584 2234 sequentibus
1604 2159 1736 2217 dicturus
1759 2172 1775 2216 e

134 2264 185 2321 per
200 2250 292 2321 legem
314 2251 409 2320 magis
432 2250 516 2321 argui
540 2264 629 2321 quam
655 2250 811 2322 justificari
823 2249 978 2307 convincit.
1032 2257 1177 2325 potsupro
1190 2250 1426 2321 modumpecccns
1442 2256 1585 2321 peccatum
1597 2261 1650 2320 per
1717 2250 1775 2306 Nur

135 2337 335 2395 Continuatio:
349 2337 467 2394 induxit
482 2338 643 2395 testimonla
665 2352 701 2395 ex
724 2338 796 2410 lege,
825 2338 854 2395 id
873 2339 979 2396 estve·
1034 2346 1096 2398 tem.
1113 2340 1177 2396 Dixi
1190 2354 1228 2397 ex
1253 2339 1389 2411 operibus
1410 2339 1534 2411 propriis
1548 2337 1619 2409 legis
1638 2337 1763 2408 scriptae,

134 2426 189 2483 teri
197 2426 387 2494 testamento,
402 2439 634 2497 perquaeomnes
644 2440 786 2495 reosesse,
797 2433 856 2484 tam
866 2427 980 2485 ludaeos
1033 2429 1198 2504 figurativis
1214 2429 1270 2487 illis
1285 2428 1433 2499 praecptis
1448 2442 1514 2499 quae
1528 2426 1575 2484 lex
1590 2424 1735 2484 naturalis
1755 2425 1775 2498 ig

134 2514 243 2572 scilicet
257 2528 346 2585 quam
364 2514 495 2587 gentiles,
512 2520 663 2571 astrueret.
682 2514 734 2572 Sed
747 2515 856 2573 scimus
866 2515 980 2573 luteos
1008 2590 1009 2594 Ἰ
1033 2517 1340 2590 neminemjustiircari
1355 2516 1432 2588 apud
1457 2517 1558 2584 ileum,
1583 2514 1631 2572 sed
1660 2526 1752 2582 nunc,

134 2603 262 2661 maxime
277 2604 323 2660 bis
344 2603 441 2674 argui,
468 2602 578 2674 quibus
606 2604 724 2675 quidem
748 2604 842 2661 solum
866 2619 925 2662 non
946 2605 981 2661 de
1035 2607 1209 2679 intempore
1231 2606 1332 2680 gratia
1355 2605 1476 2676 justitiae
1492 2604 1553 2672 Uei,
1569 2604 1597 2661 id
1623 2609 1666 2660 est
1688 2616 1775 2674 qnam

134 2694 200 2751 solis
224 2693 272 2749 lex
301 2693 442 2764 loquitur,
458 2707 525 2750 cum
549 2692 591 2749 eis
619 2692 765 2751 solisdata
788 2694 877 2753 inerit
891 2702 981 2767 atque
1033 2695 1184 2767 approbat,
1201 2702 1229 2752 et
1243 2709 1295 2766 per
1309 2708 1398 2767 quam
1425 2694 1503 2766 apud
1525 2695 1616 2750 [lenm
1629 2691 1775 2764 iustificati

136 2782 278 2854 imposita.
306 2782 459 2839 Elbocest
482 2781 560 2853 quod
587 2781 640 2850 ait,
658 2785 758 2838 scimus
782 2789 884 2853 cutem,
912 2791 979 2849 etc..
1034 2788 1077 2842 est
1091 2785 1217 2841 charitas
1231 2792 1273 2841 est
1289 2784 1449 2847 manifesta,
1470 2797 1522 2854 per
1544 2781 1753 2853 evangelicam,
1773 2800 1775 2833 ι

133 2885 168 2928 ac
189 2873 211 2927 si
231 2871 359 2929 diceret:
376 2873 513 2938 Quamvis
533 2871 681 2941 praemissa
704 2873 980 2930 testimoniacontra
1034 2875 1206 2930 doctrinam.
1222 2875 1287 2930 Sine
1313 2873 1378 2941 iope,
1406 2873 1434 2928 id
1452 2879 1494 2929 est
1508 2870 1673 2928 carnalibus
1696 2869 1775 2926 illise

135 2959 255 3030 gentiles
269 2973 386 3031 quoque
401 2959 512 3030 exlege
526 2958 738 3031 collegerimus,
764 2968 859 3018 tannen
872 2962 980 3019 seimus
997 2932 1106 3035 ⁰'priis
1116 2962 1308 3020 observantiis
1322 2962 1403 3032 legis,
1418 2961 1469 3017 illa
1483 2969 1579 3017 tamen
1594 2959 1667 3027 dico,
1680 2959 1775 3014 Justm

134 3047 225 3120 legem
239 3064 297 3105 non
320 3049 362 3104 eis
381 3047 616 3116 luisselocutam,
634 3049 740 3119 quibus
764 3051 831 3107 data
848 3064 906 3106 non
920 3049 980 3106 iue-
1034 3053 1117 3121 ficato
1129 3069 1146 3106 c
1160 3053 1216 3120 leqe
1242 3055 1268 3105 ct
1283 3050 1437 3122 prophetis,
1465 3049 1517 3120 qui
1541 3062 1605 3104 eam
1633 3060 1751 3119 quoque

134 3145 188 3206 rat,
209 3136 273 3194 licet
289 3136 324 3192 de
346 3135 397 3192 eis.
415 3136 469 3192 Sed
489 3136 531 3190 lis
552 3141 658 3191 tontum
674 3139 723 3203 qui
750 3138 979 3207 dalmasticam
1035 3140 1128 3211 piunt.
1151 3140 1232 3198 Unde
1250 3154 1318 3196 vero
1340 3140 1402 3195 ιιι
1423 3138 1537 3210 justitia
1558 3137 1690 3208 pendeat,
1707 3135 1774 3192 stati

79 3264 82 3269 -
134 3234 175 3281 cst
190 3224 359 3297 professioni
377 3232 516 3294 snsceptae
541 3225 612 3297 legis
627 3233 764 3283 tenentur
786 3226 905 3284 astricti.
919 3227 979 3283 No·
1034 3229 1122 3287 nectit
1149 3229 1265 3286 dicens:
1296 3231 1412 3284 iustitio
1437 3234 1529 3282 ιιιιιι
1554 3229 1611 3282 boi.
1642 3224 1740 3281 Fidem

136 3314 256 3370 tandum
277 3312 349 3385 legis
375 3313 491 3370 nomine
519 3314 696 3386 quandoque
719 3317 834 3386 proprio
848 3316 980 3388 quinque
1035 3319 1104 3376 dicit
1116 3332 1206 3391 quam
1221 3318 1256 3376 de
1271 3318 1331 3389 ipso
1346 3317 1498 3384 habemus,
1514 3330 1580 3372 eum
1595 3313 1693 3370 siveei
1704 3311 1751 3369 vei
1771 3313 1775 3368 i

133 3408 246 3459 tantum
262 3401 351 3458 libros
370 3402 459 3472 lioysl
474 3403 689 3474 comprehendi,
706 3405 978 3476 quandoqueetiam
1035 3408 1186 3465 credendo.
1205 3407 1284 3464 Unde
1314 3414 1342 3464 et
1365 3420 1432 3464 cum
1467 3405 1573 3476 adjecit
1595 3407 1643 3474 qut
1672 3401 1775 3458 oedem

136 3498 226 3547 totum
237 3492 327 3549 Vetus
339 3491 564 3560 testamentum,
586 3492 660 3549 sicut
689 3493 718 3548 in
733 3493 787 3551 hoc
809 3493 880 3551 loco.
896 3494 979 3552 Unde
1034 3496 1145 3552 addidit
1160 3496 1264 3552 borum
1281 3495 1418 3566 aliquem,
1430 3501 1463 3551 ut
1487 3507 1569 3564 teque
1584 3492 1621 3547 ad
1636 3491 1733 3548 omnia
1748 3503 1775 3547 se

135 3580 326 3651 Augustinus,
353 3583 391 3635 bc
412 3582 513 3635 ιιιιιιι.
539 3580 588 3637 lib.
615 3596 664 3650 xv,
688 3581 759 3653 legis
785 3583 902 3640 nomine
921 3581 978 3638 ali·
1034 3592 1086 3641 ιιι.
1103 3584 1224 3653 Exime,
1241 3581 1501 3655 quamdeClrristo
1531 3581 1682 3647 babemus,
1706 3579 1775 3635 char

132 3669 251 3741 quando
267 3668 365 3725 omnia
379 3668 488 3726 Veteris
503 3670 692 3728 instrumenti
702 3672 828 3743 eloquia,
844 3671 976 3743 aliquan·
1034 3673 1170 3730 nobisest
1192 3682 1363 3744 propagata,
1394 3670 1464 3742 qnia
1487 3685 1537 3740 per
1559 3669 1614 3725 hoc
1646 3667 1775 3750 quod-to

132 3757 169 3816 do
179 3766 274 3816 autem
285 3758 397 3828 proprie
419 3757 466 3815 lex
488 3758 603 3825 dicitnr,
617 3774 682 3830 quae
698 3775 748 3831 per
771 3760 896 3832 Moysem
911 3761 979 3817 data
1035 3763 1125 3819 ileum
1136 3762 1167 3818 iu
1180 3761 1292 3819 Christo
1302 3767 1429 3818 nostram
1450 3767 1586 3816 naturam
1601 3757 1657 3814 sibi
1686 3755 1775 3814 unies

133 3853 183 3904 est.
210 3848 244 3903 Ut
259 3849 385 3903 itcomac
398 3862 427 3902 ιι
441 3848 611 3917 obstruatur,
641 3849 668 3905 id
684 3856 727 3905 est
741 3856 942 3920 compescatur
951 3856 979 3905 ιι
1034 3853 1096 3923 ipsa
1106 3851 1240 3923 patiendo
1255 3863 1399 3908 summam
1421 3849 1500 3906 illam
1519 3846 1691 3905 charitatem
1715 3844 1773 3902 nob

131 3936 272 3994 conticeat
286 3951 304 3993 a
318 3951 373 3995 sua
388 3936 570 4008 gloriatione,
587 3945 614 3994 et
626 3952 684 3993 non
699 3938 847 4008 aperiatur
859 3937 913 3996 nisi
949 3938 978 3994 in
1035 3942 1173 4009 bibnisse,
1188 3940 1223 3998 de
1236 3955 1295 4012 qua
1311 3941 1369 4010 ipse
1384 3939 1424 3996 ait
1439 3953 1446 3993 :
1471 3938 1603 4009 mojorem
1630 3937 1680 3992 lice
1708 3934 1775 3990 dilen

132 4023 370 4097 glorificationem
392 4025 453 4091 Uei,
476 4039 542 4082 cum
563 4026 671 4083 scilicet
702 4026 929 4084 intellexerimus
945 4027 978 4083 il·
1034 4047 1110 4088 ιιιιι
1138 4031 1218 4086 babet
1244 4031 1334 4100 (locu.
1366 4042 1413 4098 xv,
1444 4028 1499 4101 13),
1526 4034 1593 4093 ιιι,
1623 4032 1681 4081 tam
1706 4021 1762 4094 ipsi

132 4113 190 4170 lius
219 4129 337 4186 quoque
362 4114 518 4185 peculiaris
548 4115 645 4185 populi
666 4115 714 4172 [lei
736 4116 896 4173 maximam
918 4116 978 4188 glo·
1035 4118 1167 4190 proximo
1182 4126 1298 4190 propter
1313 4118 1409 4189 ipsum
1434 4115 1583 4173 insolubili
1599 4111 1707 4170 amoris
1727 4124 1775 4168 nen

132 4203 217 4271 riam,
242 4217 332 4274 qnam
359 4217 396 4260 ex
423 4203 485 4276 lege
514 4204 660 4261 habebant
684 4212 825 4276 tanquam
842 4219 895 4276 per
915 4205 979 4277 ejus
1035 4209 1187 4265 baeremus.
1219 4207 1301 4266 Unde
1323 4214 1350 4262 et
1375 4207 1405 4262 in
1431 4204 1622 4276 sequentibus
1646 4199 1775 4271 scriptun

131 4305 263 4361 operase
286 4292 441 4362 iustificari
465 4293 651 4362 arbitrantes,
681 4293 795 4351 nullam
816 4308 877 4352 esse
893 4307 976 4365 repo·
1034 4298 1173 4366 Quiscrqo
1198 4312 1246 4351 ιιι
1270 4294 1447 4366 separabitur
1472 4295 1608 4350 claritate
1634 4290 1710 4347 Dei?
1736 4291 1775 4344 tri

132 4380 260 4438 taudam.
276 4383 313 4436 lit
338 4385 380 4437 ιιι
401 4381 537 4450 subditus,
555 4383 583 4438 id
602 4389 643 4439 est
661 4382 795 4454 humiliet
805 4397 836 4438 se
851 4383 918 4451 Deo,
935 4383 977 4439 ni.
1035 4389 1121 4455 (Rom.
1136 4401 1197 4452 vm,
1214 4387 1269 4456 35),
1290 4394 1347 4441 ete.
1373 4384 1410 4440 Et
1433 4397 1569 4440 rursum:
1600 4381 1695 4438 certus
1722 4393 1775 4434 ιιι

133 4470 173 4527 ιιι
198 4470 233 4527 de
260 4485 315 4528 sua
344 4472 516 4544 gloriatione
537 4486 725 4542 presumens,
742 4487 808 4543 quae
822 4471 863 4528 eis
881 4471 977 4539 etiam,
1034 4478 1200 4546 quinamque
1214 4489 1286 4530 mors
1307 4473 1401 4544 (ibid,
1416 4474 1474 4543 38),
1489 4479 1543 4528 ιιι.
1568 4468 1685 4527 iustitia
1697 4466 1762 4525 dico

132 4559 185 4631 qni
202 4561 301 4633 magni
317 4561 395 4633 apud
408 4563 500 4618 Deum
516 4561 701 4626 videbantur,
727 4560 824 4617 ablata
840 4568 892 4617 est.
909 4561 980 4628 ostio
1034 4577 1124 4634 snpra
1152 4577 1251 4619 omnes
1276 4561 1385 4628 fideles,
1410 4561 1500 4617 idest
1526 4560 1556 4616 in
1600 4556 1744 4628 superiori

132 4650 301 4705 canoribus
325 4652 404 4718 legis,
420 4650 448 4706 id
472 4657 515 4706 est
528 4649 727 4720 corporalibus
741 4650 804 4721 ejus
822 4649 978 4707 observan·
1034 4658 1124 4724 parto,
1148 4650 1236 4707 idest
1262 4652 1292 4706 in
1314 4651 1425 4720 anima,
1444 4650 1497 4707 ubi
1523 4656 1636 4705 tantum
1668 4645 1775 4703 dilectit

133 4736 191 4805 tiis,
209 4752 275 4808 quae
298 4738 425 4794 maxime
453 4737 579 4808 populus
603 4737 650 4793 ille
686 4738 860 4807 attendebat,
888 4739 979 4796 veluti
1032 4747 1133 4812 potest,
1144 4738 1391 4796 nouexbibitione
1420 4752 1543 4810 operum
1557 4736 1745 4794 exteriorum.

132 4824 388 4893 circumcisionem,
414 4826 565 4896 sacrificia,
589 4826 821 4885 observationem
851 4828 978 4891 sabbati.
1069 4832 1129 4888 Noa
1143 4834 1184 4885 ιιι
1196 4831 1278 4885 enim.
1296 4829 1430 4886 Benedixi
1446 4841 1535 4899 super
1551 4840 1650 4882 omnes
1679 4823 1774 4894 parite

132 4921 160 4970 ct
185 4923 354 4972 ceterorum
376 4915 545 4987 hujusmodi
566 4915 735 4987 liguralium
759 4926 977 4989 praeceptorum.
1033 4917 1153 4992 gentilos
1167 4917 1275 4975 scilicet
1290 4931 1380 4988 qnam
1394 4917 1517 4984 ludaeos,
1535 4915 1607 4986 qula
1626 4912 1708 4970 nulla
1722 4919 1766 4970 ost

133 5002 193 5060 Noc
211 5005 416 5075 justificabitur
438 5020 527 5060 coram
549 5005 608 5069 illo,
636 5005 662 5060 id
691 5012 734 5062 est
762 5005 840 5076 apud
872 5007 977 5075 Deum,
1033 5004 1196 5065 differentia
1210 5020 1248 5063 ex
1263 5006 1318 5063 hac
1330 5005 1446 5076 justitia
1461 5004 1511 5061 [ιιι
1521 5018 1571 5074 per
1582 5003 1667 5059 iidem
1680 5001 1775 5059 Christ

134 5096 305 5162 omniacoro,
321 5093 404 5150 idest
426 5094 520 5150 omnis
542 5107 576 5150 ea
589 5093 747 5151 carnaliter
770 5101 895 5164 tantum,
920 5110 979 5153 non
1032 5094 1103 5152 olim
1117 5102 1180 5153 orat
1191 5108 1227 5152 ex
1241 5094 1375 5165 operibus
1391 5093 1472 5165 legis.
1499 5091 1574 5156 Onia
1605 5090 1680 5147 sicut
1698 5103 1775 5146 omni

133 5181 322 5249 spiritualiter
346 5182 517 5254 adimplens,
544 5181 609 5239 licet
630 5196 727 5240 coram
754 5183 932 5253 bominibus,
950 5185 978 5240 id
1033 5190 1184 5252 cavemnt,
1202 5181 1448 5240 itaindillerenter
1464 5180 1614 5252 iustificati
1631 5186 1700 5235 snnt
1725 5192 1775 5249 per

133 5268 448 5341 esthumanojndlcio,
465 5271 541 5343 quod
558 5272 592 5329 dc
606 5271 803 5330 exterioribus
817 5280 845 5330 et
857 5272 979 5331 visibili·
1033 5285 1177 5330 summam
1194 5271 1317 5344 gratiam
1340 5286 1357 5328 a
1386 5272 1443 5328 Deo
1466 5270 1551 5327 nobis
1573 5267 1745 5326 exhibitam.
1773 5270 1775 5322 1

133 5353 189 5412 bus
205 5357 326 5427 judicat,
337 5358 409 5428 justi
422 5359 493 5416 iales
506 5367 691 5430 reputentur.
1032 5362 1166 5434 estquod
1182 5362 1233 5425 alt,
1244 5362 1340 5418 Omnes
1356 5362 1427 5415 cuim
1446 5364 1627 5430 peccauerunt
1654 5364 1680 5414 et
1698 5362 1775 5427 egent

168 5444 220 5497 Per
235 5444 319 5512 teqem
330 5449 410 5502 euim.
433 5445 477 5502 Ad
503 5448 560 5504 duo
577 5449 725 5518 praemissa
749 5449 807 5506 dno
822 5450 918 5506 relert.
935 5450 979 5507 Ad
1032 5454 1093 5519 lici,
1110 5451 1139 5508 id
1159 5458 1202 5507 est
1225 5464 1298 5522 opus
1321 5450 1429 5507 habent
1444 5449 1528 5520 quasi
1545 5463 1583 5505 ox
1604 5447 1700 5505 debito
1725 5447 1775 5503 lior

135 5529 206 5589 illud
221 5534 356 5604 quodait,
371 5538 487 5591 utomuc
503 5551 532 5591 ιι
546 5538 899 5609 ιιιιιιιιιι,ιιιιιὸιιιιιι,
911 5546 977 5608 ιιι,
1034 5538 1205 5612 glorificare,
1230 5539 1379 5608 justificati
1401 5539 1500 5608 ιιιιιι,
1533 5537 1559 5592 id
1582 5545 1624 5593 est
1643 5535 1714 5606 quia
1730 5535 1775 5606 jus
