3736 5962
71 202 129 256 981
595 198 832 256 tntnonuutto
850 199 899 255 An
917 199 1155 258 tuuotoulnu.
1169 229 1205 242 ·-
1217 199 1283 256 LIB.
1304 200 1329 259 1.
1774 206 1828 268 m

67 326 257 396 quodeunque
271 323 377 380 dicerit
391 325 480 392 homa
499 323 595 381 reddet
618 325 751 383 rationem
764 341 815 396 pro
839 342 868 382 eo
891 329 922 382 in
936 328 960 382 A
974 331 1041 399 fiam
1067 325 1251 397 Augustinus
1275 325 1305 382 in
1341 324 1471 397 Epistola
1493 327 1530 384 ad
1555 327 1711 400 optatum:
1738 331 1770 388 Si
1792 330 1827 388 dc

68 416 120 473 die
139 417 242 487 judieii
262 416 373 482 (liniti.
396 430 448 483 xu,
469 416 526 483 36).
545 437 556 465 ι
576 415 652 472 Unde
675 419 702 471 et
720 416 860 486 aposlolus
879 420 925 473 Ja-
979 420 1073 473 anime
1092 417 1229 484 falsitatis
1253 418 1368 471 assertio
1384 417 1556 486 proseratur,
1580 422 1606 474 et
1622 419 1827 488 manmit·

67 506 174 562 cobus:
198 526 208 555 ι
227 506 280 573 Sit,
299 525 310 554 ι
327 506 428 574 inquit,
442 525 456 556 u
472 505 651 561 omnishomo
664 506 743 561 celon
756 505 794 561 ael
805 507 924 562 audien·
977 505 1079 573 dacem,
1106 509 1131 558 et
1155 503 1291 572 salsitatis
1315 505 1504 574 inopportune
1527 504 1650 573 defensio
1669 508 1826 565 macen

67 596 150 663 dum,
166 595 265 650 tardus
292 600 383 650 nutem
406 595 443 650 od
469 595 633 666 loquendum
654 595 924 668 (lac.1,lt).»ltt
976 595 1053 662 (cett.
1082 594 1194 650 Rursus
1214 593 1288 649 idem
1314 607 1401 664 super
1424 593 1576 650 Genesim:
1604 595 1664 651 Non
1687 595 1721 653 oi
1745 597 1825 655 aaut

66 685 213 740 alioloeo:
236 685 378 754 «Siquis
405 685 528 740 inveniro
544 701 598 740 non
620 684 804 754 apenditiis
822 687 919 755 perse-
974 689 1039 739 sient
1062 685 1195 751 haeretici,
1222 684 1277 738 nisi
1306 682 1389 749 quod,
1418 682 1578 752 Scripturas
1601 689 1747 743 consutas
1767 700 1825 745 nott

66 779 130 829 etus
155 778 194 828 cst
215 775 259 828 uir
287 774 361 841 (lae.
392 789 430 841 m,
454 777 492 840 t).
509 795 524 824 n
553 775 614 843 qu
639 773 708 829 lane
728 775 921 844 perfectionem
975 778 1045 827 recte
1060 773 1253 840 intelliqentes,
1269 787 1334 827 suas
1350 773 1437 839 salim
1451 775 1604 842 opiniones,
1620 777 1825 833 contremit

65 865 139 918 miii
153 879 199 918 nec
215 879 287 918 nunc
306 879 403 931 arroqo
424 878 484 917 cum
510 865 561 918 sim
577 879 670 930 senec,
696 869 800 932 quanto
828 866 919 920 minus
973 863 1115 917 unitatem
1139 864 1319 932 pertinaciter
1343 867 1480 917 asserunt.
1501 861 1555 929 Qut
1573 870 1602 919 et
1619 863 1656 919 in
1680 863 1758 923 tinto
1780 864 1821 923 ὓο

64 968 131 1008 curn
163 954 273 1021 juvenis
310 956 377 1023 copi
416 952 557 1008 seribere?
593 953 678 1009 Tanti
721 955 820 1024 itaque
858 954 917 1010 viri
974 951 1097 1006 utilitate
1119 950 1266 1017 credendi,
1283 951 1450 1007 hereticum
1470 950 1822 1022 diligenterdeserilienst

67 1040 232 1099 instructus
245 1042 383 1111 exempto,
400 1041 422 1097 si
445 1056 506 1112 qua
524 1040 596 1098 forte
613 1056 662 1113 per
676 1056 805 1099 errorem
828 1042 921 1112 prole·
973 1041 1133 1105 llereticus,
1158 1039 1266 1110 inquit,
1291 1043 1341 1106 est,
1365 1045 1396 1095 ut
1412 1054 1472 1095 meo
1489 1042 1546 1107 sert
1566 1042 1669 1112 opinio,
1695 1044 1746 1112 qui
1766 1044 1822 1101 ali·

65 1145 135 1187 ram
150 1130 231 1186 nulla
247 1132 274 1187 in
294 1131 339 1185 nis
354 1144 405 1201 per
418 1131 661 1201 contemptionem
682 1131 843 1198 delendam,
868 1139 919 1189 aut
972 1114 1050 1199 cujus
1075 1130 1233 1198 temporalis
1262 1129 1406 1197 commodi,
1434 1134 1460 1184 ei
1475 1135 1595 1186 monime
1619 1131 1716 1198 emta
1736 1147 1823 1192 eausa

63 1235 128 1292 per,
142 1220 296 1277 elationem
314 1234 493 1288 pessumam.
510 1221 545 1278 Ut
560 1221 726 1278 sinendum
742 1221 917 1293 ignorantiae
970 1219 1059 1287 salsos
1085 1235 1116 1274 ac
1143 1233 1225 1274 novas
1249 1221 1392 1288 opiniones
1420 1219 1463 1276 vel
1490 1222 1589 1290 qiqnit,
1617 1221 1661 1277 uel
1684 1224 1820 1291 uqsltur.

65 1309 143 1365 vitio
158 1322 282 1376 caream,
297 1309 414 1365 haeresis
438 1318 533 1366 tamen
550 1310 661 1366 crimen
677 1324 736 1367 non
750 1311 913 1367 incurram.
970 1309 1041 1364 ltem
1061 1308 1137 1365 idem
1154 1308 1183 1364 in
1199 1322 1273 1365 nrm
1294 1309 1333 1365 De
1353 1308 1468 1366 civitate
1483 1309 1551 1366 Dei:
1577 1310 1632 1376 Qut
1656 1313 1688 1367 in
1702 1313 1823 1371 Beeloeia

66 1396 132 1453 Non
156 1398 235 1453 enim
258 1396 426 1470 ignorantia
449 1397 619 1455 haereticum
647 1399 725 1466 lacit,
750 1398 799 1455 sed
823 1399 918 1470 magis
970 1399 1067 1466 aliquo
1088 1413 1176 1469 moun
1191 1400 1319 1466 sopiunt,
1344 1400 1369 1453 si
1391 1401 1505 1454 correcti
1533 1403 1730 1458 contumaciter
1748 1403 1819 1460 resi·

67 1486 212 1556 superbiae
224 1486 389 1553 obstinatio,
405 1502 471 1543 cnm
493 1487 561 1558 quis
585 1487 716 1544 videlicet
731 1502 767 1544 ex
789 1489 916 1546 novitate
969 1493 1056 1555 stunt,
1091 1490 1117 1542 ct
1148 1502 1198 1542 suo
1233 1489 1368 1558 pestifero
1392 1488 1523 1556 doqmme
1546 1489 1691 1547 emendus
1709 1490 1819 1563 nalum,

67 1575 171 1647 aliqua
193 1589 298 1633 nomen
325 1576 379 1632 sibi
404 1590 573 1647 comparare
601 1576 778 1644 desiderans,
804 1575 916 1648 aliquid
971 1577 1019 1633 secl
1041 1582 1066 1632 et
1089 1577 1235 1641 defendere
1261 1580 1426 1648 persistunt,
1455 1579 1575 1636 heretici
1602 1582 1683 1650 nunt.
1707 1579 1821 1640 Rursus

69 1665 242 1722 inusitatum
259 1665 386 1736 prolerre
402 1665 554 1738 gloriatur,
570 1666 648 1738 quod
662 1666 803 1724 adversus
817 1680 916 1724 omnes
933 1630 953 1687 B
971 1666 1046 1723 idem
1064 1667 1104 1724 De
1124 1667 1212 1724 unico
1237 1667 1379 1738 baptismo
1398 1668 1460 1725 lib.
1477 1683 1528 1726 tv:
1552 1670 1639 1726 istum
1662 1669 1820 1728 maeuii

67 1754 221 1811 detondere
240 1754 434 1825 inopportune
452 1755 567 1821 nititur,
591 1765 625 1812 ut
646 1756 691 1813 vel
710 1756 819 1813 coeteris
833 1770 917 1826 supe·
970 1756 1091 1812 inondum
1110 1757 1180 1824 dno,
1205 1758 1262 1813 nisi
1283 1759 1465 1826 manifestato
1493 1757 1546 1815 sibi
1568 1758 1696 1816 doetrirm
1714 1758 1818 1817 cuto-

66 1844 138 1912 rior,
154 1843 199 1900 vel
223 1842 313 1901 nullis
335 1844 476 1902 habeatur
503 1843 630 1902 inferior.
655 1845 735 1903 Unde
749 1845 916 1902 Gennadius
971 1846 1025 1901 lica
1038 1847 1103 1918 idei
1121 1848 1247 1902 resistere
1260 1847 1400 1916 noluerit,
1416 1852 1443 1904 ct
1461 1846 1535 1904 illud
1548 1848 1622 1919 quod
1637 1847 1744 1905 tenriot
1762 1848 1817 1905 ele·

64 1930 255 1989 Massiliensis
278 1932 430 2004 episcopus
454 1933 488 1990 de
509 1934 668 1991 orthodoxa
697 1933 752 1990 tide
782 1934 914 1991 ecciesia-
968 1939 1049 2006 qerit.
1066 1936 1120 1994 Sed
1136 1937 1197 1994 haec
1212 1935 1363 1995 hactenus.
1385 1936 1471 1996 Nune
1484 1937 1521 1994 ad
1537 1936 1718 2010 propositum
1736 1948 1818 1996 acoe-

62 2019 204 2078 sticorum
227 2022 415 2094 dogmatum:
445 2023 567 2090 Quolibet
589 2025 653 2093 quis
676 2025 832 2094 nequissent
854 2038 912 2078 nto·
970 2024 1085 2083 damus.

10 2174 18 2198 =
61 2111 107 2179 do,
129 2126 183 2167 non
206 2116 246 2168 est
269 2112 420 2182 hereticus,
444 2115 499 2168 nisi
523 2116 555 2171 in
576 2118 746 2170 contentione
769 2113 910 2169 turrinus

731 2371 982 2431 Auuuuunuun
1007 2372 1146 2431 OPERIS.

95 2498 207 2553 Primus
230 2498 283 2553 iste
300 2498 369 2553 liter
395 2498 545 2565 Ticoloqiae
565 2497 681 2554 breuiter
704 2497 909 2569 comprehendit
928 2513 1062 2554 summam
1086 2500 1169 2555 totius
1193 2499 1320 2564 predicti
1345 2501 1492 2566 tractatus,
1515 2498 1546 2553 in
1569 2498 1624 2569 pole
1648 2498 1764 2566 seilicst,
1787 2500 1816 2557 sl

58 2570 196 2625 ctoritate
215 2574 240 2624 ct
259 2573 457 2633 sacrementis:
479 2570 547 2637 quid
560 2573 597 2625 sit
619 2573 697 2641 ides,
711 2570 781 2641 quid
801 2586 874 2640 spes,
899 2571 967 2640 qnid
990 2570 1122 2636 cionitas,
1143 2571 1211 2638 quid
1234 2573 1443 2636 sacramentum,
1467 2570 1600 2640 quomodo
1621 2573 1734 2642 proprie
1757 2571 1815 2626 sinc

57 2643 212 2712 improprie
228 2641 309 2698 uiues
330 2642 448 2704 dicatur,
474 2657 533 2710 quae
555 2644 592 2697 sit
607 2642 673 2712 icles
697 2642 849 2697 catholieo.
875 2644 976 2699 Prilio
1002 2644 1140 2697 sententiae
1162 2643 1195 2696 de
1216 2643 1270 2713 pide
1293 2646 1393 2697 sanetae
1418 2642 1573 2706 liinitotis,
1597 2644 1654 2696 siue
1684 2641 1813 2697 uallatis.

57 2713 150 2780 Quare
169 2713 241 2767 solus
264 2715 345 2768 Pater
371 2714 480 2767 dicotur
500 2715 648 2782 inqenitus.
678 2713 751 2779 Quid
779 2714 844 2768 uelit
876 2713 1017 2768 distinctio
1042 2716 1126 2768 trium
1156 2729 1335 2783 personarum
1364 2715 1394 2767 in
1420 2728 1476 2767 uno
1502 2712 1659 2768 diuinitatis
1686 2712 1813 2771 mortu.

57 2782 139 2850 Quod
148 2785 276 2840 vocabulo
292 2786 382 2840 Putris
398 2784 494 2840 divina
518 2787 654 2854 snpientia
678 2786 834 2854 specialiter
858 2788 1027 2851 desiqnetur.
1059 2787 1147 2850 Quare
1168 2801 1251 2855 opera
1269 2786 1353 2840 trium
1371 2798 1550 2851 personarum
1568 2783 1692 2840 indiuisa
1715 2781 1814 2841 &eatt-

56 2861 116 2910 tur.
139 2854 217 2921 Quod
230 2858 337 2910 nomine
354 2854 418 2910 iiiiii
440 2871 487 2911 seu
514 2856 596 2912 Verbi
620 2856 715 2911 olicino
744 2858 882 2913 sapientie
901 2858 1085 2923 cuprinatur.
1102 2857 1179 2926 Quod
1199 2855 1321 2926 Spiritus
1344 2858 1456 2910 sanetus
1481 2854 1581 2911 diurne
1605 2853 1751 2911 charitalis
1771 2852 1813 2911 bo·

53 2930 133 2982 nitas
148 2928 309 2996 appelletur.
325 2929 489 2982 Testimonio
501 2928 696 2996 prophetorum
706 2927 740 2982 de
758 2929 902 2983 Trinitate.
924 2929 1091 2982 Testimonio
1102 2929 1334 2998 philosophorum.

93 2998 235 3054 Secundus
258 3000 326 3053 liter
347 3000 496 3066 Ttrcoloqiae
518 2999 631 3054 disserit
646 3015 678 3055 co
693 3014 753 3069 quae
774 2999 809 3054 de
832 3002 968 3055 Trinitolc
985 3002 1094 3070 primus
1118 3001 1187 3056 liter
1209 3000 1363 3071 proposuit,
1385 3003 1410 3054 el
1428 2997 1467 3055 ad
1488 2998 1705 3055 testimoniorum
1720 3000 1813 3055 mmo·

52 3072 169 3125 ritatem
175 3069 366 3138 intelliqentia
380 3071 549 3126 concinerunt
562 3074 709 3126 rationem.
1622 3082 1630 3096 '

94 3143 203 3197 Tertius
219 3141 287 3196 tiber
309 3145 484 3212 superposito
497 3142 656 3211 replicando
678 3142 838 3211 oliliqcntius
854 3142 888 3199 de
902 3144 1037 3214 potentia,
1051 3147 1078 3199 et
1092 3144 1229 3215 snpientia
1243 3143 1303 3210 Dei,
1322 3145 1349 3198 et
1362 3141 1494 3210 bonitate,
1510 3141 1541 3196 in
1562 3140 1663 3209 quibus
1689 3141 1812 3199 minitas

53 3215 194 3279 consiliii,
207 3214 356 3283 perfectius
369 3215 486 3281 inquirit
505 3229 536 3269 ae
550 3214 672 3269 disserit.

731 3380 1316 3394 *Ἥ

652 3515 878 3632 tisun
928 3515 1226 3633 PRIMUS.

473 3861 497 3915 1.
922 3859 1098 3916 Chonestus
1112 3872 1146 3914 ae
1161 3857 1253 3927 turpis
1273 3855 1447 3928 appellatur.
1463 3855 1638 3914 Amorverc
1660 3862 1704 3915 est
1731 3856 1809 3915 bons

92 3945 161 4004 'iria
174 3955 253 4012 sunt,
269 3954 302 4004 ut
316 3948 455 4016 arbitror,
477 3947 630 4021 inquibus
647 3948 784 4006 humane
806 3947 907 4006 salutis
962 3961 1032 4020 erga
1049 3948 1173 4004 alterum
1194 3947 1292 4017 ipsum
1314 3946 1461 4012 voluntas,
1482 3958 1542 4017 qua
1567 3943 1704 4003 videlieet
1726 3949 1806 4016 optt-

55 4051 173 4094 summa
187 4036 325 4104 consistit,
347 4037 417 4095 fides
442 4038 585 4102 videlicet,
609 4038 736 4095 charitas
758 4045 787 4095 et
809 4052 905 4095 sacre·
962 4053 1036 4106 inus,
1054 4044 1086 4094 ut
1113 4052 1145 4094 eo
1161 4037 1245 4094 modo
1260 4051 1290 4093 se
1306 4036 1420 4105 haheat,
1438 4048 1498 4106 quo
1513 4048 1543 4092 se
1565 4033 1672 4091 habere
1695 4033 1808 4093 bonum

55 4133 198 4183 mentum.
214 4125 407 4196 Spumantem
423 4127 451 4183 in
468 4127 532 4194 lide,
559 4136 702 4198 tanquam
728 4127 853 4198 speciem
877 4128 906 4184 in
960 4129 987 4184 ei
1010 4127 1155 4185 credimus
1175 4141 1247 4195 esse,
1269 4134 1297 4184 ct
1323 4127 1378 4184 hoc
1397 4126 1461 4193 ejus
1484 4125 1582 4197 potius
1604 4138 1694 4197 quain
1713 4123 1807 4183 nostri

55 4228 170 4289 genere,
205 4216 408 4285 comprehendi
442 4216 585 4273 existimo,
612 4219 661 4274 list
691 4218 800 4288 quippe
831 4215 902 4274 tides
960 4231 1048 4274 causa
1063 4217 1269 4278 desideramus.
1293 4216 1371 4286 Saepe
1386 4229 1513 4288 namque
1536 4214 1687 4287 contingit,
1704 4221 1739 4273 nt
1752 4211 1812 4283 itii·¹

56 4305 230 4363 existimatio
251 4321 348 4365 rerum
365 4321 424 4362 non
446 4309 660 4377 apparentium,
677 4307 731 4364 hoc
745 4313 790 4363 est
812 4306 905 4362 sensi·
960 4321 1047 4378 quem
1061 4306 1199 4375 odientes,
1214 4313 1242 4362 et
1256 4305 1291 4362 ab
1313 4320 1347 4363 eo
1373 4320 1493 4377 quoquo
1517 4304 1601 4363 modo
1625 4317 1678 4361 nos
1698 4302 1804 4363 delibe-

57 4395 113 4453 bus
136 4396 263 4466 corporis
288 4411 346 4453 non
371 4396 603 4468 subjncentium3
618 4411 683 4467 spos
705 4410 783 4464 vero,
808 4409 903 4465 exspe·
959 4410 1022 4452 rare
1038 4396 1174 4459 volentes,
1190 4404 1323 4466 aptemus
1338 4409 1406 4452 curn
1429 4394 1467 4451 ad
1488 4392 1615 4452 coeiestia
1627 4392 1689 4463 jam
1706 4398 1800 4450 tetus·

56 4483 145 4541 etatio
163 4483 279 4554 aliquod
308 4485 491 4540 commodum
514 4485 702 4556 adipiscendi,
725 4484 843 4556 quando
863 4485 905 4540 vi·
959 4486 1038 4553 terri,
1066 4492 1094 4541 et
1126 4498 1253 4555 superna
1279 4484 1328 4541 ilia
1352 4484 1442 4557 gloria
1472 4482 1549 4541 leui:
1573 4496 1632 4554 quo
1656 4479 1759 4541 mellus
1777 4478 1818 4540 el?

57 4572 160 4630 delicet
179 4574 246 4645 quis
267 4574 357 4631 eredit
378 4588 407 4630 se
427 4574 544 4645 aliquod
568 4575 678 4631 bonurn
703 4582 905 4632 assecuturum
959 4575 1124 4646 contingere
1148 4574 1188 4630 nil
1206 4580 1306 4645 potest.
1322 4573 1380 4630 Nee
1399 4581 1496 4631 tamen
1516 4572 1545 4628 id
1559 4573 1624 4644 ejus
1643 4583 1741 4628 amore
1755 4583 1805 4644 ge·

56 4676 129 4719 esse.
147 4663 196 4720 list
212 4663 310 4735 itaque
334 4663 403 4720 tides
419 4671 476 4720 tam
496 4663 639 4720 honarum
654 4677 743 4734 quam
761 4662 905 4720 malarum
959 4663 1062 4725 rimus,
1093 4664 1165 4734 quia
1189 4677 1240 4734 pro
1262 4661 1345 4718 nobis
1369 4662 1398 4716 id
1421 4660 1516 4731 potius
1550 4674 1640 4731 quam
1666 4672 1719 4729 pro
1742 4657 1804 4728 ipso

56 4766 167 4816 rerum,
193 4765 218 4809 et
242 4760 300 4809 tam
318 4753 504 4823 praesentibus
519 4753 564 4809 vei
585 4753 737 4824 praeteritis
756 4765 846 4824 quum
861 4750 906 4808 lu-
958 4750 1083 4824 agimus,
1098 4765 1151 4808 nee
1164 4758 1222 4807 tam
1239 4750 1319 4806 illins
1336 4749 1491 4806 utilitatem
1516 4762 1606 4820 quam
1629 4753 1759 4807 nostram
1773 4745 1805 4805 in

56 4840 142 4910 turis,
158 4840 233 4898 sicut
250 4842 279 4898 in
298 4840 440 4913 principio
464 4841 655 4899 Enehiridion
675 4843 778 4898 beatus
793 4839 905 4898 disserit
959 4839 1012 4896 hoe
1035 4840 1223 4898 attendentes.
1261 4839 1313 4896 Gui
1341 4838 1469 4896 tortassis
1490 4838 1520 4895 in
1544 4838 1598 4896 hoe
1619 4836 1682 4909 ipso
1701 4833 1805 4895 melius

56 4930 241 5003 Augustinus
264 4931 331 5003 (ti).
362 4930 431 5000 Spes
452 4937 550 4987 autem
573 4930 608 4987 de
629 4930 711 4986 bonis
730 4937 772 4987 est
790 4935 905 4984 tantum
958 4942 1047 5000 qtiam
1072 4929 1216 4986 nobismet
1236 4928 1305 4999 ipsis
1329 4937 1472 4999 optamus,
1500 4926 1592 4998 magis
1616 4926 1713 4985 adhue
1734 4937 1804 4997 prte-

56 5028 84 5076 et
103 5020 138 5077 de
162 5019 278 5078 tuturis.
302 5020 483 5090 Exspectatio
505 5020 614 5092 quippe
634 5019 760 5091 alicuius
793 5017 902 5075 ineam·
957 5017 1126 5075 sentisvitie
1145 5017 1303 5085 miseriam,
1330 5031 1419 5088 quam
1442 5016 1548 5073 tuturis
1573 5015 1696 5087 gloriam
1719 5012 1805 5073 nobis

55 5109 134 5165 orodi
162 5124 219 5166 non
244 5117 302 5166 tam
328 5124 393 5179 spes
414 5109 536 5166 dicenda
556 5117 598 5165 cst
622 5123 711 5180 quam
731 5106 901 5178 desperatio,
958 5107 1113 5177 cupientes.
1130 5105 1211 5173 Quod
1229 5106 1342 5164 Tullius
1365 5119 1492 5178 quoque,
1509 5120 1577 5163 cum
1598 5103 1756 5163 amicitiam
1773 5102 1804 5160 in

55 5198 110 5255 hoe
124 5207 167 5256 est
189 5199 350 5257 diitidentia
367 5211 384 5253 a
400 5199 484 5254 hono.
512 5196 643 5253 Charitas
667 5210 736 5253 vero
760 5202 802 5252 est
822 5207 903 5251 amor
919 5211 941 5265 ρ
958 5195 1083 5252 seeundo
1100 5195 1256 5252 Rhetoricre
1279 5194 1420 5262 deliniret,
1442 5194 1596 5267 diligenter
1620 5191 1803 5267 providebat,

55 5289 204 5359 honestus,
221 5289 272 5360 qui
301 5288 336 5344 ad
352 5302 419 5344 eum
435 5286 568 5343 videlicet
585 5286 670 5342 finem
695 5285 843 5357 dirigitur,
865 5281 902 5340 ad
956 5284 1069 5341 dicens:
1095 5285 1227 5341 Amicitia
1251 5289 1291 5340 est
1312 5286 1438 5341 voluntas
1460 5300 1527 5354 erqo
1556 5285 1675 5353 aliquem
1707 5297 1800 5341 mutet

55 5393 142 5450 quom
158 5385 276 5450 oportet,
298 5377 372 5434 sieut
388 5375 563 5433 econtrario
580 5375 735 5446 cupiditas,
757 5388 838 5431 umor
858 5375 900 5430 in·
957 5375 1097 5440 tortorum,
1114 5376 1201 5444 ipsius
1226 5375 1303 5429 illins
1318 5390 1402 5430 causo
1428 5391 1506 5445 quem
1530 5374 1633 5443 ditiqtt.
1659 5372 1713 5432 Ubi
1733 5384 1803 5445 pro·

93 5536 153 5607 iti)
167 5536 273 5595 Patrai.
290 5543 358 5593 tom.
374 5535 425 5603 liL,
442 5532 495 5591 col.
510 5534 573 5591 est.
