3804 5962
376 181 481 239 estut
498 181 684 241 temnunt
703 180 780 242 orb.
800 181 891 242 PARS
909 183 957 239 til.
974 180 1249 239 -tuttoboutctt
1267 180 1313 237 ΕΤ
1332 178 1594 238 Puttosortttua.
1805 183 1857 236 ten

600 495 951 583 nttAELuttbt
990 494 1342 583 PRAEFATIO.

72 834 75 841 ·
140 805 208 864 Tria
218 804 326 862 suntin
337 804 433 862 Veteri
446 805 626 863 testamento
641 804 703 863 loca
717 818 784 877 qna
795 806 832 861 ad
847 804 952 863 intelli·
968 808 991 861 tt
1007 818 1069 862 esse
1094 810 1205 862 constat
1230 802 1458 876 intelligentiam,
1483 810 1512 858 et
1533 801 1774 873 spiritaliterhoc
1799 798 1851 857 tibi

104 894 231 968 gendum
247 892 409 951 ditticlti'ora
431 908 492 952 esse
509 908 598 952 sacrae
613 893 768 965 Scriptura
784 894 866 966 periti
883 908 950 952 cen-
1002 901 1030 951 et
1054 893 1168 951 illiabus
1183 893 1240 950 tuis
1261 891 1439 964 spiritalibus
1456 891 1628 961 persolvam.
1647 891 1728 949 Unde
1757 897 1786 947 et
1801 904 1850 946 ro·

103 991 233 1041 suerunt.
265 983 443 1055 Principium
470 983 577 1041 scilicet
608 983 756 1049 Genesccs,
788 985 949 1041 secundum
1003 990 1104 1055 gentes
1116 997 1166 1039 ros
1189 996 1258 1054 rogo
1273 990 1316 1050 ut,
1345 983 1416 1053 quia
1444 994 1489 1037 me
1510 980 1638 1050 rogando
1653 980 1687 1036 ad
1705 980 1759 1035 hoo
1774 992 1851 1035 com-

105 1072 196 1143 ipsam
226 1071 332 1129 divinae
365 1073 539 1143 operationis
569 1071 728 1138 historiam,
753 1072 950 1129 etCanticum
1002 1071 1118 1143 pellitis,
1144 1072 1254 1129 orando
1281 1073 1370 1127 ileum
1391 1070 1461 1127 inihi
1482 1069 1640 1127 citicaciam
1667 1067 1851 1138 impetretis3

103 1160 293 1226 canticorum,
324 1167 352 1216 et
373 1159 552 1231 prophetiam
579 1160 749 1217 Ezechielin
776 1161 869 1230 prima
883 1175 952 1230 prae·
1002 1161 1243 1233 aequoniamui
1267 1160 1449 1228 dicisiilct,a
1471 1162 1564 1230 capite
1584 1159 1779 1215 inchoandum
1802 1165 1855 1222 est,

104 1248 186 1318 cipue
205 1247 317 1305 risione
331 1249 366 1305 dc
387 1250 564 1306 animalibus
577 1259 605 1305 et
624 1250 705 1312 rotis,
728 1256 756 1305 ct
779 1250 808 1305 iii
822 1257 951 1306 extrema
1003 1257 1083 1309 tauto
1098 1264 1142 1306 ine
1161 1250 1286 1319 amplius
1308 1249 1338 1306 iii
1361 1249 1480 1306 exordio
1496 1248 1636 1305 Geneseos
1658 1257 1759 1302 vestrae
1786 1259 1856 1300 nra-

103 1336 272 1394 detedidcio
286 1338 314 1393 in
339 1346 434 1393 monte
448 1337 611 1394 constituto.
630 1338 710 1395 Unde
723 1337 800 1407 apud
818 1339 952 1394 Hebraeos
1005 1339 1096 1395 tiones
1122 1338 1270 1409 ailjiirent,
1298 1348 1407 1409 quanto
1434 1338 1498 1408 ejus
1520 1336 1718 1392 ditiicnttaom
1740 1333 1855 1391 caeteris

104 1424 269 1482 iustitutum
292 1439 353 1481 csse
375 1426 458 1481 aiunt
483 1425 683 1496 praedictorum
700 1434 873 1496 scriptorum
894 1428 950 1482 ex·
1003 1434 1115 1484 constat
1144 1441 1204 1483 esse
1229 1427 1377 1498 majorem,
1413 1428 1489 1482 sicut
1514 1425 1720 1495 expositionem
1748 1425 1852 1478 inritas

105 1513 273 1584 positionem
290 1526 348 1583 ptae
364 1514 454 1569 niiiiia
478 1515 645 1571 ditilcultate
660 1517 704 1572 sui
727 1515 842 1571 nonnisi
859 1524 952 1571 matii·
1005 1517 1067 1587 ipsa
1082 1524 1212 1573 testatur.
1236 1517 1307 1573 Cuin
1328 1516 1404 1571 enim
1429 1515 1512 1572 mulii
1527 1515 1632 1570 multas
1659 1513 1792 1582 mysticas
1808 1510 1852 1567 vel

105 1601 145 1659 r'is
173 1601 307 1658 sensibus
330 1604 470 1659 seniorem
488 1604 721 1660 committendam
739 1618 809 1672 csse,
835 1604 951 1662 sicutet
1004 1606 1126 1663 morales
1143 1607 1171 1661 in
1199 1605 1330 1662 Genesim
1355 1605 1529 1661 conteceitnt
1547 1603 1777 1673 explanationes,
1810 1615 1854 1656 so·

104 1691 241 1762 Origenes
257 1691 386 1748 meminit
401 1691 493 1762 prima
512 1695 539 1747 in
564 1692 680 1749 Cantica
705 1693 885 1750 canticorum
903 1694 952 1750 ho·
1004 1695 1061 1752 llus
1082 1694 1159 1766 apud
1176 1709 1227 1750 nos
1249 1695 1405 1751 beatissimi
1431 1693 1587 1765 Augustini
1608 1691 1757 1762 perspicax
1773 1691 1853 1759 inge-

104 1781 193 1848 milia,
217 1780 314 1838 dicens
333 1797 368 1836 z«
385 1782 473 1837 Aiunt
493 1788 521 1838 et
546 1780 692 1837 observari
714 1780 790 1852 apud
818 1780 952 1836 Hebraeos
1004 1784 1086 1841 nium
1103 1784 1251 1840 historiam
1279 1783 1326 1840 liic
1342 1796 1497 1855 aggressus
1523 1776 1735 1850 est'cxponore.
1759 1781 1853 1844 Quam

103 1870 251 1940 quodnisi
272 1869 340 1941 qitls
366 1869 402 1925 ad
420 1879 534 1927 aetatem
561 1868 716 1941 perfectam
746 1878 951 1939 maturamque
1005 1875 1075 1931 adeo
1102 1871 1246 1928 diltlcilem
1274 1872 1452 1942 recognovit,
1478 1878 1510 1927 ut
1535 1884 1600 1941 quae
1619 1868 1656 1925 ibi
1678 1867 1793 1934 dixerit,
1814 1881 1853 1922 ox

103 1961 276 2031 pervenerit,
288 1958 394 2015 librum
410 1959 528 2016 huncin
542 1959 679 2016 manibus
695 1967 790 2015 tenere
806 1972 865 2015 non
884 1972 951 2029 pcr-
1004 1961 1138 2033 opinione
1153 1960 1247 2031 potius
1271 1974 1359 2032 uuam
1375 1975 1411 2016 ex
1436 1959 1593 2015 assertione
1619 1957 1764 2014 sententiae
1793 1969 1853 2025 pro

103 2047 304 2105 mittiturtseil
318 2047 387 2103 illud
403 2049 440 2104 ab
458 2049 500 2105 eis
513 2049 677 2119 accepimus
707 2047 857 2115 custodiri,
875 2046 952 2117 apud
1007 2050 1104 2107 tulerit
1117 2067 1125 2118 3
1139 2051 1182 2106 iiel
1195 2051 1351 2120 quaerendo
1367 2048 1461 2119 magis
1484 2051 1625 2116 laminam
1649 2045 1748 2111 dubia,
1764 2057 1854 2114 quarn

103 2150 263 2194 coscmnes
284 2136 450 2208 Scripturas
474 2137 672 2194 adoctoribus
687 2137 763 2194 tradi
789 2137 894 2208 pueris,
914 2137 949 2192 ad
1007 2137 1175 2195 diitiniendo
1216 2146 1359 2208 tanquam
1399 2147 1485 2203 certa,
1523 2137 1606 2206 quasi
1641 2132 1851 2190 brsiotelicum

104 2223 241 2282 ultimum
255 2238 284 2280 ir
306 2225 394 2283 libros
418 2227 615 2294 reservarint
643 2235 686 2283 cst
700 2226 875 2296 principium
896 2225 952 2281 Ge·
1006 2227 1077 2284 illud
1097 2227 1246 2284 attenderis
1259 2226 1462 2282 consiliumzi
1490 2227 1628 2288 Fortasse,
1653 2223 1757 2293 inquit,
1772 2218 1854 2276 ultu-

104 2312 253 2383 ucsisquo
281 2314 382 2369 mundi
406 2322 541 2371 creatura
560 2313 741 2379 describitur,
770 2323 798 2370 ct
823 2312 950 2370 Ezechiel
1005 2315 1058 2373 cite
1072 2317 1109 2373 sit
1127 2316 1162 2373 de
1187 2316 1353 2387 hujusmodi
1374 2315 1461 2372 rebus
1488 2312 1664 2371 contidenter
1693 2310 1851 2378 declarare,

104 2400 250 2472 propheta
266 2401 407 2472 principia
424 2403 453 2458 in
473 2403 581 2474 quibus
596 2404 630 2459 dc
648 2402 797 2459 cherubim
813 2401 949 2459 reterturi

103 2489 189 2546 duem
205 2502 323 2560 quoiiue
340 2491 368 2545 in
394 2505 453 2561 nuo
478 2488 576 2562 templi
598 2491 749 2547 aedificatio
770 2491 947 2557 continetur,

103 2578 221 2636 ethunc
235 2577 344 2633 Cantici
357 2579 535 2635 canticorum
556 2578 672 2636 librum.
700 2599 714 2632 ii
744 2580 816 2637 ilinc
834 2589 862 2636 et
879 2578 950 2635 illud

105 2666 271 2738 Hieronymi
287 2667 317 2723 iu
334 2668 452 2738 prologo
476 2668 671 2739 Expositionis
685 2683 745 2725 suae
762 2669 789 2724 iii
816 2667 949 2724 Ezechie-

103 2755 179 2814 lem:
202 2777 213 2806 ‹
241 2757 401 2827 Aggrediar
422 2751 549 2814 Ezechiel
575 2757 753 2828 prophetam,
779 2757 862 2828 cujus
877 2757 950 2813 dilst-

103 2846 239 2902 cultatem
256 2846 440 2903 ilcbraeorum
457 2847 558 2916 probat
583 2848 707 2904 traditio.
728 2848 797 2903 iiam
814 2845 868 2902 nisi
884 2846 950 2918 quis

104 2934 180 3005 apud
192 2948 240 2990 eos
261 2943 372 2991 aetatem
392 2935 576 2993 sacerdotalis
602 2936 762 3013 ministerii,
780 2935 806 2991 id
827 2945 870 2992 est
895 2936 947 2991 tii·

104 3024 244 3097 gesiinum
269 3038 378 3080 annum
400 3023 570 3094 impleverit,
591 3038 644 3081 nec
665 3024 837 3095 principium
856 3023 947 3081 Gene-

102 3127 174 3179 seos,
191 3127 243 3168 nec
259 3113 411 3169 Canticum
434 3112 624 3180 canticorum,
649 3128 701 3170 nec
716 3113 805 3184 huius
822 3115 947 3172 volumi·

103 3200 149 3258 nis
162 3201 314 3257 exordium
329 3209 357 3256 et
372 3199 456 3256 ilnem
474 3201 567 3271 legere
584 3201 770 3271 permittitur,
788 3210 819 3259 ut
835 3203 870 3259 ad
887 3217 948 3274 per-

103 3287 204 3346 lectam
237 3289 397 3354 scientiam,
424 3295 452 3344 et
481 3289 616 3359 mysticos
639 3290 801 3348 intellectus
830 3292 947 3363 plenuin

1005 2406 1061 2462 nisi
1074 2419 1148 2476 saepe
1162 2411 1335 2477 pertractata
1355 2413 1423 2462 sunt
1440 2421 1447 2458 :
1463 2403 1597 2460 dubitare
1613 2410 1710 2458 autem
1735 2400 1770 2457 de
1788 2399 1854 2455 sin-

1005 2495 1082 2567 gulis
1097 2509 1153 2552 neri
1173 2494 1227 2550 erit
1243 2494 1379 2549 inutile.»
1398 2492 1568 2569 ,pradictus
1592 2491 1691 2561 itaque
1710 2491 1808 2545 doctor
1824 2488 1856 2544 in

1004 2582 1381 2641 secundollctractationum
1392 2595 1523 2648 suarum,
1533 2580 1620 2636 libros
1630 2594 1673 2635 xii
1685 2576 1854 2635 suosdeGe·

1004 2673 1065 2731 nesi
1076 2673 1112 2729 ad
1127 2673 1251 2728 litteram
1261 2680 1473 2728 retractaturus
1483 2669 1523 2726 eit
1535 2673 1609 2739 titt:
1625 2690 1639 2719 «
1658 2669 1688 2723 tn
1702 2678 1854 2738 qnoopere

1003 2761 1089 2833 plura
1117 2763 1238 2832 quesita
1270 2772 1360 2831 quam
1387 2765 1512 2823 inventa,
1538 2768 1565 2814 et
1592 2771 1694 2814 eorum
1719 2768 1785 2826 qiiae
1806 2754 1853 2809 in-

1004 2858 1091 2907 venta
1105 2860 1173 2906 sunt
1190 2852 1326 2920 pauciora
1342 2850 1464 2916 lirmata,
1481 2858 1584 2904 catera
1596 2861 1664 2902 vero
1680 2846 1719 2900 ita
1744 2844 1847 2915 posita,

1002 2941 1082 2999 velut
1095 2939 1192 2995 adhuc
1211 2938 1385 3009 requirentia
1397 2937 1464 2993 siut.
1483 2958 1494 2985 i
1522 2935 1575 2992 Sed
1601 2935 1738 3006 quoniam
1755 2934 1844 3003 hujus

1002 3021 1121 3102 quoque
1139 3029 1233 3098 operis
1254 3027 1330 3083 dicta
1352 3027 1421 3083 adeo
1450 3026 1532 3082 robis
1555 3025 1678 3081 obscura
1701 3023 1847 3089 vitientur,

1002 3127 1036 3176 iit
1056 3118 1120 3188 ipsa
1135 3130 1238 3174 rursus
1257 3116 1393 3186 expositio
1414 3115 1589 3185 exponenda
1608 3127 1669 3170 csse
1688 3118 1852 3178 transeatur,

1002 3217 1131 3263 nostram
1157 3205 1243 3262 etiam
1271 3209 1434 3275 opinionem
1464 3204 1493 3259 iu
1518 3201 1688 3274 exponendo
1717 3200 1853 3271 praedicto

1001 3295 1119 3353 Genesis
1155 3294 1275 3351 exordio
1304 3293 1479 3366 efflagitatis.
1512 3295 1603 3359 Quam
1633 3304 1713 3346 nunc
1734 3289 1854 3360 cuidem

103 3377 365 3435 humissaelilsslffl
382 3379 663 3448 iemlsssassssidssld
1003 3384 1209 3455 expositionem
1236 3383 1276 3440 ita
1304 3397 1349 3439 mc
1379 3390 1541 3438 vestrarum
1567 3379 1704 3436 instantia
1733 3390 1852 3448 precum

138 3466 332 3536 Supplicaudn
355 3466 452 3536 itaque
476 3467 604 3537 postulas
625 3475 653 3525 et
680 3467 852 3539 postulando
876 3484 948 3542 sup·
966 3443 987 3500 (ἶ
1004 3472 1125 3547 aggredi
1137 3474 1326 3544 cognoscatis,
1343 3471 1426 3528 utibi
1453 3485 1496 3527 me
1522 3470 1642 3526 delicere
1659 3466 1800 3525 videritis.
1820 3465 1853 3522 il·

103 3553 204 3625 plicas,
229 3569 311 3611 soror
334 3554 469 3624 Heloissn,
495 3558 523 3612 in
542 3557 647 3615 saeoulo
677 3560 824 3629 quondam
848 3559 948 3627 chara,
1004 3563 1062 3621 lain
1087 3577 1104 3618 a
1135 3576 1179 3618 me
1208 3561 1394 3633 apostoliam
1422 3560 1637 3617 excusationem
1669 3555 1851 3628 exspectetis.

102 3658 183 3700 nunc
198 3644 226 3699 in
251 3644 364 3702 Christo
388 3645 557 3702 charissima
580 3656 725 3718 quatenus
739 3648 949 3719 expositionem
1003 3655 1101 3709 Factus
1138 3667 1198 3708 snm
1231 3653 1378 3723 insipiens,
1412 3666 1459 3706 iios
1497 3665 1539 3704 iiic
1572 3650 1698 3717 coegistis
1730 3646 1767 3716 (tt
1791 3645 1852 3701 Gor.

103 3735 206 3793 horum
220 3744 298 3793 tauto
309 3737 467 3794 studiosius
478 3738 625 3796 intendam
638 3746 749 3811 quanto
759 3740 950 3798 diitlciliorem
1005 3754 1059 3807 xii,
1074 3741 1126 3810 ιι).

140 3875 196 3951 (14)
212 3876 318 3934 Patrol.
335 3884 403 3935 torn.
417 3877 536 3948 xxxii,
547 3878 601 3937 col.
624 3880 685 3936 olo.

307 4168 578 4278 INCIPIT
624 4172 1007 4322 EXPOSITIO
1053 4172 1129 4281 IN
1175 4171 1651 4281 HEXAMERON.

138 4526 312 4585 immensam
329 4525 421 4599 lgitui·
442 4527 578 4599 abyssum
593 4525 797 4598 protenditaiis
811 4526 951 4587 Geucscos
966 4530 989 4588 l)
1005 4529 1133 4588 Creatori
1147 4543 1181 4587 ac
1195 4529 1357 4601 dispositori
1384 4536 1497 4597 monet·,
1523 4530 1750 4588 consideratione
1774 4531 1854 4591 vide-

102 4615 208 4687 tripiiei
225 4622 437 4688 perscrutantes
455 4615 645 4687 expositione,
668 4616 804 4674 historica
827 4618 947 4688 scilicet,
1004 4619 1068 4676 licet
1079 4618 1273 4690 corporalium
1285 4619 1349 4691 ejus
1361 4618 1396 4690 [f.
1413 4620 1556 4693 operum}
1625 4619 1654 4676 in
1670 4619 1732 4690 ipsa
1750 4618 1854 4677 mundi

101 4704 204 4765 morali
217 4714 245 4763 et
261 4705 390 4775 mystica,
411 4706 516 4777 ipsum,
534 4704 701 4763 invocemus
724 4704 874 4778 Spiritum,
890 4723 949 4778 quo
1004 4707 1110 4777 optima
1137 4705 1281 4764 creatione
1298 4719 1332 4764 ac
1362 4706 1553 4777 dispositione.
1585 4710 1713 4775 Qnaruiii
1734 4707 1854 4777 quidem

103 4793 242 4862 dictante,
270 4794 330 4851 haec
343 4795 450 4865 scripta
469 4801 555 4862 sunt;
581 4802 614 4851 nt
628 4795 680 4865 qui
696 4794 842 4866 prophete
861 4797 950 4854 rerba
1004 4808 1102 4852 rerum
1116 4794 1153 4852 ab
1168 4793 1230 4866 ipso
1245 4795 1346 4852 mundi
1357 4796 1477 4853 exordio
1494 4810 1585 4867 usque
1601 4797 1636 4853 ad
1655 4802 1784 4865 tempora
1798 4809 1854 4852 sna

103 4879 227 4954 largitus
236 4889 289 4950 cst,
306 4881 364 4952 ipse
374 4882 567 4941 nobiseorum
581 4885 691 4955 aperiat
710 4897 838 4941 sensum.
855 4885 951 4942 Primo
1004 4884 1134 4957 diligenti
1158 4883 1325 4941 narratione
1353 4875 1478 4942 deducit.
1505 4885 1587 4942 Unde
1611 4894 1640 4941 et
1665 4887 1758 4955 ipsius
1779 4891 1855 4941 recte

58 4974 62 4981 “
100 4962 213 5042 'itaque
234 4978 320 5042 prout
348 4971 408 5043 ipsa
423 4972 569 5041 annuerit,
587 4973 642 5030 inin
669 4971 780 5029 dederit
807 4973 850 5030 rei
864 4978 952 5046 gestae
1004 4974 1155 5030 materiam
1176 4975 1360 5047 assignamus
1384 4973 1460 5031 banc
1486 4974 1589 5043 ipsam,
1611 4987 1699 5045 quam
1723 4972 1855 5029 diximus

104 5059 255 5117 veritatem
265 5061 350 5131 quasi
374 5060 541 5119 historicam
557 5061 682 5134 ilgamus
696 5061 832 5120 radicem.
846 5061 952 5121 Carna-
1005 5062 1108 5120 mundi
1126 5062 1300 5121 creationem
1323 5075 1357 5120 ac
1380 5062 1607 5134 dispositionem,
1637 5063 1689 5120 hoc
1722 5069 1765 5118 est
1791 5061 1856 5133 ipsa

103 5143 160 5203 lein
175 5145 274 5219 itaque
288 5151 425 5220 populum
439 5151 578 5222 propheta
587 5150 753 5207 desiderans
767 5151 804 5208 ad
817 5151 951 5210 divinum
1005 5166 1073 5224 qun
1086 5152 1115 5208 in
1127 5152 1271 5209 creatione
1286 5150 1388 5209 mundi
1403 5151 1446 5208 vel
1471 5152 1654 5222 dispositione
1675 5150 1776 5208 divina
1788 5165 1856 5221 ope·

101 5233 212 5291 cultum
226 5235 351 5306 allicere,
371 5238 421 5296 cui
434 5247 576 5311 tanquam
598 5239 664 5296 rudi
677 5239 775 5297 adhuc
788 5239 951 5299 etiudisci·
1005 5248 1125 5298 ratacst
1153 5240 1257 5314 gratia.
1278 5241 1389 5313 Deque
1414 5239 1531 5313 quidem
1561 5240 1727 5312 operatione
1742 5239 1778 5296 ad
1806 5253 1852 5296 co·

100 5322 215 5397 pliuato
227 5323 330 5396 prioris
344 5325 476 5387 instituta
486 5327 660 5387 Testamenti
677 5328 949 5399 iuerattraditurus,
1005 5328 1163 5402 gnitionem
1190 5329 1301 5402 cpillcis
1330 5345 1383 5387 iios
1408 5331 1583 5402 perducente
1606 5328 1760 5402 apostotus
1789 5327 1851 5385 ait:

99 5411 198 5484 prino
220 5425 269 5482 ons
292 5414 329 5472 ad
350 5414 542 5476 obnitendum
565 5419 623 5477 beo
649 5424 792 5492 tanqum
819 5418 951 5478 omnium
1005 5417 1167 5476 lnohibilio
1184 5421 1273 5492 iptim
1292 5434 1311 5476 c
1333 5423 1462 5478 crcotm
1475 5419 1636 5491 mandipcr
1655 5434 1688 5476 cc
1701 5419 1855 5492 quarceto
