3804 5962
137 139 205 197 itta
383 131 484 188 PETRI
513 129 698 186 ABAELARUI
718 128 793 185 OPP.
814 129 903 187 PARS
928 129 976 184 lli.
1000 158 1032 168 -
1065 129 1285 188 rupoloslcn
1304 130 1349 187 Er
1366 128 1630 189 Pullosorutcu.
1829 129 1885 184 itti

133 260 316 332 omnipotens
336 253 452 317 dicitur,
474 252 523 309 sed
552 267 610 308 nan
627 251 770 323 quidquid
792 266 863 321 una,
888 251 1019 324 potasti
1036 252 1126 323 (ioan.
1142 269 1192 322 xv,
1208 255 1264 325 ιι).
1290 253 1331 310 Αε
1346 254 1369 310 si
1393 255 1517 322 dicatur,
1532 269 1568 311 ex
1584 255 1640 311 hoc
1656 251 1828 310 maximam
1842 253 1884 309 in·

25 384 31 403 ,
133 365 195 410 esse
208 356 236 406 et
254 347 322 405 alia.
343 344 380 402 Ut
403 344 595 413 llierouymus
611 341 759 398 ait2Plus
775 343 880 399 babere
895 342 978 398 Pater
1032 342 1092 412 pios
1111 343 1379 400 condemnationem
1405 343 1483 414 jnste
1515 344 1674 411 incurrere,
1708 340 1786 413 quia
1812 349 1882 398 tauto

133 457 151 500 a
175 439 245 497 Filio
272 435 348 492 istud
377 430 536 491 invenitur,
562 430 640 500 quod
669 429 747 486 solus
774 430 900 502 aseipso
924 436 976 497 est,
1032 431 1169 489 beneflcio
1187 431 1292 504 ingrati
1319 440 1345 489 ct
1371 431 1585 489 inexcusabiles
1603 431 1800 497 exstiterunt,
1826 430 1880 487 mis

134 531 221 588 Filius
236 539 303 584 vero
323 537 340 578 a
365 536 394 577 se
417 521 477 591 ipso
490 534 547 575 non
563 527 616 588 est,
634 519 685 575 scd
700 535 716 575 a
733 521 816 577 Patre
837 528 976 591 tanquam
1032 535 1097 578 sum
1109 521 1194 578 etiam
1211 524 1323 578 aPatrc
1343 521 1448 578 Filium
1468 528 1646 592 respuentes.
1667 520 1712 577 ad
1730 521 1787 576 hoc
1801 519 1879 576 etian

133 620 257 693 genitus.
275 612 357 678 Quod
369 626 438 682 ergo
457 608 599 665 Maximus
619 608 769 679 episcopus
782 609 831 676 ait,
849 624 899 679 per
912 623 977 664 om·
1032 608 1080 665 ilia
1096 610 1242 680 inscriptio
1267 609 1369 680 psalmi
1394 609 1516 680 pertinet
1531 609 1616 678 (Psoi.
1641 613 1697 678 rx),
1724 610 1781 663 Pro
1800 609 1879 662 occut-

132 704 321 779 nipotentiam
348 702 462 757 Patrem
501 712 571 765 esse,
607 707 702 768 aperte
743 698 821 754 dedit
856 697 976 769 intelligi
1032 701 1067 754 tis
1088 699 1166 768 Filii,
1192 699 1298 756 scilicet
1319 699 1444 770 judiciis,
1471 699 1504 755 dc
1524 697 1879 769 quibusdictum:tudi·

131 800 227 869 ipsum
247 792 303 851 dici
326 790 564 861 omnipotentem,
584 802 642 843 non
667 787 744 858 quad
760 788 819 859 ipse
843 787 922 844 solus
941 788 977 844 sit
1031 791 1073 844 cia
1089 794 1137 843 taa
1159 788 1274 858 abyssus
1298 790 1384 844 matta
1406 790 1490 857 (Psat.
1513 801 1602 856 xxxv,
1628 787 1670 858 7),
1688 786 1767 858 qnia
1788 786 1829 841 sic
1845 785 1878 842 di

129 886 319 956 omnipotens,
339 888 371 938 ut
394 879 503 936 dictum
531 884 581 946 εει,
600 876 628 932 id
652 883 693 932 est
708 876 805 932 omnia
824 891 890 947 quaa
913 877 975 932 vult
1031 885 1110 934 ctum
1135 884 1186 946 cst,
1210 876 1358 947 sapientie
1377 883 1418 932 est
1438 877 1581 948 judicare,
1608 876 1636 932 id
1660 884 1704 932 est
1743 873 1822 946 qum
1848 888 1877 930 ex

129 976 242 1036 eldcere
261 971 359 1044 possit,
379 970 428 1026 sed
447 967 525 1039 quod
551 966 579 1022 id
594 981 630 1023 ex
645 981 674 1022 εε
691 965 777 1022 babet
793 979 882 1036 posse,
900 967 977 1022 sicut
1028 966 1142 1037 justitia
1168 965 1273 1037 cuique
1298 966 1437 1022 debeatur
1461 979 1626 1038 agnoscere.
1655 963 1812 1022 Christum
1838 964 1876 1020 lici

130 1081 222 1134 exse,
247 1072 274 1120 et
296 1075 353 1118 non
375 1073 411 1115 er
429 1057 494 1119 alio.
517 1056 602 1112 babet
630 1069 698 1111 esse.
728 1055 805 1109 Unde
823 1061 850 1111 et
866 1068 916 1124 per
929 1068 976 1110 sc·
1031 1055 1168 1112 virtutem
1190 1063 1217 1111 et
1249 1055 1419 1125 sapientiam
1450 1054 1602 1126 Apostolus
1626 1053 1766 1110 nominat
1782 1049 1804 1119 (i
1825 1049 1874 1106 Cor.

130 1155 285 1225 metipsum
315 1149 404 1206 Filius
427 1145 495 1203 dicit
510 1162 516 1201 :
532 1145 590 1201 Noa
617 1158 727 1214 possum
741 1159 758 1197 a
772 1145 874 1214 meipsa
886 1145 981 1222 {iacere¹
1033 1159 1054 1211 r,
1071 1144 1117 1216 24)
1138 1143 1300 1214 :sapientia
1318 1157 1471 1215 perquam
1496 1145 1594 1200 omnia
1609 1144 1647 1199 ad
1667 1142 1822 1212 integrum
1835 1153 1873 1195 no

131 1245 281 1317 quidquem
308 1238 397 1310 (ioan.
429 1249 457 1303 v,
484 1235 540 1304 39).
565 1233 602 1289 Ει
624 1232 692 1288 alibi
711 1233 758 1290 :A
781 1236 881 1302 meipso
904 1233 977 1297 facio
1031 1232 1082 1301 vit,
1099 1231 1235 1289 virtutem
1252 1245 1490 1304 veropcrquam
1507 1232 1809 1289 omniumhnnornm
1823 1231 1873 1289 elfi-

129 1334 200 1392 aiiii
217 1333 306 1405 (ioan.
330 1342 392 1395 xm,
409 1324 466 1397 ιι),
482 1325 556 1379 aeta
575 1324 677 1392 meipso
693 1337 747 1377 aaa
776 1321 872 1388 icquar
888 1323 974 1388 (toan.
1031 1322 1109 1378 cacia
1120 1321 1252 1393 complet.
1271 1322 1353 1379 Unde
1373 1321 1570 1403 scriptumest
1588 1339 1594 1377 ε
1612 1322 1715 1379 Omnia
1728 1341 1784 1396 per
1797 1332 1873 1399 ipssa

126 1442 190 1497 nv,
201 1423 254 1495 ιο),
1030 1412 1180 1477 factasunt
1196 1411 1284 1482 (toea.
1300 1426 1319 1480 1,
1347 1411 1382 1482 3).
1398 1411 1433 1467 Ει
1457 1410 1527 1467 alibi
1543 1427 1550 1466 ι
1567 1413 1667 1469 Omnia
1689 1415 1723 1468 in
1747 1417 1873 1486 sapientia

143 1582 151 1596 ι
458 1500 574 1561 CAPUT
589 1499 649 1556 Vlll
991 1501 1123 1593 chcisti
1137 1501 1221 1568 (Psat.
1246 1516 1307 1570 cnr,
1331 1501 1385 1568 ιι).
1406 1499 1486 1556 Unde
1509 1507 1536 1556 ει
1559 1500 1661 1557 dextra
1687 1502 1754 1560 sive
1782 1517 1872 1560 manns

129 1622 230 1682 Probat
261 1615 416 1685 cenopolim
448 1616 474 1666 ct
501 1609 650 1680 apostolica
682 1610 844 1664 auctoritate
867 1610 975 1663 Patrem
1031 1590 1123 1645 Patris
1146 1589 1318 1660 alienastis·
1342 1603 1392 1660 per
1411 1603 1501 1660 (1ss³¹ss
1515 1591 1598 1646 Pater
1612 1591 1716 1647 Omnia
1736 1600 1871 1663 ⁰llsss³i¹1r2

163 1689 368 1760 omnipotentia,
390 1685 490 1766 Filiam
519 1682 667 1764 sapientia,
693 1679 828 1750 Spiritum
850 1684 975 1735 sanctam
1030 1679 1124 1748 quiet
1149 1678 1219 1734 benc
1247 1692 1328 1734 meus
1351 1677 1453 1746 Patris,
1478 1678 1636 1748 siveratio,
1662 1681 1728 1738 sive
1756 1683 1872 1755 Angelus

164 1762 319 1835 specialiter
328 1758 469 1828 dmiliar*
481 1753 610 1808 ‘’mutate-
1029 1765 1141 1822 consilii
1163 1767 1257 1822 dictus
1273 1774 1324 1833 est,
1349 1767 1420 1839 quia
1436 1767 1465 1823 in
1485 1767 1539 1824 bac
1553 1769 1699 1839 sapientia
1725 1771 1871 1829 rationabi-

165 1872 250 1931 Nunc
282 1862 423 1925 vocabulo
445 1859 539 1917 Patris
563 1858 691 1914 divinam
721 1855 875 1927 potentiam
903 1857 972 1914 assi·
1029 1855 1093 1912 liter
1114 1857 1198 1912 Pater
1219 1856 1318 1912 omnia
1337 1855 1473 1929 disponit,
1496 1856 1557 1914 sive
1579 1858 1729 1915 muudum
1746 1861 1869 1927 creando,

129 1961 215 2036 gnari
237 1966 295 2015 tam
316 1949 484 2022 evangelica
514 1961 603 2018 quam
627 1945 782 2016 apostolica
804 1946 974 2002 anctoritate
1028 1945 1088 2002 sive
1110 1945 1243 2001 eumdem
1266 1945 1378 2015 lapsum
1402 1945 1571 2015 reparando,
1603 1954 1632 2003 et
1657 1948 1689 2003 in
1717 1948 1774 2005 boc
1800 1950 1871 2006 Pater

129 2049 321 2111 aibrmamus,
338 2051 407 2099 tuuc
429 2037 494 2095 inde
507 2044 570 2093 tum
592 2035 711 2103 ratione,
731 2034 974 2091 tunianctoritate
1028 2048 1129 2090 verum
1151 2033 1305 2089 consilinm
1323 2042 1430 2090 nostrae
1449 2035 1621 2106 ignorantias
1636 2036 1720 2094 dedit
1738 2039 1870 2110 eumelus

128 2145 295 2196 sanctorum
321 2127 518 2200 irrefragabile
543 2131 646 2196 pateat,
668 2123 747 2194 qnod
773 2123 908 2179 dicimus.
926 2123 974 2180 nit
1028 2120 1188 2177 incarnatio
1204 2136 1256 2178 nas
1279 2122 1415 2179 visitavit.
1434 2123 1524 2195 Logos
1551 2124 1653 2194 itaque
1676 2139 1750 2182 cum
1771 2126 1869 2183 dicatur

126 2238 255 2296 namque
276 2219 375 2283 Filius,
399 2216 462 2282 Qua
489 2217 570 2270 Pater
584 2215 678 2283 posuit
705 2215 735 2266 ia
761 2227 814 2266 saa
840 2216 974 2282 potestate
1027 2209 1119 2266 Filius
1144 2210 1204 2277 Uei,
1221 2210 1248 2265 id
1277 2217 1318 2266 est
1333 2211 1472 2274 Verbum,
1495 2213 1658 2269 secuudum
1674 2214 1867 2287 illamsiguiil·

128 2315 203 2388 (Act.
225 2329 243 2380 i,
257 2311 296 2381 7),
313 2323 371 2364 non
387 2305 464 2378 quod
481 2305 540 2374 ipsc
560 2302 638 2359 tilius
653 2301 698 2358 vel
713 2301 831 2371 spiritus
844 2309 971 2370 sanctus,
1028 2299 1169 2355 cationem
1181 2300 1308 2356 sumitur
1330 2301 1489 2357 secundum
1504 2315 1593 2371 quam
1614 2300 1692 2373 λογες
1708 2304 1789 2374 apud
1803 2303 1867 2359 Grae

126 2401 194 2461 licet
227 2399 327 2456 eadem
359 2395 396 2451 sit
422 2393 511 2449 trium
545 2404 733 2461 personarum
771 2397 904 2459 potestas.
940 2390 973 2447 Et
1026 2403 1075 2445 cos
1101 2389 1195 2460 ipsunt
1227 2389 1333 2445 urentis
1361 2396 1540 2459 conceptum.
1572 2405 1625 2447 scu
1653 2393 1780 2448 rationis
1792 2391 1864 2463 signi·

52 2480 59 2494 ’
126 2491 197 2550 alibi
223 2504 230 2544 :
256 2488 343 2553 sicat,
374 2481 482 2552 inquit,
518 2480 652 2549 disposuit
681 2479 750 2533 miii
785 2480 867 2533 Pater
896 2479 971 2550 (lac.
1027 2477 1103 2546 licat,
1129 2478 1279 2534 nonvocis
1307 2477 1504 2548 prolationem.
1527 2479 1606 2536 Unde
1631 2480 1753 2537 Boetius
1777 2482 1805 2537 in
1823 2479 1865 2538 Ca·

112 2594 203 2648 un,
225 2576 281 2647 39).
299 2572 413 2642 Quoties
437 2570 500 2642 ipsa
517 2568 684 2624 humanitas
705 2567 771 2623 Filii
787 2568 973 2636 opem'unitae
1026 2565 1142 2636 tegoriis
1175 2580 1182 2620 :
1210 2567 1348 2638 quoniam
1373 2567 1468 2623 Graeca
1507 2568 1638 2624 oratione
1671 2567 1752 2641 λεμς
1776 2569 1865 2626 dicitnr

125 2669 181 2727 sibi
207 2660 366 2724 divinitatis
394 2658 538 2729 implorat,
557 2664 607 2712 ant
627 2656 740 2726 aliquas
762 2669 859 2727 preces
881 2655 972 2712 enan·
1026 2654 1112 2712 etiam
1141 2656 1228 2711 animi
1259 2655 1393 2728 cogitatio
1416 2662 1443 2711 et
1459 2655 1535 2712 intra
1556 2670 1585 2712 sc
1610 2658 1798 2716 ratiocinatio
1814 2658 1863 2729 iil:

124 2758 179 2824 dit,
198 2755 259 2814 solo
274 2750 368 2809 Patris
392 2746 533 2806 vocabulo
549 2745 653 2814 utitur,
670 2745 763 2816 ipsam
774 2744 882 2802 scilicet
896 2759 969 2801 corti·
988 2784 1009 2839 C
1027 2745 1144 2815 nequis
1164 2744 1355 2813 Aristotelem,
1374 2742 1466 2817 [cnm]
1482 2745 1589 2801 diceret
1612 2743 1701 2818 λογον,
1729 2748 1812 2804 idest
1832 2744 1864 2818 [a]

124 2843 310 2904 memorando
346 2837 514 2910 potentiam,
545 2849 605 2907 qua
633 2842 732 2905 poiens
769 2842 811 2891 cst
846 2834 968 2902 efficere,
1025 2833 1166 2890 rationem
1195 2847 1256 2890 esse
1282 2834 1485 2905 quantitatem,
1505 2833 1540 2890 de
1565 2848 1598 2889 eo
1629 2843 1750 2906 putaret
1773 2835 1861 2891 dicere

123 2934 201 3008 qnod
223 2937 354 3003 rogatur,
378 2934 410 2983 ut
431 2940 499 2982 cum
523 2924 630 2980 dicitnr
650 2937 656 2978 :
673 2926 754 2979 Pater
772 2928 875 2993 scaete,
894 2938 971 2978 sema
1025 2937 1110 2992 qtrem
1131 2922 1257 2993 quisque
1280 2921 1354 2994 lopas
1380 2922 1409 2978 in
1434 2921 1607 2994 cogitatione
1635 2923 1810 2994 disponeret,
1823 2921 1860 2977 ad·

123 3040 167 3081 eas
180 3023 255 3094 (Lac.
275 3034 345 3084 xvir,
373 3014 428 3086 ιι),
450 3017 542 3078 Pater,
563 3017 592 3068 ia
616 3029 713 3068 manas
734 3019 794 3068 taos
817 3012 970 3068 commenda
1024 3011 1131 3074 didit«
1150 3026 1215 3082 quae
1236 3011 1266 3068 iit
1281 3027 1346 3068 cum
1360 3026 1437 3067 voce.
1455 3033 1470 3060 »
1487 3011 1567 3068 Unde
1581 3011 1726 3069 etbeatus
1746 3010 1859 3068 meminit

122 3116 253 3186 spiritum
278 3123 366 3164 mcum
391 3104 468 3176 (lac.
494 3118 577 3169 xxrrr,
593 3104 651 3173 46),
675 3110 701 3159 ει
715 3103 830 3170 similia,
849 3117 914 3172 qnae
934 3101 970 3158 ad
1023 3101 1205 3172 angustinus
1233 3101 1261 3157 in
1292 3099 1365 3157 libro
1395 3099 1581 3165 Quaestionum
1603 3103 1649 3169 81,
1681 3115 1747 3172 cap.
1775 3103 1814 3155 ti.
1835 3099 1858 3153 la

122 3202 282 3259 orationem
314 3195 467 3267 pertinent.
500 3190 580 3257 Quod
610 3190 706 3245 adbuc
742 3204 813 3246 usus
838 3188 971 3245 Ecclesiae
1019 3190 1168 3259 principio,
1197 3189 1303 3260 inquit,
1330 3193 1389 3243 erat
1420 3189 1546 3257 Verbum,
1572 3190 1652 3261 quod
1680 3189 1777 3247 Graece
1797 3188 1856 3259 lep<

122 3287 251 3346 hebetia
276 3281 333 3338 illis
363 3277 536 3349 specialibus
555 3276 746 3344 orationibus,
765 3291 831 3347 quae
850 3277 878 3331 in
893 3277 966 3332 cele·
1023 3277 1140 3347 dicitur,
1164 3279 1262 3334 Latine
1285 3292 1354 3335 vero
1377 3285 1405 3335 et
1425 3278 1565 3335 rationem
1580 3285 1608 3333 et
1634 3278 1762 3336 Verbum
1787 3277 1857 3349 signi

122 3371 306 3432 brationibus
320 3367 473 3429 missarum
494 3364 530 3420 ad
551 3364 641 3420 altare
663 3363 747 3432 liunt,
774 3378 840 3436 quae
862 3365 969 3423 scilicet
1003 3365 1097 3423 ,licat
1116 3366 1170 3424 Sed
1185 3369 1237 3424 boc
1261 3366 1322 3423 luco
1349 3366 1452 3424 melius
1469 3367 1589 3423 verbum
1615 3368 1772 3438 accipitur,
1786 3375 1814 3423 ut
1828 3366 1855 3420 si·

122 3463 159 3521 ad
173 3460 268 3518 solum
282 3464 394 3528 patrem
415 3453 589 3511 locutionem
611 3451 756 3524 dirigunt.
772 3452 821 3508 Sic
836 3453 877 3508 ait
893 3456 968 3523 lipo-
1023 3457 1176 3528 gniticetur
1191 3470 1247 3511 uon
1275 3455 1369 3511 solum
1394 3455 1430 3510 ad
1450 3455 1562 3511 Patrem
1577 3465 1740 3527 respectus,
1765 3455 1808 3512 sed
1827 3452 1854 3508 ad

121 3551 212 3610 stolus
234 3546 379 3604 Christum
402 3542 625 3600 resurrexisse-a
640 3542 761 3599 mortuis
774 3556 824 3613 per
845 3542 968 3613 gratiam
1022 3543 1071 3600 iila
1094 3544 1190 3610 etiam,
1223 3557 1294 3614 εεεε
1325 3557 1376 3614 per
1412 3543 1539 3601 Verbum
1570 3541 1649 3600 iacta
1677 3552 1757 3601 sunt.
1779 3542 1854 3612 liujus

121 3638 225 3706 Patris,
241 3635 326 3693 idest
340 3648 389 3705 per
410 3633 549 3689 virtutem
564 3631 670 3686 dirinae
695 3630 836 3701 potentiae,
853 3630 899 3686 vel
915 3633 966 3686 Pa·
1021 3632 1104 3689 Verbi
1119 3647 1175 3690 vox
1202 3631 1309 3688 dicitur
1340 3632 1475 3701 ioannes,
1493 3631 1565 3702 quia
1592 3631 1727 3689 Verbum
1741 3631 1855 3703 praedit

120 3735 194 3787 trem
209 3739 226 3783 a
242 3724 365 3782 mortuis
387 3721 493 3779 Filium
517 3719 670 3777 suscitasse
685 3719 730 3776 vel
750 3719 967 3776 vivificaturum
1020 3721 1174 3788 nascendo,
1201 3720 1396 3792 praedicando,
1417 3721 1574 3778 moriendo.
1591 3721 1633 3778 Ue
1661 3736 1722 3793 quo
1738 3737 1792 3780 vox
1811 3720 1853 3777 dt·
1897 3690 1901 3787 Ι

119 3831 181 3876 εεεε
211 3826 332 3885 corpora
356 3818 464 3878 nostra,
490 3809 536 3867 vel
560 3808 666 3865 Filium
685 3808 824 3879 Spiritum
844 3806 965 3875 misisse,
1020 3809 1136 3879 mantis,
1157 3811 1307 3882 etc.,quia
1325 3811 1399 3868 sicut
1415 3810 1535 3867 verbum
1550 3809 1680 3867 audibile
1696 3812 1728 3868 in
1744 3810 1855 3869 auditore
1897 3824 1900 3829 ·

120 3904 165 3963 vel
186 3904 213 3962 ei
239 3903 345 3959 Filium
373 3898 510 3956 obedisse.
539 3897 622 3963 Cum,
645 3896 776 3967 inquam,
797 3894 866 3951 talia
885 3894 965 3962 dicit,
1020 3899 1155 3969 praecedit
1184 3898 1373 3970 intelligibile,
1396 3898 1475 3970 qnia,
1495 3898 1568 3953 sicut
1590 3897 1676 3967 prius
1696 3908 1780 3958 sonat
1802 3911 1857 3968 rot,

119 3993 203 4066 quasi
224 3990 340 4063 proprie
361 3996 389 4045 et
412 3986 573 4060 specialiter
588 3985 664 4041 Patri
687 3985 829 4051 attribuit,
847 3998 913 4055 quae
928 3985 965 4041 ad
1021 3995 1118 4057 postea
1133 4000 1170 4044 ex
1194 3987 1341 4044 intellectu
1363 3987 1533 4057 concipitur,
1562 3985 1603 4042 sic
1627 3988 1753 4047 ioannis
1769 3987 1857 4063 predi·

118 4082 276 4154 potentiam
298 4079 439 4151 pertinere
463 4076 609 4144 videntur,
635 4081 666 4131 nt
689 4074 757 4130 binc
781 4087 900 4146 quoque
917 4071 964 4127 vi·
980 4050 1003 4107 ⁰
1019 4075 1094 4133 catio
1113 4077 1239 4134 anteibat
1264 4077 1422 4133 adventum
1443 4075 1617 4132 nuntiando.
1647 4077 1778 4136 Verbum
1802 4090 1859 4150 ergo

117 4166 243 4230 deantur
265 4182 380 4240 eaquae
395 4164 527 4237 potentie
542 4171 621 4233 sunt,
641 4163 677 4219 ad
694 4176 845 4234 personam
861 4160 963 4228 Patris,
1018 4163 1087 4222 dicit
1112 4166 1214 4222 mentis
1236 4173 1408 4236 conceptum
1432 4171 1459 4221 ct
1484 4164 1644 4236 quamdam
1675 4166 1860 4241 intelligentia
1895 4208 1898 4213 -

116 4260 203 4335 juxta
220 4259 294 4331 ejus,
318 4263 350 4314 ut
373 4255 484 4312 dictum
513 4262 566 4320 ost,
587 4252 788 4324 proprietatem
803 4265 864 4308 esse
879 4250 965 4307 ascri·
1018 4252 1203 4321 locutionem,
1220 4269 1285 4326 qnae
1300 4255 1329 4309 in
1349 4261 1443 4310 mente
1464 4253 1619 4323 lormatur,
1640 4268 1681 4311 au
1695 4257 1785 4329 cujus
1798 4256 1861 4313 sinti
1894 4302 1897 4323 ,

118 4351 223 4418 benda,
247 4344 407 4405 sicutFilio
431 4357 474 4412 ea,
496 4342 614 4413 qnaead
632 4341 831 4398 rationemvei
849 4339 962 4410 sapien·
1016 4343 1170 4402 litudincm
1194 4343 1362 4415 unigenitus
1382 4343 1433 4399 Uei
1451 4342 1578 4401 Verbum
1613 4343 1773 4402 dicitnret
1792 4344 1860 4418 quts'
1892 4342 1898 4405 ἶ

118 4439 187 4497 tiam
214 4436 367 4509 pertinent,
392 4433 468 4489 sicut
488 4438 530 4488 εει
552 4430 693 4501 judicare,
717 4429 795 4501 quod
820 4428 964 4485 discretio
1017 4432 1152 4504 quaedam
1167 4431 1230 4502 ejus
1251 4431 1452 4489 intellectualis
1476 4444 1510 4488 ac
1531 4440 1678 4502 perpetua
1701 4432 1860 4503 locutioni
1894 4436 1898 4465 ¹

117 4528 164 4586 nis
186 4535 239 4584 est.
267 4524 347 4582 Sicut
371 4521 511 4592 scriplum
541 4527 583 4576 cst
599 4536 606 4575 :
623 4522 704 4574 Pater
731 4534 806 4574 amite
825 4518 963 4588 judiciam
1016 4521 1101 4592 cujus
1131 4520 1311 4590 providentia
1330 4520 1461 4576 omnium
1476 4520 1513 4575 ab
1528 4527 1636 4577 aeterno
1660 4524 1789 4594 praenxa
1806 4536 1860 4582 coe·

118 4617 194 4674 dedit
208 4615 278 4671 liiiio
292 4613 382 4683 (ioan.
405 4624 435 4678 v,
456 4609 516 4680 tt),
532 4609 602 4679 quia
623 4607 750 4678 potentia
771 4607 918 4677 sapientiae
933 4606 962 4661 in
1015 4609 1090 4666 sistit
1113 4609 1266 4665 ordinatio.
1296 4609 1376 4667 Unde
1398 4609 1516 4679 liioyscs,
1532 4622 1600 4665 cum
1632 4610 1764 4670 diversis
1777 4624 1858 4672 reruu

116 4705 287 4767 discretione
322 4700 405 4758 cedit.
435 4698 490 4756 Ubi
521 4698 643 4768 aequitas
668 4696 760 4767 magis
784 4703 826 4753 est
853 4695 963 4752 exami-
1015 4698 1210 4755 creationibus
1228 4697 1365 4754 iaciendis
1389 4697 1856 4772 praemittatzdixitilens3etti

116 4797 223 4860 nanda,
240 4791 376 4866 quamvis
394 4796 422 4846 ct
441 4788 568 4859 potentia
583 4787 752 4842 exercenda.
766 4784 847 4852 Quod
864 4792 961 4842 autem
1015 4788 1124 4844 dictum
1138 4787 1232 4843 statim
1242 4786 1376 4843 ellectum
1400 4788 1541 4858 adjungat
1564 4786 1666 4845 dicens
1684 4806 1692 4844 ε
1710 4793 1750 4846 Et
1767 4795 1855 4861 sactu

114 4883 299 4957 supponitur,
324 4879 394 4951 quia
416 4877 506 4933 Filius
529 4876 665 4943 bominis,
686 4889 722 4931 ex
747 4890 806 4945 quo
825 4874 959 4931 divinum
1014 4884 1055 4936 est
1069 4880 1109 4932 ita
1137 4878 1214 4949 (dea.
1240 4877 1272 4948 ι),
1295 4884 1400 4935 cuncta
1428 4877 1519 4933 Deum
1538 4875 1704 4936 condidisse
1720 4880 1754 4940 in
1773 4882 1853 4943 verba.

115 4973 243 5031 maxime
268 4968 390 5042 pendeat
416 4965 570 5038 judicium,
601 4963 766 5020 declaratur
800 4964 961 5020 secundum
1015 4965 1141 5024 idestin
1166 4966 1306 5033 sapientia
1332 4980 1384 5022 sua
1402 4964 1537 5034 ostendit,
1564 4964 1593 5020 id
1616 4975 1661 5023 est
1684 4967 1853 5027 rationabii·

115 5062 193 5136 quod
209 5061 271 5131 ipse
299 5055 389 5114 Filius
406 5060 579 5125 protestatus
593 5059 635 5108 εει
652 5069 659 5107 :
676 5052 706 5108 Si
719 5068 773 5108 aaa
789 5055 922 5109 venissem
935 5057 961 5107 ct
1015 5063 1067 5114 ter.
1097 5056 1137 5111 De
1153 5069 1211 5126 quo
1236 5062 1263 5111 et
1283 5055 1411 5126 psalmus
1434 5053 1531 5111 dixit:
1550 5055 1586 5108 Ut
1597 5056 1680 5123 tacta
1703 5065 1771 5115 suat
1786 5055 1851 5131 (Ptol

115 5153 219 5212 tamtus
247 5152 286 5206 eis
311 5149 437 5215 fuissem,
462 5148 604 5216 peecatum
638 5140 693 5199 aaa
725 5144 865 5213 baberent,
889 5160 961 5200 auae
1014 5157 1107 5212 xxxn,
1129 5143 1165 5215 9),
1182 5141 1215 5199 id
1228 5149 1271 5198 est
1284 5142 1394 5199 ratione
1415 5149 1520 5198 cuncta
1547 5141 1693 5213 condidit,
1710 5145 1774 5204 sive
1793 5142 1851 5202 ordi

114 5246 205 5298 cetea
228 5239 335 5297 auium
365 5237 565 5294 accusationem
589 5231 690 5290 babmt
717 5234 750 5290 de
777 5239 888 5306 peccata
911 5249 961 5291 sao
1015 5233 1106 5291 navit.
1130 5231 1187 5301 Qui
1214 5231 1300 5289 etiam
1335 5230 1457 5289 verbum
1492 5228 1562 5288 alibi
1588 5233 1726 5304 apertius
1753 5234 1850 5293 denos

150 5413 191 5489 (ι)
212 5413 319 5474 labae.
353 5413 391 5473 ad
424 5410 507 5474 tbeci.
537 5409 607 5484 legit
637 5423 645 5467 t
675 5411 861 5485 ιειιεειεειίο,
885 5409 961 5488 lom
978 5412 1124 5487 quidmst
1138 5409 1238 5481 oratio,
1251 5409 1441 5484 neptiaetc.
