3804 5962
459 255 694 315 mmouucrro
712 253 760 310 an
778 236 1019 311 ruaotottmtt.
1033 279 1068 296 -
1087 250 1153 309 arn.
1174 253 1209 309 u.
1641 248 1713 307 rota

79 400 179 458 ramus,
209 391 289 442 tanto
323 383 449 455 amplius
482 381 662 439 dialecticam
690 377 808 446 extulit,
823 378 848 432 a
862 377 1017 435 obscurum
1034 377 1293 445 sermonem,dicta
1312 376 1476 449 sapientum
1491 384 1519 435 et
1542 375 1709 451 enigmata.

109 472 237 545 amplius
256 487 321 530 earn
350 471 544 529 necessariam
566 467 738 541 assignavit,
771 465 809 523 ad
863 467 933 533 tluae
961 466 1085 538 proprie,
1119 475 1153 525 ut
1182 467 1224 524 ait
1250 467 1454 539 Hieronymus,
1494 466 1713 525 dialecticorum

79 563 203 622 uidelicet
217 561 412 634 questionum
431 557 627 616 dubitationes
651 556 808 613 terminan·
862 564 972 614 suntet
995 557 1252 628 pbilosophorum,
1266 556 1344 614 unde
1357 564 1385 614 et
1404 571 1421 613 a
1450 557 1558 615 sanctis
1585 564 1711 628 postmo-

81 661 92 711 t
120 661 218 709 antem
250 651 389 719 stultit:
410 651 524 704 Restant
551 663 582 702 ea
614 662 673 714 qua
700 661 754 700 nan
772 644 809 699 ad
861 646 933 703 dum
970 647 1115 716 Patribus,
1141 661 1199 703 non
1225 647 1385 718 incongrue
1409 646 1572 704 liberalium
1600 647 1711 703 artium

79 730 201 809 armeus,
218 741 265 797 sed
284 740 321 796 ad
335 741 468 794 rabonem
482 739 646 809 pertinent,
660 736 708 789 ubi
728 735 809 790 disai-
861 735 959 792 studia
983 744 1125 807 tanquam
1150 749 1238 793 sacrm
1266 737 1380 808 paginae
1406 736 1562 793 admodum
1577 749 1712 793 necessa·

83 832 281 902 disputationis
309 832 407 898 repunt
421 833 448 883 ct
469 828 586 882 nummi.
604 825 658 882 Sed
683 824 810 894 disputa·
862 825 905 881 ria
930 824 1090 896 plurimum
1104 824 1354 892 commendantur,
1383 839 1450 882 cnm
1463 825 1581 881 omnino
1598 824 1711 894 poetica

87 919 237 989 disciplina
250 917 288 972 ad
309 920 401 971 omnia
425 931 526 985 genera
545 918 725 986 quaestionum
748 927 808 982 quar
862 913 998 986 tigmenta
1013 913 1183 970 Christianis
1198 913 1419 982 interdicantur,
1437 927 1494 969 nen
1517 913 1614 970 solnm
1633 913 1705 984 quia

79 1006 110 1055 :ts
128 999 207 1055 tibris
226 999 400 1052 eontinentur
422 996 574 1067 plurimum
598 994 678 1049 valet·
710 995 809 1048 Tamen
861 1002 1013 1059 fallacitate
1032 1001 1229 1071 retortasunt,
1245 1010 1282 1070 ct,
1298 1018 1327 1059 as
1360 1003 1432 1070 quad
1451 1005 1581 1058 mentitur
1611 1001 1712 1058 occidit

79 1089 138 1145 ndu
161 1092 200 1143 ert
229 1086 313 1141 libido
338 1084 464 1151 mandi,
490 1090 516 1138 it
541 1083 658 1154 putridi
684 1080 810 1153 uvidum
861 1090 1129 1162 animam(sap.1,
1161 1090 1213 1163 tt),
1239 1105 1344 1149 verum
1379 1091 1467 1148 ctiam
1483 1091 1553 1163 quia
1573 1090 1708 1147 inanium

79 1180 108 1234 ³5⁰
122 1176 278 1247 decipiendi
296 1174 495 1230 praesertum.
511 1173 581 1229 Sunt
602 1174 673 1227 enim
700 1170 810 1238 itidem
863 1179 1029 1236 tabularum
1062 1179 1298 1251 cogitationibus,
1321 1181 1358 1238 ad
1381 1180 1523 1238 desideria
1548 1178 1712 1250 turpitudi-

79 1282 133 1334 μω
154 1265 331 1336 appellantur
353 1263 534 1333 sophismata,
563 1265 635 1317 sieut
658 1259 810 1315 conclusio·
861 1279 933 1322 num
947 1279 1013 1336 quae
1033 1264 1188 1338 tinguntur
1205 1266 1336 1324 alliciunt
1359 1267 1501 1336 animam,
1517 1274 1606 1338 atque
1629 1280 1711 1323 asa-

79 1357 185 1424 ionum,
202 1358 228 1409 et
245 1355 410 1424 plerumque
436 1355 478 1407 ita
493 1357 585 1408 uestra
610 1352 762 1414 imitantes,
779 1353 810 1404 ut
862 1368 918 1410 crae
947 1352 1078 1410 lectionis
1118 1354 1213 1411 studio
1238 1354 1399 1412 abducunt.
1429 1356 1468 1412 lle
1496 1355 1628 1427 utrisque
1659 1369 1711 1412 au-

79 1461 120 1500 um
140 1442 303 1511 tardasset
326 1444 481 1511 ingeniosos
496 1443 579 1496 ctiam
604 1442 696 1494 minus
720 1441 808 1493 atten—
863 1449 920 1499 tem
933 1441 963 1497 in
978 1450 1114 1514 promptu
1133 1451 1203 1501 sunt
1228 1451 1394 1501 sauctorum
1424 1444 1590 1502 testimonia
1604 1443 1710 1501 nobis:

79 1535 195 1604 cipiunt.
224 1530 302 1598 Quod
325 1546 410 1600 penus
447 1531 632 1601 captiosarum
659 1529 808 1584 conclusio·
912 1531 1046 1602 synodus
1074 1531 1295 1604 Eugeniipapae
1324 1540 1449 1604 tempore
1479 1531 1642 1590 Ludorici:
1669 1533 1712 1588 De

79 1623 198 1693 riptura,
221 1626 356 1690 quantum
371 1620 508 1685 enistimo,
526 1619 678 1674 detestatur
690 1617 738 1671 illo
754 1616 809 1671 loco
825 1660 848 1718 Β
864 1619 1040 1691 quibusdam,
1063 1620 1168 1691 inquit,
1189 1621 1264 1691 locis,
1276 1622 1313 1678 ud
1324 1637 1373 1678 nos
1387 1623 1509 1690 refertur
1536 1637 1592 1678 non
1621 1622 1713 1690 mapi-

79 1726 120 1766 um
134 1713 174 1766 est
187 1725 194 1765 :
208 1730 222 1760 a
237 1709 289 1776 Qui
311 1709 459 1780 sophistice
486 1709 617 1777 loquitur,
633 1707 742 1762 odibilis
770 1711 810 1761 est
865 1716 934 1766 stros
949 1724 1035 1780 neque
1049 1724 1144 1764 euram
1159 1713 1280 1767 inueniri
1304 1728 1355 1783 pro
1370 1712 1461 1767 studio
1486 1712 1651 1766 litterarum.
1668 1709 1713 1765 ld·

82 1813 198 1866 xxxva,
221 1800 279 1866 ti).
296 1819 311 1848 r>
335 1799 391 1864 Qui
406 1811 524 1854 rursum
540 1798 570 1853 in
603 1796 715 1864 eodem,
743 1807 810 1850 curn
865 1801 934 1855 circo
961 1800 1095 1853 uniuersis
1107 1802 1240 1870 episeopis
1262 1802 1445 1871 subiectisque
1463 1800 1587 1872 plebibus
1607 1803 1632 1854 et
1646 1799 1712 1854 aliis

79 1884 332 1956 ¹philosophorum
347 1883 430 1939 dictis
461 1895 597 1954 magnam
611 1895 726 1938 molum
740 1879 805 1937 aedl·
864 1891 940 1956 locis,
955 1891 985 1941 in
1005 1888 1260 1958 quibusneeessitas
1287 1894 1443 1958 occurrerit,
1464 1891 1572 1946 omnino
1604 1903 1672 1944 cura
1687 1890 1713 1943 et

79 1988 139 2041 ¹etri,
173 1972 336 2030 tribulium
365 1972 399 2028 de
416 1972 510 2029 fideel
542 1972 625 2029 cultu
649 1973 740 2028 tinius
760 1971 810 2027 Dei
862 1979 1008 2046 diligentia
1028 1975 1202 2047 adhibeatur,
1218 1984 1250 2033 ut
1271 1981 1400 2048 magistri
1418 1983 1444 2034 et
1459 1979 1579 2034 doctores
1603 1978 1710 2032 cousti-

79 2077 127 2118 am
146 2062 352 2128 consideraret,
388 2061 494 2132 adlicit
536 2067 625 2132 at(lue
654 2060 693 2116 alt
725 2060 806 2132 (iiiii
864 2070 989 2132 tuantur,
1018 2066 1171 2135 quistudia
1193 2068 1347 2123 litterarum
1367 2067 1575 2137 liberaliumque
1608 2068 1712 2120 artium

79 2152 183 2220 stipas·
214 2156 359 2218 necantur,
373 2151 398 2206 st
414 2166 469 2217 rua
484 2152 556 2219 torte
570 2154 597 2204 et
615 2150 687 2220 ,edet
709 2154 810 2205 nestrae
864 2157 1001 2224 umentes,
1032 2159 1161 2224 deamata
1189 2156 1312 2223 deceant,
1327 2158 1393 2228 puta
1402 2159 1433 2211 tn
1454 2156 1496 2212 ιιι
1527 2156 1647 2210 mamme
1672 2155 1713 2209 ati

79 2241 167 2297 Μαῖα
198 2241 341 2307 diseunt,
367 2242 486 2294 mssoeimt
519 2239 669 2307 Ρῑᾶῑθηῑΰί,
694 2254 749 2293 ”⁰²²
766 2253 809 2293 ⁸⁰·
862 2248 927 2302 uiua
962 2251 1174 2319 manifestantur
1198 2251 1279 2316 atque
1306 2246 1482 2301 declarantur
1506 2243 1713 2300 mandatelis

79 2330 207 2386 ⁷⁸dess
228 2333 370 2397 mitium,
400 2327 448 2383 sed
464 2329 546 2383 eiiam
569 2327 603 2383 ab
623 2330 660 2384 θὶς
677 2332 809 2394 ‘adivam
863 2338 981 2406 poeticis
1012 2346 1109 2395 autem
1146 2335 1302 2408 tigmentis,
1331 2347 1406 2404 quos
1447 2331 1582 2389 nonnulli
1621 2331 1712 2388 libros

103 2418 316 2490 mittimini,
338 2420 367 2472 in
382 2432 461 2473 vium
479 2421 602 2472 ”istrum
629 2416 807 2473 meduanae.
862 2422 1062 2484 Grammaticae
1086 2437 1190 2481 vocare
1211 2428 1436 2488 consueverunt,
1452 2435 1484 2478 eo
1500 2419 1577 2493 quod
1594 2418 1712 2491 parvuli

79 2510 134 2563 lim
158 2509 293 2578 Elidit&
310 2523 364 2563 ἢθη
379 2512 485 2562 'stillum
513 2506 588 2561 “⁶²⁰²“
610 2505 726 2560 'witisi‘
750 2523 809 2576 tit&
862 2513 899 2569 ed
935 2515 1127 2573 eruditionem
1162 2512 1359 2586 grammaticae
1384 2510 1516 2568 lectionis
1540 2524 1589 2567 eos
1615 2509 1710 2582 legere

90 2598 179 2653 lsrael
192 2598 385 2664 detestaretur,
400 2595 448 2651 sed
475 2599 557 2649 etiam
573 2609 642 2650 uasa
656 2600 738 2662 atque
767 2613 809 2651 or-
861 2602 939 2659 soliti
962 2603 1031 2672 sint,
1047 2602 1117 2660 talia
1141 2608 1308 2659 sanctorum
1324 2599 1422 2656 sanxit
1443 2599 1600 2664 auctoritas
1615 2613 1622 2651 ι
1639 2597 1707 2654 llie-

79 2702 90 2740 2
108 2685 143 2741 di
154 2689 257 2741 awti
271 2690 395 2753 arpenta,
417 2688 443 2738 0⁸
457 2688 557 2739 ”istim
570 2699 630 2755 itiae
648 2687 707 2754 ipse
718 2689 807 2755 voltu-
861 2704 1000 2762 ronymus
1013 2690 1048 2747 ad
1065 2690 1234 2747 damasium
1250 2699 1354 2757 papam
1368 2685 1403 2742 de
1419 2685 1478 2742 illio
1500 2684 1619 2756 prodigo
1635 2683 1703 2754 (48).

79 2790 122 2830 Μ
143 2774 176 2830 dt
193 2776 312 2845 139th
338 2774 393 2830 sibi
413 2777 508 2841 imitus
524 2778 656 2841 tanquam
671 2773 709 2828 ad
729 2789 809 2830 usum
861 2782 1015 2837 basmonum
1040 2781 1115 2836 cibus
1139 2783 1179 2835 est
1199 2777 1321 2833 camnine
1347 2779 1493 2846 poetarum
1522 2773 1705 2842 secularium,

79 2879 99 2920 n
139 2865 261 2920 clanculo
297 2863 451 2919 vindicavit
485 2868 620 2934 praecepto
655 2865 712 2928 Dei,
738 2865 807 2934 ipsis
861 2864 1455 2936 setenttarhetartaorum,pompaverternm.
1473 2863 1505 2918 Et
1522 2869 1585 2933 post
1599 2860 1709 2933 aliqua,

79 2953 98 3009 is
128 2953 277 3008 nescienter
298 2951 561 3007 accommodantibus
571 2967 602 3006 ea
632 2951 729 3022 quibus
754 2968 808 3007 non
823 2946 848 3010 G
863 2964 1003 3028 tanquam
1022 2958 1115 3015 Exodi
1143 2955 1215 3013 illud
1231 2954 1266 3011 ad
1283 2959 1407 3010 menum
1426 2957 1589 3009 recurreret
1606 2964 1613 3005 ι
1631 2973 1641 3002 ι
1658 2953 1711 3007 Per

79 3043 193 3099 ebantur
218 3041 318 3115 (tired.
340 3040 676 3112 111,taetrn‚³5).8ta
705 3041 807 3097 doctri·
862 3052 1138 3102 nomenanterncrum
1152 3044 1267 3100 deorum
1280 3056 1336 3096 uon
1345 3040 1467 3111 jurabis,
1476 3054 1562 3106 aeque
1578 3039 1708 3095 audietur

79 3146 112 3187 tes
127 3132 274 3200 gentilium
293 3137 319 3186 et
334 3131 457 3186 liberales
481 3130 635 3199 disciplinas
649 3131 713 3185 usui
737 3131 806 3187 ueri·
861 3149 896 3188 es
910 3133 1258 3206 monestrotltaod.xx111,
1281 3130 1335 3201 li).
1352 3150 1367 3179 a
1382 3128 1474 3194 ausu,
1492 3126 1599 3200 iuquit,
1610 3125 1668 3198 (to)
1678 3129 1711 3182 ut

79 3224 185 3288 stiores,
215 3222 298 3277 etiam
312 3235 417 3276 morum
435 3219 561 3291 quaedam
584 3223 722 3290 precepta
747 3234 808 3275 con·
861 3223 896 3279 de
925 3239 971 3279 ore
988 3225 1138 3282 clematium·
1169 3225 1245 3278 sonet
1271 3221 1380 3291 Jupiter
1407 3218 1586 3287 omnipotens,
1615 3221 1642 3271 et
1667 3230 1710 3272 me

87 3309 175 3379 deque
200 3311 261 3379 ipse
275 3312 329 3366 lieo
347 3310 458 3365 colenda
486 3309 619 3363 nonnulla
641 3325 706 3364 uera
732 3308 809 3379 apud
862 3314 985 3381 Hercule,
1012 3329 1055 3369 sne
1075 3314 1178 3376 Castor,
1201 3316 1227 3366 et
1240 3314 1337 3366 oaetera
1360 3309 1450 3376 mepte
1469 3310 1600 3378 portenta
1625 3301 1718 3376 quam'

79 3401 210 3455 niuntur.
227 3400 297 3454 item
314 3399 343 3454 in
358 3399 458 3455 eodem
476 3397 511 3454 de
535 3396 716 3468 pbilosophis
731 3397 805 3468 (ills
861 3403 985 3457 numina.
1002 3403 1040 3457 nt
1062 3403 1232 3457 nuncetiam
1256 3399 1406 3456 sacerdotes
1420 3399 1473 3453 liei
1486 3397 1597 3453 omisis
1620 3398 1709 3453 Euan·

79 3493 222 3555 daurom,
236 3491 263 3544 et
278 3492 432 3557 arpentum,
443 3491 470 3542 et
490 3491 594 3544 testem
606 3501 684 3542 suam
707 3502 807 3543 eccun-
862 3489 940 3559 peliis
967 3495 993 3546 et
1010 3491 1164 3561 prophetis,
1192 3488 1314 3544 aidanus
1342 3487 1489 3543 aamoedias
1514 3488 1610 3556 tepere,
1634 3501 1711 3541 ama·

79 3576 280 3649 'ppptepoputo
310 3579 368 3646 Dei,
396 3580 555 3643 nescientes,
583 3576 808 3647 quemadmodum
863 3580 935 3634 toria
960 3580 1145 3635 Bucolicorum
1176 3592 1303 3634 ausuum
1341 3577 1424 3631 umba
1465 3580 1588 3642 cantare,
1619 3579 1711 3632 tenere

79 3665 209 3722 edebant
226 3667 371 3724 inchristi
389 3666 546 3736 obsequium
564 3664 751 3721 redderentur.
866 3668 1036 3737 Virgilium
1062 3673 1088 3723 et
1127 3666 1158 3721 id
1181 3666 1254 3738 quod
1281 3667 1312 3720 t'n
1339 3668 1432 3734 pueris
1469 3661 1637 3721 necessitatis
1659 3666 1710 3733 est,

79 3761 135 3812 trat
159 3754 258 3825 itaque
298 3753 349 3811 iste
378 3752 634 3811 ecclesiasticorum
662 3754 809 3812 maximus
863 3761 966 3816 crimen
987 3758 1018 3812 in
1041 3771 1069 3812 ss
1093 3758 1185 3825 faeere
1211 3756 1372 3811 uoluntatis.
1387 3755 1458 3810 ltem
1486 3766 1575 3822 super
1598 3751 1712 3822 Episto-

101 3843 326 3915 apbilosopbia
363 3843 432 3900 olim
449 3841 550 3915 gentili
567 3843 602 3899 ad
617 3856 724 3911 veram,
743 3856 808 3914 quae
863 3848 922 3906 lam
953 3845 989 3902 ad
1016 3845 1175 3916 Ephesios:
1208 3845 1376 3911 «aduente,
1391 3843 1432 3898 ait
1457 3842 1615 3911 Apostolus,
1638 3841 1711 3910 illios

79 3939 171 4002 sest,
192 3933 322 4003 sophiam
347 3945 514 4000 conversus,
534 3945 600 4003 quas
621 3930 652 3987 iu
682 3931 808 4003 pbiloso·
863 3936 893 3990 in
925 3932 1074 4002 disciplina
1100 3934 1126 3986 et
1151 3933 1313 3987 comeatioar
1344 3930 1393 3986 ltei
1430 3926 1541 4000 (aptes.
1567 3941 1605 3993 ιι,
1632 3925 1670 3996 t),
1696 3945 1710 3974 n

80 4021 186 4079 deDeo
211 4021 319 4093 legerat
336 4021 460 4091 scriptis,
484 4027 512 4078 et
544 4035 633 4092 quam
654 4020 808 4092 indiguum
865 4022 958 4090 tepent
976 4021 1097 4093 episcopi
1124 4023 1206 4087 atque
1225 4019 1388 4089 presbpteri,
1417 4018 1466 4088 qui
1487 4015 1558 4086 tilios
1585 4029 1648 4070 sues
1662 4029 1710 4071 ses·

79 4110 177 4181 pbicas
191 4124 309 4181 quoque
323 4109 500 4180 disciplinas,
526 4123 592 4181 quae
606 4111 682 4167 iuter
711 4109 809 4166 maxi·
864 4110 1005 4166 sularibus
1027 4108 1130 4164 titteris
1154 4108 1294 4172 erudiam,
1319 4110 1346 4162 et
1368 4105 1478 4174 famant
1508 4103 1652 4161 eamcdias
1669 4104 1707 4158 te·

79 4198 163 4256 allel
185 4212 297 4270 semper
317 4199 346 4254 iu
372 4199 456 4255 terris
480 4197 681 4267 effloruerunt,
710 4205 809 4256 aucto·
863 4203 972 4269 purast
1008 4213 1130 4254 amorum
1147 4199 1242 4269 turpia
1262 4197 1368 4266 scripta
1392 4199 1513 4250 cantare.
1541 4195 1580 4249 De
1593 4191 1713 4249 esebea-

79 4300 130 4344 utu
144 4294 233 4358 atque
248 4287 381 4343 omnium
397 4301 454 4343 non
473 4301 639 4359 agnoscere,
659 4294 687 4345 ct
700 4287 725 4345 ei
739 4301 810 4360 quo-
824 4293 848 4351 n
863 4289 954 4347 stiscis
969 4302 1076 4356 quoque
1103 4286 1257 4357 sumptibus
1276 4284 1408 4352 eruditas,
1430 4288 1457 4339 et
1475 4281 1548 4355 quad
1561 4283 1592 4337 in
1619 4281 1710 4338 emba-

79 4374 83 4430 i
106 4374 303 4446 obtemperant
321 4374 428 4442 omnia,
446 4388 504 4432 non
519 4374 673 4432 deservire.
689 4375 727 4432 At
752 4389 811 4432 non
865 4393 930 4434 nam
955 4391 1006 4447 pro
1018 4380 1129 4447 peccato
1144 4374 1259 4443 quilibet
1282 4389 1391 4446 pauper
1418 4377 1502 4429 totam
1526 4371 1712 4429 substanttam

79 4469 106 4521 st
123 4462 196 4521 illud
216 4464 295 4535 quod
315 4464 345 4519 in
365 4462 566 4519 Ecclesiastico
587 4463 808 4534 scriptumest:
864 4466 1006 4539 effundens
1030 4466 1175 4532 obtulerat,
1204 4464 1261 4520 hec
1288 4465 1319 4518 in
1341 4462 1534 4521 saturnalium
1560 4460 1712 4530 sportulam

79 4552 136 4609 iam
149 4553 270 4608 emerium
284 4554 461 4620 andecanem
486 4553 612 4620 requini
637 4555 754 4623 sapiens,
785 4559 812 4610 et
864 4560 890 4613 et
905 4557 1041 4624 ttinerea,
1061 4557 1110 4610 aut
1136 4555 1306 4625 insumptus
1325 4552 1496 4619 demesticos,
1526 4552 1574 4606 aut
1592 4550 1623 4605 in
1647 4563 1711 4604 sor·

79 4640 157 4696 thetis
177 4641 297 4696 naeabtt.
327 4641 519 4697 Narrationent
532 4642 655 4696 virorum
678 4644 810 4697 uomina·
864 4644 1031 4700 didascorta
1053 4644 1276 4700 consultatum
1293 4641 1367 4698 idern
1384 4640 1414 4697 iu
1440 4637 1567 4711 Epistola
1596 4637 1632 4694 ad
1656 4637 1713 4693 Ett-

79 4730 260 4798 conseruabit,
289 4732 316 4785 et
341 4730 476 4785 versutias
506 4729 704 4799 parabolarum
728 4731 811 4786 simul
863 4732 1009 4792 stocbium
1037 4732 1191 4803 virginem.
1221 4730 1285 4799 Qua
1312 4729 1462 4786 communio
1489 4728 1556 4784 lueis
1580 4725 1617 4782 ad
1641 4729 1719 4780 tener

79 4822 99 4876 t.
124 4818 236 4876 Occulta
259 4819 469 4890 prouerbiorum
497 4819 634 4889 acquiret,
659 4823 685 4876 et
710 4821 740 4874 in
759 4821 811 4875 ab·
864 4823 926 4879 bras
946 4820 961 4878 i
982 4820 1048 4888 Quis
1076 4835 1219 4878 consensus
1258 4819 1362 4876 Christi
1398 4816 1435 4873 ad
1449 4816 1536 4874 Belial
1550 4815 1564 4871 i
1578 4815 1619 4886 (ll
1647 4812 1709 4870 ear.

79 4911 94 4965 's
119 4909 315 4979 parabolarum
342 4907 546 4965 coarctabitur
580 4907 674 4982 (dccli.
704 4923 808 4979 xxxta,
863 4926 904 4979 rr,
920 4909 975 4983 lt.)
1003 4909 1077 4976 Quid
1106 4912 1177 4978 [mit
1209 4924 1269 4966 cum
1301 4909 1444 4966 Pealterio
1476 4906 1616 4975 Horatius,
1649 4916 1712 4958 cum

79 5003 155 5054 uxta
178 4998 256 5069 quod
269 5005 297 5054 et
313 4996 447 5054 Salomon
462 4997 522 5067 ipse
548 4997 641 5066 beato,
661 5004 693 5055 ut
721 5012 811 5069 snpra
864 4998 1010 5066 doanpelia
1034 4999 1122 5067 ltaro,
1145 5012 1208 5053 cum
1235 4997 1366 5068 apostata
1391 4993 1511 5054 chero?
1532 4992 1614 5062 Quod
1641 5002 1709 5048 roro

79 5087 161 5156 imus,
176 5086 483 5157 testantellieronymo
500 5086 531 5142 in
548 5087 611 5158 ipso
624 5085 721 5144 statim
747 5087 812 5145 Pro·
863 5088 897 5145 de
910 5085 1027 5158 poeticis
1061 5085 1216 5158 tigmentis,
1251 5098 1310 5142 nou
1329 5085 1365 5142 de
1391 5081 1601 5158 philosophicis
1620 5081 1709 5138 docu-

79 5187 133 5233 ttm
161 5174 281 5232 exordio
304 5181 466 5232 commonet
479 5181 513 5231 ut
536 5174 733 5247 intelligamus
751 5189 808 5235 ser-
863 5174 976 5242 mentis,
992 5181 1044 5230 aut
1059 5171 1226 5230 liberalium
1241 5173 1350 5230 artium
1364 5172 1481 5240 studiis,
1509 5173 1569 5230 bne
1587 5167 1711 5229 suntdi·

95 5263 267 5334 pendentia,
301 5264 505 5337 versutiasque
538 5263 755 5336 parabolarum,
781 5272 810 5324 et
861 5271 918 5332 eta,
933 5271 1030 5334 aperte
1046 5261 1176 5320 isidorus
1190 5261 1224 5320 de
1239 5275 1354 5320 summo
1369 5262 1444 5320 bono
1457 5259 1566 5320 libro...
1582 5273 1645 5333 cap.
1664 5260 1707 5330 te,

79 5406 176 5466 iatrol.
192 5414 262 5491 tom.
277 5406 404 5476 xxxtv,
423 5406 476 5466 col.
493 5409 537 5477 cr,
553 5409 598 5464 tt.
896 5406 943 5551 *lt
971 5404 1171 5490 Patrol.‚·tom.
1191 5403 1298 5474 XXXI,
1315 5405 1372 5465 cal.
1389 5404 1451 5461 ³85.

79 5478 192 5618 m:
200 5478 292 5608 iffi..
306 5479 361 5538 col.
374 5481 420 5536 ui.
907 5479 942 5535 to
966 5477 1073 5536 Patrai.
1087 5476 1159 5535 tbtd.
1175 5476 1229 5536 col.
1244 5478 1308 5535 iit.
