3804 5962
124 240 177 314 'eos
404 253 509 309 ruam
528 251 721 308 nummum
739 246 816 307 cer.
836 248 926 306 nans
943 249 979 307 ιι.
998 275 1034 291 -
1053 229 1237 306 sunucuus
1255 247 1301 304 un
1314 216 1441 306 ¹ceusu.
1462 246 1582 304 nscsr.
1822 248 1873 303 ooo

118 378 164 439 vol
176 377 329 448 rectitudo,
342 376 454 435 caecitas
467 375 513 433 vel
529 375 610 433 visio.
629 374 710 432 Unde
724 372 961 432 addiderentiam
975 373 1001 429 tt
1016 372 1083 431 Gar.
1105 373 1155 442 lll,
1181 371 1252 445 Quid
1270 372 1308 429 sit
1329 372 1416 428 ocimi
1438 369 1537 427 citium
1555 374 1582 427 el
1604 370 1673 443 quid
1689 372 1803 443 proprie
1826 370 1875 429 di·

120 468 223 526 talium
253 482 319 524 cum
354 467 497 524 dicimus:
522 466 599 531 citio,
624 462 836 534 praemisimus:
869 465 966 518 ocimi.
1317 460 1573 530 ealcrpeccotum?
1613 510 1625 521 ,

123 557 190 614 llaec
204 565 300 613 autem
315 556 395 621 vitia,
413 554 521 611 scilicet
536 553 636 620 animi,
659 552 805 609 contraria
818 560 888 609 sunt
910 553 969 609 vir·
1057 550 1168 609 Vitium
1186 549 1285 621 itaque
1308 558 1351 606 est
1366 564 1425 621 quo
1450 550 1486 606 ad
1509 550 1687 620 peccandum
1712 549 1801 623 proni
1827 550 1866 607 el·
1898 604 1901 623 ,

120 645 244 711 tutibus,
266 651 299 701 ut
317 643 460 716 injustitia
486 642 617 713 iustitiae,
641 641 761 714 ignavia
788 641 967 710 constantia,
1022 639 1147 707 llcimur,
1171 639 1225 696 boc
1246 646 1288 695 est
1319 638 1497 696 inclinamur
1521 639 1558 695 ad
1583 638 1822 696 consentiendum
1843 639 1869 696 ei
1898 632 1901 643 '

19 722 22 727 ’
122 732 344 803 intemperantia
363 731 566 803 temperantia.
1022 729 1100 801 quod
1119 742 1178 785 nou
1202 728 1346 797 contenit,
1372 734 1402 784 ut
1425 727 1498 785 illud
1521 728 1628 785 scilicet
1654 728 1796 785 iaciamus
1820 734 1871 786 aut
1901 726 1902 746 ¹

174 820 243 879 Can.
260 822 281 875 ι.
297 824 335 877 lle
352 823 420 876 citio
435 821 520 877 ocimi
536 818 609 890 quod
627 818 665 874 uti
684 834 771 874 mores
784 822 913 891 pertinet.
1022 817 1211 876 dimittamus.
1233 817 1317 874 lluuc
1341 830 1409 874 vero
1433 831 1607 875 consensum
1632 818 1748 888 proprie
1768 830 1870 887 pccca-

157 908 230 966 Sunt
240 917 339 966 autem
354 909 443 965 animi
459 923 577 980 quoque
588 908 729 965 nonnulla
740 907 810 964 vitia
820 923 871 965 seu
882 907 968 974 bona,
1022 914 1085 963 tum
1100 906 1301 973 nominamus;
1323 907 1426 963 honest
1444 905 1561 977 cuipam
1576 905 1690 972 animae,
1712 919 1770 975 oua
1784 906 1869 962 dam-

121 1013 188 1071 quat
198 1012 215 1054 a
227 998 358 1056 moribus
372 998 600 1069 sejunctasunt;
616 1011 669 1053 noc
690 997 779 1053 vitam
809 996 970 1053 humanam
1022 995 1167 1051 nationem
1178 1002 1306 1051 meretur
1317 993 1362 1051 vel
1373 995 1449 1065 apud
1462 996 1553 1051 Deum
1568 1008 1617 1051 rea
1631 995 1778 1051 statuitur.
1792 992 1866 1061 Quid
1901 1035 1902 1039 ,

120 1087 265 1158 vituperio
291 1086 336 1142 vel
356 1085 441 1142 laude
465 1085 584 1156 diguam
605 1084 745 1152 elliciunt,
768 1092 801 1140 ut
826 1085 969 1142 hebetudo
1022 1091 1065 1141 est
1078 1085 1154 1140 euim
1172 1084 1223 1140 istc
1241 1097 1407 1151 cousensus,
1434 1083 1491 1139 nisi
1514 1085 1565 1140 Dei
1580 1091 1762 1154 contemptus
1776 1091 1805 1140 et
1826 1082 1870 1140 ol·
1901 1087 1902 1144 ξ

121 1176 208 1233 animi
226 1173 423 1232 velvelocitas
449 1173 575 1245 iugeuii3
601 1172 775 1229 obliviosum
798 1173 843 1230 rel
862 1188 968 1231 memo·
1023 1173 1104 1230 leusa
1130 1172 1526 1247 ipsiusiNoueuimllcus
1549 1172 1723 1238 eudemum
1754 1172 1803 1228 sed
1834 1185 1869 1228 ex

121 1279 181 1322 rem
196 1278 268 1330 esse,
284 1264 448 1335 ignorantia
463 1263 508 1319 vel
532 1262 661 1319 scientia.
681 1262 751 1328 Quae
766 1262 884 1332 quidem
907 1277 968 1319 um·
1023 1270 1190 1332 contemptu
1215 1260 1320 1318 clleudi
1343 1267 1444 1331 potest.
1471 1261 1535 1332 lpse
1557 1261 1665 1332 quippe
1687 1268 1730 1318 est
1753 1274 1869 1317 summa

121 1353 171 1412 nia
185 1368 252 1411 cum
265 1366 357 1424 aequae
376 1352 506 1423 reprobis
520 1359 553 1409 ut
574 1351 656 1408 bouis
672 1351 819 1417 eveniant,
844 1351 916 1408 nibil
932 1351 968 1408 ad
1023 1349 1072 1406 illa
1096 1357 1219 1422 potestas
1235 1363 1301 1422 qum
1315 1350 1421 1417 damno
1444 1349 1543 1420 aliquo
1567 1364 1625 1407 uon
1644 1349 1798 1417 minuitur,
1824 1348 1871 1406 sed

121 1456 235 1501 morum
260 1443 495 1513 compositionem
525 1440 666 1511 pertinent
700 1454 754 1496 uec
783 1447 899 1511 turpem
923 1431 969 1496 vel
1023 1428 1218 1510 cdntemptum
1233 1439 1280 1495 sui
1291 1439 1450 1495 ulciscitur.
1468 1440 1619 1495 Peccatum
1631 1439 1871 1510 itaquenostrum

121 1532 271 1589 honestam
300 1531 430 1588 eliciunt
458 1531 556 1586 vitam.
582 1529 662 1586 Unde
686 1529 768 1596 bene,
792 1543 858 1585 cum
883 1543 967 1599 supe-
1024 1535 1204 1598 contemptus
1232 1527 1374 1584 creatoris
1392 1534 1434 1585 est
1460 1534 1487 1583 et
1512 1540 1630 1596 peccare
1646 1535 1689 1583 cst
1710 1526 1872 1583 Creatorem

121 1621 184 1676 rius
207 1619 465 1690 praemisissemus:
490 1617 576 1672 ocimi
601 1619 681 1682 citio,
707 1615 744 1672 ad
771 1612 967 1673 exclusionem
987 1625 1215 1720 Bcontemnere,
1241 1616 1295 1672 boc
1314 1624 1356 1673 est
1376 1616 1404 1672 id
1428 1629 1614 1687 nequaquam
1639 1616 1732 1671 lacere
1757 1622 1872 1685 propter

123 1707 224 1765 talium
239 1707 466 1778 subjunximus:
489 1722 549 1776 qua
573 1705 610 1761 cd
624 1705 700 1760 molo
719 1720 911 1775 operopronos
930 1706 969 1773 es·
1024 1707 1129 1776 ipsum,
1154 1704 1232 1776 quod
1257 1705 1401 1762 eredimus
1424 1712 1541 1775 propter
1555 1705 1649 1776 ipsum
1674 1703 1791 1761 anobis
1812 1716 1872 1760 esso

120 1798 227 1868 imitat,
242 1795 270 1852 id
289 1802 331 1853 est
351 1794 528 1852 voluntatem
545 1793 686 1851 inclinant
701 1793 736 1852 ad
751 1793 872 1866 aliquid,
889 1794 967 1866 quud
1023 1794 1205 1852 laciendum:
1222 1793 1267 1851 rel
1289 1807 1348 1849 nou
1367 1792 1509 1850 dimittere
1529 1802 1645 1865 propter
1669 1794 1768 1864 ipsum
1794 1790 1871 1863 quod

120 1885 240 1941 minime
256 1884 392 1941 convenit
408 1884 467 1940 lleri
482 1883 528 1940 rel
542 1883 658 1939 dimitti.
1023 1884 1168 1940 credimus
1188 1895 1248 1939 esse
1267 1880 1482 1939 dimittendum.-
1497 1884 1569 1938 cum
1595 1881 1694 1952 itaque
1718 1889 1868 1951 peccatum

119 1971 188 2030 Car.
204 1974 239 2029 ll.
264 1972 336 2040 Quid
357 1973 440 2029 distet
462 1976 536 2028 inter
548 1976 689 2041 peccatum
703 1978 729 2028 et
753 1973 854 2027 citiam
879 1973 966 2028 inclt-
1023 1971 1184 2029 dilllnimus
1206 1971 1388 2043 abnegative,
1409 1970 1535 2027 diceutes
1555 1969 1662 2027 scilicet
1678 1985 1684 2025 :
1702 1985 1757 2025 aon
1771 1972 1870 2036 tacere,

414 2078 485 2118 acas
499 2061 674 2119 admotum?
1023 2060 1068 2118 vel
1095 2076 1150 2118 noa
1175 2061 1311 2115 dimittere
1334 2061 1408 2130 quod
1431 2063 1563 2127 convenit,
1595 2066 1726 2130 patenter
1746 2057 1871 2116 ostendi·

155 2152 219 2210 Non
245 2158 288 2209 est
315 2157 412 2208 autem
440 2150 608 2222 hujusmodi
637 2149 726 2207 animi
758 2150 864 2208 vitium
892 2150 968 2207 idem
1023 2164 1089 2207 mus
1111 2148 1223 2206 nullam
1237 2163 1298 2205 esse
1321 2148 1512 2205 substantiam
1531 2149 1649 2220 peccati,
1665 2147 1743 2219 quod
1766 2146 1797 2203 in
1813 2147 1871 2203 Noa

122 2240 200 2312 quod
215 2247 375 2310 peccatum,
396 2254 450 2296 nec
465 2247 613 2311 peccatum
629 2240 705 2295 idem
721 2240 799 2310 quod
814 2240 888 2297 actio
904 2253 968 2295 ma·
1023 2255 1079 2296 esse
1102 2239 1197 2310 potius
1222 2252 1312 2310 quam
1339 2253 1395 2294 esse
1414 2238 1564 2306 subsistat,
1586 2235 1666 2294 velut
1692 2236 1715 2294 sl
1736 2234 1869 2293 tenebras

121 2329 160 2386 la.
189 2327 276 2384 Verbi
305 2328 398 2399 gratia
422 2328 597 2384 iracundum
620 2328 764 2394 essehoc
786 2334 968 2399 estprouum
1023 2327 1197 2385 diffinientes
1218 2327 1369 2384 dicamus:
1395 2327 1546 2383 absentiam
1574 2325 1652 2393 lacis,
1678 2326 1727 2381 abi
1746 2326 1797 2381 loa
1820 2325 1868 2379 lm·

122 2413 168 2473 vel
193 2414 303 2470 lacilem
327 2415 363 2471 ad
388 2414 439 2470 irae
462 2414 719 2485 perturbationem,
745 2414 849 2472 vitium
876 2424 968 2473 estet
1023 2416 1162 2473 irritasse.

121 2510 246 2560 mentem
267 2502 386 2559 inclinat
401 2502 437 2557 ad
459 2502 568 2573 aliquid
584 2503 741 2572 impetuose
762 2511 790 2560 ει
811 2503 967 2560 irratione·
1059 2505 1111 2562 Sed
1126 2503 1255 2563 fortassis
1268 2504 1393 2576 inquies,
1411 2504 1481 2575 quia
1495 2512 1523 2561 et
1536 2502 1672 2561 voluntas
1687 2501 1757 2560 mali
1775 2501 1866 2573 operis

122 2591 219 2649 biliter
233 2591 403 2662 gerendum,
419 2591 497 2662 quod
508 2591 626 2647 minime
641 2593 784 2648 convenit.
797 2592 857 2649 lloc
870 2600 967 2649 autem
1023 2602 1173 2666 peccatum
1186 2602 1228 2650 est
1247 2608 1312 2665 qum
1327 2609 1379 2649 nos
1402 2594 1479 2664 apud
1505 2594 1596 2651 Deum
1620 2607 1684 2649 reos
1710 2591 1868 2656 constituit,

123 2681 226 2738 titium
245 2681 274 2736 in
289 2681 387 2736 anima
404 2688 457 2748 εει,
474 2688 506 2736 ιιι
524 2679 654 2736 videlicet
669 2681 706 2737 sit
720 2682 756 2737 ad
775 2681 967 2750 irascendum,
1023 2685 1097 2740 sicut
1111 2683 1247 2740 voluntas
1263 2683 1329 2739 boni
1353 2684 1448 2752 operis
1459 2683 1553 2754 justos
1567 2682 1652 2751 lacit;
1675 2688 1707 2737 ul
1729 2679 1867 2752 quemad·

121 2769 207 2827 etiam
222 2782 288 2825 cum
315 2782 373 2824 uon
399 2776 531 2825 movetur
550 2768 586 2824 ad
609 2767 701 2825 iram:
722 2770 796 2826 sicut
817 2769 967 2827 claudicat·
1023 2773 1140 2830 modum
1163 2774 1256 2828 virtus
1271 2771 1301 2828 iu
1326 2772 1401 2829 bona
1424 2771 1582 2841 voluntate,
1607 2771 1647 2827 ita
1671 2777 1820 2841 peccatum
1840 2768 1869 2823 iu

120 2856 170 2927 tic,
188 2857 265 2916 uude
286 2857 408 2914 claudus
433 2857 648 2925 diciturbomo,
666 2858 771 2928 inipso
791 2866 833 2915 est
850 2859 967 2930 quando
1023 2861 1101 2917 mala
1118 2860 1267 2918 voluntate
1291 2861 1436 2928 consistat,
1462 2875 1514 2917 uec
1538 2861 1568 2915 in
1592 2875 1648 2916 coa
1665 2875 1722 2915 esse
1747 2865 1869 2922 tautum,

121 2947 207 3004 ctiam
222 2960 280 3002 nou
302 2945 433 3002 ambulat
451 2946 652 3015 claudicando,
668 2948 738 3018 quia
760 2947 866 3003 vitium
890 2947 969 3005 adest
985 2934 1007 2992 G
1024 2964 1126 3006 verum
1148 2950 1235 3005 etlam
1255 2952 1285 3004 in
1304 2965 1371 3018 esse,
1390 2949 1465 3006 sicut
1487 2958 1515 3006 et
1539 2949 1597 3004 illa.
1622 2946 1869 3015 Quemadmodum

122 3036 208 3092 etiam
225 3049 291 3091 cum
311 3035 386 3090 actio
402 3035 489 3090 deest.
516 3034 561 3090 Sic
584 3043 612 3091 et
634 3035 741 3092 multus
760 3037 796 3092 ad
819 3037 967 3094 luxuriam
1023 3037 1100 3094 enim
1126 3037 1248 3094 volendo
1276 3038 1371 3096 lacere
1398 3039 1475 3109 quod
1508 3040 1564 3094 lleo
1590 3038 1736 3094 credimus
1759 3035 1872 3106 placere

121 3124 196 3182 sicut
225 3124 260 3180 ad
284 3123 357 3180 itam
384 3131 490 3180 natura
509 3123 571 3194 ipsa
595 3124 639 3179 vel
659 3124 820 3195 complexio
841 3126 969 3196 corporis
1023 3127 1079 3197 ipsi
1098 3126 1256 3198 placemus,
1282 3128 1459 3185 iterolendc
1482 3128 1574 3185 lacere
1598 3126 1675 3198 quod
1701 3127 1758 3182 Deo
1781 3123 1872 3181 credi·

122 3212 527 3285 prouoseilicit3nectamcu
546 3213 576 3268 iu
601 3211 731 3283 ipsohoc
757 3220 876 3284 peccaut
899 3216 969 3285 qula
1024 3229 1090 3272 mus
1118 3214 1278 3286 displicere,
1307 3216 1361 3287 ipsi
1388 3217 1572 3287 displicemus
1603 3223 1631 3272 et
1658 3216 1752 3286 ipsum
1783 3210 1872 3269 ouen-

120 3302 193 3359 tales
205 3310 282 3369 suut,
299 3302 347 3358 sed
373 3314 477 3372 pugnae
493 3301 642 3358 materiam
666 3316 702 3358 ex
726 3303 779 3358 boc
801 3303 918 3366 babent,
938 3310 969 3359 ut
1023 3304 1090 3361 dcre
1104 3304 1165 3361 sire
1179 3313 1361 3362 contemnere
1376 3305 1517 3361 videmur.

122 3405 173 3462 per
187 3390 383 3461 temperantia
404 3390 542 3446 virtutem
566 3389 601 3446 dc
619 3404 649 3446 sc
663 3390 730 3459 ipsis
755 3391 970 3462 triumphantes
1060 3392 1112 3449 Sed
1141 3393 1206 3450 dico
1228 3393 1310 3467 quia,
1334 3393 1357 3448 si
1381 3392 1549 3466 diligentius
1571 3389 1764 3455 attendamus,
1786 3388 1871 3457 longe

121 3493 257 3537 coronam
282 3478 442 3549 percipiant
463 3479 550 3550 juxta
575 3477 646 3535 illud
670 3479 849 3536 Salomonis:
873 3482 970 3536 Melior
1023 3481 1155 3538 aliterdc
1175 3482 1231 3537 boc
1256 3481 1436 3539 sentiendum
1460 3489 1502 3536 est
1522 3493 1612 3551 quam
1634 3479 1777 3534 rideatur.
1798 3474 1872 3532 Cum

122 3571 282 3638 esipctiens
302 3572 361 3622 circ
385 3568 462 3636 sorti,
493 3572 518 3623 et
546 3569 594 3634 qui
621 3568 779 3623 dominator
808 3571 898 3625 ocimo
920 3585 969 3625 suo
1023 3570 1100 3626 enim
1128 3583 1341 3641 nonnunquam
1371 3582 1522 3639 peccemus
1554 3569 1666 3638 absque
1688 3565 1767 3622 omni
1796 3562 1874 3620 mala

122 3660 307 3727 ecpoqacicre
333 3656 547 3728 urbiumlbroo.
572 3671 630 3723 xvi,
657 3657 710 3726 ιι).
731 3656 793 3714 llon
819 3659 895 3714 enim
920 3673 968 3715 ra·
1023 3659 1234 3727 voluntatem
1261 3674 1328 3714 cum
1359 3659 1421 3729 ipsa
1451 3656 1527 3714 mala
1557 3656 1692 3713 voluutas
1718 3653 1874 3717 refrenata,

122 3744 191 3818 ligio
215 3745 251 3802 ab
276 3745 391 3802 bomine
408 3744 498 3813 vinci,
512 3744 594 3801 seda
615 3745 685 3802 vitio
707 3753 791 3817 turpe
811 3747 966 3804 existimat.
1023 3761 1082 3803 non
1104 3747 1244 3814 extincta,
1270 3747 1395 3818 palmam
1422 3745 1621 3804 resistentibus
1641 3744 1736 3815 pariat
1760 3749 1789 3798 et
1810 3754 1874 3795 ma·

121 3834 194 3893 lllud
210 3835 318 3906 quippe
333 3834 474 3891 bonorum
495 3848 613 3906 quoque
628 3834 779 3892 bominum
794 3844 836 3892 est
850 3853 857 3904 3
869 3836 898 3892 in
916 3836 969 3893 boc
1024 3836 1125 3893 teriam
1142 3851 1247 3908 puguae
1261 3845 1288 3893 et
1308 3836 1407 3909 gloria
1425 3849 1559 3892 coronam
1582 3835 1720 3900 conterat,
1740 3837 1875 3889 nontam

122 3923 236 3981 anobis
251 3922 438 3980 declinamus.
454 3923 535 3978 lianc
557 3922 640 3979 uobis
656 3923 803 3979 victoriam
824 3938 968 3981 commen·
1024 3926 1087 3996 ipsa
1105 3936 1252 3996 peccatum
1273 3939 1363 3995 qnam
1377 3924 1530 3980 iufirmitas
1546 3923 1679 3994 quadam
1696 3922 1758 3994 jam
1771 3933 1875 3977 neccs-

122 4013 195 4070 dans
223 4012 386 4082 Apostolus,
406 4011 464 4066 ait:
489 4013 549 4066 ilco
565 4012 743 4066 corcrtobitor
761 4013 835 4082 quis,
859 4015 915 4068 nisi
934 4015 969 4069 le·
1025 4014 1102 4069 saria
1129 4014 1185 4070 dici
1203 4014 1294 4069 debet.
1323 4015 1393 4070 Ecce
1415 4013 1493 4069 enim
1519 4012 1626 4083 aliquis
1654 4019 1698 4066 est
1724 4010 1874 4075 innocens,

122 4101 374 4170 pitimecertooerit
391 4097 429 4167 (ll
449 4100 520 4152 Tim.
536 4114 565 4165 n,
592 4098 631 4167 5).
656 4100 815 4167 Gertooerit,
836 4101 967 4174 iuquam,
1025 4102 1054 4158 iu
1070 4117 1160 4173 quem
1180 4101 1305 4159 erudelis
1323 4101 1457 4158 dominus
1481 4115 1553 4157 suus
1575 4113 1628 4170 per
1651 4099 1777 4155 furorem
1802 4095 1875 4151 adeo

121 4201 181 4244 nou
195 4195 253 4242 tam
273 4185 439 4242 hominibus
464 4200 552 4257 quam
575 4186 655 4244 vitiis
675 4188 841 4254 resistendo,
858 4205 893 4248 nc
916 4206 970 4249 nos
985 4230 1009 4286 D
1025 4200 1185 4248 commotus
1200 4194 1252 4261 εει,
1266 4198 1299 4247 ut
1314 4205 1381 4247 eum
1400 4191 1556 4261 evaginato
1574 4202 1641 4244 ense
1654 4187 1689 4243 ad
1705 4185 1875 4241 interimen-

121 4272 253 4331 vidclicet
277 4274 306 4329 iu
326 4288 498 4331 consensum
525 4275 695 4344 pertrabant
719 4290 867 4347 pravum:
893 4292 968 4350 quae,
1025 4281 1095 4338 dum
1116 4287 1317 4351 persequatur.
1335 4280 1425 4344 Ottem
1440 4280 1487 4336 illc
1511 4279 1561 4334 diu
1587 4277 1710 4348 lugiens,
1730 4283 1758 4330 et
1778 4287 1876 4345 quan-

122 4363 175 4422 etsi
199 4362 329 4419 homines
345 4370 455 4420 cessent
479 4363 663 4436 impugnare,
688 4378 741 4421 nos
765 4379 823 4422 nou
845 4377 969 4436 cessant,
1027 4378 1207 4438 tumcunque
1221 4375 1311 4439 potest
1329 4369 1373 4425 sui
1400 4369 1568 4424 occisionem
1594 4366 1733 4432 devitans,
1758 4369 1877 4419 coactus

121 4458 155 4509 ut
170 4458 249 4509 tanto
269 4450 454 4521 periculosior
476 4466 576 4509 eorum
602 4468 702 4525 pugna
717 4454 754 4512 sit
780 4464 890 4527 quanto
911 4455 970 4512 irc·
1026 4458 1143 4515 tandem
1157 4465 1186 4514 et
1204 4457 1305 4513 uolens
1319 4457 1423 4513 occidit
1443 4472 1522 4528 eunt,
1539 4469 1574 4512 ne
1598 4454 1745 4511 occidatur
1767 4452 1804 4508 ab
1829 4465 1873 4508 eo.

124 4541 269 4611 quentior,
284 4543 313 4597 ct
328 4546 407 4596 tanto
423 4540 543 4598 victoria
563 4541 669 4599 clarior
682 4551 794 4614 quanto
814 4542 969 4600 difficilior.
1026 4546 1116 4604 Dicito
1133 4546 1214 4614 mibi,
1242 4547 1411 4617 quicunque
1434 4561 1473 4614 es,
1498 4559 1588 4616 quam
1612 4543 1717 4598 melam
1738 4540 1875 4597 volunta·

124 4631 257 4688 Homines
302 4643 369 4686 vero
411 4638 614 4702 quantumque
660 4631 849 4702 prevaleant,
898 4632 970 4689 nibil
1025 4642 1083 4691 tem
1106 4636 1289 4693 babueritln
1316 4633 1603 4692 boclacto‘lvoleus
1626 4630 1767 4702 siquidem
1793 4642 1875 4684 mor-

120 4720 187 4778 vitae
204 4725 308 4776 nostra
330 4718 520 4788 turpitudinis
543 4720 691 4791 ingerunt,
717 4720 773 4776 nisi
798 4734 865 4777 cum
892 4735 971 4776 more
1025 4731 1082 4780 tem
1106 4723 1242 4796 elingere,
1259 4723 1373 4781 volebat
1400 4723 1544 4795 propriam
1574 4722 1661 4778 vitam
1687 4731 1869 4775 conservare.

122 4810 264 4867 vitiorum
283 4815 319 4875 et,
345 4808 429 4879 quasi
457 4808 541 4865 nobis
559 4809 589 4865 in
612 4809 684 4866 vitia
708 4809 866 4877 conversis,
892 4810 970 4880 turpi
1025 4812 1078 4870 Sed
1094 4812 1229 4885 nunquid
1246 4814 1305 4869 baec
1323 4813 1460 4870 voluutas
1475 4810 1645 4868 maluerat?
1660 4807 1732 4875 Non,
1749 4807 1874 4877 inquies,

120 4913 174 4955 nos
198 4912 341 4955 consensu
371 4896 540 4969 subjiciunt.
577 4896 636 4953 lllls
659 4896 772 4967 corpori
799 4894 972 4954 dominanti·
1026 4902 1087 4958 baec
1112 4902 1236 4959 arbitror
1249 4918 1259 4972 ;
1275 4902 1323 4958 sed
1339 4901 1388 4959 illa
1406 4915 1495 4972 quam
1515 4898 1651 4956 babuerit
1677 4897 1711 4952 de
1735 4895 1876 4952 occisione

123 4986 189 5055 bus,
206 4987 275 5044 dum
302 4986 376 5043 liber
390 4987 507 5043 animus
529 4985 625 5052 luerit,
649 4985 723 5042 nibil
738 4985 774 5042 de
797 4998 867 5042 vera
890 4985 972 5043 liber·
1025 4991 1135 5048 domini
1163 4990 1370 5063 persequentis.
1398 4989 1582 5059 Respondeo:
1613 4988 1686 5042 Beue
1713 4990 1742 5040 et
1770 4974 1877 5054 argute

125 5080 181 5131 tate
206 5074 396 5145 periclitatur,
421 5074 494 5131 nibil
516 5075 646 5132 obscenae
672 5073 821 5131 servitutis
844 5073 972 5132 incurri·
1026 5079 1108 5149 dicis,
1124 5080 1146 5137 si
1160 5079 1338 5137 voluntatem
1350 5093 1447 5151 posses
1459 5078 1607 5150 assignare
1620 5076 1649 5133 iu
1663 5089 1695 5132 eo
1707 5071 1785 5145 quod
1801 5085 1878 5128 asse-

125 5177 201 5220 mus.
217 5161 280 5219 llon
295 5163 373 5220 euim
392 5163 503 5220 bomini
517 5164 636 5231 servire,
657 5163 705 5219 sed
727 5163 796 5220 vitio
812 5171 896 5235 turpe
910 5172 971 5231 est3
1027 5168 1076 5225 ris.

123 5265 177 5308 nec
191 5249 349 5320 corporalis
372 5252 506 5320 servitus,
528 5252 578 5308 sed
593 5251 729 5309 vitiorum
756 5252 896 5325 subjectio
911 5253 973 5309 ani·
1064 5256 1127 5324 Sed,
1153 5255 1214 5328 iam
1242 5262 1276 5313 ut
1303 5256 1413 5314 dictum
1429 5256 1490 5326 est,
1515 5253 1616 5311 uolens
1637 5260 1665 5311 et
1679 5258 1796 5309 coactus
1825 5249 1880 5306 boc

120 5351 200 5394 mam
228 5338 382 5409 deturpat;
409 5339 552 5413 quidquid
586 5341 664 5399 enim
695 5340 778 5399 bouis
806 5342 914 5414 pariter
945 5349 973 5400 et
1026 5344 1197 5416 lecitquod
1215 5353 1360 5417 quantum
1375 5343 1575 5416 potuitritam
1598 5339 1876 5400 incolumemdistu·

125 5423 212 5483 malis
238 5440 393 5486 commune
417 5435 460 5487 est
488 5427 561 5488 nibil
589 5429 626 5487 ad
649 5429 787 5489 virtutem
808 5431 854 5490 rel
868 5431 972 5490 vitium
1027 5431 1070 5500 lit,
1091 5432 1185 5490 scions
1211 5447 1329 5506 quoque
1355 5445 1393 5491 ex
1421 5430 1477 5489 bac
1505 5428 1703 5489 interlectione
1730 5421 1809 5485 vitae'
1824 5425 1877 5484 sibi

120 5509 219 5572 relort.
1029 5518 1193 5593 periculum
1221 5519 1382 5578 imminere.
1415 5514 1562 5589 Quomodo
1584 5514 1654 5591 eigo
1679 5515 1750 5575 illud
1772 5513 1877 5574 volun·
