3804 5962
713 235 830 294 suello
848 236 949 294 xxiiii.
1650 236 1703 292 ιιι

83 362 181 435 magis
194 361 224 419 in
238 360 281 420 rei
296 359 447 419 lamiliaris
469 373 541 419 cura
560 360 633 419 bene
647 361 794 433 cognosci·
809 359 906 423 Atius
930 359 961 416 in
984 356 1123 430 obsequio
1145 357 1197 415 Dei
1220 363 1249 416 et
1270 360 1455 436 ¹veneratione
1477 357 1614 430 martyris
1631 372 1700 430 por·-

79 555 112 598 m
133 540 219 611 possit
243 539 347 623 notari,
364 539 390 596 si
413 539 544 597 videlicet
561 539 724 610 perplures
749 538 796 596 da·
853 548 881 598 et
896 540 1033 598 fiduciam
1052 541 1088 597 do
1111 540 1220 598 meritis
1233 540 1298 611 ojus
1311 554 1369 596 non
1394 540 1565 596 mediocrem
1585 538 1699 596 sumite.

95 630 184 696 vires,
214 627 303 685 unius
323 627 381 684 riri
399 642 477 685 uxor
502 628 634 699 eligenda
653 635 796 685 censetur.
855 632 996 687 Honorem
1026 630 1155 702 quidem,
1175 629 1264 701 quod,
1287 637 1320 686 nt
1346 628 1456 700 prelati
1480 642 1593 697 snmus,
1615 626 1702 685 talem

79 716 152 774 edem
183 716 327 787 alloquor,
363 716 501 788 virgines,
530 725 563 774 nt
601 717 801 774 ministrorum
853 719 1001 777 meruistis
1015 718 1121 776 habere
1145 718 1322 786 ministrum,
1346 732 1434 790 quem
1454 717 1563 774 militiae
1580 717 1702 774 coelestis
1741 703 1748 710 ’

96 804 288 863 differentiam
308 805 343 861 de
356 814 453 862 vestra
476 805 605 876 cogitetis
630 806 801 877 praerogati—
854 808 1026 879 signiierum
1041 821 1141 865 omnes
1153 807 1258 863 anime
1270 814 1436 879 sequuntur
1448 806 1551 877 justae3
1566 805 1701 863 fiduciam

79 909 90 951 e
117 895 387 951 enim-sanctorum
412 894 552 965 obsequio
576 895 732 952 uiduarum
764 895 800 950 ah
854 911 933 964 vcro,
951 911 1011 968 une
1034 897 1130 967 ipsum
1152 897 1298 966 precipue
1322 896 1362 952 ibi
1385 896 1504 960 speretis
1527 895 1699 964 adjutorem,

79 998 96 1052 s,
117 983 213 1039 locum
228 995 358 1054 quorum
376 980 505 1039 obtinent
523 983 661 1055 episcopi,
680 983 801 1040 minoris
855 1000 941 1057 quem
957 986 1004 1042 hic
1024 985 1224 1041 fidelissimum
1240 976 1382 1042 habuistis
1408 991 1645 1054 procuratorem
1668 990 1701 1039 ut

90 1072 177 1138 rinos,
206 1071 233 1126 id
262 1078 304 1127 est
327 1070 474 1138 diaconos,
499 1071 602 1128 videtis
631 1073 799 1143 deputatos:
855 1075 907 1148 qui
932 1075 961 1132 in
978 1073 1096 1131 minimo
1124 1073 1235 1130 lidelem
1262 1087 1292 1130 se
1318 1073 1444 1145 prebuit
1468 1072 1646 1140 ministrum,
1670 1070 1702 1127 in

93 1166 190 1217 restro
205 1159 319 1216 Christo
344 1158 373 1215 in
397 1167 488 1216 matre
502 1159 567 1230 ejus
587 1160 702 1232 Virgine
724 1160 802 1217 didi·
856 1163 964 1235 majore
992 1162 1157 1220 ultroneum
1181 1176 1211 1219 se
1240 1171 1380 1233 preparet
1405 1162 1587 1217 advocatum.
1620 1146 1701 1224 Onod

79 1246 139 1319 [uid
162 1247 244 1305 vobis
268 1247 390 1304 debeant
414 1247 550 1318 episcopi.
573 1248 636 1305 Non
660 1248 737 1305 enim
761 1249 802 1306 iili
856 1259 935 1309 tanto
955 1250 1068 1307 lecilius
1083 1250 1143 1307 suis
1165 1251 1244 1321 apud
1260 1251 1414 1307 Dominum
1430 1249 1538 1305 meritis
1552 1246 1701 1312 obtinebit,

80 1351 120 1404 m,
140 1336 190 1392 sed
204 1335 363 1406 apostolum
381 1335 459 1392 dedit
483 1336 659 1406 ministrum,
683 1352 734 1409 per
749 1337 803 1394 hoc
857 1348 968 1412 quanto
981 1339 1047 1412 ojus
1068 1339 1192 1409 gratiam
1214 1342 1353 1411 majorem
1368 1339 1498 1409 adeptus,
1522 1350 1638 1393 summo
1652 1347 1701 1391 se-

79 1437 85 1454 ·
111 1423 265 1480 insinuans
289 1430 368 1479 tanto
391 1437 442 1480 ros
470 1424 617 1496 digniores
646 1426 802 1496 promereri
856 1429 963 1487 corinti
977 1428 1090 1499 primus
1105 1428 1246 1485 diaconns
1256 1429 1361 1485 meruit
1376 1427 1506 1498 adjungi.
1527 1426 1618 1496 Cujus
1631 1438 1702 1495 quo-

79 1527 112 1579 ιθ,
142 1521 251 1583 quanto
279 1512 315 1567 ad
338 1512 536 1569 excellentiam
563 1515 718 1571 Dominltae
737 1518 804 1570 'tne-
857 1534 915 1590 quc
928 1519 1022 1589 passio
1041 1525 1151 1575 tantam
1167 1518 1309 1589 privilegii
1332 1520 1416 1574 necta
1435 1523 1477 1573 est
1491 1514 1702 1583 auctoritatem,

79 1600 157 1672 lilius
178 1602 389 1672 effeminatis·
405 1600 475 1668 Quae
490 1602 608 1672 quidem
631 1617 689 1659 nou
709 1603 803 1660 diaco·
820 1636 840 1691 B
858 1618 891 1666 ut
913 1611 973 1667 sola
996 1610 1057 1680 ipsa
1077 1609 1223 1666 canonicis
1249 1609 1355 1665 inserta
1382 1606 1546 1678 Scriptnris,
1570 1602 1703 1660 eumdem

79 1691 103 1747 ed
119 1688 279 1760 attOSlttitlm
295 1689 477 1762 1110b80q1110
493 1691 538 1746 ⁸111
556 1691 721 1749 ministrum
736 1692 801 1749 ade·
859 1699 993 1756 habuerit
1015 1699 1194 1769 scriptorem,
1219 1711 1306 1768 quern
1319 1704 1347 1753 et
1364 1695 1524 1752 Dominica.
1551 1693 1703 1762 Tanquam

80 1778 100 1836 d
120 1778 202 1835 vohis
216 1778 340 1848 episcopi
361 1779 483 1835 debeant
506 1779 643 1842 insinuat,
666 1782 717 1850 oui
733 1794 803 1851 apo·
858 1789 1029 1859 apocrypha
1058 1788 1204 1857 passiones
1228 1786 1423 1857 apostolorum
1447 1783 1647 1854 repudientur,
1675 1787 1703 1836 et

79 1882 95 1924 n
109 1866 233 1939 gradum
250 1866 278 1921 in
292 1865 419 1922 Ecclesia
441 1867 594 1937 possident.
618 1868 697 1925 Unde
709 1876 737 1926 et
751 1870 803 1926 dc·
858 1876 954 1932 cxitus
970 1876 1125 1932 Dominicae
1141 1875 1241 1931 matris
1256 1882 1367 1931 certum
1383 1872 1570 1942 exscriptore
1585 1867 1703 1926 titulum

79 1956 249 2013 emmuniter
279 1953 402 2023 leminis,
438 1962 494 2010 tam
522 1955 686 2026 virginibus
713 1972 802 2028 quam
858 1964 1027 2022 nonhabet.
1051 1962 1172 2020 Selaest
1187 1961 1406 2033 protomartyris
1430 1960 1525 2032 passio
1545 1954 1704 2029 evangelici

116 2051 226 2114 quanm
256 2042 352 2098 studio
389 2050 447 2099 iam
481 2043 675 2114 apostolorum
713 2060 802 2117 quam
858 2053 1005 2123 scriptoris
1020 2052 1093 2122 stylo
1108 2052 1255 2123 insignata,
1272 2059 1369 2107 ettam
1384 2050 1536 2121 diligenter
1549 2046 1703 2116 descripte,

79 2147 160 2191 orum
201 2133 389 2188 diaornorum
420 2132 456 2188 ab
492 2133 533 2188 eis
569 2133 724 2190 electorum
764 2134 803 2191 le·
859 2150 891 2198 nt
907 2151 962 2199 tam
980 2141 1008 2196 in
1034 2154 1088 2197 sua
1111 2153 1200 2211 quem
1215 2140 1245 2196 in
1270 2147 1367 2195 vestra
1381 2139 1467 2196 lende
1486 2135 1624 2195 abundet.
1641 2133 1705 2191 Sta·

79 2222 172 2279 ssint
192 2221 383 2285 celebrandae,
408 2220 473 2276 ⁰0¹⁰
496 2236 546 2278 VOS
563 2221 705 2293 ignorare·
727 2223 803 2288 011⁰·
860 2231 909 2286 tim
929 2229 1035 2301 quippe
1058 2237 1121 2300 post
1143 2227 1310 2285 electionem
1337 2228 1402 2298 eius
1424 2235 1452 2284 et
1474 2235 1644 2283 caeterorum
1666 2223 1705 2279 ed

79 2325 103 2368 >s
135 2309 387 2366 intercessionibus
421 2309 581 2380 plurimum
611 2310 728 2382 adjutas
757 2311 804 2369 ille
859 2316 989 2388 obsequii
1004 2317 1092 2374 vestri
1118 2317 1315 2384 diaconatum,
1342 2316 1532 2386 subjunctum
1558 2312 1703 2384 legimus:

79 2413 150 2456 acro
171 2400 312 2469 proposito
327 2399 480 2466 custodiat,
506 2399 556 2470 qui
572 2399 642 2456 tales
658 2400 739 2457 vohis
754 2401 801 2456 de·
859 2406 1012 2476 Stephanus
1025 2410 1116 2460 cutem
1133 2406 1230 2476 planes
1249 2406 1342 2473 pretio
1361 2410 1387 2460 ct
1401 2402 1564 2472 (ebitudine
1585 2399 1706 2468 sociabat

94 2488 252 2556 ministros,
266 2495 302 2544 ‚ep
327 2488 439 2544 eosdem
462 2488 540 2565 apud
565 2504 595 2545 so
618 2498 728 2546 vostros
751 2490 803 2545 he·
859 2495 988 2566 prodigio
1006 2500 1032 2550 et
1049 2499 1131 2564 signa
1158 2510 1259 2562 magno
1280 2496 1309 2549 in
1322 2495 1432 2564 populo.
1459 2491 1533 2559 Quid
1562 2490 1625 2557 hoc,
1653 2488 1705 2544 ob·

79 2585 190 2634 rocetos
213 2591 337 2646 sponsus
352 2587 443 2634 vester
466 2577 605 2634 Dominus
624 2579 706 2636 iesus
721 2578 803 2635 Chri·
860 2598 949 2652 secro,
972 2583 1054 2639 vohis
1068 2581 1218 2654 dignitatis
1240 2583 1375 2653 acquirit,
1396 2581 1474 2653 quod
1490 2595 1548 2637 non
1567 2586 1633 2634 anta
1645 2591 1707 2633 sus·

79 2666 95 2724 li
109 2680 177 2722 cum
194 2666 288 2732 Ρὸῑΐθ,
302 2673 356 2722 θῑῦ·
860 2681 973 2743 ceptum
988 2672 1159 2728 diaconatus
1181 2670 1309 2727 ollicium
1335 2670 1379 2728 his
1401 2670 1538 2740 prodigiis
1561 2675 1588 2724 et
1615 2665 1706 2737 signis

244 2789 364 2848 SERMO
401 2791 519 2848 XXXII.
861 2762 1037 2831 Stephanum
1070 2758 1250 2830 magnificari
1285 2759 1377 2815 Lucas
1409 2761 1624 2822 commemorat,
1656 2753 1706 2810 sed

860 2850 956 2905 statim
973 2858 1033 2920 post
1047 2848 1136 2918 hujus
1150 2861 1228 2904 curae
1240 2847 1450 2916 susceptionem
1461 2861 1468 2913 ;
1480 2844 1536 2901 nisi
1555 2851 1587 2900 nt
1601 2843 1706 2899 innuat

91 2910 187 2955 ΜΕ
205 2910 302 2954 sm
322 2911 461 2953 mmm
481 2911 718 2956 mmmm&
860 2938 915 2994 hoc
928 2952 945 2993 a
960 2937 1040 2994 vobis
1054 2937 1188 2993 meritum
1206 2935 1383 3006 processisse,
1410 2941 1441 2990 nt
1456 2947 1515 3003 qno
1537 2947 1566 2989 se
1580 2929 1707 3001 emplius

81 3010 140 3060 tom
149 3004 350 3061 mmdavimm
364 3003 490 3074 “isidem
503 3005 603 3060 milii
617 3006 751 3079 senseat.)
822 2983 843 3039 C
861 3027 916 3083 snb
938 3024 1090 3082 infirmiori
1105 3039 1179 3081 seru
1199 3023 1366 3093 larnnlando
1381 3022 1557 3088 humiliaret,
1580 3018 1706 3091 amplius

79 3113 110 3170 lis
130 3112 235 3170 Christi
259 3126 362 3171 servus
385 3111 501 3182 Christi,
524 3119 602 3183 tanto
624 3113 746 3171 Domino
760 3115 807 3171 di·
862 3116 931 3171 hinc
944 3129 1010 3171 eum
1027 3114 1166 3171 hominus
1183 3113 1335 3179 exaltaret,
1348 3120 1376 3168 et
1391 3112 1420 3166 in
1434 3111 1561 3181 hisquae
1575 3121 1706 3180 sequun-

79 3201 231 3259 iamulati·
862 3213 921 3269 tur,
938 3203 1046 3260 caeteris
1059 3199 1244 3258 excellentior
1259 3200 1365 3257 sanctis
1379 3197 1557 3269 appareret?

79 3290 216 3361 martyris
254 3293 282 3346 et
321 3289 442 3347 cmlestis
486 3289 615 3362 signiferi
666 3291 809 3362 piissimas
898 3294 938 3350 De
964 3306 1022 3363 quo
1044 3299 1072 3347 et
1094 3290 1240 3357 subditur,
1270 3288 1347 3359 qnod
1374 3301 1442 3344 curu
1471 3295 1586 3358 propter
1612 3284 1708 3357 prodi·

79 3392 124 3444 aa,
151 3379 208 3436 imo
233 3379 437 3449 triumphalem
467 3379 645 3437 celebrantes
674 3395 808 3453 agonem,
864 3383 977 3455 giorum
992 3388 1020 3436 et
1037 3378 1187 3450 signorum
1205 3375 1434 3448 magnitudinem
1457 3376 1529 3433 icrre
1551 3372 1709 3431 adversarii

96 3469 206 3537 majore
221 3467 347 3536 perlinita
362 3467 523 3533 devotione,
549 3477 658 3539 quanto
682 3485 808 3528 vosam·
863 3486 930 3529 cnm
960 3483 1018 3525 non
1042 3475 1168 3538 possent,
1196 3467 1232 3523 de
1255 3466 1375 3522 dirersis
1404 3465 1433 3521 in
1462 3479 1528 3521 eum
1555 3463 1710 3534 synagogis
1806 3461 1810 3481 '

79 3558 132 3613 nic
144 3563 203 3612 tarn
218 3554 324 3612 Christi
345 3569 433 3625 quam
455 3563 548 3611 restro
563 3556 684 3614 diacono
698 3568 811 3617 constat
863 3568 892 3617 et
905 3559 974 3616 locis
987 3557 1200 3623 convenientes,
1218 3563 1276 3611 tam
1291 3554 1387 3611 verbis
1411 3566 1499 3622 qnam
1520 3551 1602 3609 iactis
1623 3552 1711 3608 mire·

79 3659 101 3702 ta
125 3659 197 3701 esse.
226 3644 301 3711 Quid
329 3644 408 3701 enirn
431 3644 571 3701 diaconus
598 3646 654 3702 nisi
681 3648 811 3705 minister
865 3648 950 3706 bilem
981 3646 1163 3702 invenerunt.
1188 3643 1352 3700 cumcuim
1381 3640 1564 3712 premisisset
1588 3653 1712 3710 evange·

79 3733 281 3798 statutionis
300 3741 397 3789 eutem
416 3737 505 3790 Actus
528 3734 722 3804 apostolorum
745 3752 809 3807 per·
865 3739 947 3796 lista:
973 3734 1127 3804 Stephanos
1147 3739 1237 3788 actem
1261 3731 1358 3801 plenus
1383 3732 1476 3799 gratio
1499 3733 1524 3783 et
1545 3729 1712 3797 tortitudine

100 3835 159 3877 non
176 3820 287 3877 noverit
315 3821 431 3878 beatum
465 3821 643 3893 Stephanum
670 3839 737 3880 cnm
760 3839 811 3881 sex
865 3825 985 3894 (aeetae
1004 3822 1132 3892 prodigio
1149 3827 1173 3877 et
1193 3825 1272 3889 sigen
1287 3835 1388 3888 magno
1411 3820 1440 3872 in
1455 3819 1575 3887 popelo;
1596 3816 1711 3888 adjecit,

79 3909 174 3981 piritu
207 3916 306 3966 sancto
336 3909 439 3981 plenis,
461 3910 548 3982 jnrta
575 3912 663 3982 ipsius
689 3912 812 3983 Spiritus
866 3923 953 3986 atone
973 3913 1029 3970 ait:
1056 3911 1243 3968 suffecerunt
1264 3911 1355 3965 eutem
1379 3906 1492 3974 guidam
1514 3905 1548 3961 de
1569 3920 1713 3974 synagoga

79 3998 135 4055 mis
156 3999 256 4070 gratim
281 4012 448 4065 numerum,
474 4000 510 4055 ab
534 4001 669 4069 apostolis
699 4001 728 4057 in
758 4001 809 4057 mi·
867 4019 927 4074 qua
962 4000 1120 4070 appelletur
1157 3998 1366 4065 libetinorum,
1388 3998 1415 4051 ct
1449 3995 1654 4065 cyrenensium,
1687 3997 1714 4049 et

79 4101 116 4144 tm
143 4095 309 4143 sanctarum
335 4087 511 4144 seminarum
543 4089 680 4144 dieuruos
698 4090 812 4158 electos,
867 4089 1131 4155 Alexandrinorum,
1161 4090 1187 4141 et
1216 4101 1307 4141 corum
1338 4085 1385 4152 qai
1413 4086 1492 4139 erem
1516 4098 1534 4137 o
1559 4083 1661 4137 Cilicio
1688 4087 1714 4138 et

79 4175 294 4247 impositionem
318 4189 433 4244 manns,
458 4176 495 4231 ad
517 4177 606 4248 huius
626 4179 813 4235 administra·
867 4179 946 4248 Asin,
964 4177 1137 4248 disputantes
1148 4190 1208 4230 cum
1222 4172 1374 4244 Stephano:
1393 4177 1418 4228 et
1432 4187 1486 4226 non
1499 4175 1631 4242 poterunt
1644 4171 1713 4226 teci·

79 4278 175 4322 :uram
197 4264 350 4336 diligenter
365 4265 525 4335 adstrictos,
541 4268 569 4320 ct
588 4267 673 4336 qnasi
695 4268 811 4338 adjura·
828 4265 1089 4360 1,eteresopientiae
1102 4269 1128 4320 ct
1139 4261 1264 4335 spiritui,
1274 4263 1322 4333 qui
1336 4261 1497 4328 loquebatur
1510 4260 1600 4331 (thid,
1614 4262 1641 4329 9,
1657 4258 1713 4330 lb).

79 4353 177 4411 ticum
194 4368 292 4411 omnes
308 4353 414 4424 pariter
433 4353 508 4423 pieni
534 4353 643 4425 Spiritu
663 4364 762 4413 sancto
777 4357 814 4413 ab
872 4356 952 4414 Unde
967 4353 1041 4411 illico
1067 4359 1127 4410 tam
1148 4351 1245 4409 verbis
1268 4350 1358 4422 ipsius
1380 4363 1470 4423 quem
1487 4348 1636 4407 miraculis
1658 4361 1717 4404 am-

79 4442 103 4500 ia
126 4442 252 4514 eligendi
267 4443 413 4510 dicantur,
433 4442 511 4499 solus
535 4452 631 4500 tamen
651 4446 815 4516 stephanus
870 4445 947 4515 plius
973 4441 1123 4512 contutati,
1151 4450 1179 4498 et
1212 4439 1408 4498 vehementius
1433 4440 1463 4496 in
1486 4453 1553 4496 oum
1582 4436 1717 4495 commoti

79 4538 198 4605 gratiam
231 4531 398 4603 spiritaliter
426 4533 547 4602 adeptus
573 4533 815 4605 insequentibus
869 4532 952 4591 falsis
981 4542 1082 4589 eontra
1103 4545 1170 4588 eum
1205 4530 1327 4586 testibus
1352 4528 1535 4595 introductis,
1557 4537 1717 4582 commove·

79 4629 154 4688 etur,
180 4635 248 4678 curn
277 4619 401 4677 dicitnr:
428 4622 462 4677 lit
493 4623 629 4690 eiecerunt
649 4623 816 4693 stephanum
871 4629 942 4679 rnnt
957 4618 1078 4692 plebem,
1095 4627 1122 4676 et
1140 4618 1277 4687 seniores,
1295 4626 1323 4675 et
1345 4617 1464 4683 scribas,
1490 4624 1520 4672 nt
1543 4624 1716 4672 concurren-

79 4710 190 4782 ptcnem
212 4709 266 4780 ttde
287 4713 314 4764 et
347 4710 453 4780 spirite
478 4715 580 4778 coacto,
610 4717 635 4765 et
659 4712 817 4784 Philippum
873 4717 914 4767 tes
929 4716 1062 4781 raperent
1088 4722 1167 4771 enm,
1186 4713 1214 4764 et
1229 4706 1376 4762 traherent
1391 4705 1421 4761 in
1444 4701 1609 4768 concilium,
1627 4706 1660 4757 ut
1683 4698 1718 4756 de

79 4840 94 4871 .,
115 4797 155 4871 5),
170 4806 223 4855 etc.
241 4798 276 4854 lit
292 4811 410 4854 rursum
427 4813 434 4853 t
452 4799 607 4868 Stephanus
626 4799 724 4869 plenos
747 4817 817 4870 grc—
873 4798 1051 4870 blasphemie
1066 4797 1165 4855 saltem
1182 4795 1212 4852 in
1229 4795 1320 4851 Deum
1334 4801 1361 4849 ot
1377 4793 1501 4863 hloysem
1516 4803 1534 4848 a
1548 4787 1627 4847 ielsis
1642 4787 1718 4845 testi·

79 4887 232 4945 custodiae
252 4887 374 4957 lucebat
383 4888 517 4958 prodigio
531 4894 556 4943 et
569 4892 650 4958 signo
668 4905 769 4959 megan
789 4895 819 4946 te
873 4889 929 4945 bns
941 4887 966 4945 ei
982 4886 1093 4959 objecta
1109 4899 1175 4943 reus
1186 4882 1413 4956 adjudicaretur.
1430 4879 1510 4948 Quod
1523 4877 1640 4951 quidem
1660 4890 1719 4933 non

83 4976 179 5057 (ibid,
195 4979 233 5047 8).
250 4977 377 5034 Gaudete
392 4976 501 5047 itaque,
526 4984 554 5034 et
572 4977 739 5048 spiritaliter
754 4994 819 5036 con·
874 4986 931 5035 tam
949 4987 998 5048 pcr
1021 4988 1120 5032 eornm
1138 4971 1287 5039 malitiam,
1304 4984 1393 5040 quam
1409 4982 1459 5040 per
1478 4966 1719 5038 dispensationem

79 5067 185 5124 clenti
207 5068 347 5139 agonistae
367 5065 505 5136 victorie,
522 5081 609 5137 quem
630 5068 819 5149 ctbmeruistis
873 5066 1014 5129 divinam,
1031 5070 1062 5120 ut
1088 5062 1116 5118 in
1131 5060 1266 5119 omnibns
1290 5057 1408 5115 militem
1431 5071 1517 5114 sunm
1538 5056 1614 5114 Deus
1629 5054 1719 5129 glori·

111 5154 289 5234 ministrnm,
318 5162 346 5212 ct
375 5154 405 5211 in
439 5153 529 5226 hujus
561 5155 820 5215 administrationis
875 5155 983 5222 liceret,
1007 5159 1138 5223 patenter
1165 5148 1284 5205 historia
1307 5147 1397 5204 docet.
1415 5145 1495 5204 Unde
1513 5153 1623 5203 etcum
1646 5144 1721 5202 seri-

79 5245 101 5301 le
117 5245 244 5315 priorem
264 5244 396 5316 martyrii
417 5243 543 5316 palmam
564 5245 699 5316 adeptum
715 5247 750 5303 do
766 5247 819 5304 ob·
876 5252 956 5315 ptum
977 5242 1023 5311 sit,
1046 5242 1117 5312 quia
1136 5244 1324 5296 concurrentes
1346 5242 1500 5307 rapuerunt
1523 5252 1595 5306 cem,
1619 5241 1646 5293 ct
1666 5234 1722 5292 ed-

93 5341 193 5392 restro
211 5334 329 5391 misistis
351 5334 389 5391 ad
408 5333 523 5391 celum.
545 5333 664 5391 Reddite
684 5342 820 5391 mutuum
875 5333 1016 5389 ducenae
1043 5333 1072 5386 tn
1097 5329 1241 5386 consitium
1257 5327 1350 5401 (ibid,
1380 5324 1435 5399 ta),
1462 5340 1522 5385 non
1543 5333 1602 5384 tam
1619 5325 1649 5384 ri
1670 5326 1721 5382 ad·
1785 5381 1791 5385 .

79 5424 130 5481 hoc
145 5421 251 5481 dirinae
262 5422 357 5481 laudis
371 5422 544 5495 obsequium
555 5439 563 5490 ;
576 5429 604 5480 et
620 5437 679 5494 qno
694 5421 741 5480 ille
754 5422 822 5480 lide·
875 5421 1000 5479 ductum
1024 5433 1112 5493 quarn
1132 5419 1250 5491 propria
1268 5417 1416 5476 voluntate
1435 5430 1504 5475 cnm
1523 5414 1721 5490 intelligimus.

87 5512 148 5573 lieo
162 5512 266 5572 restris
279 5511 457 5572 ministrarit
471 5510 588 5582 mensis,
610 5525 644 5569 eo
663 5523 715 5571 ros
735 5509 822 5570 devo·
877 5509 1091 5582 cupiememm
1109 5507 1240 5580 dissolri,
1254 5514 1286 5574 et
1303 5520 1367 5568 esse
1385 5520 1454 5568 enm
1473 5505 1596 5577 christo,
1618 5503 1670 5579 qni
1683 5502 1722 5561 ed
1786 5554 1800 5572 ,
