3804 5962
542 182 740 242 renuidem
758 181 977 243 sneisham.
992 213 1027 224 -
1042 181 1107 239 tto.
1128 181 1165 239 ti.
1662 183 1734 243 stri

79 312 120 369 cit
148 312 242 367 taliter
270 309 344 366 omui
373 308 489 377 notuui,
514 311 541 365 et
564 308 670 379 judicic
698 323 750 364 suo
774 324 829 364 ιιι
843 310 867 364 Α
882 311 1027 384 egressuri
1050 316 1143 369 eraut.
1169 309 1251 368 Unde
1272 315 1300 369 et
1329 308 1455 368 Ahrshae
1477 308 1586 368 dictum
1608 316 1667 369 esi:
1691 312 1729 395 ¹'l

79 403 170 458 rstooit
184 400 241 456 illis
257 397 342 470 (Psoi.
360 412 468 466 cxcvii,
483 397 540 468 20).
884 403 963 458 isone
988 402 1131 458 nocebitur
1144 400 1196 456 tibi
1219 415 1310 457 remeo
1325 397 1402 472 (deu.
1426 412 1489 469 xxi,
1518 400 1572 473 tn).
1596 399 1733 472 Legimus

79 504 102 546 ιι
122 491 222 560 itaque
237 489 349 545 ratione
370 485 492 559 cogendi
515 485 658 554 ridemur,
681 493 714 543 nt
728 485 763 542 de
786 499 830 543 sa·
883 489 971 547 etiam
990 491 1021 548 iu
1038 496 1119 548 utero
1138 489 1330 548 sanctificatos
1355 501 1416 546 esse
1436 488 1591 546 teremiam
1606 489 1732 547 etloan·

79 577 156 636 linm
170 574 511 648 dillidamnsgentiiium,
523 573 575 646 qni
589 581 657 631 ante
670 574 830 632 adrentum
883 594 949 637 nem
973 587 1130 652 antequam
1154 578 1316 651 corporalia
1334 578 1514 650 perciperent
1538 586 1730 639 sacramenta.

79 666 177 739 rproris
192 665 273 723 nullo
298 663 369 736 legii
392 663 500 734 ιθῐὶιῑῡ
524 662 669 732 insimili,
693 662 831 721 naturali·
884 669 966 727 Absit
980 668 1079 741 itaque
1093 675 1126 725 ιιι
1140 669 1181 726 ιιι
1200 667 1333 742 generale
1350 681 1410 725 esse
1425 667 1613 739 profiteamur
1628 680 1730 726 sacrae

79 763 134 813 ‚xta
156 753 385 826 Apoculamus
407 766 474 823 quae
496 749 566 824 leuis
588 758 657 808 sunt
683 750 827 821 iacientes,
884 765 1014 816 mentum
1029 756 1261 816 circumcisionis
1279 755 1353 813 sicut
1364 762 1393 813 ιι
1418 753 1565 826 baptismi,
1581 754 1630 812 sed
1643 755 1731 827 Juxta

79 845 104 902 bi
119 844 275 909 leterani,
295 841 346 914 qui
372 840 561 897 ⁰⁸²011d⁸b³1¹¹
582 854 657 911 09⁰⁸
671 839 743 912 litii
757 839 829 897 icil·
884 848 1068 906 Ambrosium
1096 845 1207 918 potiora
1222 859 1335 918 semper
1355 843 1487 902 dicamus
1506 849 1534 900 ιι
1559 841 1732 916 perlectiora

86 934 116 990 in
138 931 274 989 cordibus
298 931 370 997 suis,
395 929 592 986 testimonium
616 928 751 985 reddente
772 927 829 985 iilis
882 943 1064 994 sacramenta
1088 933 1222 992 ecclesie
1251 946 1340 1005 quam
1370 932 1540 1005 synagoge,
1567 946 1635 989 cum
1668 932 1731 991 bec

79 1021 157 1080 entia
185 1020 326 1092 ipsorum.
358 1018 437 1075 Sicut
468 1031 596 1089 namquo
624 1017 829 1087 scriptumest
881 1025 1028 1094 omnibus,
1045 1023 1093 1081 iila
1119 1021 1305 1096 quibusdam,
1320 1028 1353 1079 nt
1367 1021 1544 1090 dictumest,
1570 1020 1638 1078 data
1658 1021 1729 1089 sint,

80 1109 154 1167 stola
177 1107 214 1164 ad
236 1108 400 1165 Romami:
419 1107 478 1163 Νθιι
503 1106 576 1161 mim
597 1105 737 1161 auditores
760 1105 827 1174 lepis
881 1114 984 1172 etsine
998 1113 1044 1172 his
1064 1113 1126 1185 jam
1139 1111 1222 1170 nulla
1242 1110 1372 1169 remissio
1386 1108 1432 1168 rel
1455 1108 1646 1168 sanctificatio
1662 1123 1730 1181 spe-

79 1202 127 1255 tlol
140 1197 216 1268 “ild
232 1197 331 1264 Deum,
347 1196 395 1251 sed
420 1197 538 1263 sallitis
558 1193 826 1265 iepisJ'ustiptccbuu·
881 1203 974 1261 rande
986 1202 1030 1259 sit.
1053 1203 1120 1259 rirec
1139 1201 1247 1258 idcirce
1267 1199 1451 1266 induximus,
1471 1197 1590 1270 nequis
1612 1204 1676 1270 post
1690 1197 1731 1256 ie·

79 1304 120 1344 im
141 1290 213 1342 enim
238 1289 329 1354 senili
357 1300 417 1356 tw
437 1284 521 1353 litem
545 1299 598 1339 '¹⁰⁷²
620 1283 719 1338 labem
742 1287 828 1338 dalv-
882 1293 1049 1366 pometiam
1074 1291 1171 1349 datam
1196 1303 1291 1362 usque
1315 1288 1352 1346 ad
1380 1288 1539 1347 adrentum
1563 1286 1670 1344 Christi
1694 1286 1730 1344 de

79 1391 158 1448 ,ιιιι
173 1375 240 1444 lepis
266 1379 329 1429 itm!
353 1375 474 1440 pectunt,
501 1371 637 1442 eiusmodi
661 1370 746 1441 litim
772 1386 827 1426 two
881 1381 973 1439 salute
1003 1377 1133 1437 fidelium
1163 1377 1315 1452 gentilium
1334 1377 1471 1449 desperet,
1496 1377 1520 1433 si
1542 1377 1606 1433 sine
1627 1388 1729 1448 perce·

79 1481 113 1533 2⁸,
133 1467 190 1536 ipsi
205 1464 259 1520 sibe
274 1465 406 1532 suctus,
427 1464 475 1530 qui
498 1461 646 1519 ostendunt
665 1476 733 1531 ortis
758 1461 826 1529 lesit
882 1471 978 1541 ptione
1003 1475 1253 1527 sacramentorum
1288 1466 1383 1524 sobrie
1416 1479 1449 1523 ac
1476 1465 1554 1538 juste
1579 1464 1727 1523 vinerint:

79 1556 152 1610 mim
171 1553 298 1608 cordibus
318 1555 386 1621 suis,
416 1553 599 1609 testimonium
616 1550 746 1606 reddente
767 1550 824 1605 illis
881 1559 957 1616 inter
976 1572 1051 1631 quos
1072 1557 1190 1630 quidem
1210 1553 1373 1627 philosophi
1396 1561 1454 1612 tam
1480 1554 1544 1612 vita
1565 1565 1655 1626 quam
1680 1550 1730 1610 do

79 1645 146 1700 ertio
168 1645 292 1713 ipsorum
316 1641 401 1714 (Boni
436 1657 468 1709 ¹¹,
501 1643 532 1697 ι3
551 1648 579 1697 et
605 1638 689 1711 Silii·
706 1639 742 1696 iit
762 1646 827 1710 pcsr
881 1647 976 1705 ctrina
997 1645 1136 1704 claruisse
1157 1650 1328 1702 noscuntur.
1352 1642 1466 1712 Quanta
1488 1656 1558 1701 vero
1580 1640 1727 1700 abstinen-

85 1749 92 1788 2
122 1732 301 1788 lrtttramur
334 1735 406 1786 inim
434 1730 585 1800 justificari
614 1728 748 1784 bominem
779 1742 827 1797 ret
881 1735 931 1806 tia,
952 1741 1063 1808 quanta
1077 1733 1266 1801 continentia,
1281 1731 1400 1804 quantis
1423 1729 1584 1789 virtutibus
1608 1744 1668 1788 uon
1682 1744 1726 1788 so·

81 1823 140 1878 rme
162 1820 289 1892 ‘limbus
313 1821 390 1887 iepis.
423 1821 471 1875 11²¹
495 1819 651 1875 Jodaeortlm
679 1821 751 1873 Deio
766 1820 827 1872 lon·
879 1822 1140 1894 lumphilcsophos
1160 1835 1265 1880 verum
1280 1824 1308 1879 et
1323 1819 1477 1878 seculares
1499 1826 1589 1892 etque
1607 1818 1725 1877 illitera-

80 1926 170 1968 uouuc
193 1915 219 1965 et
242 1908 389 1979 pontium?
413 1911 466 1964 imo
487 1909 673 1976 cluentium:
695 1907 825 1977 quoniam
879 1919 922 1969 tos
949 1911 1083 1970 homines
1097 1911 1145 1968 ιιιι
1171 1908 1313 1968 naturalis
1334 1922 1475 1982 amorque
1491 1907 1729 1979 ipsehonestttis

79 2020 83 2054 ι
111 2014 182 2054 uuus
212 2002 278 2054 bers
310 1997 357 2068 qui
373 1997 509 2067 justificet
533 1997 764 2052 circumcisiorem
791 2009 825 2049 eo
879 2001 947 2058 oiim
986 1999 1198 2068 sublimaverit,
1237 1999 1398 2056 multorom
1437 1997 1562 2055 dicimus
1601 1997 1726 2055 testinu-

85 2090 256 2168 praeputium
279 2103 331 2157 per
353 2087 434 2156 poem
455 2086 545 2157 (Rom.
574 2099 616 2153 ιιι,
645 2085 704 2155 ιι).
732 2085 823 2140 item:
878 2090 948 2160 niis,
963 2103 1038 2162 ques
1055 2102 1270 2161 nonnunquam
1286 2087 1323 2144 ad
1338 2086 1564 2158 increpationem
1579 2085 1726 2160 negligen-

79 2179 145 2234 snim
167 2178 313 2247 scripture
338 2174 430 2231 dicit?
446 2174 575 2230 credidit
593 2173 736 2229 Abrabam
758 2175 822 2241 ⁰⁶0,
878 2179 926 2236 tie
942 2185 1047 2235 nostre
1065 2177 1157 2235 sancti
1172 2191 1290 2250 quoque
1304 2176 1443 2245 doctores,
1470 2175 1587 2234 sicutet
1607 2175 1726 2233 beatum

79 2271 179 2322 uotum
202 2270 242 2321 est
269 2267 295 2320 ei
313 2265 350 2321 ud
374 2266 515 2334 justitium
543 2260 625 2334 (iiom
656 2276 695 2330 ιι,
721 2261 759 2333 3).
786 2262 824 2318 ιιι
877 2264 1082 2324 subinducere
1106 2271 1294 2333 curaverunt,
1319 2270 1348 2321 ιι
1370 2270 1532 2337 utrumque
1556 2276 1658 2320 eorum
1684 2276 1728 2320 se-

79 2369 109 2412 r:
137 2356 269 2411 hiscimus
301 2352 334 2426 [ι.
360 2353 490 2423 Dicimus)
523 2355 591 2419 quie
627 2356 757 2422 reputato
782 2355 822 2405 est
875 2370 949 2413 xum
967 2354 1052 2427 quasi
1068 2355 1098 2411 in
1112 2353 1289 2425 exemplum,
1302 2351 1450 2410 imiuode
1463 2350 1614 2425 religionis
1627 2349 1728 2423 impu·

79 2444 178 2515 rudes
204 2443 410 2512 adjustitiam.
434 2442 568 2508 Quomodo
597 2444 726 2513 reputate
752 2438 821 2495 est?
876 2443 981 2502 dentiae
995 2451 1100 2501 nostrae
1114 2456 1283 2515 proponere,
1309 2442 1361 2514 qui
1381 2441 1537 2514 utriusque
1559 2438 1725 2498 testamenti

79 2534 230 2600 emersione,
260 2536 307 2587 aut
331 2529 362 2586 in
382 2530 537 2602 preputio?
554 2546 609 2585 ιιι
632 2531 661 2584 in
680 2530 819 2584 eircumci-
875 2532 991 2606 paginis
1008 2539 1036 2590 et
1060 2531 1224 2590 innumeris
1254 2538 1424 2589 sanctorum
1446 2530 1563 2602 seriptis
1577 2528 1724 2599 instructi,

79 2622 123 2679 ted
137 2623 167 2676 in
177 2622 326 2691 praeputio,
351 2625 376 2676 et
390 2619 499 2689 sipcum
514 2623 619 2691 occepit
639 2619 819 2674 circumcisio·
875 2636 926 2694 per
944 2620 1042 2679 omnia
1055 2620 1211 2678 deteriores
1223 2620 1385 2689 existimus,
1401 2634 1468 2677 cum
1483 2633 1537 2676 nec
1559 2617 1601 2675 sic
1614 2618 1722 2675 obtent-

79 2711 210 2767 uecuium
232 2711 347 2779 iustitie
366 2710 433 2780 fidei
458 2725 521 2779 que
544 2714 584 2764 est
612 2710 641 2763 ιι
669 2708 819 2778 preputio,
875 2724 976 2782 perere
990 2710 1136 2776 volumus,
1161 2708 1214 2780 qui
1234 2716 1261 2766 et
1274 2708 1361 2780 juxta
1374 2707 1548 2781 Gregorium
1570 2719 1632 2764 nnc
1654 2719 1723 2763 cum

80 2804 140 2856 oter
155 2801 275 2855 omnium
288 2799 457 2854 credentium
467 2814 519 2869 per
538 2801 708 2868 preputium
723 2795 817 2867 (ibid,
874 2799 958 2857 heato
982 2799 1036 2857 iob
1055 2797 1128 2856 illud
1158 2797 1242 2855 nobis
1269 2796 1468 2869 improperant
1503 2793 1722 2867 propheticum:

88 2889 214 2946 iterum:
242 2889 275 2943 st
296 2891 368 2944 enim
388 2889 437 2958 qui
460 2904 494 2942 ee
519 2888 575 2956 leqe
598 2885 717 2943 heredes
742 2888 817 2950 suoi,
836 2877 857 2934 C
874 2889 1016 2958 Erubesce,
1033 2886 1443 2958 Sidoo,oitmure(lse.1xtrr,
1459 2882 1724 2955 i).ttndeetbene

79 2979 170 3033 itoest
189 2977 273 3046 fides,
298 2977 402 3032 cortice
427 2980 466 3032 est
486 2977 643 3047 promissio.
667 2976 724 3030 tec
749 2975 820 3028 enim
875 2977 1015 3035 Dominus
1033 2984 1099 3034 ente
1113 2976 1228 3046 scriptu
1251 2974 1323 3048 legis
1348 2973 1534 3034 traditionem
1558 2971 1604 3030 vel
1631 2971 1725 3030 mira·

79 3071 204 3124 tuetur:
219 3067 265 3121 ubi
279 3069 351 3121 euim
375 3082 429 3121 ιιι
451 3070 492 3121 ιιι
506 3066 560 3127 lec.
585 3081 633 3121 uec
654 3065 820 3136 prevarico·
875 3066 1007 3125 culorum
1029 3079 1149 3124 snorum
1161 3064 1372 3122 exhibitionem
1387 3062 1530 3135 quosdam
1544 3061 1575 3119 iu
1597 3067 1724 3134 utroque

79 3171 113 3211 m.
128 3168 170 3221 rr,
194 3155 236 3217 ιι,
257 3153 309 3227 ιι).
331 3155 364 3210 Et
388 3154 418 3209 iu
438 3153 647 3224 sequentibus:
667 3155 819 3220 Peccatum,
875 3170 949 3214 sexo
972 3155 1056 3213 nobis
1080 3154 1243 3214 virtutibus
1265 3152 1421 3212 imitandos
1438 3152 1591 3226 premisit,
1610 3158 1674 3210 turn
1690 3156 1722 3209 ut

101 3260 157 3300 noe
182 3245 295 3312 coprem
322 3245 378 3298 ιιι·
394 3258 446 3312 per
473 3241 566 3312 tepeo.
599 3242 668 3299 Nam
692 3242 819 3311 coucupi—
876 3256 927 3315 pcr
940 3258 988 3302 eos
1012 3250 1111 3302 nostra
1136 3241 1344 3301 inexcusabilis
1371 3247 1509 3313 appareat
1533 3238 1721 3314 negligentia,

79 3348 104 3388 m
130 3332 289 3401 nesciebam,
307 3334 364 3388 cisi
390 3333 434 3388 lec
459 3333 581 3394 diceret:
608 3333 670 3389 Nou
693 3331 819 3400 concupi·
875 3333 1040 3391 tumetium
1055 3340 1089 3390 ut
1106 3332 1302 3390 obedientium
1330 3330 1423 3404 major
1454 3335 1642 3388 conservetur
1665 3328 1722 3387 hu·

79 3423 199 3478 ccosioue
226 3437 289 3476 uero
314 3427 434 3492 eccepto,
459 3426 602 3492 peecatum
628 3436 678 3491 per
703 3419 819 3476 meede-
876 3420 993 3490 miiitas,
1023 3421 1125 3493 sipost
1154 3427 1195 3478 tot
1225 3419 1399 3478 documenta
1421 3424 1480 3475 tam
1510 3415 1720 3476 miraculorum

79 3515 202 3582 peretum
236 3514 276 3566 est
300 3509 331 3565 in
359 3527 401 3566 me
426 3525 530 3566 omnem
562 3509 819 3579 concupiscentium,
875 3510 1162 3581 quamscriptorum,
1185 3515 1247 3581 post
1266 3515 1306 3566 tot
1320 3506 1452 3579 exempla
1472 3512 1649 3576 sanctornm,
1669 3505 1723 3564 eli·

79 3615 120 3668 epe
137 3601 212 3654 enim
232 3603 376 3670 peccatum
402 3605 538 3654 mortuum
559 3603 627 3662 erut.
654 3612 702 3667 eqo
731 3600 820 3652 eutem
875 3611 936 3670 qua
951 3597 1027 3654 hona
1053 3597 1214 3655 habeamus
1239 3610 1344 3668 opera:
1364 3610 1432 3654 cum
1460 3594 1501 3653 iiii
1528 3595 1590 3655 siue
1616 3594 1723 3667 scripto

79 3693 167 3746 tsine
189 3690 246 3762 lepe
268 3676 428 3760 aliquando.
455 3689 502 3744 sed
524 3704 585 3743 cum
607 3689 723 3743 emisset
746 3701 823 3740 mou·
874 3687 957 3758 legis,
973 3685 1035 3744 siue
1057 3685 1256 3743 admonitione
1277 3682 1498 3756 predicationis,
1524 3683 1612 3741 tantis
1627 3683 1721 3740 virtu·

106 3785 246 3851 peccatum
271 3780 384 3847 revicit,
412 3794 459 3847 eqo
487 3782 577 3833 eutem
605 3779 729 3831 mortuus
749 3790 820 3841 som,
875 3777 962 3841 tibus,
993 3783 1073 3833 tanta
1096 3776 1182 3834 etiam
1220 3788 1335 3832 morum
1371 3773 1526 3846 disciplina
1552 3772 1722 3841 claruerint,

79 3873 153 3924 utum
167 3874 207 3923 ert
221 3868 288 3923 mibi
309 3868 470 3923 mandatum
494 3866 568 3936 quod
588 3868 647 3921 erat
667 3863 705 3919 cet
724 3865 820 3931 vitem,
874 3875 993 3937 tamque
1016 3864 1161 3923 constanti
1182 3864 1279 3922 animo
1294 3865 1323 3920 in
1347 3863 1569 3934 reprehensione
1584 3861 1723 3919 vitiorum

79 3956 141 4012 eod
161 3961 308 4023 mortem,
341 3960 372 4010 ut
387 3959 437 4025 pot
462 3969 548 4024 supra
570 3953 681 4009 modum
704 3965 820 4021 peccans
876 3953 1068 4026 praestiterint,
1095 3961 1128 4011 ut
1150 3966 1202 4024 pro
1238 3952 1372 4009 veritatis
1403 3950 1567 4008 detensione
1602 3955 1723 4008 mortem

80 4045 338 4115 mpermeedetum
353 4043 502 4114 (liemon,
520 4047 549 4097 7-
569 4043 621 4114 ιι).
875 4041 1009 4101 nonnulli
1036 4042 1189 4100 subierint.
1210 4041 1280 4107 Quae
1294 4042 1355 4114 jam
1378 4054 1429 4113 per
1450 4039 1567 4112 singula
1587 4037 1725 4111 subjectis

79 4132 180 4204 quibus
206 4132 325 4204 quidem
347 4131 444 4189 verbis
454 4130 582 4202 Apostoli
601 4137 665 4201 apte
677 4136 819 4186 monstra·
876 4131 1045 4190 testimoniis
1059 4138 1086 4188 ιι
1099 4130 1237 4202 exemplis
1250 4129 1465 4188 cocornemus.

81 4220 191 4279 stiriam
206 4235 224 4277 a
242 4221 367 4279 naturali
391 4221 453 4292 lege
475 4220 633 4291 incoepisse,
656 4226 684 4276 ιι
703 4217 820 4275 omnino
910 4220 1009 4277 Fidem
1024 4220 1131 4292 itaque,
1153 4227 1185 4277 ut
1199 4219 1337 4287 diximus,
1362 4216 1526 4289 philosophi
1553 4214 1723 4289 predicant,

79 4324 124 4382 ege
152 4310 258 4381 scripta
287 4324 338 4381 per
368 4310 454 4366 fidem
485 4309 618 4365 homines
649 4306 821 4379 justificatos
874 4316 903 4368 et
926 4309 1170 4366 immortalitatem
1186 4308 1291 4366 anime
1313 4307 1443 4377 tradunt,
1460 4305 1650 4379 luthramque
1672 4320 1724 4380 pro

79 4399 128 4456 ubi
154 4399 243 4456 etiam
285 4399 460 4466 adnectitur,
491 4397 563 4469 quia
581 4396 663 4453 lacile
692 4395 728 4452 ad
758 4409 822 4468 gra·
876 4398 985 4456 meritis
1013 4398 1231 4456 retributionem
1262 4397 1428 4455 animarum
1454 4395 1514 4453 sive
1546 4394 1583 4452 ad
1608 4408 1725 4467 pronam

79 4500 93 4543 a
122 4493 237 4556 peccata
263 4492 325 4556 post
356 4485 429 4557 legis
462 4486 574 4555 scripte
612 4484 822 4556 prohibitiones
875 4488 936 4546 sive
952 4486 986 4543 ad
1004 4486 1233 4559 gioriamzunde
1256 4484 1335 4543 etad
1356 4486 1434 4544 bona
1452 4498 1504 4542 nos
1527 4483 1655 4542 maxime
1675 4499 1726 4543 co-

79 4582 186 4630 rentur
200 4575 340 4643 homines,
352 4575 438 4645 juxta
452 4572 524 4629 iilud
541 4573 701 4644 poeticum:
875 4575 1032 4634 hortantur
1042 4588 1138 4645 opera,
1163 4589 1213 4645 spe
1238 4573 1371 4631 videlicet
1396 4571 1517 4630 ccelesiis
1537 4569 1725 4630 beatitudinis

79 4667 146 4718 imur
163 4664 193 4718 iu
208 4664 323 4718 vetitum
335 4677 449 4733 semper,
473 4665 651 4732 cupimusque
664 4666 774 4730 nepote.
876 4671 904 4721 et
930 4663 1153 4721 comminatione
1189 4662 1341 4721 inlernaiis
1371 4660 1515 4734 supplicii,
1544 4661 1579 4719 de
1615 4660 1726 4734 quibus

381 4750 471 4821 (Ovio.
487 4751 553 4805 Am.
569 4751 620 4816 ιιι,
638 4763 678 4818 ιι,
697 4749 751 4820 ιι.)
877 4752 962 4824 ptura
976 4752 1135 4810 ilacrobins
1157 4751 1298 4823 loquitur.
1326 4751 1402 4808 liinc
1423 4757 1450 4808 ιι
1476 4748 1670 4822 Hieronymus
1688 4747 1726 4806 ad

79 4845 189 4909 ortasse,
215 4839 339 4910 inquies,
364 4853 423 4896 uon
443 4852 523 4910 posse
546 4837 653 4894 cassari
677 4835 748 4893 iliud
762 4837 823 4893 cir·
878 4839 1064 4897 Heliodorum
1103 4839 1269 4911 episcopum
1312 4839 1343 4896 in
1378 4838 1525 4911 epitaphio
1557 4837 1725 4910 Nepotiani:

79 4926 160 4984 tionis
176 4927 322 4984 decretum
338 4934 490 4998 postquam
506 4926 607 4982 datum
630 4925 685 4982 luit
699 4924 824 4982 Abrahae
879 4927 1008 4991 «Taceo.
1023 4947 1037 4977 ι
1059 4926 1163 4999 inquit,
1193 4927 1254 4985 «de
1276 4926 1382 4984 Grecis
1405 4926 1532 4984 liebraeis
1553 4933 1581 4985 et
1604 4925 1727 4995 Latinis,

79 5030 120 5073 u:
148 5017 288 5072 liascuius
320 5015 397 5085 cujus
425 5019 595 5087 preputium
621 5031 683 5070 cero
712 5017 825 5070 cirum·
878 5027 952 5085 quas
967 5013 1100 5071 nationes
1115 5015 1210 5072 crucis
1232 5029 1292 5073 suae
1308 5014 1392 5073 titulo
1411 5015 1553 5072 Dominus
1571 5014 1727 5074 dedicavit.

81 5120 99 5159 ι
119 5105 216 5172 suerit,
243 5103 378 5160 delebitur
401 5107 495 5160 urimo
518 5107 568 5159 tite
593 5103 750 5175 de'populc
764 5117 822 5168 suo.
879 5103 1071 5159 immortalem
1093 5103 1220 5161 animam
1239 5113 1268 5162 et
1292 5111 1354 5176 post
1382 5104 1600 5163 dissolutionem
1632 5118 1730 5176 corpo

79 5200 164 5248 scirem
188 5209 276 5248 uuum
296 5197 408 5248 irritum
425 5195 493 5260 sccii
514 5194 592 5263 (Gen.
610 5206 683 5260 xvir,
701 5191 823 5263 ibisci
879 5192 919 5250 ris
950 5191 1164 5261 subsistentem,
1182 5193 1260 5263 quod
1283 5194 1461 5266 Pythagoras
1486 5192 1653 5265 somniavit,
1672 5194 1730 5251 lie·

79 5290 169 5354 genter
184 5283 399 5339 consideremus
424 5282 624 5353 precedentis,
642 5282 825 5339 inveniemus
880 5279 1017 5336 mocritus
1045 5278 1176 5347 credidit,
1208 5282 1237 5337 in
1272 5281 1495 5340 consolationem
1533 5281 1731 5340 damnationis

79 5370 167 5428 innisi
197 5370 359 5428 Abrahaeet
386 5372 490 5430 semini
516 5371 580 5443 eJus
611 5370 700 5429 luisse
727 5371 824 5443 iniun·
881 5382 950 5434 suae,
978 5369 1109 5425 Socrates
1141 5368 1302 5440 disputarit
1329 5371 1360 5428 in
1389 5384 1545 5430 carcerc.»
1566 5370 1624 5440 Qui
1642 5371 1730 5430 ctiam

79 5459 154 5527 ,hoc
179 5466 222 5517 est
249 5458 294 5516 bis
317 5460 368 5531 qui
395 5460 430 5517 de
456 5461 548 5528 isaac,
579 5473 638 5517 non
666 5459 701 5517 de
726 5458 826 5516 ismael
882 5457 1001 5530 quantis
1015 5456 1176 5517 claruerint
1193 5457 1365 5532 virtutibus,
1380 5460 1449 5536 ipsa
1458 5475 1560 5529 eorum
1583 5445 1642 5519 tam
1670 5462 1733 5520 vita
