3736 5962
46 438 201 494 arbitretur
222 437 381 507 obsequium
400 453 428 493 se
446 443 578 508 praestare
591 442 643 495 Deo
658 439 752 510 (ioan.
772 454 833 506 ιιι,
855 443 896 511 2).

49 525 191 594 Qualium
212 525 382 599 ignorantiae
403 526 556 596 Apostolus
580 528 698 599 quidem
723 529 899 600 compatiens

49 617 115 674 ait:
143 617 337 686 Testimonium
359 616 416 670 iilis
434 615 573 685 perhibeo,
601 617 674 686 guod
700 619 899 674 aemotottonem

51 708 100 762 Dei
112 705 224 775 hubertt,
247 705 363 760 sednon
383 706 531 760 secundum
545 708 687 762 scientium
702 710 788 779 (Rom.
803 721 835 776 x,
855 707 898 779 i);

50 795 107 852 hoo
131 801 184 862 est,
211 808 351 865 magnum
379 794 522 852 terrorem
549 795 655 853 hahent
670 810 705 853 ac
723 796 899 854 desiderium

49 883 80 940 in
96 883 142 941 his
157 882 295 940 iaciendis
326 897 392 955 quae
408 885 463 940 Deo
482 884 593 955 placere
608 886 746 956 credunt3
761 885 809 943 sed
829 886 900 957 quia

51 969 81 1027 in
95 971 152 1027 huc
164 971 256 1027 animi
275 969 320 1028 sui
340 972 398 1028 nelo
421 972 466 1029 vel
488 972 583 1029 studio
606 973 803 1044 decipiuntur,
823 971 913 1030 erro·¹

49 1073 108 1116 nea
121 1068 165 1117 att
179 1073 281 1117 eorum
296 1059 427 1129 intentio,
453 1075 506 1118 nee
524 1060 644 1133 simplex
659 1070 701 1119 est
719 1062 824 1120 oculus
837 1076 900 1119 cor-

51 1148 108 1217 dis,
124 1155 158 1205 ut
172 1147 249 1205 clare
268 1147 366 1205 videre
394 1156 492 1219 queat,
517 1149 572 1205 hoc
593 1157 645 1217 est,
668 1149 705 1206 ah
728 1164 825 1208 errore
847 1150 901 1207 sihi

51 1237 215 1309 providero.
227 1235 384 1308 Diligenter
396 1237 494 1308 itaque
504 1237 654 1305 Dominus,
664 1253 730 1296 cum
741 1238 902 1296 seeundum

53 1327 244 1384 intentionem
259 1310 366 1383 'rectam
378 1325 423 1383 vel
442 1341 501 1383 non
516 1334 624 1384 rectam
638 1341 725 1399 opera
739 1327 902 1398 distingue·

53 1422 108 1484 ret,
123 1414 242 1471 oculum
255 1413 368 1481 mentis,
379 1414 446 1471 hoc
468 1423 520 1484 est,
536 1413 736 1482 intentionem,
753 1416 903 1486 simplicem

50 1511 79 1562 et
94 1503 181 1576 quasi
196 1503 309 1559 asorbo
331 1516 447 1573 puram,
471 1511 503 1560 ut
518 1503 595 1560 clare
618 1503 715 1561 videre
732 1505 829 1575 possit,
849 1510 902 1561 aut

53 1591 232 1651 econtrario
247 1591 413 1648 tenebrosam
431 1592 545 1650 vocarit
562 1607 628 1649 cum
645 1592 773 1650 diceret:
794 1593 826 1648 Si
839 1609 902 1649 ocu·

667 225 792 283 llTlllCA
812 226 876 283 SEU
896 225 994 286 SClTO
1012 228 1055 285 til
1074 227 1190 286 result.
1269 289 1270 292 ,

45 348 78 405 iu
93 347 252 422 Evangelio
269 363 275 403 ε
300 350 381 405 Venit
396 349 464 404 horn
486 354 518 405 ut
535 351 622 406 omnis
638 353 688 420 gui
702 352 832 423 interficit
852 368 897 408 uos
913 354 937 408 A

1748 235 1803 290 dttt

1049 352 1117 410 Cne.
1134 353 1198 409 lth.
1218 353 1288 419 Quot
1304 353 1392 410 modis
1412 346 1555 424 pec'cntum
1568 353 1703 412 dicmur?

989 441 1042 498 Sed
1065 449 1098 498 ut
1122 440 1240 513 obiectis
1260 441 1373 512 plenius
1397 443 1633 514 respondeamus,
1650 443 1802 505 sciendum

954 537 996 587 est
1023 544 1128 586 nomen
1148 533 1255 601 peccati
1283 531 1402 588 dirersis
1428 532 1519 588 modis
1548 532 1658 604 aeeipl;
1686 532 1802 607 proprie

955 625 1052 674 tamen
1082 627 1228 688 peccatum
1258 619 1364 677 dieitur
1390 623 1449 690 ipsc
1474 623 1523 675 Dei
1552 623 1731 693 contempnis,
1755 623 1802 682 vel

955 721 1098 762 consenum
1123 709 1152 762 in
1169 708 1282 776 motum,
1305 717 1336 765 ut
1360 722 1449 779 supra
1476 710 1671 767 meminimus.
1691 711 1717 770 A
1740 725 1802 785 quo

956 795 1069 866 parvuli
1095 804 1164 853 suut
1188 796 1341 865 immunes,
1364 805 1391 854 et
1419 799 1591 855 naturaliter
1612 797 1718 856 stulti:
1738 794 1802 871 qui,

956 899 1023 940 cum
1041 884 1145 941 merita
1160 899 1217 941 non
1233 885 1358 943 habeant
1378 894 1520 958 tanquam
1535 886 1647 944 ratione
1661 895 1803 955 carentes,

957 973 1029 1029 nihil
1041 974 1082 1030 eis
1103 974 1139 1029 ad
1155 983 1303 1044 peccatum
1324 975 1496 1046 imputatur,
1513 983 1540 1032 et
1560 976 1739 1036 solummodo
1754 992 1806 1049 per

957 1071 1136 1120 sacramenta
1165 1064 1326 1120 salvantur.
1371 1064 1482 1122 Dicitur
1521 1065 1607 1122 etiam
1651 1074 1803 1138 peceatum

958 1152 1045 1207 hostio
1065 1168 1116 1222 pro
1138 1158 1256 1223 peccato,
1281 1154 1442 1210 secundum
1467 1155 1545 1224 quud
1571 1154 1725 1226 Apostolus
1744 1156 1804 1214 Do-

959 1242 1070 1298 minum
1097 1243 1193 1299 iesum
1218 1243 1364 1300 Christum
1391 1243 1459 1300 dicit
1488 1243 1596 1300 lactum
1615 1258 1677 1302 esse
1696 1256 1803 1316 pecca·

959 1339 1031 1389 tum.
1051 1335 1133 1388 Poenu
1151 1333 1236 1389 etiam
1259 1337 1366 1404 peccati
1386 1333 1493 1391 dicitur
1508 1342 1657 1405 peccatum
1672 1335 1732 1393 sire
1746 1348 1807 1393 rna-

958 1420 1105 1484 ledictum,
1138 1422 1224 1493 juxta
1248 1424 1326 1493 quod
1352 1423 1476 1480 dicimus
1508 1431 1659 1494 peccatum
1687 1423 1804 1493 dimitti,

959 1509 1014 1566 hoc
1038 1518 1087 1572 est,
1114 1524 1229 1581 poenam
1263 1512 1430 1580 condonari,
1466 1520 1493 1569 et
1521 1513 1676 1569 Dominum
1706 1512 1806 1571 lesum

959 1595 1105 1654 Christum
1127 1607 1256 1671 portasse
1286 1608 1401 1672 peccata
1415 1608 1523 1669 nostra,
1547 1603 1602 1658 hoc
1621 1608 1673 1670 est,
1689 1615 1807 1673 poenam

55 1689 101 1739 tus
121 1688 189 1738 tuus
202 1681 319 1752 simplea
336 1682 433 1751 fucrit,
455 1684 540 1737 totum
567 1696 665 1752 corpus
685 1686 763 1738 inum
777 1682 901 1738 tucidum
917 1689 938 1744 B
957 1695 1138 1755 peccaturum
1172 1696 1347 1756 nostrorum,
1384 1688 1426 1746 vol
1465 1704 1501 1746 ex
1533 1690 1574 1746 eis
1607 1689 1807 1761 provenientes

55 1773 124 1838 erit·
146 1769 202 1826 hoc
224 1778 266 1825 est
289 1768 313 1825 si
341 1770 461 1827 intentio
492 1777 569 1826 recta
595 1769 691 1837 luerit,
719 1777 778 1828 tota
810 1784 905 1827 massa
959 1775 1140 1833 sustinuisse.
1163 1776 1216 1834 Sed
1239 1791 1305 1834 cum
1326 1778 1464 1849 parrulos
1492 1778 1632 1850 originale
1655 1786 1807 1850 peceatum

54 1873 177 1930 opernm
206 1857 271 1915 inde
291 1858 537 1930 provenientium,
571 1873 638 1930 que
664 1873 743 1916 more
772 1872 905 1930 corpora-
960 1862 1083 1921 dicimus
1106 1864 1222 1928 hahere,
1240 1864 1285 1922 vel
1309 1880 1360 1922 nos
1383 1880 1484 1923 omncs
1501 1867 1661 1925 secundum
1684 1867 1806 1938 Aposto-

54 1947 128 2004 lium
144 1961 243 2005 rerum
261 1946 354 2004 videri
379 1947 479 2018 possit,
494 1946 550 2003 erit
570 1946 634 2003 luce
662 1947 761 2018 digna,
789 1949 844 2005 huc
862 1953 905 2004 est
960 1950 1020 2007 lum
1041 1951 1071 2008 in
1094 1952 1184 2009 Adam
1208 1967 1350 2025 peccasse,
1371 1955 1426 2011 tale
1450 1963 1502 2023 est,
1527 1970 1561 2013 ac
1582 1956 1606 2012 si
1626 1956 1770 2015 diceretur
1788 1968 1807 2014 a

55 2036 154 2105 bona3
170 2036 211 2094 sie
229 2051 245 2094 e
264 2036 419 2094 contrario.
442 2036 506 2093 Non
520 2042 563 2092 est
576 2034 675 2108 itaque
694 2036 815 2093 intentio
830 2036 906 2094 hona
960 2048 1076 2109 peccato
1102 2041 1180 2099 illius
1198 2041 1341 2113 originem
1363 2052 1470 2100 nostrae
1502 2058 1593 2115 poena
1617 2045 1662 2102 vel
1683 2044 1808 2102 damna-

54 2123 903 2211 dicenda,quiab0navidetur,sedlnsupcrquiatalisest‚
961 2128 1047 2185 tionis
1081 2130 1252 2186 sententiam
1290 2132 1455 2189 incurrisse.
1479 2133 1567 2203 Opera
1596 2147 1715 2206 quoque
1744 2135 1808 2207 ipsa

55 2214 133 2272 sieut
148 2213 347 2285 existimatum
363 2229 430 2271 cum
440 2213 572 2271 videlieet
585 2214 667 2282 illud,
678 2215 713 2271 ad
723 2215 801 2286 quod
814 2215 906 2272 tendit
959 2220 1072 2288 peccati,
1102 2219 1147 2275 vel
1169 2219 1313 2291 quidquid
1337 2235 1395 2277 non
1419 2230 1493 2278 reete
1512 2223 1629 2289 scimus,
1646 2230 1708 2291 aut,
1723 2222 1809 2280 volu·

53 2304 78 2360 si
93 2304 153 2360 Deo
167 2303 278 2375 plaeere
288 2303 388 2371 credit,
402 2304 431 2359 in
442 2303 497 2360 hac
507 2303 906 2373 iusuperexistimatiouesua
960 2321 1035 2371 mus,
1055 2322 1268 2378 nonnunquam
1292 2317 1408 2380 peccata
1421 2310 1545 2367 dicimus
1564 2354 1571 2366 .
1585 2311 1659 2378 Quid
1672 2320 1715 2368 est
1729 2310 1809 2368 enirn

54 2406 245 2465 nequaquam
265 2392 393 2450 lallatur.
421 2392 559 2462 Alioquin
585 2392 640 2462 ipsi
667 2393 754 2449 etiam
778 2392 906 2449 infideles
960 2394 1085 2466 aliquem
1107 2395 1206 2453 iecisse
1228 2405 1387 2468 peccatum,
1414 2398 1470 2455 nisi
1497 2399 1604 2471 peccati
1621 2399 1754 2471 implesse
1765 2397 1809 2457 ei·

53 2482 173 2539 sicutet
187 2495 240 2538 nos
266 2481 341 2538 hona
360 2494 447 2551 opera
473 2481 623 2550 haherent,
648 2496 714 2564 uum
739 2481 793 2552 ipsi
819 2482 906 2539 etiam
960 2483 1091 2541 lectum?
1117 2485 1176 2542 Nec
1204 2486 1321 2554 mirum,
1338 2501 1435 2544 cume
1459 2501 1597 2545 converso
1612 2487 1676 2559 ipsa
1691 2495 1809 2560 pecmta

55 2584 116 2627 uon
132 2569 231 2628 rninus
246 2584 335 2641 quam
351 2584 404 2627 nos
425 2583 477 2641 per
500 2583 585 2641 opera
599 2584 654 2627 sua
672 2584 702 2626 se
725 2569 843 2638 salvari,
860 2570 906 2628 vel
959 2585 1096 2629 vocemus
1115 2573 1189 2630 tacta
1212 2573 1297 2645 juxta
1322 2575 1394 2631 illud
1414 2575 1589 2632 Athanasii:
1616 2579 1652 2632 ut
1670 2576 1809 2633 reddituri

53 2659 115 2717 Deo
129 2660 242 2731 plaeere
255 2659 384 2716 credaut.
960 2665 1033 2726 sunt,
1045 2661 1152 2733 inquit,
1172 2662 1206 2717 de
1223 2665 1307 2729 sactis
1325 2667 1447 2733 propriis
1469 2666 1612 2734 rationem,
1637 2668 1723 2734 etqui
1737 2665 1809 2721 bonu

128 2766 197 2825 Gar.
213 2766 291 2823 Xlll.
307 2765 385 2832 Quod
398 2771 603 2836 peccutumnon
617 2772 656 2823 est
670 2768 725 2823 nisi
739 2768 834 2823 contre
960 2754 1085 2819 eperunt,
1097 2750 1175 2805 ibunt
1192 2753 1223 2805 in
1243 2755 1328 2806 vibam
1348 2756 1494 2820 &immiti
1519 2757 1568 2823 dui
1595 2768 1657 2808 nero
1671 2753 1756 2821 moto,
1777 2757 1809 2809 in

379 2840 579 2893 conscientium.
959 2840 1048 2907 ignem
1056 2844 1198 2894 aternum.
1221 2839 1296 2907 Quid
1315 2848 1358 2896 est
1372 2841 1448 2897 enirn
1463 2840 1497 2896 de
1510 2843 1593 2907 sactis
1609 2840 1808 2912 propriisiatt

91 2926 122 2984 si
146 2927 213 2999 quis
236 2933 331 2984 tamen
354 2934 468 2998 querat
492 2935 592 2983 utrum
610 2926 651 2982 illi
676 2934 838 2998 martyrum
857 2926 904 2984 vel
960 2934 1100 3000 tanquam
1130 2928 1165 2986 de
1181 2929 1225 2985 his
1253 2936 1378 2997 tantum,
1405 2944 1471 3000 quae
1490 2944 1574 3000 opere
1603 2928 1807 3000 impleverunt,

55 3015 163 3074 Christi
184 3023 381 3087 persecutores
404 3015 489 3072 ineo
514 3023 674 3086 peccarent,
695 3016 773 3086 qnod
794 3015 905 3086 placere
922 3037 944 3096 ρ
959 3016 1125 3074 faciendum
1150 3019 1186 3075 sit
1207 3017 1362 3089 jndicium,
1385 3025 1418 3074 ut
1442 3018 1507 3090 plus
1521 3017 1643 3088 accipiat
1664 3019 1695 3076 in
1709 3033 1808 3077 remu·

56 3105 116 3162 Deo
140 3104 309 3172 credebant3
338 3111 390 3161 aut
422 3104 495 3161 illud
517 3104 579 3160 sine
615 3112 731 3174 peccato
763 3104 906 3162 dimittere
959 3107 1117 3173 neratione,
1138 3106 1190 3178 qui
1214 3107 1280 3178 plus
1302 3107 1601 3180 habueritinopere?
1625 3106 1705 3165 Vela
1727 3107 1809 3166 dam·

56 3201 175 3268 possent
203 3195 281 3267 quod
309 3194 477 3251 nullatenus
499 3207 560 3251 esse
582 3192 785 3251 dimittendum
810 3194 904 3249 nense·
960 3194 1077 3251 natione
1089 3196 1125 3252 sit
1148 3195 1296 3266 immunis,
1324 3197 1375 3267 qui
1400 3197 1430 3253 in
1451 3211 1495 3264 eo,
1523 3197 1601 3268 quod
1616 3196 1749 3267 intendit,
1764 3195 1810 3255 ei-

55 3284 140 3352 bant,
164 3283 288 3355 protecto
312 3283 471 3340 secundum
496 3283 560 3350 hoe,
591 3282 667 3353 quod
689 3280 823 3352 superius
843 3295 906 3352 pec
960 3284 1036 3340 lectu
1063 3283 1167 3350 caruit,
1188 3283 1262 3340 sicut
1285 3283 1345 3354 ipse
1369 3283 1512 3351 diabolus,
1538 3283 1600 3354 qui,
1628 3284 1707 3356 quod
1733 3297 1810 3356 pre·

54 3380 157 3432 catum
182 3387 244 3430 esse
263 3372 468 3443 descripsimus
490 3377 670 3441 contemptum
695 3373 754 3439 Dei,
775 3370 820 3427 vel
845 3386 906 3426 con·
960 3371 1083 3443 sumpsit
1107 3369 1222 3438 ellectu,
1250 3386 1307 3428 non
1337 3372 1462 3430 obtinuit
1491 3371 1618 3431 eiieetu‘i
1641 3371 1740 3432 Ahsitl
1770 3373 1811 3431 De

55 3464 208 3519 sentirem
222 3476 262 3528 eo,
282 3464 311 3517 in
325 3462 400 3533 quod
417 3460 504 3516 credit
523 3459 743 3516 consentiendum
772 3475 825 3515 non
840 3475 905 3527 csse,
961 3461 1045 3517 tactis
1070 3461 1169 3531 itaque
1201 3461 1326 3532 propriis
1357 3461 1426 3518 dicit
1460 3460 1495 3518 de
1528 3476 1670 3519 consensu
1696 3475 1809 3530 eorum,

54 3565 117 3609 non
146 3564 300 3622 possumus
334 3550 429 3607 dicere
463 3564 511 3606 eos
548 3550 577 3605 in
603 3550 657 3605 hoc
682 3561 825 3619 peccasse,
854 3563 908 3605 nec
961 3564 1027 3620 quae
1051 3549 1168 3620 implere
1191 3549 1391 3618 decreverunt,
1408 3549 1527 3618 hocest,
1544 3550 1811 3623 deputatisque

56 3641 254 3713 ignorantiam
282 3639 469 3711 cuiusquam,
494 3638 539 3695 rel
568 3637 660 3709 ipsam
682 3636 905 3695 etiamintideli-
961 3639 1039 3710 apud
1062 3639 1217 3695 Dominum
1241 3653 1293 3709 pro
1318 3633 1403 3710 opere
1434 3638 1501 3695 iacti
1523 3638 1721 3711 deputantur;
1742 3653 1812 3714 cunt

55 3737 158 3798 tatem,
196 3742 264 3787 cum
300 3743 360 3800 qua
382 3743 466 3786 nemo
492 3728 597 3785 salvari
623 3733 723 3798 potest,
756 3733 907 3797 peccatum
962 3728 1009 3785 ille
1035 3726 1142 3784 scilicet
1164 3727 1206 3783 sic
1227 3726 1328 3798 puniat
1351 3727 1409 3794 illa,
1435 3727 1521 3784 sicuti
1546 3741 1599 3783 nos
1621 3741 1721 3799 opera.
1736 3727 1811 3786 Cum

56 3833 130 3877 esse.
147 3818 202 3885 Qui
228 3818 305 3875 enim
320 3817 466 3876 Christum
494 3818 640 3889 ignorant,
656 3823 683 3872 et
702 3817 737 3872 oh
753 3815 807 3871 hoc
822 3813 908 3872 fldem
962 3824 1058 3873 autem
1082 3816 1243 3886 Stephanus
1270 3823 1401 3886 pecatum
1431 3815 1510 3884 dicit,
1540 3815 1618 3887 quod
1641 3829 1694 3886 per
1725 3815 1812 3888 igno·

56 3905 254 3965 Christianam
281 3895 434 3977 respuunt,
465 3905 535 3977 quia
566 3918 630 3961 eam
661 3905 716 3959 Deo
730 3903 907 3959 contrariam
962 3905 1088 3962 rantiam
1111 3905 1141 3961 in
1162 3905 1256 3974 ipsum
1282 3903 1499 3961 committebant
1522 3902 1615 3960 Judaei
1630 3915 1744 3974 poenam
1767 3902 1813 3975 ip-

56 3995 192 4064 credunt,
209 3994 410 4067 queminhoc
426 3994 476 4051 Dei
497 4000 693 4063 contemptum
709 3991 907 4063 habentquod
962 4009 1034 4065 sam,
1065 4008 1154 4066 quarn
1187 3993 1352 4064 patiebatur
1375 4007 1411 4050 ex
1440 4001 1555 4063 peccato
1575 3992 1735 4063 primorum
1762 4004 1813 4064 pa·

57 4091 179 4156 propter
207 4083 298 4140 Deum
325 4081 448 4150 iaciunt,
476 4090 503 4139 et
528 4081 565 4138 oh
588 4081 641 4137 hoc
665 4080 736 4137 hene
760 4094 790 4136 se
816 4078 909 4137 iacere
963 4092 1089 4152 rentum,
1106 4083 1181 4140 sicut
1198 4090 1227 4139 et
1242 4090 1360 4140 caeteras
1380 4082 1592 4154 provenientes,
1607 4078 1652 4137 vel
1671 4079 1812 4152 injustam

57 4175 252 4242 arbitrantur,
269 4173 429 4244 prasertim
444 4185 511 4229 cum
534 4171 687 4241 Apostolus
701 4169 777 4227 dicat
794 4184 801 4224 :
821 4170 910 4225 sicor
963 4187 1062 4231 eorum
1092 4173 1244 4242 actionem,
1275 4186 1364 4244 quam
1402 4171 1547 4229 habebant
1577 4171 1607 4227 in
1646 4168 1811 4242 lapidando,

56 4268 184 4319 nostrum
214 4277 268 4317 non
300 4255 502 4331 reprehenderit
528 4275 587 4327 nos,
620 4257 750 4330 Muciam
780 4258 909 4314 habemus
965 4270 1116 4333 peccatum
1142 4261 1226 4319 dixit.
1255 4261 1336 4329 Quod
1366 4261 1483 4333 quidem
1521 4260 1653 4331 rogabat,
1683 4258 1725 4318 eis
1752 4271 1813 4317 uun

58 4350 135 4423 opud
156 4353 241 4407 mum
268 4349 294 4420 (l
305 4352 383 4405 ioan.
415 4364 457 4419 ιιι,
487 4351 537 4417 il:
568 4356 708 4420 tanquam
737 4347 759 4404 si
789 4346 905 4414 diceret,
924 4348 945 4401 D
962 4351 1060 4420 statui,
1089 4351 1143 4407 hoc
1172 4358 1224 4419 est,
1254 4357 1368 4422 propter
1394 4350 1448 4407 hnc
1470 4365 1520 4407 eos
1545 4364 1598 4406 neu
1625 4346 1813 4421 corporaliter

57 4440 110 4499 uhi
125 4448 228 4497 contra
242 4439 446 4496 conscientiam
466 4445 595 4495 nostram
612 4450 670 4493 non
694 4435 908 4508 presumimus,
964 4440 1072 4512 puniri.
1089 4439 1169 4511 sepo
1190 4440 1297 4496 etenim
1323 4440 1399 4496 Deus
1421 4438 1535 4510 aliquos
1558 4437 1605 4494 hic
1626 4437 1815 4509 corporaliter

58 4529 171 4588 trustra
185 4542 238 4586 nos
252 4528 329 4599 apud
345 4529 436 4585 Deum
456 4528 490 4585 de
513 4528 598 4597 culpa
624 4539 688 4583 reos
706 4525 795 4583 statui
810 4524 910 4582 lormi-
965 4527 1056 4595 punit,
1081 4525 1163 4582 nulla
1187 4538 1289 4583 eorum
1308 4524 1395 4595 culpa
1413 4525 1468 4581 hoc
1489 4523 1632 4596 exigente,
1649 4537 1703 4581 nec
1717 4529 1816 4580 tamen

58 4616 195 4676 damus?
216 4617 275 4676 Aut
290 4617 314 4674 si
334 4617 436 4674 talium
464 4613 629 4687 ignorantia
652 4622 767 4687 peccato
791 4613 910 4672 minime
963 4615 1025 4671 sine
1044 4628 1142 4683 causa,
1160 4613 1250 4671 veluti
1267 4627 1334 4670 cum
1358 4614 1456 4684 justus
1474 4613 1560 4670 etiam
1576 4610 1748 4669 afflictiones
1761 4608 1815 4667 im·

57 4716 100 4766 est
128 4706 310 4775 ascribenda,
331 4705 477 4779 quomodo
496 4706 556 4776 ipse
579 4705 720 4763 Dominus
744 4716 796 4776 pro
816 4702 911 4760 cruci·
963 4704 1051 4761 mittit
1071 4704 1107 4760 ad
1122 4704 1251 4774 aliquam
1266 4716 1368 4760 eorum
1381 4701 1594 4772 purgationem,
1609 4699 1655 4757 vel
1669 4699 1816 4773 probatio·

57 4797 218 4870 figentibus
243 4810 272 4853 se
286 4804 350 4853 orat
368 4795 488 4853 dicens:
509 4797 599 4865 Peter,
626 4794 735 4850 dimitte
761 4793 833 4860 iliis;
856 4807 910 4847 non
963 4808 1047 4850 nem:
1075 4792 1121 4849 vel
1144 4792 1258 4862 aliquos
1280 4805 1348 4847 eum
1367 4789 1458 4861 aldigi
1471 4788 1620 4860 permittit,
1636 4796 1669 4846 ut
1687 4795 1815 4861 postmo-

58 4889 134 4943 enim
149 4887 237 4942 sciunt
257 4885 325 4955 quid
341 4886 449 4953 fuciunt
472 4883 547 4956 (luc.
573 4898 652 4952 xxur,
687 4883 752 4953 at);
778 4880 823 4940 vel
849 4879 910 4936 Ste-
963 4882 1033 4939 dum
1062 4882 1131 4938 hinc
1154 4879 1324 4948 liberentur,
1341 4884 1369 4936 et
1385 4891 1421 4935 ex
1435 4877 1690 4935 collatobeneDcln
1704 4867 1813 4951 glurili·

57 4974 188 5047 pharius,
209 4974 263 5031 hun
285 4974 445 5032 instructus
471 4973 614 5044 exemplo,
639 4986 691 5043 pro
712 4968 910 5042 lapidantibus
964 4978 1053 5040 cetur,
1069 4969 1184 5028 sicutin
1199 4968 1247 5025 illo
1277 4982 1351 5026 reseco
1366 4974 1462 5024 actum
1477 4974 1529 5035 est,
1548 4966 1583 5022 de
1610 4964 1813 5037 quolpsealt:

57 5063 229 5136 supplicans
249 5063 312 5121 ait:
336 5065 457 5131 Domine,
485 5080 518 5120 ne
537 5069 646 5121 statuas
668 5061 725 5117 iltis
747 5061 795 5115 hoc
819 5072 912 5130 pecco·
964 5062 1055 5130 Neque
1076 5060 1118 5115 hic
1140 5058 1272 5130 peccauit,
1300 5072 1385 5123 noque
1416 5059 1544 5127 parentes
1570 5054 1641 5126 ejus,
1671 5059 1703 5111 ut
1730 5067 1815 5112 camos

59 5151 145 5210 tum?
161 5152 235 5223 (Act.
253 5167 303 5223 vit,
325 5152 381 5225 59.)
401 5153 463 5208 Non
477 5152 554 5209 enim
571 5149 780 5223 ignoscendum
794 5146 911 5205 videtur
963 5153 1130 5215 noscentur,
1158 5147 1206 5203 sed
1238 5151 1269 5201 ct
1301 5146 1512 5212 manifestentur
1528 5150 1617 5217 gopero
1638 5145 1689 5201 Dei
1709 5146 1740 5200 in
1767 5143 1816 5201 iiio

58 5241 213 5312 ubieulpa
233 5257 291 5299 non
313 5243 467 5313 precessit,
488 5256 541 5299 nec
559 5240 640 5297 aliud
662 5239 732 5296 solet
750 5236 806 5294 dici
828 5236 911 5309 igno·
965 5238 1054 5310 (tucn.
1083 5251 1124 5305 rx,
1146 5236 1184 5307 2).
1216 5235 1287 5300 Quis
1313 5234 1399 5291 etiarn
1429 5241 1515 5305 neget
1543 5233 1723 5306 quandoque
1748 5247 1817 5292 cum

57 5333 112 5400 sei,
142 5330 199 5387 nisi
227 5345 342 5402 poenam
374 5331 531 5390 condonari
560 5343 651 5402 quam
678 5327 766 5397 culpa
786 5325 906 5384 meruit.
965 5327 1050 5384 malis
1076 5324 1243 5397 parentibus
1262 5337 1313 5395 pro
1334 5323 1421 5395 culpa
1444 5336 1545 5381 eorum
1561 5323 1728 5381 innocentes
1742 5322 1817 5381 illius

58 5419 227 5491 Stephanus
241 5419 360 5493 insuper
373 5425 515 5493 peccatum
531 5425 663 5492 patenter
676 5413 811 5490 appellat,
832 5414 912 5488 qnod
966 5410 1132 5483 periclitari,
1157 5409 1201 5466 rel
1220 5408 1321 5482 atligi,
1351 5410 1427 5468 sicut
1442 5409 1472 5467 in
1493 5408 1623 5467 Sodomis
1636 5406 1747 5467 iactum
1761 5410 1816 5478 est,

61 5508 99 5569 no
112 5508 279 5583 ignorantie
293 5517 367 5571 orac.
965 5500 1012 5560 rol
1031 5499 1184 5560 tumultis
1205 5498 1320 5571 populis
1344 5512 1419 5572 sepe
1433 5496 1587 5570 contingit,
1603 5504 1637 5556 ut
1651 5509 1711 5571 quo
1730 5508 1817 5569 punt
