3804 5962
510 245 708 304 tttteotoett
723 242 940 302 ctttttsrttttt.
957 244 1070 300 *1,1Β.
1091 243 1140 299 lll.
1639 242 1708 306 tate

80 388 94 431 s
157 372 283 443 primum
335 382 488 442 ponamus,
539 377 637 440 postea
670 367 844 426 dissolve-A
860 376 996 425 naturam
1012 365 1191 434 substantiae,
1207 379 1266 422 non
1290 370 1406 436 propter
1431 378 1585 436 personam
1598 366 1702 425 distin·

860 458 1005 529 gnendam
1021 458 1181 522 inventum,
1198 456 1273 512 sicut
1287 460 1329 511 est
1344 455 1427 511 Pater
1451 462 1480 512 et
1505 455 1606 524 Filius,
1629 471 1706 529 qno·

79 549 158 615 inim,
179 548 328 618 inquiunt,
353 547 415 603 baec
445 546 596 602 diversitas
616 558 806 616 personarum
859 545 942 602 modo
960 545 1062 601 molins
1085 544 1191 601 dicitur
1210 545 1286 599 Deus
1306 542 1402 598 trinus
1425 556 1514 612 onam
1543 543 1705 604 substantia

86 636 235 695 vocabulis
256 635 396 702 consistit,
423 635 525 692 nonin
547 650 589 704 re,
611 642 643 692 nt
675 633 805 691 videlicet
860 634 944 700 trina,
961 633 1007 689 uel
1017 646 1107 704 qnam
1121 632 1204 689 Pater
1214 629 1418 688 trinusiSicnt
1431 630 1509 688 enim
1518 645 1578 688 nna
1588 639 1705 691 tantum

79 726 103 782 la
116 732 231 782 tantum
246 724 361 780 diversa
375 723 443 790 sint,
459 730 487 780 et
501 723 583 779 nulla
595 723 631 779 sit
648 722 676 778 in
693 722 749 778 Deo
764 722 805 777 rei
859 721 1022 778 substantia
1046 726 1089 777 est
1114 728 1141 777 ει
1156 735 1234 777 nnus
1262 721 1356 785 Pater,
1375 719 1415 775 ita
1435 720 1523 776 ctiam
1538 733 1616 777 nnus
1638 727 1704 777 tan·

79 828 129 886 ae;
143 822 194 869 aut
210 813 241 868 in
256 825 286 869 re
305 812 375 878 sola,
405 814 434 867 ει
446 827 503 868 non
524 812 554 867 in
569 811 720 868 vocabulis
730 826 738 881 ;
755 817 806 867 aut
860 819 921 868 tum
941 814 1024 878 beus,
1039 824 1097 866 non
1112 810 1218 880 plnres.

79 910 88 958 t
104 903 133 957 in
153 915 184 958 re
205 908 232 957 et
249 901 279 956 in
300 899 459 957 vocabulis.
476 904 511 956 tlt
536 914 605 957 vero
628 900 652 956 si
681 900 804 956 alterum
893 900 1000 956 Trinus
1013 898 1099 955 ctiam
1115 900 1188 954 Deus
1201 896 1247 954 vel
1266 896 1343 953 trina
1358 895 1521 953 substantie
1536 896 1605 968 qnid
1625 896 1705 955 uliud

88 990 196 1047 auferri
225 988 339 1058 poterit,
364 1002 422 1044 non
445 987 611 1055 {remanebit
633 994 802 1057 utrumque.
858 993 952 1051 sonat,
968 1000 1057 1057 quam
1079 994 1136 1043 tres
1154 986 1204 1053 dii,
1221 985 1266 1042 vel
1288 991 1344 1042 tres
1369 985 1571 1044 substantiae?
1591 986 1703 1058 Quippe

91 1079 126 1135 ad
150 1077 293 1135 vocabula
312 1076 510 1146 respiciamus,
531 1077 664 1146 jamnon
684 1074 803 1131 ostl'ri-
859 1075 929 1145 quid
944 1074 1024 1131 aliud
1039 1082 1081 1131 εει
1105 1075 1181 1130 trina
1202 1075 1304 1142 oratio,
1326 1087 1415 1145 quam
1444 1081 1501 1131 tres
1528 1075 1702 1134 orationes?

79 1179 243 1225 ersonarum
267 1173 386 1233 aterna,
412 1178 465 1221 cor
501 1165 563 1235 ipsa
588 1161 730 1232 impositio
754 1176 805 1218 no·
858 1163 903 1220 vel
918 1164 987 1219 bina
1002 1163 1253 1233 percussionnem
1264 1162 1329 1218 duae
1341 1162 1540 1232 percussiones
1555 1163 1569 1220 i
1584 1164 1628 1220 td
1641 1164 1703 1222 hec

85 1254 444 1313 abhominibuslactasit.
858 1251 977 1308 lortasso
1007 1258 1036 1308 ει
1072 1250 1187 1308 illudin
1223 1249 1432 1321 oppositionem
1465 1251 1597 1322 ducitur,
1625 1252 1704 1325 quod

79 1358 134 1401 trca
159 1344 183 1400 si
207 1343 243 1399 ad
269 1356 424 1399 numerum
445 1339 653 1397 vocabulorum
672 1339 733 1395 ltaec
747 1338 802 1394 dis·
859 1342 948 1397 boum
968 1339 1140 1410 tripertitum
1164 1340 1347 1411 Augustinus
1366 1340 1396 1396 in
1417 1341 1600 1398 Enebiridioo
1625 1343 1702 1414 oapi·

98 1445 288 1503 personarum
321 1432 357 1486 sit
380 1429 556 1499 accipienda,
590 1427 801 1499 multoplures
857 1429 1033 1495 tulott,bis
1055 1428 1151 1485 verbis
1165 1428 1258 1484 dicit:
1289 1427 1398 1485 «Satis
1420 1428 1632 1487 esthristano
1656 1444 1702 1488 re-

79 1535 96 1577 s
136 1520 265 1576 conflteri
294 1532 383 1590 quam
412 1525 469 1574 tres
494 1532 547 1574 nos
580 1523 700 1587 oportet,
732 1514 803 1586 quia
857 1533 923 1574 rum
940 1525 1103 1575 creatarum
1119 1530 1238 1574 causam
1261 1515 1377 1573 nonnisi
1397 1517 1513 1575 credero
1544 1518 1701 1577 bonitatem

83 1616 150 1666 suut
187 1616 214 1665 et
243 1608 300 1664 alia
334 1607 440 1666 divinae
467 1605 635 1662 substantie
672 1603 800 1671 nomina,
857 1607 1007 1675 creatoris,
1028 1607 1082 1677 qni
1100 1605 1227 1662 estbeus
1246 1619 1334 1673 unus,
1366 1604 1538 1678 nullamque
1566 1621 1628 1664 ease
1650 1622 1702 1665 na·

79 1712 101 1755 ιε
123 1712 228 1754 nomen
243 1698 327 1765 bens,
354 1695 399 1751 vel
425 1696 574 1762 Dominus,
590 1694 636 1751 vel
662 1702 801 1760 aeternus,
819 1714 840 1768 g
858 1703 964 1760 turam,
980 1709 1046 1767 quae
1060 1709 1118 1751 uon
1141 1701 1193 1751 aut
1208 1694 1268 1765 ipse
1288 1693 1335 1762 sit,
1361 1701 1412 1751 aut
1427 1693 1463 1750 ab
1485 1693 1557 1765 ipso,
1577 1708 1704 1766 eumque

79 1785 275 1856 mansuesci
312 1793 434 1853 creator,
466 1793 493 1841 ει
521 1784 578 1840 alia
606 1783 720 1840 inlinita
748 1797 801 1839 no·
857 1785 1032 1854 tripertitum
1048 1783 1115 1854 (80),
1132 1784 1244 1839 Patrem
1259 1781 1379 1851 scilicet,
1401 1789 1428 1839 et
1444 1782 1561 1852 Filium,
1586 1790 1615 1840 et
1636 1782 1703 1854 Spi-

856 1873 944 1930 ritnm
958 1880 1092 1930 sanetum
1107 1872 1172 1944 (81).
1191 1891 1202 1921 ι
1219 1871 1367 1939 Quomodo
1381 1871 1470 1940 enim,
1486 1871 1629 1943 inquient,
1647 1870 1701 1928 tri-

79 1971 166 2021 tutcm
193 1964 254 2020 baec
286 1962 438 2020 diversitas
471 1973 672 2033 personarum,
706 1959 799 2032 magis
855 1963 976 2033 partitus
985 1969 1027 2018 est
1047 1962 1131 2027 bens,
1147 1960 1172 2016 si
1186 1960 1378 2030 partitnsnon
1392 1967 1444 2028 est,
1461 1967 1513 2017 aut
1532 1966 1628 2034 partes
1642 1961 1700 2017 ba-

79 2053 123 2109 tda
152 2053 188 2109 sit
216 2054 245 2108 in
272 2052 334 2122 ipsa
358 2067 390 2109 re
412 2066 501 2122 quam
529 2051 559 2107 in
581 2048 740 2116 vocabulis
773 2048 802 2104 in
856 2050 948 2109 beat?
964 2048 1179 2121 llntquomodo
1193 2047 1318 2118 partitus
1338 2055 1391 2114 εει,
1406 2048 1461 2104 nisi
1480 2048 1608 2120 primurn
1629 2049 1701 2106 iute-

79 2149 132 2198 tem
144 2140 217 2197 nibil
232 2148 274 2197 εει
294 2142 324 2198 in
346 2154 377 2197 re
404 2148 507 2210 praeter
533 2139 713 2210 singularem
732 2137 799 2193 sub·
856 2155 906 2212 ger
928 2139 1025 2204 luerit,
1048 2144 1100 2195 aut
1124 2137 1304 2208 postmodnm
1319 2135 1459 2193 divisus?
1483 2136 1539 2194 Sed
1563 2137 1618 2195 boe
1632 2137 1700 2209 quis

79 2245 103 2298 n,
128 2237 157 2287 ει
189 2229 382 2297 individuam,
411 2236 439 2285 ει
464 2228 627 2294 informem,
651 2228 718 2298 quis
746 2226 800 2282 du·
856 2229 924 2286 adeo
940 2227 1063 2284 inlldelis
1077 2234 1128 2295 est,
1144 2233 1178 2283 ιιι
1193 2239 1251 2282 non
1266 2225 1506 2283 anathematizet?

79 2319 216 2377 unitatem
234 2318 322 2388 accipi
348 2318 508 2374 secundnm
524 2317 694 2373 substantia
709 2315 802 2373 unita·
889 2316 1036 2384 Quomodo
1059 2315 1144 2372 etiam
1170 2315 1232 2370 steri
1258 2311 1348 2384 potest
1371 2321 1404 2370 ιιι
1429 2320 1486 2370 tres
1504 2327 1634 2385 personae
1660 2313 1702 2371 ita

87 2414 114 2465 ει
132 2408 230 2464 trinus
244 2407 280 2462 sit
300 2407 329 2462 in
345 2407 511 2463 substantia
534 2406 673 2462 dicendus
693 2402 800 2461 Deus?
855 2405 892 2462 ab
916 2404 1039 2462 invicem
1063 2404 1120 2460 sint
1144 2403 1284 2469 discrete,
1313 2409 1346 2458 ιιι
1370 2402 1431 2457 bec
1455 2402 1563 2458 nonsit
1587 2403 1644 2472 illa,
1672 2408 1702 2460 ει

79 2496 87 2552 i
121 2495 197 2552 idem
211 2496 327 2565 penitus
344 2495 373 2550 in
390 2495 446 2552 Deo
468 2495 630 2551 substantia
644 2495 680 2550 sit
695 2501 722 2550 ει
737 2505 799 2565 per·
855 2507 1040 2566 unaqnaeqno
1062 2493 1191 2563 ipsarum
1210 2490 1372 2548 substantia
1393 2489 1430 2546 sit
1450 2497 1478 2547 et
1491 2493 1577 2559 Deus,
1594 2498 1621 2548 et
1641 2504 1701 2548 non

79 2592 102 2642 tt
126 2583 346 2641 videlicetnibil
376 2583 455 2640 aliud
478 2583 640 2640 substantia
654 2583 691 2639 sit
710 2595 800 2653 qnam
855 2584 912 2640 sint
936 2581 997 2640 ideo
1021 2580 1119 2652 plures
1141 2580 1310 2637 substantiae
1338 2578 1382 2635 vel
1403 2578 1467 2636 dii?
1490 2578 1599 2650 Quippe
1627 2580 1700 2651 quid

79 2689 94 2742 t,
123 2672 170 2730 vel
198 2686 328 2742 personae
354 2685 443 2742 qnam
471 2672 641 2738 substantia,
665 2669 800 2740 nunquid
855 2670 934 2727 aliud
960 2678 1003 2727 εει
1029 2669 1124 2725 dicore
1151 2668 1249 2738 plures
1271 2667 1453 2734 substantie,
1488 2680 1579 2738 quam
1604 2667 1700 2724 dicere

86 2769 128 2818 est
147 2762 223 2817 Deus
236 2761 266 2816 in
291 2761 464 2827 substantia,
485 2774 562 2816 unus
590 2767 673 2816 estet
688 2758 718 2814 in
733 2771 801 2828 per·
855 2760 950 2830 plnra,
967 2771 1094 2830 qnorum
1104 2755 1336 2828 unumquodque
1343 2763 1384 2812 ost
1399 2754 1561 2812 substantia
1574 2749 1699 2826 ilpsum

79 2856 127 2908 aut
140 2851 164 2906 si
179 2849 273 2907 trinus
286 2848 322 2905 sit
340 2850 370 2905 in
384 2850 524 2920 personis,
537 2848 633 2904 trinus
644 2855 672 2904 et
686 2848 716 2904 in
730 2846 799 2904 sub·
855 2863 956 2918 nempe
975 2834 1087 2918 plurale
1101 2845 1276 2902 vocabulum
1291 2843 1364 2899 nibil
1380 2843 1461 2901 aliud
1475 2850 1528 2911 εει,
1545 2855 1635 2914 quam
1649 2858 1699 2915 ge·

79 2940 90 2994 i
855 2937 975 2994 minatio
987 2937 1031 2994 vel
1047 2934 1249 3005 multiplicatio
1267 2933 1314 2990 sui
1328 2932 1496 3004 singularis,
1512 2939 1546 2989 nt
1564 2931 1698 2989 videlieet

81 3027 232 3085 odoetiam
245 3033 303 3083 tres
320 3039 447 3096 personae
462 3034 529 3082 sunt
544 3025 596 3082 ubi
618 3024 698 3082 nulio
714 3025 797 3080 modo
855 3024 965 3098 plurale
977 3024 1070 3082 multa
1083 3024 1169 3080 simul
1184 3022 1310 3089 nomine,
1333 3021 1443 3093 quibus
1465 3020 1615 3093 sigillatim
1630 3035 1696 3080 oon·

79 3111 120 3169 tt
143 3113 199 3168 llut
225 3111 369 3183 quomodo
396 3111 452 3167 tria
466 3119 535 3167 sunt
564 3110 589 3167 si
620 3111 712 3167 multa
738 3124 797 3166 non
852 3114 932 3171 venit
945 3113 1104 3186 singulare.

79 3202 132 3258 lut
151 3201 295 3273 quomodo
322 3200 414 3256 multa
433 3214 493 3257 esse
518 3207 651 3270 possunt,
672 3199 697 3255 si
716 3199 798 3255 nulla
887 3202 950 3270 Qua
973 3203 1061 3260 etiam
1095 3201 1205 3258 ratione
1241 3197 1344 3257 melius
1373 3196 1514 3256 dicuntur
1552 3207 1609 3257 tres
1635 3213 1700 3270 per·

79 3305 100 3347 n
114 3290 270 3347 multitudo
285 3289 300 3343 ‘l
314 3289 351 3345 At
366 3303 435 3346 vero
450 3288 606 3345 multitudo
619 3302 717 3345 rerum
737 3302 798 3344 esse
852 3305 937 3361 sonae,
954 3291 1033 3362 qnia,
1048 3302 1235 3361 unaquaeqne
1251 3288 1380 3359 ipsarum
1394 3301 1516 3359 persona
1537 3295 1590 3356 εει,
1607 3301 1698 3360 quam

80 3387 123 3436 εει
137 3393 174 3436 ex
189 3393 248 3435 una
262 3385 376 3435 tantum
391 3392 433 3447 re,
455 3378 510 3433 nisi
529 3376 662 3434 videlicet
676 3390 712 3432 er
732 3376 795 3445 plu·
853 3389 910 3437 tres
935 3380 975 3435 dii
989 3380 1034 3437 vel
1061 3387 1118 3436 tres
1132 3378 1311 3444 substantie,
1335 3390 1404 3434 eum
1423 3377 1698 3450 unaquaquetpsa-

79 3476 163 3525 tnstot
180 3466 323 3538 partibus.
339 3468 437 3523 Partes
458 3473 558 3522 autem
577 3465 665 3535 nullae
692 3465 720 3519 in
737 3465 797 3534 ipso
853 3482 918 3525 rum
934 3469 1010 3524 Deus
1022 3468 1068 3536 sit,
1085 3468 1147 3523 sive
1163 3465 1327 3522 substantia
1341 3467 1356 3520 ‘l

79 3564 211 3627 εειιιιι,ιιι
243 3569 334 3627 supra
366 3554 614 3613 confirmavimus.
649 3552 821 3629 Quomodo>
887 3555 1003 3623 Quodsi
1020 3556 1080 3612 ideo
1104 3554 1200 3625 plures
1226 3552 1403 3611 substantias
1429 3553 1475 3611 rol
1505 3553 1603 3626 plnres
1630 3553 1698 3612 deos

79 3647 172 3704 ’initas
199 3646 237 3703 ibi
260 3655 320 3711 εει,
359 3644 410 3701 ubi
444 3643 524 3700 nulla
547 3649 590 3699 est
616 3639 797 3698 multitudo?
852 3644 908 3702 dici
925 3659 1075 3716 negemus,
1106 3643 1177 3713 quia
1202 3642 1268 3699 licet
1292 3655 1478 3714 unaquaeqne
1507 3656 1697 3712 personarum

79 3735 175 3806 puippe
196 3733 290 3790 similo
309 3732 353 3789 'in
380 3733 477 3803 aliquo
504 3729 640 3787 dissimile
654 3738 696 3787 εει
710 3729 724 3783 ‘l
740 3730 798 3786 Aut
852 3733 1015 3790 substantia
1038 3734 1075 3789 sit
1102 3733 1163 3787 sive
1178 3731 1264 3799 Deus,
1288 3729 1370 3786 nulla
1396 3738 1438 3788 est
1458 3731 1548 3788 unius
1568 3745 1697 3802 personae

80 3830 164 3881 otrcs
178 3831 257 3889 sunt,
273 3823 297 3879 si
311 3820 396 3878 multi
412 3835 470 3878 non
486 3818 583 3875 sunt?
852 3821 1012 3878 diderentia
1039 3820 1075 3877 ad
1100 3821 1188 3875 aliam
1211 3819 1241 3874 in
1257 3819 1383 3890 eoquod
1411 3818 1575 3876 substantia
1592 3826 1636 3876 εει
1650 3819 1696 3876 vel

81 3925 130 3968 rea
158 3910 305 3983 quotttotlo
330 3910 449 3966 dicitis:
479 3908 581 3964 «Talis
603 3908 686 3965 Pater
701 3908 798 3979 quatis
852 3912 943 3968 boos:
968 3908 1089 3980 proiecto
1112 3906 1209 3965 cadem
1236 3908 1347 3964 ratione
1370 3920 1524 3977 nunquam
1539 3906 1695 3965 dicendum

103 3998 150 4057 rel
176 4021 190 4052 ιι
210 3997 334 4070 Spiritus
356 4005 484 4063 sanctus,
502 4017 516 4046 ιι
533 3997 556 4052 si
573 3996 654 4054 nulla
675 3997 711 4053 eit
732 4010 796 4066 per·
851 4006 893 4056 est
930 3998 1029 4069 plures
1058 3998 1197 4064 homines,
1220 4010 1273 4053 nec
1308 3995 1395 4053 etiam
1425 3995 1522 4066 piures
1548 4008 1694 4065 personas,

79 4088 274 4156 rsimilitndo‚
294 4101 420 4158 quarum
445 4085 526 4142 nulla
544 4092 587 4141 est
611 4083 797 4143 multitudo?
852 4103 919 4145 cnm
945 4087 1078 4144 videlicet
1091 4086 1138 4142 bic
1164 4086 1250 4142 bomo
1274 4099 1332 4140 non
1357 4083 1472 4141 diderat
1501 4082 1599 4140 abillo
1618 4085 1696 4141 ineo

79 4174 164 4245 uippe
178 4174 272 4231 simile
288 4173 317 4229 in
333 4173 432 4244 aliquo
460 4172 599 4229 dissimile
607 4181 659 4240 εει,
673 4180 700 4229 ει
715 4172 796 4229 nulla
852 4176 929 4248 quod
947 4177 1031 4233 bomo
1045 4183 1096 4244 est,
1114 4181 1165 4232 ant
1180 4175 1240 4241 baeo
1264 4187 1385 4244 persona
1399 4173 1436 4230 ab
1452 4172 1502 4229 illa
1516 4173 1546 4229 in
1560 4186 1593 4231 eo
1616 4172 1694 4244 qnod

81 4262 120 4318 'in
147 4261 277 4317 discretis
301 4260 388 4318 rebus
410 4260 579 4316 similitudo.
602 4261 682 4317 Unde
710 4253 833 4318 nemoD
852 4272 1037 4337 personaest.

79 4349 200 4407 ominem
217 4357 244 4406 et
263 4350 341 4406 bunc
354 4349 452 4406 album
476 4349 584 4405 similes
598 4350 680 4418 dicit,
695 4350 728 4405 de
743 4364 795 4406 oo-
886 4352 1032 4418 Quomodo
1061 4351 1148 4408 etiam
1182 4365 1248 4408 vere
1279 4351 1428 4410 dicimus:
1460 4350 1529 4408 ’lres
1568 4364 1696 4421 personat

79 4438 145 4494 nine
167 4451 266 4509 agens,
282 4452 349 4494 cum
365 4453 423 4493 non
441 4437 499 4494 sint
519 4438 682 4495 abinvicem
696 4453 796 4497 essen·
850 4447 928 4507 sunt,
951 4441 976 4496 si
1000 4439 1092 4497 multa
1105 4440 1183 4497 entia
1202 4454 1261 4497 non
1283 4447 1361 4507 sunt,
1386 4440 1441 4497 boe
1468 4446 1511 4497 est
1531 4438 1630 4497 multe
1651 4453 1693 4496 εε-

79 4528 199 4584 liscreti.
850 4531 950 4587 sentiae
960 4528 975 4584 i
985 4533 1083 4601 ipsum
1094 4530 1203 4601 quippe
1213 4529 1398 4600 participium
1409 4529 1518 4600 ubique
1533 4528 1563 4584 in
1573 4541 1695 4586 numero

79 4618 119 4673 ins
133 4631 200 4673 cum
216 4615 450 4686 unumquodque
463 4615 540 4686 quod
552 4615 649 4673 existit
661 4625 712 4674 aut
724 4617 793 4673 sub·
850 4633 914 4675 sum
928 4620 1051 4679 verbum
1075 4619 1218 4690 sequitur,
1240 4625 1272 4675 ut
1286 4616 1421 4674 videlieet
1435 4617 1470 4675 de
1494 4632 1555 4690 quo
1569 4616 1695 4674 dicimus

79 4706 111 4761 sit
126 4714 177 4761 aut
188 4705 280 4760 torma
304 4705 333 4761 in
349 4704 513 4760 substantia
529 4706 698 4773 subsistens,
719 4707 795 4762 sicot
851 4708 990 4777 ambulat,
1006 4708 1188 4764 dicamusest
1215 4706 1371 4764 ambulans
1386 4723 1394 4778 ;
1408 4714 1436 4763 ει
1450 4707 1485 4762 de
1500 4706 1610 4778 quibus
1623 4705 1694 4763 dici·

79 4793 121 4858 do,
145 4793 304 4864 velpietas,
324 4792 703 4863 volquaelibetresnovem
725 4808 796 4864 prae-
851 4809 915 4851 mus
946 4796 1107 4864 ambulant,
1133 4795 1264 4852 dicamus
1297 4802 1365 4852 sunt
1387 4795 1580 4874 ambulantia.
1616 4794 1696 4852 Unde

83 4888 190 4951 torum,
201 4882 347 4952 quomodo
362 4888 482 4952 possunt
497 4896 556 4938 εεεε
571 4882 670 4952 aliqua
692 4883 793 4951 multa,
850 4885 1014 4942 Aristoteles
1030 4885 1060 4941 in
1082 4885 1208 4941 seeundo
1224 4884 1459 4954 Physicorum:«
1479 4884 1567 4952 Nibil,
1587 4883 1694 4956 inquit,

86 4971 255 5028 substantiae
270 4971 327 5027 sint
341 4979 392 5026 aut
408 4971 516 5040 lormae,
542 4980 592 5028 aut
607 4986 644 5029 etr
659 4972 794 5044 utrisque
850 4972 944 5028 dillert
959 4973 1052 5030 dicere
1078 4972 1224 5029 bominem
1244 4971 1437 5029 ambularem
1461 4972 1609 5030 bominem
1635 4987 1695 5031 am·

79 5056 133 5114 ta?
850 5061 999 5118 bulantem
1015 5074 1085 5118 esse.
1102 5081 1116 5110 ι
1134 5061 1178 5117 Ex
1198 5075 1256 5133 quo
1276 5067 1396 5132 apparet
1421 5062 1500 5132 quod
1514 5061 1549 5119 de
1569 5061 1693 5134 quibus·

79 5161 137 5203 :nm
164 5149 239 5204 Deus
284 5148 447 5204 substantia
469 5148 515 5215 sit,
543 5156 570 5204 ct
602 5149 657 5205 boo
689 5164 795 5206 nomen
849 5165 966 5221 cunque
988 5149 1131 5206 dicimus:
1159 5149 1312 5218 »Sunt;›
1339 5149 1394 5206 diei
1424 5157 1554 5221 oportet:
1589 5152 1694 5209 «Sunt

79 5236 204 5294 ostantiae
225 5237 273 5305 sit,
298 5251 356 5294 non
377 5251 515 5308 persone,
544 5237 598 5293 boc
620 5244 664 5295 εει
677 5246 794 5310 propter
849 5240 937 5303 entia,
953 5239 981 5295 id
995 5246 1037 5296 εει
1047 5239 1188 5297 essentiae.

79 5409 240 5538 magite.
267 5427 325 5471 non
341 5414 510 5484 tripertitum
526 5411 599 5485 lego,
616 5414 666 5471 sed
681 5429 795 5488 eumque
885 5416 941 5489 (dl)
956 5415 1039 5485 Atto,
1050 5415 1136 5471 Encb.
1147 5428 1173 5470 c.
1195 5415 1211 5468 9
