<?xml version="1.0" encoding="UTF-8"?>
<!DOCTYPE html PUBLIC "-//W3C//DTD XHTML 1.0 Transitional//EN"
    "http://www.w3.org/TR/xhtml1/DTD/xhtml1-transitional.dtd">
<html xmlns="http://www.w3.org/1999/xhtml" xml:lang="en" lang="en">
 <head>
  <title>
</title>
<meta http-equiv="Content-Type" content="text/html;charset=utf-8" />
  <meta name='ocr-system' content='tesseract 3.04.00' />
  <meta name='ocr-capabilities' content='ocr_page ocr_carea ocr_par ocr_line ocrx_word'/>
</head>
<body>
  <div class='ocr_page' id='page_1' title='image "./patrologiaecurs53unkngoog_0605.png"; bbox 0 0 3804 5962; ppageno 0'>
   <div class='ocr_carea' id='block_1_1' title="bbox 134 175 1873 252">
    <p class='ocr_par' dir='ltr' id='par_1_1' title="bbox 134 175 1873 252">
     <span class='ocr_line' id='line_1_1' title="bbox 134 175 1873 252; baseline -0.013 1"><span class='ocrx_word' id='word_1_1' title='bbox 134 197 203 252; x_wconf 80' lang='lat' dir='ltr'>titt</span> <span class='ocrx_word' id='word_1_2' title='bbox 399 192 501 248; x_wconf 83' lang='lat' dir='ltr'>PETRI</span> <span class='ocrx_word' id='word_1_3' title='bbox 522 187 708 248; x_wconf 77' lang='lat' dir='ltr'>numtauul</span> <span class='ocrx_word' id='word_1_4' title='bbox 728 187 805 243; x_wconf 89' lang='lat' dir='ltr'>OPP.</span> <span class='ocrx_word' id='word_1_5' title='bbox 827 187 917 243; x_wconf 81' lang='lat' dir='ltr'>Psits</span> <span class='ocrx_word' id='word_1_6' title='bbox 936 187 986 242; x_wconf 92' lang='lat' dir='ltr'>lll.</span> <span class='ocrx_word' id='word_1_7' title='bbox 997 183 1259 241; x_wconf 78' lang='lat' dir='ltr'>-ltllldlddtca</span> <span class='ocrx_word' id='word_1_8' title='bbox 1277 183 1322 239; x_wconf 86' lang='lat' dir='ltr'>ET</span> <span class='ocrx_word' id='word_1_9' title='bbox 1341 179 1607 238; x_wconf 77' lang='lat' dir='ltr'>Pmttusoetllca.</span> <span class='ocrx_word' id='word_1_10' title='bbox 1811 175 1873 231; x_wconf 86' lang='lat' dir='ltr'>sttt</span> 
     </span>
    </p>
   </div>
   <div class='ocr_carea' id='block_1_2' title="bbox 28 303 1901 5545">
    <p class='ocr_par' dir='ltr' id='par_1_2' title="bbox 28 303 1901 5545">
     <span class='ocr_line' id='line_1_2' title="bbox 130 303 1873 387; baseline -0.01 -11"><span class='ocrx_word' id='word_1_11' title='bbox 130 318 274 376; x_wconf 89' lang='lat' dir='ltr'>vitamita</span> <span class='ocrx_word' id='word_1_12' title='bbox 293 316 505 387; x_wconf 80' lang='lat' dir='ltr'>contempserit,</span> <span class='ocrx_word' id='word_1_13' title='bbox 525 329 584 371; x_wconf 92' lang='lat' dir='ltr'>non</span> <span class='ocrx_word' id='word_1_14' title='bbox 609 314 686 386; x_wconf 89' lang='lat' dir='ltr'>quod</span> <span class='ocrx_word' id='word_1_15' title='bbox 713 313 768 370; x_wconf 92' lang='lat' dir='ltr'>sibi</span> <span class='ocrx_word' id='word_1_16' title='bbox 784 326 890 370; x_wconf 91' lang='lat' dir='ltr'>manus</span> <span class='ocrx_word' id='word_1_17' title='bbox 903 311 1195 384; x_wconf 68' lang='lat' dir='ltr'>iujo-addetissimo</span> <span class='ocrx_word' id='word_1_18' title='bbox 1226 311 1295 368; x_wconf 90' lang='lat' dir='ltr'>Uria</span> <span class='ocrx_word' id='word_1_19' title='bbox 1323 309 1481 377; x_wconf 84' lang='lat' dir='ltr'>interiecto,</span> <span class='ocrx_word' id='word_1_20' title='bbox 1525 315 1584 365; x_wconf 87' lang='lat' dir='ltr'>tam</span> <span class='ocrx_word' id='word_1_21' title='bbox 1618 303 1754 362; x_wconf 88' lang='lat' dir='ltr'>adulterii</span> <span class='ocrx_word' id='word_1_22' title='bbox 1789 316 1873 375; x_wconf 83' lang='lat' dir='ltr'>quam</span> 
     </span>
     <span class='ocr_line' id='line_1_3' title="bbox 131 391 1874 481; baseline -0.011 -14"><span class='ocrx_word' id='word_1_23' title='bbox 131 409 211 477; x_wconf 82' lang='lat' dir='ltr'>serit,</span> <span class='ocrx_word' id='word_1_24' title='bbox 233 407 263 462; x_wconf 94' lang='lat' dir='ltr'>in</span> <span class='ocrx_word' id='word_1_25' title='bbox 288 407 342 463; x_wconf 91' lang='lat' dir='ltr'>isto</span> <span class='ocrx_word' id='word_1_26' title='bbox 365 413 459 461; x_wconf 88' lang='lat' dir='ltr'>autem</span> <span class='ocrx_word' id='word_1_27' title='bbox 481 405 559 476; x_wconf 86' lang='lat' dir='ltr'>quod</span> <span class='ocrx_word' id='word_1_28' title='bbox 575 402 765 460; x_wconf 75' lang='lat' dir='ltr'><strong>immortalem</strong></span> <span class='ocrx_word' id='word_1_29' title='bbox 791 403 895 459; x_wconf 89' lang='lat' dir='ltr'>animae</span> <span class='ocrx_word' id='word_1_30' title='bbox 912 403 976 481; x_wconf 84' lang='lat' dir='ltr'>bea·</span> <span class='ocrx_word' id='word_1_31' title='bbox 1033 401 1191 469; x_wconf 91' lang='lat' dir='ltr'>homicidii,</span> <span class='ocrx_word' id='word_1_32' title='bbox 1213 415 1264 456; x_wconf 91' lang='lat' dir='ltr'>sou</span> <span class='ocrx_word' id='word_1_33' title='bbox 1280 413 1400 455; x_wconf 79' lang='lat' dir='ltr'>summae</span> <span class='ocrx_word' id='word_1_34' title='bbox 1420 397 1592 469; x_wconf 80' lang='lat' dir='ltr'>proditionis</span> <span class='ocrx_word' id='word_1_35' title='bbox 1607 408 1675 451; x_wconf 90' lang='lat' dir='ltr'>reus</span> <span class='ocrx_word' id='word_1_36' title='bbox 1700 391 1789 450; x_wconf 90' lang='lat' dir='ltr'>simul</span> <span class='ocrx_word' id='word_1_37' title='bbox 1814 406 1874 449; x_wconf 88' lang='lat' dir='ltr'>con·</span> 
     </span>
     <span class='ocr_line' id='line_1_4' title="bbox 130 480 1873 563; baseline -0.01 -8"><span class='ocrx_word' id='word_1_38' title='bbox 130 495 282 555; x_wconf 81' lang='lat' dir='ltr'>titudinem</span> <span class='ocrx_word' id='word_1_39' title='bbox 299 502 378 551; x_wconf 89' lang='lat' dir='ltr'>tanto</span> <span class='ocrx_word' id='word_1_40' title='bbox 397 493 537 550; x_wconf 91' lang='lat' dir='ltr'>desiderio</span> <span class='ocrx_word' id='word_1_41' title='bbox 551 491 704 563; x_wconf 89' lang='lat' dir='ltr'>amplexus</span> <span class='ocrx_word' id='word_1_42' title='bbox 718 492 763 549; x_wconf 90' lang='lat' dir='ltr'>sit.</span> <span class='ocrx_word' id='word_1_43' title='bbox 1033 490 1181 546; x_wconf 89' lang='lat' dir='ltr'>stituatur.</span> <span class='ocrx_word' id='word_1_44' title='bbox 1216 490 1249 544; x_wconf 87' lang='lat' dir='ltr'>Et</span> <span class='ocrx_word' id='word_1_45' title='bbox 1275 487 1454 544; x_wconf 80' lang='lat' dir='ltr'><strong>Salomonem</strong></span> <span class='ocrx_word' id='word_1_46' title='bbox 1479 485 1561 541; x_wconf 93' lang='lat' dir='ltr'>illum</span> <span class='ocrx_word' id='word_1_47' title='bbox 1580 482 1754 555; x_wconf 90' lang='lat' dir='ltr'>sapientium</span> <span class='ocrx_word' id='word_1_48' title='bbox 1784 480 1873 537; x_wconf 88' lang='lat' dir='ltr'>maxi·</span> 
     </span>
     <span class='ocr_line' id='line_1_5' title="bbox 165 570 1873 656; baseline -0.011 -13"><span class='ocrx_word' id='word_1_49' title='bbox 165 585 246 643; x_wconf 84' lang='lat' dir='ltr'>Etsi</span> <span class='ocrx_word' id='word_1_50' title='bbox 271 593 334 656; x_wconf 91' lang='lat' dir='ltr'>post</span> <span class='ocrx_word' id='word_1_51' title='bbox 358 583 563 640; x_wconf 82' lang='lat' dir='ltr'>abstinentiam</span> <span class='ocrx_word' id='word_1_52' title='bbox 579 590 606 639; x_wconf 90' lang='lat' dir='ltr'>et</span> <span class='ocrx_word' id='word_1_53' title='bbox 626 582 896 653; x_wconf 81' lang='lat' dir='ltr'>magnanimitatem</span> <span class='ocrx_word' id='word_1_54' title='bbox 913 580 977 652; x_wconf 91' lang='lat' dir='ltr'>phi·</span> <span class='ocrx_word' id='word_1_55' title='bbox 1033 593 1113 635; x_wconf 94' lang='lat' dir='ltr'>mum</span> <span class='ocrx_word' id='word_1_56' title='bbox 1130 593 1223 650; x_wconf 87' lang='lat' dir='ltr'>usque</span> <span class='ocrx_word' id='word_1_57' title='bbox 1250 578 1286 634; x_wconf 88' lang='lat' dir='ltr'>ad</span> <span class='ocrx_word' id='word_1_58' title='bbox 1315 575 1506 633; x_wconf 83' lang='lat' dir='ltr'>idololatriam</span> <span class='ocrx_word' id='word_1_59' title='bbox 1530 574 1664 644; x_wconf 88' lang='lat' dir='ltr'>voluptas</span> <span class='ocrx_word' id='word_1_60' title='bbox 1688 570 1730 627; x_wconf 88' lang='lat' dir='ltr'>ita</span> <span class='ocrx_word' id='word_1_61' title='bbox 1753 577 1873 641; x_wconf 84' lang='lat' dir='ltr'>prostra-</span> 
     </span>
     <span class='ocr_line' id='line_1_6' title="bbox 130 659 1876 745; baseline -0.01 -13"><span class='ocrx_word' id='word_1_62' title='bbox 130 673 316 745; x_wconf 89' lang='lat' dir='ltr'>losopborum</span> <span class='ocrx_word' id='word_1_63' title='bbox 333 685 434 728; x_wconf 93' lang='lat' dir='ltr'>eorum</span> <span class='ocrx_word' id='word_1_64' title='bbox 458 685 576 742; x_wconf 84' lang='lat' dir='ltr'>quoque</span> <span class='ocrx_word' id='word_1_65' title='bbox 592 670 796 727; x_wconf 82' lang='lat' dir='ltr'>continentiam</span> <span class='ocrx_word' id='word_1_66' title='bbox 812 669 978 726; x_wconf 88' lang='lat' dir='ltr'>considere·</span> <span class='ocrx_word' id='word_1_67' title='bbox 1032 668 1106 724; x_wconf 90' lang='lat' dir='ltr'>verit</span> <span class='ocrx_word' id='word_1_68' title='bbox 1121 669 1205 739; x_wconf 84' lang='lat' dir='ltr'>quasi</span> <span class='ocrx_word' id='word_1_69' title='bbox 1227 669 1255 723; x_wconf 93' lang='lat' dir='ltr'>in</span> <span class='ocrx_word' id='word_1_70' title='bbox 1285 666 1360 722; x_wconf 90' lang='lat' dir='ltr'>idolo</span> <span class='ocrx_word' id='word_1_71' title='bbox 1389 665 1447 732; x_wconf 91' lang='lat' dir='ltr'>illo,</span> <span class='ocrx_word' id='word_1_72' title='bbox 1472 671 1505 720; x_wconf 95' lang='lat' dir='ltr'>ut</span> <span class='ocrx_word' id='word_1_73' title='bbox 1524 663 1602 734; x_wconf 86' lang='lat' dir='ltr'>quod</span> <span class='ocrx_word' id='word_1_74' title='bbox 1616 659 1819 731; x_wconf 88' lang='lat' dir='ltr'>turpissimum</span> <span class='ocrx_word' id='word_1_75' title='bbox 1839 666 1876 715; x_wconf 83' lang='lat' dir='ltr'>est</span> 
     </span>
     <span class='ocr_line' id='line_1_7' title="bbox 130 750 1874 831; baseline -0.01 -11"><span class='ocrx_word' id='word_1_76' title='bbox 130 776 206 831; x_wconf 89' lang='lat' dir='ltr'>mus,</span> <span class='ocrx_word' id='word_1_77' title='bbox 232 760 325 818; x_wconf 91' lang='lat' dir='ltr'>multa</span> <span class='ocrx_word' id='word_1_78' title='bbox 346 760 376 816; x_wconf 92' lang='lat' dir='ltr'>iu</span> <span class='ocrx_word' id='word_1_79' title='bbox 396 760 594 817; x_wconf 86' lang='lat' dir='ltr'>contusionem</span> <span class='ocrx_word' id='word_1_80' title='bbox 620 767 749 817; x_wconf 88' lang='lat' dir='ltr'>nostram</span> <span class='ocrx_word' id='word_1_81' title='bbox 776 760 811 816; x_wconf 91' lang='lat' dir='ltr'>de</span> <span class='ocrx_word' id='word_1_82' title='bbox 830 760 871 815; x_wconf 90' lang='lat' dir='ltr'>eis</span> <span class='ocrx_word' id='word_1_83' title='bbox 895 766 921 815; x_wconf 90' lang='lat' dir='ltr'>et</span> <span class='ocrx_word' id='word_1_84' title='bbox 942 757 978 814; x_wconf 89' lang='lat' dir='ltr'>ab</span> <span class='ocrx_word' id='word_1_85' title='bbox 1032 757 1156 827; x_wconf 83' lang='lat' dir='ltr'>turpiter</span> <span class='ocrx_word' id='word_1_86' title='bbox 1173 756 1300 824; x_wconf 82' lang='lat' dir='ltr'>ederam,</span> <span class='ocrx_word' id='word_1_87' title='bbox 1323 768 1452 810; x_wconf 89' lang='lat' dir='ltr'>cunnum</span> <span class='ocrx_word' id='word_1_88' title='bbox 1482 750 1596 824; x_wconf 79' lang='lat' dir='ltr'>gentilis</span> <span class='ocrx_word' id='word_1_89' title='bbox 1616 750 1732 806; x_wconf 85' lang='lat' dir='ltr'>teminae</span> <span class='ocrx_word' id='word_1_90' title='bbox 1747 761 1799 819; x_wconf 89' lang='lat' dir='ltr'>per</span> <span class='ocrx_word' id='word_1_91' title='bbox 1812 761 1874 804; x_wconf 90' lang='lat' dir='ltr'>oon·</span> 
     </span>
     <span class='ocr_line' id='line_1_8' title="bbox 130 835 1874 921; baseline -0.01 -12"><span class='ocrx_word' id='word_1_92' title='bbox 130 851 173 909; x_wconf 89' lang='lat' dir='ltr'>eis</span> <span class='ocrx_word' id='word_1_93' title='bbox 191 850 297 921; x_wconf 88' lang='lat' dir='ltr'>scripta</span> <span class='ocrx_word' id='word_1_94' title='bbox 324 849 512 921; x_wconf 80' lang='lat' dir='ltr'>reperiemus,</span> <span class='ocrx_word' id='word_1_95' title='bbox 540 856 568 906; x_wconf 90' lang='lat' dir='ltr'>et</span> <span class='ocrx_word' id='word_1_96' title='bbox 591 848 683 905; x_wconf 90' lang='lat' dir='ltr'>ineis</span> <span class='ocrx_word' id='word_1_97' title='bbox 706 848 876 906; x_wconf 83' lang='lat' dir='ltr'>Christianae</span> <span class='ocrx_word' id='word_1_98' title='bbox 891 847 976 903; x_wconf 89' lang='lat' dir='ltr'>casti·</span> <span class='ocrx_word' id='word_1_99' title='bbox 1034 845 1239 917; x_wconf 75' lang='lat' dir='ltr'>carpiscentiam</span> <span class='ocrx_word' id='word_1_100' title='bbox 1262 845 1355 915; x_wconf 80' lang='lat' dir='ltr'>magis</span> <span class='ocrx_word' id='word_1_101' title='bbox 1369 856 1459 914; x_wconf 85' lang='lat' dir='ltr'>qnam</span> <span class='ocrx_word' id='word_1_102' title='bbox 1487 840 1596 896; x_wconf 92' lang='lat' dir='ltr'>idolum</span> <span class='ocrx_word' id='word_1_103' title='bbox 1616 839 1711 910; x_wconf 92' lang='lat' dir='ltr'>ipsum</span> <span class='ocrx_word' id='word_1_104' title='bbox 1729 849 1781 908; x_wconf 88' lang='lat' dir='ltr'>per</span> <span class='ocrx_word' id='word_1_105' title='bbox 1798 835 1874 908; x_wconf 79' lang='lat' dir='ltr'>igno·</span> 
     </span>
     <span class='ocr_line' id='line_1_9' title="bbox 129 926 1873 1015; baseline -0.011 -16"><span class='ocrx_word' id='word_1_106' title='bbox 129 941 251 1015; x_wconf 82' lang='lat' dir='ltr'>mouiae,</span> <span class='ocrx_word' id='word_1_107' title='bbox 269 953 358 1010; x_wconf 86' lang='lat' dir='ltr'>quam</span> <span class='ocrx_word' id='word_1_108' title='bbox 382 938 473 995; x_wconf 81' lang='lat' dir='ltr'>iudet</span> <span class='ocrx_word' id='word_1_109' title='bbox 498 952 556 994; x_wconf 93' lang='lat' dir='ltr'>non</span> <span class='ocrx_word' id='word_1_110' title='bbox 589 936 804 1005; x_wconf 90' lang='lat' dir='ltr'>intellexerunt,</span> <span class='ocrx_word' id='word_1_111' title='bbox 828 935 978 1007; x_wconf 83' lang='lat' dir='ltr'>incoepisse</span> <span class='ocrx_word' id='word_1_112' title='bbox 1031 935 1155 992; x_wconf 82' lang='lat' dir='ltr'>rentiam</span> <span class='ocrx_word' id='word_1_113' title='bbox 1175 938 1373 998; x_wconf 88' lang='lat' dir='ltr'>veneraretur,</span> <span class='ocrx_word' id='word_1_114' title='bbox 1398 938 1478 988; x_wconf 92' lang='lat' dir='ltr'>tanto</span> <span class='ocrx_word' id='word_1_115' title='bbox 1490 928 1608 986; x_wconf 84' lang='lat' dir='ltr'>allectus</span> <span class='ocrx_word' id='word_1_116' title='bbox 1626 926 1762 993; x_wconf 86' lang='lat' dir='ltr'>deterior,</span> <span class='ocrx_word' id='word_1_117' title='bbox 1779 937 1873 997; x_wconf 81' lang='lat' dir='ltr'>quan·</span> 
     </span>
     <span class='ocr_line' id='line_1_10' title="bbox 130 1014 1873 1102; baseline -0.009 -16"><span class='ocrx_word' id='word_1_118' title='bbox 130 1029 386 1102; x_wconf 87' lang='lat' dir='ltr'>pulchritudinem.</span> <span class='ocrx_word' id='word_1_119' title='bbox 420 1028 460 1083; x_wconf 88' lang='lat' dir='ltr'>De</span> <span class='ocrx_word' id='word_1_120' title='bbox 488 1039 547 1097; x_wconf 87' lang='lat' dir='ltr'>qua</span> <span class='ocrx_word' id='word_1_121' title='bbox 574 1040 625 1097; x_wconf 92' lang='lat' dir='ltr'>per</span> <span class='ocrx_word' id='word_1_122' title='bbox 652 1025 826 1097; x_wconf 88' lang='lat' dir='ltr'>Sapientiam</span> <span class='ocrx_word' id='word_1_123' title='bbox 850 1023 975 1080; x_wconf 89' lang='lat' dir='ltr'>dicitur:</span> <span class='ocrx_word' id='word_1_124' title='bbox 1034 1030 1061 1081; x_wconf 92' lang='lat' dir='ltr'>to</span> <span class='ocrx_word' id='word_1_125' title='bbox 1089 1037 1126 1080; x_wconf 90' lang='lat' dir='ltr'>ex</span> <span class='ocrx_word' id='word_1_126' title='bbox 1154 1022 1328 1079; x_wconf 88' lang='lat' dir='ltr'>conscientia</span> <span class='ocrx_word' id='word_1_127' title='bbox 1356 1033 1410 1077; x_wconf 87' lang='lat' dir='ltr'>sua</span> <span class='ocrx_word' id='word_1_128' title='bbox 1437 1017 1675 1075; x_wconf 82' lang='lat' dir='ltr'>inexcusabilior.</span> <span class='ocrx_word' id='word_1_129' title='bbox 1704 1014 1761 1083; x_wconf 84' lang='lat' dir='ltr'>Qui</span> <span class='ocrx_word' id='word_1_130' title='bbox 1795 1014 1873 1071; x_wconf 81' lang='lat' dir='ltr'>etlam</span> 
     </span>
     <span class='ocr_line' id='line_1_11' title="bbox 131 1102 1875 1190; baseline -0.011 -14"><span class='ocrx_word' id='word_1_131' title='bbox 131 1119 153 1176; x_wconf 92' lang='grc'><strong>0</strong></span> <span class='ocrx_word' id='word_1_132' title='bbox 177 1134 260 1190; x_wconf 78' lang='lat' dir='ltr'>auam</span> <span class='ocrx_word' id='word_1_133' title='bbox 279 1117 397 1187; x_wconf 78' lang='lat' dir='ltr'>pulchra</span> <span class='ocrx_word' id='word_1_134' title='bbox 424 1120 464 1171; x_wconf 86' lang='lat' dir='ltr'>est</span> <span class='ocrx_word' id='word_1_135' title='bbox 487 1121 563 1170; x_wconf 89' lang='lat' dir='ltr'>casta</span> <span class='ocrx_word' id='word_1_136' title='bbox 582 1116 721 1183; x_wconf 76' lang='lat' dir='ltr'>permotio</span> <span class='ocrx_word' id='word_1_137' title='bbox 741 1130 800 1169; x_wconf 84' lang='lat' dir='ltr'>oum</span> <span class='ocrx_word' id='word_1_138' title='bbox 830 1113 977 1168; x_wconf 87' lang='lat' dir='ltr'>claritate!</span> <span class='ocrx_word' id='word_1_139' title='bbox 1033 1127 1122 1184; x_wconf 85' lang='lat' dir='ltr'>quam</span> <span class='ocrx_word' id='word_1_140' title='bbox 1138 1111 1229 1168; x_wconf 89' lang='lat' dir='ltr'>laoilis</span> <span class='ocrx_word' id='word_1_141' title='bbox 1244 1110 1280 1166; x_wconf 92' lang='lat' dir='ltr'>sit</span> <span class='ocrx_word' id='word_1_142' title='bbox 1296 1124 1329 1165; x_wconf 89' lang='lat' dir='ltr'>ao</span> <span class='ocrx_word' id='word_1_143' title='bbox 1344 1107 1504 1180; x_wconf 87' lang='lat' dir='ltr'>periculosa</span> <span class='ocrx_word' id='word_1_144' title='bbox 1527 1106 1617 1177; x_wconf 78' lang='lat' dir='ltr'>huius</span> <span class='ocrx_word' id='word_1_145' title='bbox 1639 1102 1875 1175; x_wconf 85' lang='lat' dir='ltr'>concupiscentie</span> 
     </span>
     <span class='ocr_line' id='line_1_12' title="bbox 130 1187 1872 1280; baseline -0.01 -16"><span class='ocrx_word' id='word_1_146' title='bbox 130 1207 208 1280; x_wconf 83' lang='lat' dir='ltr'>(Sap.</span> <span class='ocrx_word' id='word_1_147' title='bbox 218 1222 257 1275; x_wconf 90' lang='grc' dir='ltr'>ιι,</span> <span class='ocrx_word' id='word_1_148' title='bbox 277 1207 301 1277; x_wconf 79' lang='lat' dir='ltr'>ll</span> <span class='ocrx_word' id='word_1_149' title='bbox 329 1206 355 1262; x_wconf 91' lang='lat' dir='ltr'>id</span> <span class='ocrx_word' id='word_1_150' title='bbox 380 1212 422 1261; x_wconf 93' lang='lat' dir='ltr'>est</span> <span class='ocrx_word' id='word_1_151' title='bbox 445 1204 622 1261; x_wconf 84' lang='lat' dir='ltr'>continentia</span> <span class='ocrx_word' id='word_1_152' title='bbox 645 1204 711 1260; x_wconf 80' lang='lat' dir='ltr'>vitae</span> <span class='ocrx_word' id='word_1_153' title='bbox 736 1217 803 1259; x_wconf 91' lang='lat' dir='ltr'>oum</span> <span class='ocrx_word' id='word_1_154' title='bbox 826 1201 977 1258; x_wconf 90' lang='lat' dir='ltr'>illumina·</span> <span class='ocrx_word' id='word_1_155' title='bbox 1032 1200 1160 1268; x_wconf 88' lang='lat' dir='ltr'>tentatio,</span> <span class='ocrx_word' id='word_1_156' title='bbox 1178 1201 1295 1270; x_wconf 91' lang='lat' dir='ltr'>ipsemet</span> <span class='ocrx_word' id='word_1_157' title='bbox 1310 1198 1361 1269; x_wconf 88' lang='lat' dir='ltr'>qui</span> <span class='ocrx_word' id='word_1_158' title='bbox 1378 1205 1435 1254; x_wconf 92' lang='lat' dir='ltr'>tam</span> <span class='ocrx_word' id='word_1_159' title='bbox 1452 1195 1580 1268; x_wconf 83' lang='lat' dir='ltr'>graviter</span> <span class='ocrx_word' id='word_1_160' title='bbox 1600 1195 1655 1252; x_wconf 90' lang='lat' dir='ltr'>hoo</span> <span class='ocrx_word' id='word_1_161' title='bbox 1672 1187 1872 1264; x_wconf 81' lang='lat' dir='ltr'>expertus&#39;est,</span> 
     </span>
     <span class='ocr_line' id='line_1_13' title="bbox 130 1281 1872 1364; baseline -0.009 -12"><span class='ocrx_word' id='word_1_162' title='bbox 130 1295 207 1353; x_wconf 90' lang='lat' dir='ltr'>tione</span> <span class='ocrx_word' id='word_1_163' title='bbox 230 1293 388 1364; x_wconf 75' lang='lat' dir='ltr'>sapientiae,</span> <span class='ocrx_word' id='word_1_164' title='bbox 410 1305 476 1348; x_wconf 90' lang='lat' dir='ltr'>cum</span> <span class='ocrx_word' id='word_1_165' title='bbox 494 1291 552 1347; x_wconf 91' lang='lat' dir='ltr'>sint</span> <span class='ocrx_word' id='word_1_166' title='bbox 572 1297 599 1347; x_wconf 93' lang='lat' dir='ltr'>et</span> <span class='ocrx_word' id='word_1_167' title='bbox 620 1291 707 1347; x_wconf 80' lang='lat' dir='ltr'>tatum</span> <span class='ocrx_word' id='word_1_168' title='bbox 730 1289 866 1362; x_wconf 83' lang='lat' dir='ltr'>virgines,</span> <span class='ocrx_word' id='word_1_169' title='bbox 893 1289 978 1359; x_wconf 87' lang='lat' dir='ltr'>cnjus</span> <span class='ocrx_word' id='word_1_170' title='bbox 1033 1304 1084 1361; x_wconf 92' lang='lat' dir='ltr'>per</span> <span class='ocrx_word' id='word_1_171' title='bbox 1099 1290 1285 1361; x_wconf 91' lang='lat' dir='ltr'>semetipsum</span> <span class='ocrx_word' id='word_1_172' title='bbox 1301 1288 1385 1345; x_wconf 93' lang='lat' dir='ltr'>nobis</span> <span class='ocrx_word' id='word_1_173' title='bbox 1400 1288 1431 1343; x_wconf 93' lang='lat' dir='ltr'>in</span> <span class='ocrx_word' id='word_1_174' title='bbox 1453 1285 1615 1358; x_wconf 85' lang='lat' dir='ltr'>proverbiis</span> <span class='ocrx_word' id='word_1_175' title='bbox 1628 1283 1749 1354; x_wconf 78' lang='lat' dir='ltr'>exponit</span> <span class='ocrx_word' id='word_1_176' title='bbox 1764 1281 1872 1338; x_wconf 89' lang='lat' dir='ltr'>dicens:</span> 
     </span>
     <span class='ocr_line' id='line_1_14' title="bbox 130 1371 1873 1451; baseline -0.009 -11"><span class='ocrx_word' id='word_1_177' title='bbox 130 1392 158 1441; x_wconf 88' lang='lat' dir='ltr'>et</span> <span class='ocrx_word' id='word_1_178' title='bbox 190 1383 305 1440; x_wconf 90' lang='lat' dir='ltr'>laudem</span> <span class='ocrx_word' id='word_1_179' title='bbox 333 1382 429 1438; x_wconf 91' lang='lat' dir='ltr'>statim</span> <span class='ocrx_word' id='word_1_180' title='bbox 462 1381 648 1451; x_wconf 85' lang='lat' dir='ltr'>prosequitur</span> <span class='ocrx_word' id='word_1_181' title='bbox 675 1380 785 1436; x_wconf 90' lang='lat' dir='ltr'>dicens:</span> <span class='ocrx_word' id='word_1_182' title='bbox 814 1379 977 1434; x_wconf 82' lang='lat' dir='ltr'>Immortalis</span> <span class='ocrx_word' id='word_1_183' title='bbox 1032 1383 1133 1436; x_wconf 82' lang='lat' dir='ltr'>Mulier</span> <span class='ocrx_word' id='word_1_184' title='bbox 1150 1382 1206 1434; x_wconf 88' lang='lat' dir='ltr'>oiri</span> <span class='ocrx_word' id='word_1_185' title='bbox 1230 1382 1384 1450; x_wconf 84' lang='lat' dir='ltr'>pretiosam</span> <span class='ocrx_word' id='word_1_186' title='bbox 1405 1380 1525 1432; x_wconf 79' lang='lat' dir='ltr'>citimam</span> <span class='ocrx_word' id='word_1_187' title='bbox 1555 1377 1640 1446; x_wconf 81' lang='lat' dir='ltr'>capit.</span> <span class='ocrx_word' id='word_1_188' title='bbox 1656 1372 1792 1442; x_wconf 82' lang='lat' dir='ltr'>Nunpuid</span> <span class='ocrx_word' id='word_1_189' title='bbox 1816 1371 1873 1426; x_wconf 83' lang='lat' dir='ltr'>obs-</span> 
     </span>
     <span class='ocr_line' id='line_1_15' title="bbox 130 1462 1870 1540; baseline -0.009 -12"><span class='ocrx_word' id='word_1_190' title='bbox 130 1474 203 1528; x_wconf 88' lang='lat' dir='ltr'>enim</span> <span class='ocrx_word' id='word_1_191' title='bbox 222 1477 262 1527; x_wconf 89' lang='lat' dir='ltr'>est</span> <span class='ocrx_word' id='word_1_192' title='bbox 275 1474 404 1526; x_wconf 86' lang='lat' dir='ltr'>memoria</span> <span class='ocrx_word' id='word_1_193' title='bbox 434 1471 523 1536; x_wconf 86' lang='lat' dir='ltr'>iilius,</span> <span class='ocrx_word' id='word_1_194' title='bbox 553 1471 681 1535; x_wconf 80' lang='lat' dir='ltr'>qnoniam</span> <span class='ocrx_word' id='word_1_195' title='bbox 704 1469 779 1540; x_wconf 86' lang='lat' dir='ltr'>apud</span> <span class='ocrx_word' id='word_1_196' title='bbox 806 1471 889 1523; x_wconf 86' lang='lat' dir='ltr'>Deum</span> <span class='ocrx_word' id='word_1_197' title='bbox 913 1472 979 1520; x_wconf 90' lang='lat' dir='ltr'>nota</span> <span class='ocrx_word' id='word_1_198' title='bbox 1033 1469 1146 1525; x_wconf 87' lang='lat' dir='ltr'>condere</span> <span class='ocrx_word' id='word_1_199' title='bbox 1170 1473 1261 1539; x_wconf 90' lang='lat' dir='ltr'>potest</span> <span class='ocrx_word' id='word_1_200' title='bbox 1286 1468 1361 1523; x_wconf 84' lang='lat' dir='ltr'>bomo</span> <span class='ocrx_word' id='word_1_201' title='bbox 1392 1469 1482 1534; x_wconf 76' lang='lat' dir='ltr'>ionem</span> <span class='ocrx_word' id='word_1_202' title='bbox 1513 1468 1543 1519; x_wconf 91' lang='lat' dir='ltr'>in</span> <span class='ocrx_word' id='word_1_203' title='bbox 1568 1468 1631 1519; x_wconf 88' lang='lat' dir='ltr'>sinu</span> <span class='ocrx_word' id='word_1_204' title='bbox 1650 1477 1710 1529; x_wconf 87' lang='lat' dir='ltr'>suo,</span> <span class='ocrx_word' id='word_1_205' title='bbox 1737 1465 1770 1516; x_wconf 87' lang='lat' dir='ltr'>ut</span> <span class='ocrx_word' id='word_1_206' title='bbox 1799 1462 1870 1516; x_wconf 78' lang='lat' dir='ltr'>oesti-</span> 
     </span>
     <span class='ocr_line' id='line_1_16' title="bbox 130 1554 1871 1631; baseline -0.007 -15"><span class='ocrx_word' id='word_1_207' title='bbox 130 1564 179 1630; x_wconf 88' lang='lat' dir='ltr'>est,</span> <span class='ocrx_word' id='word_1_208' title='bbox 198 1565 224 1616; x_wconf 87' lang='lat' dir='ltr'>et</span> <span class='ocrx_word' id='word_1_209' title='bbox 251 1559 328 1631; x_wconf 88' lang='lat' dir='ltr'>apud</span> <span class='ocrx_word' id='word_1_210' title='bbox 359 1561 478 1615; x_wconf 79' lang='lat' dir='ltr'>domines</span> <span class='ocrx_word' id='word_1_211' title='bbox 496 1558 598 1629; x_wconf 70' lang='lat' dir='ltr'>(ibid).</span> <span class='ocrx_word' id='word_1_212' title='bbox 616 1559 687 1614; x_wconf 86' lang='lat' dir='ltr'>Cum</span> <span class='ocrx_word' id='word_1_213' title='bbox 710 1571 836 1628; x_wconf 89' lang='lat' dir='ltr'>praesens</span> <span class='ocrx_word' id='word_1_214' title='bbox 852 1563 894 1613; x_wconf 90' lang='lat' dir='ltr'>est</span> <span class='ocrx_word' id='word_1_215' title='bbox 909 1555 977 1611; x_wconf 89' lang='lat' dir='ltr'>imi-</span> <span class='ocrx_word' id='word_1_216' title='bbox 1033 1565 1124 1614; x_wconf 87' lang='lat' dir='ltr'>menta</span> <span class='ocrx_word' id='word_1_217' title='bbox 1141 1559 1215 1612; x_wconf 87' lang='lat' dir='ltr'>illius</span> <span class='ocrx_word' id='word_1_218' title='bbox 1230 1574 1284 1613; x_wconf 90' lang='lat' dir='ltr'>non</span> <span class='ocrx_word' id='word_1_219' title='bbox 1299 1557 1431 1623; x_wconf 86' lang='lat' dir='ltr'>ardeant;</span> <span class='ocrx_word' id='word_1_220' title='bbox 1448 1560 1495 1610; x_wconf 83' lang='lat' dir='ltr'>aul</span> <span class='ocrx_word' id='word_1_221' title='bbox 1522 1554 1662 1608; x_wconf 87' lang='lat' dir='ltr'>ambulare</span> <span class='ocrx_word' id='word_1_222' title='bbox 1675 1566 1759 1622; x_wconf 86' lang='lat' dir='ltr'>super</span> <span class='ocrx_word' id='word_1_223' title='bbox 1775 1564 1871 1620; x_wconf 75' lang='lat' dir='ltr'>primas</span> 
     </span>
     <span class='ocr_line' id='line_1_17' title="bbox 28 1637 1869 1717; baseline -0.007 -9"><span class='ocrx_word' id='word_1_224' title='bbox 28 1657 31 1661; x_wconf 83' lang='grc'><strong>“</strong></span> <span class='ocrx_word' id='word_1_225' title='bbox 129 1656 230 1707; x_wconf 89' lang='lat' dir='ltr'>tantur</span> <span class='ocrx_word' id='word_1_226' title='bbox 244 1649 339 1717; x_wconf 87' lang='lat' dir='ltr'>illam;</span> <span class='ocrx_word' id='word_1_227' title='bbox 367 1656 394 1705; x_wconf 91' lang='lat' dir='ltr'>et</span> <span class='ocrx_word' id='word_1_228' title='bbox 415 1647 578 1704; x_wconf 89' lang='lat' dir='ltr'>desiderant</span> <span class='ocrx_word' id='word_1_229' title='bbox 597 1661 660 1704; x_wconf 90' lang='lat' dir='ltr'>eam</span> <span class='ocrx_word' id='word_1_230' title='bbox 689 1661 754 1702; x_wconf 89' lang='lat' dir='ltr'>oum</span> <span class='ocrx_word' id='word_1_231' title='bbox 780 1661 810 1702; x_wconf 88' lang='lat' dir='ltr'>se</span> <span class='ocrx_word' id='word_1_232' title='bbox 831 1644 976 1710; x_wconf 83' lang='lat' dir='ltr'>eduxerit,</span> <span class='ocrx_word' id='word_1_233' title='bbox 1032 1651 1058 1702; x_wconf 87' lang='lat' dir='ltr'>et</span> <span class='ocrx_word' id='word_1_234' title='bbox 1082 1662 1137 1702; x_wconf 88' lang='lat' dir='ltr'>mon</span> <span class='ocrx_word' id='word_1_235' title='bbox 1176 1645 1370 1700; x_wconf 85' lang='lat' dir='ltr'>comburantur</span> <span class='ocrx_word' id='word_1_236' title='bbox 1397 1644 1503 1714; x_wconf 80' lang='lat' dir='ltr'>plante</span> <span class='ocrx_word' id='word_1_237' title='bbox 1530 1642 1620 1712; x_wconf 79' lang='lat' dir='ltr'>ejus?</span> <span class='ocrx_word' id='word_1_238' title='bbox 1648 1641 1741 1711; x_wconf 76' lang='lat' dir='ltr'>(Pron</span> <span class='ocrx_word' id='word_1_239' title='bbox 1769 1653 1807 1707; x_wconf 90' lang='lat' dir='ltr'>vt,</span> <span class='ocrx_word' id='word_1_240' title='bbox 1831 1637 1869 1703; x_wconf 77' lang='lat' dir='ltr'>ti,</span> 
     </span>
     <span class='ocr_line' id='line_1_18' title="bbox 128 1730 1870 1808; baseline -0.009 -14"><span class='ocrx_word' id='word_1_241' title='bbox 128 1738 202 1795; x_wconf 91' lang='lat' dir='ltr'>etin</span> <span class='ocrx_word' id='word_1_242' title='bbox 226 1745 397 1808; x_wconf 90' lang='lat' dir='ltr'>perpetuum</span> <span class='ocrx_word' id='word_1_243' title='bbox 423 1742 561 1792; x_wconf 89' lang='lat' dir='ltr'>coronata</span> <span class='ocrx_word' id='word_1_244' title='bbox 580 1735 750 1805; x_wconf 86' lang='lat' dir='ltr'>triumphat,</span> <span class='ocrx_word' id='word_1_245' title='bbox 772 1733 975 1805; x_wconf 85' lang='lat' dir='ltr'>incoinquina-</span> <span class='ocrx_word' id='word_1_246' title='bbox 1030 1739 1075 1805; x_wconf 80' lang='lat'>27,</span> <span class='ocrx_word' id='word_1_247' title='bbox 1115 1735 1173 1807; x_wconf 78' lang='lat'><strong>28.)</strong></span> <span class='ocrx_word' id='word_1_248' title='bbox 1205 1738 1290 1791; x_wconf 90' lang='lat' dir='ltr'>ltem:</span> <span class='ocrx_word' id='word_1_249' title='bbox 1320 1737 1369 1789; x_wconf 84' lang='lat' dir='ltr'>llio</span> <span class='ocrx_word' id='word_1_250' title='bbox 1395 1733 1559 1802; x_wconf 83' lang='lat' dir='ltr'>Sapientiae:</span> <span class='ocrx_word' id='word_1_251' title='bbox 1587 1730 1669 1787; x_wconf 85' lang='lat' dir='ltr'>Soror</span> <span class='ocrx_word' id='word_1_252' title='bbox 1692 1744 1754 1784; x_wconf 91' lang='lat' dir='ltr'>mea</span> <span class='ocrx_word' id='word_1_253' title='bbox 1780 1742 1826 1794; x_wconf 71' lang='grc' dir='ltr'>εις</span> <span class='ocrx_word' id='word_1_254' title='bbox 1850 1731 1870 1779; x_wconf 83' lang='lat' dir='ltr'>rt</span> 
     </span>
     <span class='ocr_line' id='line_1_19' title="bbox 128 1818 1869 1898; baseline -0.009 -14"><span class='ocrx_word' id='word_1_255' title='bbox 128 1834 227 1884; x_wconf 92' lang='lat' dir='ltr'>torum</span> <span class='ocrx_word' id='word_1_256' title='bbox 250 1825 442 1883; x_wconf 88' lang='lat' dir='ltr'>certaminum</span> <span class='ocrx_word' id='word_1_257' title='bbox 461 1823 612 1895; x_wconf 85' lang='lat' dir='ltr'>praemium</span> <span class='ocrx_word' id='word_1_258' title='bbox 628 1824 755 1892; x_wconf 89' lang='lat' dir='ltr'>vincens,</span> <span class='ocrx_word' id='word_1_259' title='bbox 772 1838 861 1895; x_wconf 86' lang='lat' dir='ltr'>quam</span> <span class='ocrx_word' id='word_1_260' title='bbox 875 1829 903 1878; x_wconf 93' lang='lat' dir='ltr'>et</span> <span class='ocrx_word' id='word_1_261' title='bbox 917 1822 976 1879; x_wconf 87' lang='lat' dir='ltr'>Va·</span> <span class='ocrx_word' id='word_1_262' title='bbox 1029 1824 1205 1898; x_wconf 83' lang='lat' dir='ltr'>prudentiam</span> <span class='ocrx_word' id='word_1_263' title='bbox 1239 1839 1310 1897; x_wconf 81' lang='lat' dir='ltr'>voca</span> <span class='ocrx_word' id='word_1_264' title='bbox 1333 1824 1453 1877; x_wconf 87' lang='lat' dir='ltr'>animam</span> <span class='ocrx_word' id='word_1_265' title='bbox 1482 1827 1568 1891; x_wconf 78' lang='lat' dir='ltr'>trram,</span> <span class='ocrx_word' id='word_1_266' title='bbox 1594 1825 1625 1876; x_wconf 84' lang='lat' dir='ltr'>at</span> <span class='ocrx_word' id='word_1_267' title='bbox 1645 1818 1787 1877; x_wconf 82' lang='lat' dir='ltr'>custodiat</span> <span class='ocrx_word' id='word_1_268' title='bbox 1814 1822 1869 1871; x_wconf 86' lang='lat' dir='ltr'>tea</span> 
     </span>
     <span class='ocr_line' id='line_1_20' title="bbox 128 1906 1869 1986; baseline -0.007 -14"><span class='ocrx_word' id='word_1_269' title='bbox 128 1916 199 1972; x_wconf 86' lang='lat' dir='ltr'>ritas</span> <span class='ocrx_word' id='word_1_270' title='bbox 230 1914 366 1986; x_wconf 89' lang='lat' dir='ltr'>apostolis</span> <span class='ocrx_word' id='word_1_271' title='bbox 393 1913 522 1984; x_wconf 77' lang='lat' dir='ltr'>injungit</span> <span class='ocrx_word' id='word_1_272' title='bbox 546 1913 662 1969; x_wconf 88' lang='lat' dir='ltr'>dicens:</span> <span class='ocrx_word' id='word_1_273' title='bbox 692 1912 754 1968; x_wconf 87' lang='lat' dir='ltr'>Sint</span> <span class='ocrx_word' id='word_1_274' title='bbox 784 1912 869 1966; x_wconf 85' lang='lat' dir='ltr'>lumbi</span> <span class='ocrx_word' id='word_1_275' title='bbox 892 1911 977 1966; x_wconf 83' lang='lat' dir='ltr'>uestri</span> <span class='ocrx_word' id='word_1_276' title='bbox 1030 1914 1142 1969; x_wconf 88' lang='lat' dir='ltr'>muliere</span> <span class='ocrx_word' id='word_1_277' title='bbox 1167 1918 1316 1980; x_wconf 71' lang='lat' dir='ltr'>tatrones,</span> <span class='ocrx_word' id='word_1_278' title='bbox 1347 1927 1407 1978; x_wconf 82' lang='lat' dir='ltr'>quae</span> <span class='ocrx_word' id='word_1_279' title='bbox 1439 1910 1521 1965; x_wconf 82' lang='lat' dir='ltr'>uerba</span> <span class='ocrx_word' id='word_1_280' title='bbox 1549 1924 1600 1964; x_wconf 79' lang='lat' dir='ltr'>sita</span> <span class='ocrx_word' id='word_1_281' title='bbox 1625 1906 1869 1974; x_wconf 69' lang='lat' dir='ltr'>dalmatarum</span> 
     </span>
     <span class='ocr_line' id='line_1_21' title="bbox 125 1998 1869 2077; baseline -0.005 -18"><span class='ocrx_word' id='word_1_282' title='bbox 125 2003 361 2077; x_wconf 79' lang='lat' dir='ltr'>praecinctilbuc.</span> <span class='ocrx_word' id='word_1_283' title='bbox 390 2017 443 2071; x_wconf 76' lang='grc' dir='ltr'>ιιι,</span> <span class='ocrx_word' id='word_1_284' title='bbox 460 2003 516 2074; x_wconf 86' lang='grc'>35),</span> <span class='ocrx_word' id='word_1_285' title='bbox 532 2009 559 2057; x_wconf 91' lang='lat' dir='ltr'>et</span> <span class='ocrx_word' id='word_1_286' title='bbox 579 2001 732 2072; x_wconf 85' lang='lat' dir='ltr'>Apostolus</span> <span class='ocrx_word' id='word_1_287' title='bbox 755 2001 882 2057; x_wconf 88' lang='lat' dir='ltr'>maxime</span> <span class='ocrx_word' id='word_1_288' title='bbox 900 2014 975 2056; x_wconf 91' lang='lat' dir='ltr'>com·</span> <span class='ocrx_word' id='word_1_289' title='bbox 1030 2005 1151 2071; x_wconf 70' lang='lat' dir='ltr'>fenestra</span> <span class='ocrx_word' id='word_1_290' title='bbox 1174 2004 1244 2057; x_wconf 89' lang='lat' dir='ltr'>enim</span> <span class='ocrx_word' id='word_1_291' title='bbox 1272 2002 1369 2057; x_wconf 86' lang='lat' dir='ltr'>domas</span> <span class='ocrx_word' id='word_1_292' title='bbox 1397 2016 1496 2056; x_wconf 76' lang='lat' dir='ltr'>meae...</span> <span class='ocrx_word' id='word_1_293' title='bbox 1519 2000 1682 2070; x_wconf 74' lang='lat' dir='ltr'>prospect...</span> <span class='ocrx_word' id='word_1_294' title='bbox 1704 1998 1869 2059; x_wconf 78' lang='lat' dir='ltr'>iuvenem...</span> 
     </span>
     <span class='ocr_line' id='line_1_22' title="bbox 129 2087 1871 2168; baseline -0.006 -18"><span class='ocrx_word' id='word_1_295' title='bbox 129 2093 247 2168; x_wconf 78' lang='lat' dir='ltr'>mendat</span> <span class='ocrx_word' id='word_1_296' title='bbox 276 2093 390 2149; x_wconf 89' lang='lat' dir='ltr'>dicens:</span> <span class='ocrx_word' id='word_1_297' title='bbox 418 2094 523 2147; x_wconf 87' lang='lat' dir='ltr'>Bonum</span> <span class='ocrx_word' id='word_1_298' title='bbox 556 2096 595 2145; x_wconf 91' lang='lat' dir='ltr'>est</span> <span class='ocrx_word' id='word_1_299' title='bbox 622 2090 726 2145; x_wconf 81' lang='lat' dir='ltr'>domini</span> <span class='ocrx_word' id='word_1_300' title='bbox 753 2091 893 2151; x_wconf 82' lang='lat' dir='ltr'>mulierem</span> <span class='ocrx_word' id='word_1_301' title='bbox 922 2104 976 2143; x_wconf 89' lang='lat' dir='ltr'>non</span> <span class='ocrx_word' id='word_1_302' title='bbox 1031 2096 1056 2147; x_wconf 90' lang='lat' dir='ltr'>et</span> <span class='ocrx_word' id='word_1_303' title='bbox 1071 2093 1371 2147; x_wconf 86' lang='lat' dir='ltr'>eoeemulieroeaurrit</span> <span class='ocrx_word' id='word_1_304' title='bbox 1388 2092 1412 2145; x_wconf 91' lang='lat' dir='ltr'>ei</span> <span class='ocrx_word' id='word_1_305' title='bbox 1432 2094 1530 2144; x_wconf 81' lang='lat' dir='ltr'>mnata</span> <span class='ocrx_word' id='word_1_306' title='bbox 1545 2088 1698 2143; x_wconf 82' lang='lat' dir='ltr'>meretricia</span> <span class='ocrx_word' id='word_1_307' title='bbox 1716 2087 1871 2156; x_wconf 70' lang='lat' dir='ltr'>preparato</span> 
     </span>
     <span class='ocr_line' id='line_1_23' title="bbox 130 2173 1871 2251; baseline -0.003 -17"><span class='ocrx_word' id='word_1_308' title='bbox 130 2186 243 2248; x_wconf 83' lang='lat' dir='ltr'>tanpere</span> <span class='ocrx_word' id='word_1_309' title='bbox 268 2180 293 2250; x_wconf 84' lang='lat' dir='ltr'>(l</span> <span class='ocrx_word' id='word_1_310' title='bbox 308 2181 368 2236; x_wconf 80' lang='lat' dir='ltr'>dor.</span> <span class='ocrx_word' id='word_1_311' title='bbox 394 2195 444 2246; x_wconf 86' lang='grc' dir='ltr'>ιιι,</span> <span class='ocrx_word' id='word_1_312' title='bbox 470 2180 506 2250; x_wconf 84' lang='lat' dir='ltr'>l).</span> <span class='ocrx_word' id='word_1_313' title='bbox 523 2178 558 2233; x_wconf 88' lang='grc' dir='ltr'>Ει</span> <span class='ocrx_word' id='word_1_314' title='bbox 580 2178 666 2234; x_wconf 87' lang='lat' dir='ltr'>item:</span> <span class='ocrx_word' id='word_1_315' title='bbox 693 2179 757 2234; x_wconf 91' lang='lat' dir='ltr'>Volo</span> <span class='ocrx_word' id='word_1_316' title='bbox 779 2183 871 2233; x_wconf 88' lang='lat' dir='ltr'>autem</span> <span class='ocrx_word' id='word_1_317' title='bbox 886 2192 975 2232; x_wconf 87' lang='lat' dir='ltr'>omnes</span> <span class='ocrx_word' id='word_1_318' title='bbox 1030 2180 1068 2236; x_wconf 88' lang='lat' dir='ltr'>ad</span> <span class='ocrx_word' id='word_1_319' title='bbox 1092 2180 1242 2251; x_wconf 85' lang='lat' dir='ltr'>capiendas</span> <span class='ocrx_word' id='word_1_320' title='bbox 1266 2183 1372 2235; x_wconf 84' lang='lat' dir='ltr'>artimus</span> <span class='ocrx_word' id='word_1_321' title='bbox 1397 2179 1490 2250; x_wconf 85' lang='lat' dir='ltr'>(Pron.</span> <span class='ocrx_word' id='word_1_322' title='bbox 1512 2193 1561 2246; x_wconf 91' lang='grc' dir='ltr'>ιιι,</span> <span class='ocrx_word' id='word_1_323' title='bbox 1576 2179 1593 2231; x_wconf 78' lang='lat'><strong>4</strong></span> <span class='ocrx_word' id='word_1_324' title='bbox 1607 2183 1635 2234; x_wconf 91' lang='lat' dir='ltr'>et</span> <span class='ocrx_word' id='word_1_325' title='bbox 1649 2175 1755 2247; x_wconf 64' lang='lat' dir='ltr'>sequ).</span> <span class='ocrx_word' id='word_1_326' title='bbox 1777 2173 1871 2230; x_wconf 80' lang='lat' dir='ltr'>Statim</span> 
     </span>
     <span class='ocr_line' id='line_1_24' title="bbox 129 2262 1872 2340; baseline -0.002 -17"><span class='ocrx_word' id='word_1_327' title='bbox 129 2269 251 2323; x_wconf 78' lang='lat' dir='ltr'>nomines</span> <span class='ocrx_word' id='word_1_328' title='bbox 272 2283 329 2322; x_wconf 87' lang='lat' dir='ltr'>esse</span> <span class='ocrx_word' id='word_1_329' title='bbox 356 2272 426 2322; x_wconf 86' lang='lat' dir='ltr'>sicat</span> <span class='ocrx_word' id='word_1_330' title='bbox 448 2269 597 2337; x_wconf 80' lang='lat' dir='ltr'>meipsum3</span> <span class='ocrx_word' id='word_1_331' title='bbox 625 2267 674 2322; x_wconf 89' lang='lat' dir='ltr'>sed</span> <span class='ocrx_word' id='word_1_332' title='bbox 701 2269 890 2337; x_wconf 80' lang='lat' dir='ltr'>unusquisque</span> <span class='ocrx_word' id='word_1_333' title='bbox 911 2281 976 2336; x_wconf 90' lang='lat' dir='ltr'>pro·</span> <span class='ocrx_word' id='word_1_334' title='bbox 1031 2286 1089 2326; x_wconf 90' lang='lat' dir='ltr'>eam</span> <span class='ocrx_word' id='word_1_335' title='bbox 1111 2272 1244 2340; x_wconf 78' lang='lat' dir='ltr'>sequitur,</span> <span class='ocrx_word' id='word_1_336' title='bbox 1261 2271 1343 2340; x_wconf 75' lang='lat' dir='ltr'>quasi</span> <span class='ocrx_word' id='word_1_337' title='bbox 1365 2270 1409 2323; x_wconf 88' lang='lat' dir='ltr'>dos</span> <span class='ocrx_word' id='word_1_338' title='bbox 1439 2268 1536 2322; x_wconf 86' lang='lat' dir='ltr'>ductus</span> <span class='ocrx_word' id='word_1_339' title='bbox 1551 2267 1588 2321; x_wconf 87' lang='lat' dir='ltr'>nd</span> <span class='ocrx_word' id='word_1_340' title='bbox 1606 2262 1781 2321; x_wconf 67' lang='lat' dir='ltr'>uictimam...</span> <span class='ocrx_word' id='word_1_341' title='bbox 1797 2264 1872 2332; x_wconf 75' lang='lat' dir='ltr'>tana-</span> 
     </span>
     <span class='ocr_line' id='line_1_25' title="bbox 126 2353 1870 2429; baseline -0.004 -15"><span class='ocrx_word' id='word_1_342' title='bbox 126 2361 223 2429; x_wconf 87' lang='lat' dir='ltr'>prium</span> <span class='ocrx_word' id='word_1_343' title='bbox 252 2358 332 2413; x_wconf 83' lang='lat' dir='ltr'>babet</span> <span class='ocrx_word' id='word_1_344' title='bbox 356 2358 456 2413; x_wconf 85' lang='lat' dir='ltr'>donum</span> <span class='ocrx_word' id='word_1_345' title='bbox 479 2374 513 2412; x_wconf 80' lang='lat' dir='ltr'>ea</span> <span class='ocrx_word' id='word_1_346' title='bbox 526 2359 598 2424; x_wconf 86' lang='lat' dir='ltr'>lieo;</span> <span class='ocrx_word' id='word_1_347' title='bbox 614 2358 685 2412; x_wconf 88' lang='lat' dir='ltr'>alius</span> <span class='ocrx_word' id='word_1_348' title='bbox 708 2358 817 2423; x_wconf 83' lang='lat' dir='ltr'>quidem</span> <span class='ocrx_word' id='word_1_349' title='bbox 840 2360 888 2421; x_wconf 88' lang='lat' dir='ltr'>sic,</span> <span class='ocrx_word' id='word_1_350' title='bbox 904 2359 976 2413; x_wconf 87' lang='lat' dir='ltr'>alias</span> <span class='ocrx_word' id='word_1_351' title='bbox 1031 2375 1096 2414; x_wconf 91' lang='lat' dir='ltr'>rans</span> <span class='ocrx_word' id='word_1_352' title='bbox 1114 2360 1185 2429; x_wconf 82' lang='lat' dir='ltr'>quod</span> <span class='ocrx_word' id='word_1_353' title='bbox 1199 2360 1236 2414; x_wconf 86' lang='lat' dir='ltr'>ad</span> <span class='ocrx_word' id='word_1_354' title='bbox 1253 2359 1363 2414; x_wconf 84' lang='lat' dir='ltr'>uincula</span> <span class='ocrx_word' id='word_1_355' title='bbox 1381 2358 1482 2413; x_wconf 86' lang='lat' dir='ltr'>stultus</span> <span class='ocrx_word' id='word_1_356' title='bbox 1507 2358 1645 2424; x_wconf 86' lang='lat' dir='ltr'>trabatur,</span> <span class='ocrx_word' id='word_1_357' title='bbox 1666 2354 1750 2410; x_wconf 82' lang='lat' dir='ltr'>danea</span> <span class='ocrx_word' id='word_1_358' title='bbox 1769 2353 1870 2420; x_wconf 74' lang='lat' dir='ltr'>iratist·</span> 
     </span>
     <span class='ocr_line' id='line_1_26' title="bbox 127 2443 1869 2519; baseline -0.002 -14"><span class='ocrx_word' id='word_1_359' title='bbox 127 2464 191 2505; x_wconf 87' lang='lat' dir='ltr'>uero</span> <span class='ocrx_word' id='word_1_360' title='bbox 205 2449 254 2503; x_wconf 90' lang='lat' dir='ltr'>sic.</span> <span class='ocrx_word' id='word_1_361' title='bbox 281 2450 346 2502; x_wconf 84' lang='lat' dir='ltr'>Dico</span> <span class='ocrx_word' id='word_1_362' title='bbox 362 2453 453 2501; x_wconf 86' lang='lat' dir='ltr'>autern</span> <span class='ocrx_word' id='word_1_363' title='bbox 472 2463 527 2504; x_wconf 90' lang='lat' dir='ltr'>mou</span> <span class='ocrx_word' id='word_1_364' title='bbox 546 2448 640 2516; x_wconf 87' lang='lat' dir='ltr'>nuptis</span> <span class='ocrx_word' id='word_1_365' title='bbox 655 2450 680 2501; x_wconf 88' lang='lat' dir='ltr'>et</span> <span class='ocrx_word' id='word_1_366' title='bbox 705 2447 808 2517; x_wconf 84' lang='lat' dir='ltr'>viduis,</span> <span class='ocrx_word' id='word_1_367' title='bbox 830 2448 927 2502; x_wconf 89' lang='lat' dir='ltr'>bonum</span> <span class='ocrx_word' id='word_1_368' title='bbox 942 2449 974 2501; x_wconf 91' lang='lat' dir='ltr'>il·</span> <span class='ocrx_word' id='word_1_369' title='bbox 1030 2455 1079 2518; x_wconf 83' lang='lat' dir='ltr'>pat</span> <span class='ocrx_word' id='word_1_370' title='bbox 1091 2451 1194 2518; x_wconf 85' lang='lat' dir='ltr'>sapitta</span> <span class='ocrx_word' id='word_1_371' title='bbox 1207 2465 1252 2505; x_wconf 87' lang='lat' dir='ltr'>cor</span> <span class='ocrx_word' id='word_1_372' title='bbox 1266 2449 1334 2519; x_wconf 87' lang='lat' dir='ltr'>ejus,</span> <span class='ocrx_word' id='word_1_373' title='bbox 1351 2449 1424 2503; x_wconf 86' lang='lat' dir='ltr'>uelut</span> <span class='ocrx_word' id='word_1_374' title='bbox 1438 2452 1463 2502; x_wconf 91' lang='lat' dir='ltr'>si</span> <span class='ocrx_word' id='word_1_375' title='bbox 1478 2448 1538 2501; x_wconf 87' lang='lat' dir='ltr'>auis</span> <span class='ocrx_word' id='word_1_376' title='bbox 1554 2448 1665 2514; x_wconf 77' lang='lat' dir='ltr'>festinet</span> <span class='ocrx_word' id='word_1_377' title='bbox 1677 2443 1716 2498; x_wconf 89' lang='lat' dir='ltr'>ad</span> <span class='ocrx_word' id='word_1_378' title='bbox 1731 2443 1869 2508; x_wconf 72' lang='lat' dir='ltr'>tantm:</span> 
     </span>
     <span class='ocr_line' id='line_1_27' title="bbox 128 2532 1868 2608; baseline -0.003 -18"><span class='ocrx_word' id='word_1_379' title='bbox 128 2536 163 2591; x_wconf 86' lang='lat' dir='ltr'>lis</span> <span class='ocrx_word' id='word_1_380' title='bbox 182 2539 232 2602; x_wconf 92' lang='lat' dir='ltr'>est,</span> <span class='ocrx_word' id='word_1_381' title='bbox 249 2536 273 2590; x_wconf 88' lang='lat' dir='ltr'>si</span> <span class='ocrx_word' id='word_1_382' title='bbox 294 2538 333 2589; x_wconf 90' lang='lat' dir='ltr'>sio</span> <span class='ocrx_word' id='word_1_383' title='bbox 356 2543 535 2603; x_wconf 88' lang='lat' dir='ltr'>permaneant</span> <span class='ocrx_word' id='word_1_384' title='bbox 548 2537 618 2592; x_wconf 85' lang='lat' dir='ltr'>siottt</span> <span class='ocrx_word' id='word_1_385' title='bbox 632 2537 658 2587; x_wconf 86' lang='lat' dir='ltr'>et</span> <span class='ocrx_word' id='word_1_386' title='bbox 672 2548 736 2600; x_wconf 82' lang='lat' dir='ltr'>epo:</span> <span class='ocrx_word' id='word_1_387' title='bbox 760 2535 832 2604; x_wconf 82' lang='lat' dir='ltr'>quod</span> <span class='ocrx_word' id='word_1_388' title='bbox 845 2539 870 2589; x_wconf 91' lang='lat' dir='ltr'>si</span> <span class='ocrx_word' id='word_1_389' title='bbox 881 2550 909 2589; x_wconf 91' lang='lat' dir='ltr'>se</span> <span class='ocrx_word' id='word_1_390' title='bbox 922 2549 977 2590; x_wconf 90' lang='lat' dir='ltr'>non</span> <span class='ocrx_word' id='word_1_391' title='bbox 1030 2543 1060 2594; x_wconf 92' lang='lat' dir='ltr'>at</span> <span class='ocrx_word' id='word_1_392' title='bbox 1083 2540 1166 2594; x_wconf 85' lang='lat' dir='ltr'>nescit</span> <span class='ocrx_word' id='word_1_393' title='bbox 1182 2540 1248 2608; x_wconf 80' lang='lat' dir='ltr'>quia</span> <span class='ocrx_word' id='word_1_394' title='bbox 1273 2538 1307 2592; x_wconf 86' lang='lat' dir='ltr'>de</span> <span class='ocrx_word' id='word_1_395' title='bbox 1329 2538 1449 2608; x_wconf 86' lang='lat' dir='ltr'>periculo</span> <span class='ocrx_word' id='word_1_396' title='bbox 1472 2539 1570 2591; x_wconf 88' lang='lat' dir='ltr'>animae</span> <span class='ocrx_word' id='word_1_397' title='bbox 1584 2535 1661 2589; x_wconf 86' lang='lat' dir='ltr'>itlius</span> <span class='ocrx_word' id='word_1_398' title='bbox 1679 2536 1784 2601; x_wconf 78' lang='lat' dir='ltr'>upitur.</span> <span class='ocrx_word' id='word_1_399' title='bbox 1801 2532 1868 2587; x_wconf 78' lang='lat' dir='ltr'>nme</span> 
     </span>
     <span class='ocr_line' id='line_1_28' title="bbox 128 2621 1868 2698; baseline -0.003 -17"><span class='ocrx_word' id='word_1_400' title='bbox 128 2629 277 2692; x_wconf 84' lang='lat' dir='ltr'>continent,</span> <span class='ocrx_word' id='word_1_401' title='bbox 304 2623 410 2679; x_wconf 84' lang='lat' dir='ltr'>nudant</span> <span class='ocrx_word' id='word_1_402' title='bbox 429 2624 520 2695; x_wconf 74' lang='lat' dir='ltr'>(ibid,</span> <span class='ocrx_word' id='word_1_403' title='bbox 548 2623 644 2696; x_wconf 78' lang='lat' dir='ltr'>7,8,9l.</span> <span class='ocrx_word' id='word_1_404' title='bbox 665 2623 700 2679; x_wconf 85' lang='lat' dir='ltr'>Et</span> <span class='ocrx_word' id='word_1_405' title='bbox 721 2638 841 2681; x_wconf 87' lang='lat' dir='ltr'>rursus:</span> <span class='ocrx_word' id='word_1_406' title='bbox 858 2627 895 2679; x_wconf 83' lang='lat' dir='ltr'>lie</span> <span class='ocrx_word' id='word_1_407' title='bbox 915 2627 974 2679; x_wconf 86' lang='lat' dir='ltr'>uir·</span> <span class='ocrx_word' id='word_1_408' title='bbox 1030 2643 1103 2697; x_wconf 81' lang='lat' dir='ltr'>erpo,</span> <span class='ocrx_word' id='word_1_409' title='bbox 1132 2629 1173 2698; x_wconf 77' lang='lat' dir='ltr'>pli</span> <span class='ocrx_word' id='word_1_410' title='bbox 1199 2628 1247 2694; x_wconf 86' lang='lat' dir='ltr'>mi,</span> <span class='ocrx_word' id='word_1_411' title='bbox 1270 2626 1338 2681; x_wconf 87' lang='lat' dir='ltr'>audi</span> <span class='ocrx_word' id='word_1_412' title='bbox 1361 2643 1413 2693; x_wconf 85' lang='lat' dir='ltr'>me,</span> <span class='ocrx_word' id='word_1_413' title='bbox 1430 2642 1463 2681; x_wconf 89' lang='lat' dir='ltr'>ue</span> <span class='ocrx_word' id='word_1_414' title='bbox 1485 2625 1663 2680; x_wconf 82' lang='lat' dir='ltr'>abstrabatur</span> <span class='ocrx_word' id='word_1_415' title='bbox 1684 2622 1785 2677; x_wconf 69' lang='lat' dir='ltr'>inoim</span> <span class='ocrx_word' id='word_1_416' title='bbox 1803 2621 1868 2676; x_wconf 75' lang='lat' dir='ltr'>illias</span> 
     </span>
     <span class='ocr_line' id='line_1_29' title="bbox 128 2711 1867 2786; baseline -0.003 -17"><span class='ocrx_word' id='word_1_417' title='bbox 128 2715 237 2784; x_wconf 85' lang='lat' dir='ltr'>pinibus</span> <span class='ocrx_word' id='word_1_418' title='bbox 276 2719 368 2768; x_wconf 88' lang='lat' dir='ltr'>autern</span> <span class='ocrx_word' id='word_1_419' title='bbox 392 2722 558 2786; x_wconf 74' lang='lat' dir='ltr'>preceptum</span> <span class='ocrx_word' id='word_1_420' title='bbox 586 2714 695 2769; x_wconf 86' lang='lat' dir='ltr'>Domini</span> <span class='ocrx_word' id='word_1_421' title='bbox 710 2730 764 2769; x_wconf 90' lang='lat' dir='ltr'>non</span> <span class='ocrx_word' id='word_1_422' title='bbox 792 2714 886 2782; x_wconf 82' lang='lat' dir='ltr'>babeo,</span> <span class='ocrx_word' id='word_1_423' title='bbox 914 2729 976 2768; x_wconf 89' lang='lat' dir='ltr'>con·</span> <span class='ocrx_word' id='word_1_424' title='bbox 1029 2733 1105 2773; x_wconf 88' lang='lat' dir='ltr'>meas</span> <span class='ocrx_word' id='word_1_425' title='bbox 1120 2721 1178 2784; x_wconf 90' lang='lat' dir='ltr'>tua,</span> <span class='ocrx_word' id='word_1_426' title='bbox 1204 2732 1290 2786; x_wconf 83' lang='lat' dir='ltr'>neque</span> <span class='ocrx_word' id='word_1_427' title='bbox 1310 2716 1457 2786; x_wconf 82' lang='lat' dir='ltr'>decipiaris</span> <span class='ocrx_word' id='word_1_428' title='bbox 1471 2716 1576 2770; x_wconf 88' lang='lat' dir='ltr'>semitis</span> <span class='ocrx_word' id='word_1_429' title='bbox 1595 2713 1665 2783; x_wconf 82' lang='lat' dir='ltr'>ejus,</span> <span class='ocrx_word' id='word_1_430' title='bbox 1685 2712 1789 2767; x_wconf 86' lang='lat' dir='ltr'>multos</span> <span class='ocrx_word' id='word_1_431' title='bbox 1806 2711 1867 2764; x_wconf 85' lang='lat' dir='ltr'>enim</span> 
     </span>
     <span class='ocr_line' id='line_1_30' title="bbox 127 2797 1869 2878; baseline -0.005 -20"><span class='ocrx_word' id='word_1_432' title='bbox 127 2804 219 2858; x_wconf 87' lang='lat' dir='ltr'>silium</span> <span class='ocrx_word' id='word_1_433' title='bbox 249 2806 341 2858; x_wconf 89' lang='lat' dir='ltr'>autem</span> <span class='ocrx_word' id='word_1_434' title='bbox 374 2800 419 2856; x_wconf 82' lang='lat' dir='ltr'>do.</span> <span class='ocrx_word' id='word_1_435' title='bbox 448 2805 584 2859; x_wconf 77' lang='lat' dir='ltr'>Existimo</span> <span class='ocrx_word' id='word_1_436' title='bbox 609 2816 672 2868; x_wconf 81' lang='lat' dir='ltr'>erpo</span> <span class='ocrx_word' id='word_1_437' title='bbox 709 2803 757 2857; x_wconf 84' lang='lat' dir='ltr'>hoa</span> <span class='ocrx_word' id='word_1_438' title='bbox 785 2803 883 2857; x_wconf 89' lang='lat' dir='ltr'>bonum</span> <span class='ocrx_word' id='word_1_439' title='bbox 919 2815 976 2856; x_wconf 87' lang='lat' dir='ltr'>esse</span> <span class='ocrx_word' id='word_1_440' title='bbox 991 2820 1014 2878; x_wconf 72' lang='lat' dir='ltr'><strong>G</strong></span> <span class='ocrx_word' id='word_1_441' title='bbox 1029 2806 1184 2861; x_wconf 81' lang='lat' dir='ltr'>vulneratas</span> <span class='ocrx_word' id='word_1_442' title='bbox 1227 2804 1335 2875; x_wconf 88' lang='lat' dir='ltr'>dejecit,</span> <span class='ocrx_word' id='word_1_443' title='bbox 1375 2808 1400 2859; x_wconf 90' lang='lat' dir='ltr'>et</span> <span class='ocrx_word' id='word_1_444' title='bbox 1437 2805 1585 2872; x_wconf 71' lang='lat' dir='ltr'>fortissimi</span> <span class='ocrx_word' id='word_1_445' title='bbox 1612 2802 1714 2872; x_wconf 82' lang='lat' dir='ltr'>quique</span> <span class='ocrx_word' id='word_1_446' title='bbox 1740 2797 1869 2866; x_wconf 68' lang='lat' dir='ltr'>interfecti</span> 
     </span>
     <span class='ocr_line' id='line_1_31' title="bbox 123 2883 1868 2962; baseline 0.001 -17"><span class='ocrx_word' id='word_1_447' title='bbox 123 2896 239 2962; x_wconf 89' lang='lat' dir='ltr'>propter</span> <span class='ocrx_word' id='word_1_448' title='bbox 263 2892 416 2947; x_wconf 86' lang='lat' dir='ltr'>instantem</span> <span class='ocrx_word' id='word_1_449' title='bbox 440 2894 637 2955; x_wconf 87' lang='lat' dir='ltr'>necessilatem,</span> <span class='ocrx_word' id='word_1_450' title='bbox 662 2894 791 2954; x_wconf 80' lang='lat' dir='ltr'>quoniam</span> <span class='ocrx_word' id='word_1_451' title='bbox 815 2891 911 2946; x_wconf 88' lang='lat' dir='ltr'>bonum</span> <span class='ocrx_word' id='word_1_452' title='bbox 936 2892 977 2943; x_wconf 89' lang='lat' dir='ltr'>est</span> <span class='ocrx_word' id='word_1_453' title='bbox 1030 2900 1094 2950; x_wconf 79' lang='lat' dir='ltr'>saut</span> <span class='ocrx_word' id='word_1_454' title='bbox 1117 2895 1151 2949; x_wconf 83' lang='lat' dir='ltr'>ab</span> <span class='ocrx_word' id='word_1_455' title='bbox 1179 2910 1218 2948; x_wconf 90' lang='lat' dir='ltr'>ea.</span> <span class='ocrx_word' id='word_1_456' title='bbox 1249 2895 1306 2950; x_wconf 76' lang='lat' dir='ltr'>Via</span> <span class='ocrx_word' id='word_1_457' title='bbox 1326 2895 1410 2961; x_wconf 72' lang='lat' dir='ltr'>interi</span> <span class='ocrx_word' id='word_1_458' title='bbox 1441 2893 1535 2948; x_wconf 81' lang='lat' dir='ltr'>domui</span> <span class='ocrx_word' id='word_1_459' title='bbox 1556 2892 1616 2961; x_wconf 79' lang='lat' dir='ltr'>ejus</span> <span class='ocrx_word' id='word_1_460' title='bbox 1633 2891 1813 2960; x_wconf 73' lang='lat' dir='ltr'>penetrantes</span> <span class='ocrx_word' id='word_1_461' title='bbox 1838 2883 1868 2940; x_wconf 75' lang='lat' dir='ltr'>tt</span> 
     </span>
     <span class='ocr_line' id='line_1_32' title="bbox 127 2974 1868 3053; baseline -0.002 -20"><span class='ocrx_word' id='word_1_462' title='bbox 127 2979 231 3034; x_wconf 83' lang='lat' dir='ltr'>bomini</span> <span class='ocrx_word' id='word_1_463' title='bbox 267 2983 307 3034; x_wconf 88' lang='lat' dir='ltr'>sio</span> <span class='ocrx_word' id='word_1_464' title='bbox 342 2995 399 3036; x_wconf 90' lang='lat' dir='ltr'>esse</span> <span class='ocrx_word' id='word_1_465' title='bbox 427 2980 507 3048; x_wconf 84' lang='lat' dir='ltr'>(ibid.</span> <span class='ocrx_word' id='word_1_466' title='bbox 542 2984 588 3047; x_wconf 78' lang='lat'>25,</span> <span class='ocrx_word' id='word_1_467' title='bbox 622 2981 679 3050; x_wconf 75' lang='lat' dir='ltr'>td).</span> <span class='ocrx_word' id='word_1_468' title='bbox 709 2979 745 3034; x_wconf 89' lang='lat' dir='ltr'>Et</span> <span class='ocrx_word' id='word_1_469' title='bbox 767 2986 830 3048; x_wconf 92' lang='lat' dir='ltr'>post</span> <span class='ocrx_word' id='word_1_470' title='bbox 852 2978 973 3048; x_wconf 83' lang='lat' dir='ltr'>aliqua:</span> <span class='ocrx_word' id='word_1_471' title='bbox 1028 2985 1162 3051; x_wconf 71' lang='lat' dir='ltr'>interiora</span> <span class='ocrx_word' id='word_1_472' title='bbox 1186 2982 1280 3053; x_wconf 81' lang='lat' dir='ltr'>(ibid,</span> <span class='ocrx_word' id='word_1_473' title='bbox 1309 2982 1364 3050; x_wconf 72' lang='grc' dir='ltr'>ιι).</span> <span class='ocrx_word' id='word_1_474' title='bbox 1388 2982 1511 3039; x_wconf 90' lang='lat' dir='ltr'>ldemin</span> <span class='ocrx_word' id='word_1_475' title='bbox 1535 2980 1721 3037; x_wconf 84' lang='lat' dir='ltr'>Ecclesiaste:</span> <span class='ocrx_word' id='word_1_476' title='bbox 1749 2974 1868 3032; x_wconf 75' lang='lat' dir='ltr'>duamani</span> 
     </span>
     <span class='ocr_line' id='line_1_33' title="bbox 129 3065 1867 3138; baseline -0.006 -15"><span class='ocrx_word' id='word_1_477' title='bbox 129 3068 195 3124; x_wconf 86' lang='lat' dir='ltr'>Volo</span> <span class='ocrx_word' id='word_1_478' title='bbox 234 3072 325 3123; x_wconf 88' lang='lat' dir='ltr'>autern</span> <span class='ocrx_word' id='word_1_479' title='bbox 356 3084 403 3123; x_wconf 84' lang='lat' dir='ltr'>uos</span> <span class='ocrx_word' id='word_1_480' title='bbox 432 3070 490 3123; x_wconf 87' lang='lat' dir='ltr'>sine</span> <span class='ocrx_word' id='word_1_481' title='bbox 528 3068 713 3124; x_wconf 84' lang='lat' dir='ltr'>sollicitudine</span> <span class='ocrx_word' id='word_1_482' title='bbox 742 3081 807 3121; x_wconf 85' lang='lat' dir='ltr'>csse.</span> <span class='ocrx_word' id='word_1_483' title='bbox 838 3065 890 3130; x_wconf 85' lang='lat' dir='ltr'>Qui</span> <span class='ocrx_word' id='word_1_484' title='bbox 917 3067 976 3119; x_wconf 88' lang='lat' dir='ltr'>sine</span> <span class='ocrx_word' id='word_1_485' title='bbox 1029 3076 1156 3127; x_wconf 70' lang='lat' dir='ltr'>uninersa</span> <span class='ocrx_word' id='word_1_486' title='bbox 1176 3075 1266 3126; x_wconf 67' lang='lat' dir='ltr'>anima</span> <span class='ocrx_word' id='word_1_487' title='bbox 1290 3087 1358 3138; x_wconf 70' lang='lat' dir='ltr'>meo,</span> <span class='ocrx_word' id='word_1_488' title='bbox 1380 3076 1411 3126; x_wconf 71' lang='lat' dir='ltr'>pt</span> <span class='ocrx_word' id='word_1_489' title='bbox 1439 3086 1585 3137; x_wconf 70' lang='lat' dir='ltr'>qpaererem</span> <span class='ocrx_word' id='word_1_490' title='bbox 1599 3068 1767 3138; x_wconf 72' lang='lat' dir='ltr'>sapientiam</span> <span class='ocrx_word' id='word_1_491' title='bbox 1781 3071 1806 3120; x_wconf 77' lang='lat' dir='ltr'>et</span> <span class='ocrx_word' id='word_1_492' title='bbox 1827 3079 1867 3118; x_wconf 86' lang='lat' dir='ltr'>ra·</span> 
     </span>
     <span class='ocr_line' id='line_1_34' title="bbox 126 3154 1866 3226; baseline -0.003 -15"><span class='ocrx_word' id='word_1_493' title='bbox 126 3171 211 3211; x_wconf 70' lang='lat' dir='ltr'>nuere</span> <span class='ocrx_word' id='word_1_494' title='bbox 232 3162 282 3224; x_wconf 79' lang='lat' dir='ltr'>est,</span> <span class='ocrx_word' id='word_1_495' title='bbox 311 3157 444 3212; x_wconf 77' lang='lat' dir='ltr'>sollicitus</span> <span class='ocrx_word' id='word_1_496' title='bbox 468 3161 508 3211; x_wconf 75' lang='lat' dir='ltr'>est</span> <span class='ocrx_word' id='word_1_497' title='bbox 526 3173 586 3226; x_wconf 79' lang='lat' dir='ltr'>qttae</span> <span class='ocrx_word' id='word_1_498' title='bbox 608 3157 716 3212; x_wconf 74' lang='lat' dir='ltr'>Domini</span> <span class='ocrx_word' id='word_1_499' title='bbox 742 3159 815 3224; x_wconf 76' lang='lat' dir='ltr'>stilti,</span> <span class='ocrx_word' id='word_1_500' title='bbox 845 3154 975 3220; x_wconf 77' lang='lat' dir='ltr'>quomodo</span> <span class='ocrx_word' id='word_1_501' title='bbox 1030 3162 1137 3224; x_wconf 80' lang='lat' dir='ltr'>tionem,</span> <span class='ocrx_word' id='word_1_502' title='bbox 1167 3165 1194 3214; x_wconf 85' lang='lat' dir='ltr'>et</span> <span class='ocrx_word' id='word_1_503' title='bbox 1212 3163 1305 3215; x_wconf 79' lang='lat' dir='ltr'>inveni</span> <span class='ocrx_word' id='word_1_504' title='bbox 1335 3162 1496 3215; x_wconf 81' lang='lat' dir='ltr'>amariorem</span> <span class='ocrx_word' id='word_1_505' title='bbox 1524 3165 1609 3214; x_wconf 80' lang='lat' dir='ltr'>morte</span> <span class='ocrx_word' id='word_1_506' title='bbox 1635 3157 1787 3225; x_wconf 77' lang='lat' dir='ltr'>mulierem,</span> <span class='ocrx_word' id='word_1_507' title='bbox 1815 3167 1866 3224; x_wconf 72' lang='lat' dir='ltr'>qut</span> 
     </span>
     <span class='ocr_line' id='line_1_35' title="bbox 123 3242 1865 3320; baseline -0.005 -20"><span class='ocrx_word' id='word_1_508' title='bbox 123 3245 234 3315; x_wconf 87' lang='lat' dir='ltr'>placeat</span> <span class='ocrx_word' id='word_1_509' title='bbox 250 3247 324 3307; x_wconf 86' lang='lat' dir='ltr'>Deo,·</span> <span class='ocrx_word' id='word_1_510' title='bbox 353 3243 402 3314; x_wconf 78' lang='lat' dir='ltr'>qui</span> <span class='ocrx_word' id='word_1_511' title='bbox 422 3247 515 3298; x_wconf 86' lang='lat' dir='ltr'>butem</span> <span class='ocrx_word' id='word_1_512' title='bbox 540 3260 600 3299; x_wconf 85' lang='lat' dir='ltr'>cutm</span> <span class='ocrx_word' id='word_1_513' title='bbox 623 3247 770 3306; x_wconf 80' lang='lat' dir='ltr'>uaoreest,</span> <span class='ocrx_word' id='word_1_514' title='bbox 788 3244 920 3298; x_wconf 85' lang='lat' dir='ltr'>sollicitus</span> <span class='ocrx_word' id='word_1_515' title='bbox 936 3248 975 3297; x_wconf 89' lang='lat' dir='ltr'>est</span> <span class='ocrx_word' id='word_1_516' title='bbox 1028 3251 1142 3320; x_wconf 74' lang='lat' dir='ltr'>laqueus</span> <span class='ocrx_word' id='word_1_517' title='bbox 1168 3254 1327 3304; x_wconf 73' lang='lat' dir='ltr'>venatorum</span> <span class='ocrx_word' id='word_1_518' title='bbox 1349 3254 1398 3319; x_wconf 67' lang='lat' dir='ltr'>est,</span> <span class='ocrx_word' id='word_1_519' title='bbox 1425 3254 1451 3305; x_wconf 70' lang='lat' dir='ltr'>pt</span> <span class='ocrx_word' id='word_1_520' title='bbox 1475 3264 1577 3317; x_wconf 61' lang='lat' dir='ltr'>sappam</span> <span class='ocrx_word' id='word_1_521' title='bbox 1605 3247 1737 3316; x_wconf 62' lang='lat' dir='ltr'>sarajas,</span> <span class='ocrx_word' id='word_1_522' title='bbox 1761 3242 1865 3300; x_wconf 63' lang='lat' dir='ltr'>vaseula</span> 
     </span>
     <span class='ocr_line' id='line_1_36' title="bbox 128 3333 1865 3409; baseline -0.002 -21"><span class='ocrx_word' id='word_1_523' title='bbox 128 3349 188 3403; x_wconf 77' lang='lat' dir='ltr'>pua</span> <span class='ocrx_word' id='word_1_524' title='bbox 206 3333 387 3400; x_wconf 86' lang='lat' dir='ltr'>suntmundi,</span> <span class='ocrx_word' id='word_1_525' title='bbox 405 3333 536 3399; x_wconf 83' lang='lat' dir='ltr'>quomodo</span> <span class='ocrx_word' id='word_1_526' title='bbox 548 3334 657 3403; x_wconf 88' lang='lat' dir='ltr'>placeat</span> <span class='ocrx_word' id='word_1_527' title='bbox 671 3335 755 3387; x_wconf 79' lang='lat' dir='ltr'>rumori</span> <span class='ocrx_word' id='word_1_528' title='bbox 765 3337 790 3387; x_wconf 90' lang='lat' dir='ltr'>et</span> <span class='ocrx_word' id='word_1_529' title='bbox 804 3333 908 3387; x_wconf 88' lang='lat' dir='ltr'>diuisus</span> <span class='ocrx_word' id='word_1_530' title='bbox 923 3336 972 3386; x_wconf 90' lang='lat' dir='ltr'>est.</span> <span class='ocrx_word' id='word_1_531' title='bbox 1028 3343 1099 3394; x_wconf 74' lang='lat' dir='ltr'>enim</span> <span class='ocrx_word' id='word_1_532' title='bbox 1115 3343 1180 3395; x_wconf 78' lang='lat' dir='ltr'>sunt</span> <span class='ocrx_word' id='word_1_533' title='bbox 1201 3357 1297 3396; x_wconf 73' lang='lat' dir='ltr'>manus</span> <span class='ocrx_word' id='word_1_534' title='bbox 1313 3341 1398 3395; x_wconf 83' lang='lat' dir='ltr'>illius.</span> <span class='ocrx_word' id='word_1_535' title='bbox 1424 3339 1476 3405; x_wconf 81' lang='lat' dir='ltr'>Qui</span> <span class='ocrx_word' id='word_1_536' title='bbox 1496 3340 1586 3409; x_wconf 87' lang='lat' dir='ltr'>placet</span> <span class='ocrx_word' id='word_1_537' title='bbox 1608 3338 1661 3391; x_wconf 80' lang='lat' dir='ltr'>lieo</span> <span class='ocrx_word' id='word_1_538' title='bbox 1676 3334 1790 3405; x_wconf 70' lang='lat' dir='ltr'>effupiet</span> <span class='ocrx_word' id='word_1_539' title='bbox 1804 3344 1865 3393; x_wconf 88' lang='lat' dir='ltr'>eam,</span> 
     </span>
     <span class='ocr_line' id='line_1_37' title="bbox 125 3412 1901 3499; baseline -0.004 -20"><span class='ocrx_word' id='word_1_540' title='bbox 125 3422 273 3479; x_wconf 75' lang='lat' dir='ltr'>utuntur</span> <span class='ocrx_word' id='word_1_541' title='bbox 290 3425 420 3492; x_wconf 88' lang='lat' dir='ltr'>innupta,</span> <span class='ocrx_word' id='word_1_542' title='bbox 438 3428 464 3478; x_wconf 90' lang='lat' dir='ltr'>et</span> <span class='ocrx_word' id='word_1_543' title='bbox 478 3425 555 3492; x_wconf 83' lang='lat' dir='ltr'>virpo</span> <span class='ocrx_word' id='word_1_544' title='bbox 574 3426 676 3490; x_wconf 81' lang='lat' dir='ltr'>sopitat</span> <span class='ocrx_word' id='word_1_545' title='bbox 700 3438 758 3492; x_wconf 86' lang='lat' dir='ltr'>puoe</span> <span class='ocrx_word' id='word_1_546' title='bbox 773 3424 882 3477; x_wconf 80' lang='lat' dir='ltr'>bomini</span> <span class='ocrx_word' id='word_1_547' title='bbox 899 3430 973 3490; x_wconf 87' lang='lat' dir='ltr'>suut,</span> <span class='ocrx_word' id='word_1_548' title='bbox 1027 3429 1075 3496; x_wconf 81' lang='lat' dir='ltr'>put</span> <span class='ocrx_word' id='word_1_549' title='bbox 1089 3417 1317 3499; x_wconf 78' lang='lat' dir='ltr'>antempec&#39;eator</span> <span class='ocrx_word' id='word_1_550' title='bbox 1331 3433 1382 3495; x_wconf 86' lang='lat' dir='ltr'>est,</span> <span class='ocrx_word' id='word_1_551' title='bbox 1398 3432 1521 3498; x_wconf 86' lang='lat' dir='ltr'>capietur</span> <span class='ocrx_word' id='word_1_552' title='bbox 1542 3426 1575 3480; x_wconf 83' lang='lat' dir='ltr'>ab</span> <span class='ocrx_word' id='word_1_553' title='bbox 1591 3440 1621 3480; x_wconf 91' lang='lat' dir='ltr'>ea</span> <span class='ocrx_word' id='word_1_554' title='bbox 1635 3423 1737 3496; x_wconf 74' lang='lat' dir='ltr'>(litote</span> <span class='ocrx_word' id='word_1_555' title='bbox 1754 3436 1806 3488; x_wconf 88' lang='grc' dir='ltr'>ιιι,</span> <span class='ocrx_word' id='word_1_556' title='bbox 1825 3421 1863 3473; x_wconf 80' lang='lat' dir='ltr'>ti.</span> <span class='ocrx_word' id='word_1_557' title='bbox 1898 3412 1901 3439; x_wconf 74' lang='lat'><em>⁶</em></span> 
     </span>
     <span class='ocr_line' id='line_1_38' title="bbox 125 3510 1900 3627; baseline -0.005 -61"><span class='ocrx_word' id='word_1_558' title='bbox 125 3515 158 3566; x_wconf 85' lang='lat' dir='ltr'>ut</span> <span class='ocrx_word' id='word_1_559' title='bbox 177 3513 215 3566; x_wconf 88' lang='lat' dir='ltr'>sit</span> <span class='ocrx_word' id='word_1_560' title='bbox 235 3515 333 3569; x_wconf 82' lang='lat' dir='ltr'>sancta</span> <span class='ocrx_word' id='word_1_561' title='bbox 362 3526 472 3582; x_wconf 89' lang='lat' dir='ltr'>corpore</span> <span class='ocrx_word' id='word_1_562' title='bbox 496 3516 521 3566; x_wconf 91' lang='lat' dir='ltr'>et</span> <span class='ocrx_word' id='word_1_563' title='bbox 547 3515 659 3583; x_wconf 88' lang='lat' dir='ltr'>spiritu.</span> <span class='ocrx_word' id='word_1_564' title='bbox 682 3511 746 3577; x_wconf 83' lang='lat' dir='ltr'>Quae</span> <span class='ocrx_word' id='word_1_565' title='bbox 772 3517 862 3566; x_wconf 86' lang='lat' dir='ltr'>autern</span> <span class='ocrx_word' id='word_1_566' title='bbox 886 3516 974 3580; x_wconf 88' lang='lat' dir='ltr'>nupta</span> <span class='ocrx_word' id='word_1_567' title='bbox 1026 3515 1082 3587; x_wconf 69' lang='grc' dir='ltr'>ιι),</span> <span class='ocrx_word' id='word_1_568' title='bbox 1107 3519 1195 3573; x_wconf 73' lang='lat' dir='ltr'>Item:</span> <span class='ocrx_word' id='word_1_569' title='bbox 1226 3519 1322 3573; x_wconf 68' lang='lat' dir='ltr'>Vtrum</span> <span class='ocrx_word' id='word_1_570' title='bbox 1346 3517 1584 3572; x_wconf 64' lang='lat' dir='ltr'>neminemnam</span> <span class='ocrx_word' id='word_1_571' title='bbox 1609 3515 1710 3584; x_wconf 74' lang='lat' dir='ltr'>repert,</span> <span class='ocrx_word' id='word_1_572' title='bbox 1735 3510 1863 3567; x_wconf 77' lang='lat' dir='ltr'>muitarum</span> <span class='ocrx_word' id='word_1_573' title='bbox 1896 3536 1900 3627; x_wconf 57' lang='grc'>1</span> 
     </span>
     <span class='ocr_line' id='line_1_39' title="bbox 125 3600 1900 3675; baseline 0 -19"><span class='ocrx_word' id='word_1_574' title='bbox 125 3605 175 3667; x_wconf 87' lang='lat' dir='ltr'>est,</span> <span class='ocrx_word' id='word_1_575' title='bbox 206 3602 309 3669; x_wconf 73' lang='lat' dir='ltr'>sopitat</span> <span class='ocrx_word' id='word_1_576' title='bbox 333 3616 394 3667; x_wconf 83' lang='lat' dir='ltr'>qaae</span> <span class='ocrx_word' id='word_1_577' title='bbox 417 3606 483 3656; x_wconf 87' lang='lat' dir='ltr'>sant</span> <span class='ocrx_word' id='word_1_578' title='bbox 502 3601 607 3668; x_wconf 87' lang='lat' dir='ltr'>mundi,</span> <span class='ocrx_word' id='word_1_579' title='bbox 633 3600 764 3670; x_wconf 82' lang='lat' dir='ltr'>quomodo</span> <span class='ocrx_word' id='word_1_580' title='bbox 781 3601 889 3671; x_wconf 86' lang='lat' dir='ltr'>placeat</span> <span class='ocrx_word' id='word_1_581' title='bbox 903 3601 972 3655; x_wconf 88' lang='lat' dir='ltr'>vira.</span> <span class='ocrx_word' id='word_1_582' title='bbox 1028 3622 1061 3661; x_wconf 77' lang='lat' dir='ltr'>ea</span> <span class='ocrx_word' id='word_1_583' title='bbox 1073 3605 1196 3660; x_wconf 69' lang='lat' dir='ltr'>amitibus</span> <span class='ocrx_word' id='word_1_584' title='bbox 1210 3621 1264 3660; x_wconf 87' lang='lat' dir='ltr'>nan</span> <span class='ocrx_word' id='word_1_585' title='bbox 1279 3609 1372 3660; x_wconf 80' lang='lat' dir='ltr'>inveni</span> <span class='ocrx_word' id='word_1_586' title='bbox 1383 3604 1470 3675; x_wconf 77' lang='lat' dir='ltr'>(ibid,</span> <span class='ocrx_word' id='word_1_587' title='bbox 1481 3601 1538 3673; x_wconf 80' lang='lat'>29).</span> <span class='ocrx_word' id='word_1_588' title='bbox 1898 3630 1900 3637; x_wconf 87' lang='grc'><strong><em>·</em></strong></span> 
     </span>
     <span class='ocr_line' id='line_1_40' title="bbox 124 3685 1861 3758; baseline -0.005 -12"><span class='ocrx_word' id='word_1_589' title='bbox 124 3691 209 3746; x_wconf 85' lang='lat' dir='ltr'>Porro</span> <span class='ocrx_word' id='word_1_590' title='bbox 238 3689 286 3744; x_wconf 82' lang='lat' dir='ltr'>boc</span> <span class='ocrx_word' id='word_1_591' title='bbox 317 3689 354 3744; x_wconf 88' lang='lat' dir='ltr'>ad</span> <span class='ocrx_word' id='word_1_592' title='bbox 387 3690 535 3745; x_wconf 84' lang='lat' dir='ltr'>utilitatem</span> <span class='ocrx_word' id='word_1_593' title='bbox 554 3695 672 3745; x_wconf 87' lang='lat' dir='ltr'>vestram</span> <span class='ocrx_word' id='word_1_594' title='bbox 701 3690 771 3758; x_wconf 83' lang='lat' dir='ltr'>died,</span> <span class='ocrx_word' id='word_1_595' title='bbox 798 3705 852 3744; x_wconf 85' lang='lat' dir='ltr'>nort</span> <span class='ocrx_word' id='word_1_596' title='bbox 879 3695 910 3744; x_wconf 88' lang='lat' dir='ltr'>ut</span> <span class='ocrx_word' id='word_1_597' title='bbox 933 3691 971 3743; x_wconf 89' lang='lat' dir='ltr'>lc·</span> <span class='ocrx_word' id='word_1_598' title='bbox 1063 3695 1113 3750; x_wconf 78' lang='lat' dir='ltr'>His</span> <span class='ocrx_word' id='word_1_599' title='bbox 1139 3702 1167 3751; x_wconf 79' lang='lat' dir='ltr'>et</span> <span class='ocrx_word' id='word_1_600' title='bbox 1193 3694 1242 3750; x_wconf 82' lang='lat' dir='ltr'>illa</span> <span class='ocrx_word' id='word_1_601' title='bbox 1261 3701 1418 3750; x_wconf 69' lang='lat' dir='ltr'>consonant</span> <span class='ocrx_word' id='word_1_602' title='bbox 1439 3694 1474 3749; x_wconf 75' lang='lat' dir='ltr'>de</span> <span class='ocrx_word' id='word_1_603' title='bbox 1497 3690 1693 3748; x_wconf 74' lang='lat' dir='ltr'>Ecclesiastico</span> <span class='ocrx_word' id='word_1_604' title='bbox 1717 3689 1753 3745; x_wconf 77' lang='lat' dir='ltr'>dn</span> <span class='ocrx_word' id='word_1_605' title='bbox 1772 3685 1861 3745; x_wconf 78' lang='lat' dir='ltr'>moles</span> 
     </span>
     <span class='ocr_line' id='line_1_41' title="bbox 67 3778 1862 3855; baseline -0.009 -6"><span class='ocrx_word' id='word_1_606' title='bbox 67 3785 69 3788; x_wconf 72' lang='grc'><strong>’</strong></span> <span class='ocrx_word' id='word_1_607' title='bbox 125 3794 224 3850; x_wconf 68' lang='lat' dir='ltr'>tutum</span> <span class='ocrx_word' id='word_1_608' title='bbox 248 3778 324 3835; x_wconf 62' lang='lat' dir='ltr'>titii</span> <span class='ocrx_word' id='word_1_609' title='bbox 350 3780 485 3848; x_wconf 80' lang='lat' dir='ltr'>injiciam,</span> <span class='ocrx_word' id='word_1_610' title='bbox 508 3779 557 3834; x_wconf 68' lang='lat'>⁸⁶⁶1</span> <span class='ocrx_word' id='word_1_611' title='bbox 575 3779 656 3834; x_wconf 86' lang='lat' dir='ltr'>adid</span> <span class='ocrx_word' id='word_1_612' title='bbox 680 3779 969 3846; x_wconf 65' lang='lat' dir='ltr'>allodionestumest</span> <span class='ocrx_word' id='word_1_613' title='bbox 1025 3783 1073 3840; x_wconf 90' lang='lat' dir='ltr'>tiis</span> <span class='ocrx_word' id='word_1_614' title='bbox 1108 3790 1135 3839; x_wconf 90' lang='lat' dir='ltr'>et</span> <span class='ocrx_word' id='word_1_615' title='bbox 1160 3782 1320 3855; x_wconf 87' lang='lat' dir='ltr'>periculoso</span> <span class='ocrx_word' id='word_1_616' title='bbox 1348 3783 1525 3839; x_wconf 85' lang='lat' dir='ltr'>feminarum</span> <span class='ocrx_word' id='word_1_617' title='bbox 1553 3779 1697 3837; x_wconf 89' lang='lat' dir='ltr'>consortio</span> <span class='ocrx_word' id='word_1_618' title='bbox 1726 3786 1784 3836; x_wconf 74' lang='lat' dir='ltr'>mm</span> <span class='ocrx_word' id='word_1_619' title='bbox 1808 3790 1862 3848; x_wconf 83' lang='lat' dir='ltr'>pro</span> 
     </span>
     <span class='ocr_line' id='line_1_42' title="bbox 125 3867 1863 3944; baseline -0.001 -20"><span class='ocrx_word' id='word_1_620' title='bbox 125 3874 151 3925; x_wconf 89' lang='lat' dir='ltr'>et</span> <span class='ocrx_word' id='word_1_621' title='bbox 180 3868 253 3939; x_wconf 83' lang='lat' dir='ltr'>quod</span> <span class='ocrx_word' id='word_1_622' title='bbox 279 3870 440 3936; x_wconf 77' lang='lat' dir='ltr'>facultatem</span> <span class='ocrx_word' id='word_1_623' title='bbox 468 3870 588 3939; x_wconf 83' lang='lat' dir='ltr'>praebent</span> <span class='ocrx_word' id='word_1_624' title='bbox 617 3873 675 3923; x_wconf 90' lang='lat' dir='ltr'>sine</span> <span class='ocrx_word' id='word_1_625' title='bbox 702 3868 894 3938; x_wconf 87' lang='lat' dir='ltr'>impedimento</span> <span class='ocrx_word' id='word_1_626' title='bbox 922 3870 973 3922; x_wconf 82' lang='lat' dir='ltr'>bo·</span> <span class='ocrx_word' id='word_1_627' title='bbox 1026 3872 1156 3942; x_wconf 89' lang='lat' dir='ltr'>priarum</span> <span class='ocrx_word' id='word_1_628' title='bbox 1191 3886 1280 3944; x_wconf 84' lang='lat' dir='ltr'>quam</span> <span class='ocrx_word' id='word_1_629' title='bbox 1306 3879 1532 3928; x_wconf 81' lang='lat' dir='ltr'>extranearum:</span> <span class='ocrx_word' id='word_1_630' title='bbox 1556 3870 1614 3926; x_wconf 88' lang='lat' dir='ltr'>Non</span> <span class='ocrx_word' id='word_1_631' title='bbox 1637 3870 1707 3924; x_wconf 77' lang='lat' dir='ltr'>retes</span> <span class='ocrx_word' id='word_1_632' title='bbox 1735 3867 1863 3923; x_wconf 67' lang='lat' dir='ltr'>mutum</span> 
     </span>
     <span class='ocr_line' id='line_1_43' title="bbox 123 3957 1863 4031; baseline -0.001 -20"><span class='ocrx_word' id='word_1_633' title='bbox 123 3957 196 4011; x_wconf 90' lang='lat' dir='ltr'>mino</span> <span class='ocrx_word' id='word_1_634' title='bbox 222 3957 383 4012; x_wconf 85' lang='lat' dir='ltr'>obsecrandi</span> <span class='ocrx_word' id='word_1_635' title='bbox 406 3958 429 4029; x_wconf 86' lang='lat' dir='ltr'>(l</span> <span class='ocrx_word' id='word_1_636' title='bbox 444 3959 505 4015; x_wconf 82' lang='lat' dir='ltr'>Gor.</span> <span class='ocrx_word' id='word_1_637' title='bbox 525 3973 576 4027; x_wconf 91' lang='grc' dir='ltr'>ιιι,</span> <span class='ocrx_word' id='word_1_638' title='bbox 605 3959 711 4029; x_wconf 76' lang='lat'><strong>32-35).</strong></span> <span class='ocrx_word' id='word_1_639' title='bbox 738 3961 822 4014; x_wconf 89' lang='lat' dir='ltr'>ltem:</span> <span class='ocrx_word' id='word_1_640' title='bbox 843 3960 972 4026; x_wconf 84' lang='lat' dir='ltr'>lpituret</span> <span class='ocrx_word' id='word_1_641' title='bbox 1025 3964 1102 4016; x_wconf 88' lang='lat' dir='ltr'>sinus</span> <span class='ocrx_word' id='word_1_642' title='bbox 1132 3963 1183 4031; x_wconf 88' lang='lat' dir='ltr'>tui,</span> <span class='ocrx_word' id='word_1_643' title='bbox 1209 3977 1242 4015; x_wconf 89' lang='lat' dir='ltr'>ne</span> <span class='ocrx_word' id='word_1_644' title='bbox 1265 3961 1390 4016; x_wconf 88' lang='lat' dir='ltr'>ostendat</span> <span class='ocrx_word' id='word_1_645' title='bbox 1417 3961 1555 4015; x_wconf 87' lang='lat' dir='ltr'>malitiam</span> <span class='ocrx_word' id='word_1_646' title='bbox 1587 3958 1717 4014; x_wconf 63' lang='lat' dir='ltr'>matrinae</span> <span class='ocrx_word' id='word_1_647' title='bbox 1744 3971 1863 4029; x_wconf 76' lang='lat' dir='ltr'>nequam.</span> 
     </span>
     <span class='ocr_line' id='line_1_44' title="bbox 124 4045 1863 4121; baseline -0.001 -21"><span class='ocrx_word' id='word_1_648' title='bbox 124 4048 173 4112; x_wconf 81' lang='lat' dir='ltr'>pai</span> <span class='ocrx_word' id='word_1_649' title='bbox 193 4047 223 4101; x_wconf 88' lang='lat' dir='ltr'>in</span> <span class='ocrx_word' id='word_1_650' title='bbox 244 4048 417 4101; x_wconf 89' lang='lat' dir='ltr'>matrimonio</span> <span class='ocrx_word' id='word_1_651' title='bbox 438 4048 535 4117; x_wconf 69' lang='lat' dir='ltr'>iunpit</span> <span class='ocrx_word' id='word_1_652' title='bbox 557 4049 693 4116; x_wconf 83' lang='lat' dir='ltr'>cirpinem</span> <span class='ocrx_word' id='word_1_653' title='bbox 716 4047 908 4114; x_wconf 61' lang='lat' dir='ltr'>benefaciunt</span> <span class='ocrx_word' id='word_1_654' title='bbox 922 4049 971 4116; x_wconf 83' lang='lat' dir='ltr'>pai</span> <span class='ocrx_word' id='word_1_655' title='bbox 1024 4053 1064 4109; x_wconf 86' lang='lat' dir='ltr'>Ne</span> <span class='ocrx_word' id='word_1_656' title='bbox 1082 4050 1128 4106; x_wconf 86' lang='lat' dir='ltr'>des</span> <span class='ocrx_word' id='word_1_657' title='bbox 1145 4053 1255 4106; x_wconf 74' lang='lat' dir='ltr'>mulieri</span> <span class='ocrx_word' id='word_1_658' title='bbox 1274 4054 1436 4121; x_wconf 91' lang='lat' dir='ltr'>potestatem</span> <span class='ocrx_word' id='word_1_659' title='bbox 1460 4051 1559 4104; x_wconf 82' lang='lat' dir='ltr'>animae</span> <span class='ocrx_word' id='word_1_660' title='bbox 1585 4052 1649 4114; x_wconf 78' lang='lat' dir='ltr'>tna,</span> <span class='ocrx_word' id='word_1_661' title='bbox 1675 4062 1710 4102; x_wconf 85' lang='lat' dir='ltr'>ne</span> <span class='ocrx_word' id='word_1_662' title='bbox 1724 4045 1863 4115; x_wconf 70' lang='lat' dir='ltr'>impretia-</span> 
     </span>
     <span class='ocr_line' id='line_1_45' title="bbox 122 4135 1863 4207; baseline -0.001 -15"><span class='ocrx_word' id='word_1_663' title='bbox 122 4151 177 4192; x_wconf 87' lang='lat' dir='ltr'>mon</span> <span class='ocrx_word' id='word_1_664' title='bbox 195 4136 292 4204; x_wconf 81' lang='lat' dir='ltr'>junpit</span> <span class='ocrx_word' id='word_1_665' title='bbox 316 4138 412 4191; x_wconf 82' lang='lat' dir='ltr'>melius</span> <span class='ocrx_word' id='word_1_666' title='bbox 438 4139 520 4205; x_wconf 71' lang='lat' dir='ltr'>facit.</span> <span class='ocrx_word' id='word_1_667' title='bbox 551 4137 651 4192; x_wconf 83' lang='lat' dir='ltr'>Mulier</span> <span class='ocrx_word' id='word_1_668' title='bbox 669 4137 786 4205; x_wconf 80' lang='lat' dir='ltr'>atlipata</span> <span class='ocrx_word' id='word_1_669' title='bbox 807 4140 846 4191; x_wconf 84' lang='lat' dir='ltr'>est</span> <span class='ocrx_word' id='word_1_670' title='bbox 869 4140 971 4202; x_wconf 81' lang='lat' dir='ltr'>quanto</span> <span class='ocrx_word' id='word_1_671' title='bbox 1026 4145 1072 4196; x_wconf 81' lang='lat' dir='ltr'>tar</span> <span class='ocrx_word' id='word_1_672' title='bbox 1095 4144 1197 4195; x_wconf 82' lang='lat' dir='ltr'>virtute</span> <span class='ocrx_word' id='word_1_673' title='bbox 1218 4144 1266 4194; x_wconf 85' lang='lat' dir='ltr'>tna</span> <span class='ocrx_word' id='word_1_674' title='bbox 1280 4145 1306 4194; x_wconf 85' lang='lat' dir='ltr'>et</span> <span class='ocrx_word' id='word_1_675' title='bbox 1331 4137 1519 4207; x_wconf 76' lang='lat' dir='ltr'>confundaris.</span> <span class='ocrx_word' id='word_1_676' title='bbox 1538 4138 1597 4194; x_wconf 86' lang='lat' dir='ltr'>Non</span> <span class='ocrx_word' id='word_1_677' title='bbox 1627 4136 1756 4205; x_wconf 82' lang='lat' dir='ltr'>respicies</span> <span class='ocrx_word' id='word_1_678' title='bbox 1776 4135 1863 4190; x_wconf 78' lang='lat' dir='ltr'>mum·</span> 
     </span>
     <span class='ocr_line' id='line_1_46' title="bbox 124 4223 1864 4296; baseline -0.002 -16"><span class='ocrx_word' id='word_1_679' title='bbox 124 4230 244 4294; x_wconf 89' lang='lat' dir='ltr'>tempore</span> <span class='ocrx_word' id='word_1_680' title='bbox 271 4227 315 4280; x_wconf 86' lang='lat' dir='ltr'>uir</span> <span class='ocrx_word' id='word_1_681' title='bbox 342 4227 401 4294; x_wconf 87' lang='lat' dir='ltr'>ejus</span> <span class='ocrx_word' id='word_1_682' title='bbox 425 4228 516 4291; x_wconf 89' lang='lat' dir='ltr'>oioit;</span> <span class='ocrx_word' id='word_1_683' title='bbox 542 4226 616 4296; x_wconf 83' lang='lat' dir='ltr'>quod</span> <span class='ocrx_word' id='word_1_684' title='bbox 636 4228 661 4281; x_wconf 85' lang='lat' dir='ltr'>si</span> <span class='ocrx_word' id='word_1_685' title='bbox 681 4226 823 4281; x_wconf 87' lang='lat' dir='ltr'>dormierit</span> <span class='ocrx_word' id='word_1_686' title='bbox 836 4227 881 4279; x_wconf 87' lang='lat' dir='ltr'>air</span> <span class='ocrx_word' id='word_1_687' title='bbox 900 4225 968 4294; x_wconf 86' lang='lat' dir='ltr'>ejus,</span> <span class='ocrx_word' id='word_1_688' title='bbox 1024 4245 1081 4284; x_wconf 88' lang='lat' dir='ltr'>rem</span> <span class='ocrx_word' id='word_1_689' title='bbox 1109 4230 1285 4293; x_wconf 80' lang='lat' dir='ltr'>multivolam,</span> <span class='ocrx_word' id='word_1_690' title='bbox 1316 4244 1350 4283; x_wconf 88' lang='lat' dir='ltr'>ne</span> <span class='ocrx_word' id='word_1_691' title='bbox 1377 4230 1449 4296; x_wconf 78' lang='lat' dir='ltr'>forte</span> <span class='ocrx_word' id='word_1_692' title='bbox 1476 4227 1583 4282; x_wconf 86' lang='lat' dir='ltr'>incidas</span> <span class='ocrx_word' id='word_1_693' title='bbox 1611 4229 1641 4281; x_wconf 93' lang='lat' dir='ltr'>in</span> <span class='ocrx_word' id='word_1_694' title='bbox 1662 4225 1775 4296; x_wconf 82' lang='lat' dir='ltr'>laqueos</span> <span class='ocrx_word' id='word_1_695' title='bbox 1795 4223 1864 4279; x_wconf 84' lang='lat' dir='ltr'>illias</span> 
     </span>
     <span class='ocr_line' id='line_1_47' title="bbox 123 4313 1862 4391; baseline -0.001 -22"><span class='ocrx_word' id='word_1_696' title='bbox 123 4314 241 4370; x_wconf 83' lang='lat' dir='ltr'>liberata</span> <span class='ocrx_word' id='word_1_697' title='bbox 265 4319 325 4371; x_wconf 87' lang='lat' dir='ltr'>est:</span> <span class='ocrx_word' id='word_1_698' title='bbox 357 4318 401 4371; x_wconf 85' lang='lat' dir='ltr'>cni</span> <span class='ocrx_word' id='word_1_699' title='bbox 431 4316 491 4371; x_wconf 87' lang='lat' dir='ltr'>vult</span> <span class='ocrx_word' id='word_1_700' title='bbox 517 4317 611 4379; x_wconf 85' lang='lat' dir='ltr'>nabat,</span> <span class='ocrx_word' id='word_1_701' title='bbox 642 4319 749 4370; x_wconf 87' lang='lat' dir='ltr'>tantum</span> <span class='ocrx_word' id='word_1_702' title='bbox 780 4317 810 4370; x_wconf 88' lang='lat' dir='ltr'>im</span> <span class='ocrx_word' id='word_1_703' title='bbox 835 4316 967 4381; x_wconf 87' lang='lat' dir='ltr'>Domino;</span> <span class='ocrx_word' id='word_1_704' title='bbox 1026 4319 1120 4388; x_wconf 75' lang='lat' dir='ltr'>(Enati.</span> <span class='ocrx_word' id='word_1_705' title='bbox 1135 4335 1191 4386; x_wconf 70' lang='grc' dir='ltr'>ιιι,</span> <span class='ocrx_word' id='word_1_706' title='bbox 1211 4323 1233 4387; x_wconf 83' lang='grc' dir='ltr'>ι,</span> <span class='ocrx_word' id='word_1_707' title='bbox 1251 4318 1291 4391; x_wconf 78' lang='lat'>2).</span> <span class='ocrx_word' id='word_1_708' title='bbox 1318 4319 1403 4374; x_wconf 85' lang='lat' dir='ltr'>ltem:</span> <span class='ocrx_word' id='word_1_709' title='bbox 1425 4317 1572 4387; x_wconf 85' lang='lat' dir='ltr'>Operarius</span> <span class='ocrx_word' id='word_1_710' title='bbox 1587 4315 1709 4371; x_wconf 84' lang='lat' dir='ltr'>ebriosus</span> <span class='ocrx_word' id='word_1_711' title='bbox 1723 4328 1778 4370; x_wconf 92' lang='lat' dir='ltr'>non</span> <span class='ocrx_word' id='word_1_712' title='bbox 1795 4313 1862 4368; x_wconf 80' lang='lat' dir='ltr'>uou-</span> 
     </span>
     <span class='ocr_line' id='line_1_48' title="bbox 124 4399 1863 4478; baseline -0.003 -20"><span class='ocrx_word' id='word_1_713' title='bbox 124 4403 227 4459; x_wconf 85' lang='lat' dir='ltr'>beatior</span> <span class='ocrx_word' id='word_1_714' title='bbox 259 4409 349 4459; x_wconf 86' lang='lat' dir='ltr'>autem</span> <span class='ocrx_word' id='word_1_715' title='bbox 377 4407 439 4470; x_wconf 86' lang='lat' dir='ltr'>erit,</span> <span class='ocrx_word' id='word_1_716' title='bbox 472 4406 499 4458; x_wconf 88' lang='lat' dir='ltr'>si</span> <span class='ocrx_word' id='word_1_717' title='bbox 523 4407 564 4460; x_wconf 89' lang='lat' dir='ltr'>sic</span> <span class='ocrx_word' id='word_1_718' title='bbox 595 4409 790 4474; x_wconf 86' lang='lat' dir='ltr'>permanserit,</span> <span class='ocrx_word' id='word_1_719' title='bbox 822 4402 970 4459; x_wconf 84' lang='lat' dir='ltr'>secundum</span> <span class='ocrx_word' id='word_1_720' title='bbox 1019 4407 1183 4478; x_wconf 86' lang='lat' dir='ltr'>pletatitnr,</span> <span class='ocrx_word' id='word_1_721' title='bbox 1214 4411 1240 4462; x_wconf 87' lang='lat' dir='ltr'>et</span> <span class='ocrx_word' id='word_1_722' title='bbox 1268 4408 1317 4473; x_wconf 85' lang='lat' dir='ltr'>pai</span> <span class='ocrx_word' id='word_1_723' title='bbox 1331 4407 1436 4476; x_wconf 86' lang='lat' dir='ltr'>spernit</span> <span class='ocrx_word' id='word_1_724' title='bbox 1454 4405 1570 4472; x_wconf 87' lang='lat' dir='ltr'>modica,</span> <span class='ocrx_word' id='word_1_725' title='bbox 1597 4403 1736 4473; x_wconf 85' lang='lat' dir='ltr'>paulatim</span> <span class='ocrx_word' id='word_1_726' title='bbox 1759 4399 1863 4457; x_wconf 80' lang='lat' dir='ltr'>desidet.</span> 
     </span>
     <span class='ocr_line' id='line_1_49' title="bbox 122 4492 1864 4565; baseline 0 -19"><span class='ocrx_word' id='word_1_727' title='bbox 122 4508 210 4548; x_wconf 88' lang='lat' dir='ltr'>meum</span> <span class='ocrx_word' id='word_1_728' title='bbox 225 4493 368 4548; x_wconf 87' lang='lat' dir='ltr'>eonsilium</span> <span class='ocrx_word' id='word_1_729' title='bbox 386 4493 476 4563; x_wconf 77' lang='lat' dir='ltr'>(ibid,</span> <span class='ocrx_word' id='word_1_730' title='bbox 490 4495 534 4561; x_wconf 83' lang='grc'>38,</span> <span class='ocrx_word' id='word_1_731' title='bbox 551 4493 605 4565; x_wconf 78' lang='lat' dir='ltr'>lo).</span> <span class='ocrx_word' id='word_1_732' title='bbox 751 4527 758 4534; x_wconf 69' lang='grc'><strong>»</strong></span> <span class='ocrx_word' id='word_1_733' title='bbox 1026 4498 1127 4553; x_wconf 87' lang='lat' dir='ltr'>Vinum</span> <span class='ocrx_word' id='word_1_734' title='bbox 1153 4501 1179 4551; x_wconf 91' lang='lat' dir='ltr'>et</span> <span class='ocrx_word' id='word_1_735' title='bbox 1206 4497 1333 4551; x_wconf 87' lang='lat' dir='ltr'>mulieres</span> <span class='ocrx_word' id='word_1_736' title='bbox 1361 4498 1518 4564; x_wconf 87' lang='lat' dir='ltr'>apostatare</span> <span class='ocrx_word' id='word_1_737' title='bbox 1545 4495 1654 4561; x_wconf 76' lang='lat' dir='ltr'>fuciunt</span> <span class='ocrx_word' id='word_1_738' title='bbox 1683 4492 1864 4562; x_wconf 81' lang='lat' dir='ltr'>supientestt</span> 
     </span>
     <span class='ocr_line' id='line_1_50' title="bbox 159 4576 1863 4654; baseline -0.004 -15"><span class='ocrx_word' id='word_1_739' title='bbox 159 4582 281 4647; x_wconf 81' lang='lat' dir='ltr'>Quantis</span> <span class='ocrx_word' id='word_1_740' title='bbox 317 4590 413 4639; x_wconf 92' lang='lat' dir='ltr'>autem</span> <span class='ocrx_word' id='word_1_741' title='bbox 439 4582 659 4653; x_wconf 88' lang='lat' dir='ltr'>impedimentis,</span> <span class='ocrx_word' id='word_1_742' title='bbox 690 4580 807 4653; x_wconf 86' lang='lat' dir='ltr'>quantis</span> <span class='ocrx_word' id='word_1_743' title='bbox 833 4579 969 4638; x_wconf 87' lang='lat' dir='ltr'>molestiis</span> <span class='ocrx_word' id='word_1_744' title='bbox 1022 4590 1144 4653; x_wconf 86' lang='lat' dir='ltr'>arpuunt</span> <span class='ocrx_word' id='word_1_745' title='bbox 1177 4590 1297 4640; x_wconf 86' lang='lat' dir='ltr'>sensatos</span> <span class='ocrx_word' id='word_1_746' title='bbox 1327 4583 1421 4654; x_wconf 80' lang='lat' dir='ltr'>(Eroti.</span> <span class='ocrx_word' id='word_1_747' title='bbox 1448 4598 1495 4649; x_wconf 79' lang='grc' dir='ltr'>ιιι,</span> <span class='ocrx_word' id='word_1_748' title='bbox 1535 4585 1560 4649; x_wconf 90' lang='grc' dir='ltr'>ι,</span> <span class='ocrx_word' id='word_1_749' title='bbox 1587 4580 1625 4653; x_wconf 76' lang='lat' dir='ltr'>t).</span> <span class='ocrx_word' id='word_1_750' title='bbox 1659 4581 1745 4636; x_wconf 89' lang='lat' dir='ltr'>ltem:</span> <span class='ocrx_word' id='word_1_751' title='bbox 1777 4576 1863 4635; x_wconf 80' lang='lat' dir='ltr'>unm</span> 
     </span>
     <span class='ocr_line' id='line_1_51' title="bbox 121 4664 1864 4743; baseline -0.006 -14"><span class='ocrx_word' id='word_1_752' title='bbox 121 4678 148 4729; x_wconf 86' lang='lat' dir='ltr'>et</span> <span class='ocrx_word' id='word_1_753' title='bbox 168 4670 305 4743; x_wconf 89' lang='lat' dir='ltr'>periculis</span> <span class='ocrx_word' id='word_1_754' title='bbox 328 4671 512 4728; x_wconf 91' lang='lat' dir='ltr'>matrimonia</span> <span class='ocrx_word' id='word_1_755' title='bbox 528 4672 686 4738; x_wconf 90' lang='lat' dir='ltr'>abundent,</span> <span class='ocrx_word' id='word_1_756' title='bbox 711 4670 869 4726; x_wconf 89' lang='lat' dir='ltr'>multorum</span> <span class='ocrx_word' id='word_1_757' title='bbox 884 4679 969 4726; x_wconf 88' lang='lat' dir='ltr'>antea</span> <span class='ocrx_word' id='word_1_758' title='bbox 1017 4672 1105 4743; x_wconf 84' lang='lat' dir='ltr'>plapo</span> <span class='ocrx_word' id='word_1_759' title='bbox 1120 4673 1235 4727; x_wconf 87' lang='lat' dir='ltr'>tristitia</span> <span class='ocrx_word' id='word_1_760' title='bbox 1259 4671 1347 4727; x_wconf 85' lang='lat' dir='ltr'>cordis</span> <span class='ocrx_word' id='word_1_761' title='bbox 1377 4675 1473 4726; x_wconf 79' lang='lat' dir='ltr'>estet</span> <span class='ocrx_word' id='word_1_762' title='bbox 1499 4670 1586 4725; x_wconf 84' lang='lat' dir='ltr'>omnis</span> <span class='ocrx_word' id='word_1_763' title='bbox 1613 4666 1724 4722; x_wconf 87' lang='lat' dir='ltr'>malitia</span> <span class='ocrx_word' id='word_1_764' title='bbox 1749 4664 1864 4735; x_wconf 78' lang='lat' dir='ltr'>nequitia</span> 
     </span>
     <span class='ocr_line' id='line_1_52' title="bbox 122 4756 1862 4831; baseline -0.005 -14"><span class='ocrx_word' id='word_1_765' title='bbox 122 4759 292 4818; x_wconf 91' lang='lat' dir='ltr'>testimoniis</span> <span class='ocrx_word' id='word_1_766' title='bbox 326 4767 354 4817; x_wconf 92' lang='lat' dir='ltr'>et</span> <span class='ocrx_word' id='word_1_767' title='bbox 392 4760 527 4831; x_wconf 89' lang='lat' dir='ltr'>lapsuum</span> <span class='ocrx_word' id='word_1_768' title='bbox 561 4759 767 4830; x_wconf 87' lang='lat' dir='ltr'>experimentis</span> <span class='ocrx_word' id='word_1_769' title='bbox 802 4759 967 4830; x_wconf 90' lang='lat' dir='ltr'>didicimus,</span> <span class='ocrx_word' id='word_1_770' title='bbox 1022 4760 1255 4829; x_wconf 74' lang='lat' dir='ltr'>mulieristdooli.</span> <span class='ocrx_word' id='word_1_771' title='bbox 1284 4776 1347 4827; x_wconf 84' lang='lat' dir='ltr'>xxv,</span> <span class='ocrx_word' id='word_1_772' title='bbox 1376 4760 1429 4829; x_wconf 77' lang='lat' dir='ltr'>nt.</span> <span class='ocrx_word' id='word_1_773' title='bbox 1459 4759 1670 4826; x_wconf 86' lang='lat' dir='ltr'>Nonestoapnt</span> <span class='ocrx_word' id='word_1_774' title='bbox 1694 4756 1811 4826; x_wconf 75' lang='lat' dir='ltr'>ueprius</span> <span class='ocrx_word' id='word_1_775' title='bbox 1824 4766 1862 4808; x_wconf 86' lang='lat' dir='ltr'>sa·</span> 
     </span>
     <span class='ocr_line' id='line_1_53' title="bbox 121 4841 1863 4920; baseline -0.006 -13"><span class='ocrx_word' id='word_1_776' title='bbox 121 4863 187 4907; x_wconf 90' lang='lat' dir='ltr'>eum</span> <span class='ocrx_word' id='word_1_777' title='bbox 208 4848 237 4905; x_wconf 94' lang='lat' dir='ltr'>in</span> <span class='ocrx_word' id='word_1_778' title='bbox 252 4848 386 4919; x_wconf 86' lang='lat' dir='ltr'>paradiso</span> <span class='ocrx_word' id='word_1_779' title='bbox 408 4849 513 4906; x_wconf 92' lang='lat' dir='ltr'>mulier</span> <span class='ocrx_word' id='word_1_780' title='bbox 529 4849 625 4906; x_wconf 92' lang='lat' dir='ltr'>statim</span> <span class='ocrx_word' id='word_1_781' title='bbox 649 4849 748 4906; x_wconf 92' lang='lat' dir='ltr'>virum</span> <span class='ocrx_word' id='word_1_782' title='bbox 767 4848 967 4919; x_wconf 88' lang='lat' dir='ltr'>captivaverit,</span> <span class='ocrx_word' id='word_1_783' title='bbox 1018 4865 1071 4920; x_wconf 85' lang='lat' dir='ltr'>per</span> <span class='ocrx_word' id='word_1_784' title='bbox 1099 4852 1188 4920; x_wconf 85' lang='lat' dir='ltr'>sapite</span> <span class='ocrx_word' id='word_1_785' title='bbox 1218 4849 1330 4912; x_wconf 77' lang='lat' dir='ltr'>colubri,</span> <span class='ocrx_word' id='word_1_786' title='bbox 1356 4853 1381 4903; x_wconf 88' lang='lat' dir='ltr'>et</span> <span class='ocrx_word' id='word_1_787' title='bbox 1406 4864 1460 4903; x_wconf 87' lang='lat' dir='ltr'>non</span> <span class='ocrx_word' id='word_1_788' title='bbox 1483 4851 1527 4903; x_wconf 88' lang='lat' dir='ltr'>iro</span> <span class='ocrx_word' id='word_1_789' title='bbox 1550 4861 1633 4916; x_wconf 86' lang='lat' dir='ltr'>super</span> <span class='ocrx_word' id='word_1_790' title='bbox 1654 4846 1728 4899; x_wconf 89' lang='lat' dir='ltr'>iram</span> <span class='ocrx_word' id='word_1_791' title='bbox 1748 4841 1863 4899; x_wconf 77' lang='lat' dir='ltr'>nonem</span> 
     </span>
     <span class='ocr_line' id='line_1_54' title="bbox 121 4933 1863 5010; baseline -0.005 -14"><span class='ocrx_word' id='word_1_792' title='bbox 121 4947 149 4996; x_wconf 93' lang='lat' dir='ltr'>et</span> <span class='ocrx_word' id='word_1_793' title='bbox 172 4939 341 4996; x_wconf 84' lang='lat' dir='ltr'>Nazaraeum</span> <span class='ocrx_word' id='word_1_794' title='bbox 370 4938 483 4994; x_wconf 84' lang='lat' dir='ltr'>Domini</span> <span class='ocrx_word' id='word_1_795' title='bbox 512 4938 689 5006; x_wconf 82' lang='lat' dir='ltr'>samsonem,</span> <span class='ocrx_word' id='word_1_796' title='bbox 707 4938 793 5009; x_wconf 86' lang='lat' dir='ltr'>eujus</span> <span class='ocrx_word' id='word_1_797' title='bbox 812 4951 863 5008; x_wconf 91' lang='lat' dir='ltr'>per</span> <span class='ocrx_word' id='word_1_798' title='bbox 878 4952 968 5010; x_wconf 77' lang='lat' dir='ltr'>ange·</span> <span class='ocrx_word' id='word_1_799' title='bbox 1022 4940 1189 4997; x_wconf 84' lang='lat' dir='ltr'>commorari</span> <span class='ocrx_word' id='word_1_800' title='bbox 1214 4941 1284 4994; x_wconf 88' lang='lat' dir='ltr'>leoni</span> <span class='ocrx_word' id='word_1_801' title='bbox 1306 4945 1332 4994; x_wconf 87' lang='lat' dir='ltr'>et</span> <span class='ocrx_word' id='word_1_802' title='bbox 1355 4936 1723 5008; x_wconf 62' lang='lat' dir='ltr'>amministrationem</span> <span class='ocrx_word' id='word_1_803' title='bbox 1747 4933 1863 4988; x_wconf 82' lang='lat' dir='ltr'>inditam</span> 
     </span>
     <span class='ocr_line' id='line_1_55' title="bbox 121 5020 1862 5099; baseline -0.005 -15"><span class='ocrx_word' id='word_1_804' title='bbox 121 5025 182 5084; x_wconf 94' lang='lat' dir='ltr'>lum</span> <span class='ocrx_word' id='word_1_805' title='bbox 222 5027 361 5085; x_wconf 88' lang='lat' dir='ltr'>nativitas</span> <span class='ocrx_word' id='word_1_806' title='bbox 395 5026 568 5083; x_wconf 91' lang='lat' dir='ltr'>annuntiata</span> <span class='ocrx_word' id='word_1_807' title='bbox 603 5026 707 5094; x_wconf 88' lang='lat' dir='ltr'>tuerat,</span> <span class='ocrx_word' id='word_1_808' title='bbox 735 5027 968 5097; x_wconf 71' lang='lat' dir='ltr'>(eoncupiscentia</span> <span class='ocrx_word' id='word_1_809' title='bbox 1021 5044 1081 5083; x_wconf 88' lang='lat' dir='ltr'>eum</span> <span class='ocrx_word' id='word_1_810' title='bbox 1096 5030 1209 5084; x_wconf 87' lang='lat' dir='ltr'>muliere</span> <span class='ocrx_word' id='word_1_811' title='bbox 1224 5043 1341 5098; x_wconf 80' lang='lat' dir='ltr'>nequam</span> <span class='ocrx_word' id='word_1_812' title='bbox 1351 5027 1442 5099; x_wconf 83' lang='lat' dir='ltr'>(ibid,</span> <span class='ocrx_word' id='word_1_813' title='bbox 1463 5025 1518 5097; x_wconf 79' lang='grc' dir='ltr'>ιι).</span> <span class='ocrx_word' id='word_1_814' title='bbox 1546 5025 1643 5081; x_wconf 81' lang='lat' dir='ltr'>Breuis</span> <span class='ocrx_word' id='word_1_815' title='bbox 1657 5026 1746 5078; x_wconf 83' lang='lat' dir='ltr'>omnis</span> <span class='ocrx_word' id='word_1_816' title='bbox 1762 5020 1862 5077; x_wconf 81' lang='lat' dir='ltr'>matitia</span> 
     </span>
     <span class='ocr_line' id='line_1_56' title="bbox 120 5111 1861 5188; baseline -0.004 -15"><span class='ocrx_word' id='word_1_817' title='bbox 120 5114 251 5173; x_wconf 90' lang='lat' dir='ltr'>mulieris</span> <span class='ocrx_word' id='word_1_818' title='bbox 281 5130 375 5188; x_wconf 83' lang='lat' dir='ltr'>usque</span> <span class='ocrx_word' id='word_1_819' title='bbox 404 5115 440 5172; x_wconf 88' lang='lat' dir='ltr'>ad</span> <span class='ocrx_word' id='word_1_820' title='bbox 456 5115 604 5172; x_wconf 90' lang='lat' dir='ltr'>interitum</span> <span class='ocrx_word' id='word_1_821' title='bbox 620 5115 747 5179; x_wconf 85' lang='lat' dir='ltr'>attraxit,</span> <span class='ocrx_word' id='word_1_822' title='bbox 763 5124 791 5173; x_wconf 91' lang='lat' dir='ltr'>et</span> <span class='ocrx_word' id='word_1_823' title='bbox 806 5116 967 5173; x_wconf 89' lang='lat' dir='ltr'>maximum</span> <span class='ocrx_word' id='word_1_824' title='bbox 1020 5133 1103 5188; x_wconf 87' lang='lat' dir='ltr'>super</span> <span class='ocrx_word' id='word_1_825' title='bbox 1126 5119 1262 5174; x_wconf 89' lang='lat' dir='ltr'>malitiam</span> <span class='ocrx_word' id='word_1_826' title='bbox 1288 5117 1423 5184; x_wconf 88' lang='lat' dir='ltr'>mulieris,</span> <span class='ocrx_word' id='word_1_827' title='bbox 1446 5131 1505 5170; x_wconf 87' lang='lat' dir='ltr'>sors</span> <span class='ocrx_word' id='word_1_828' title='bbox 1530 5118 1704 5185; x_wconf 85' lang='lat' dir='ltr'>peccatorum</span> <span class='ocrx_word' id='word_1_829' title='bbox 1725 5111 1802 5168; x_wconf 83' lang='lat' dir='ltr'>cadit</span> <span class='ocrx_word' id='word_1_830' title='bbox 1821 5123 1861 5165; x_wconf 84' lang='lat' dir='ltr'>stt·</span> 
     </span>
     <span class='ocr_line' id='line_1_57' title="bbox 119 5199 1860 5276; baseline -0.002 -18"><span class='ocrx_word' id='word_1_831' title='bbox 119 5201 203 5260; x_wconf 93' lang='lat' dir='ltr'>illum</span> <span class='ocrx_word' id='word_1_832' title='bbox 219 5205 425 5274; x_wconf 89' lang='lat' dir='ltr'>prophetarum</span> <span class='ocrx_word' id='word_1_833' title='bbox 440 5211 468 5260; x_wconf 91' lang='lat' dir='ltr'>et</span> <span class='ocrx_word' id='word_1_834' title='bbox 487 5218 590 5275; x_wconf 83' lang='lat' dir='ltr'>regum</span> <span class='ocrx_word' id='word_1_835' title='bbox 603 5205 706 5271; x_wconf 89' lang='lat' dir='ltr'>David,</span> <span class='ocrx_word' id='word_1_836' title='bbox 723 5205 770 5262; x_wconf 89' lang='lat' dir='ltr'>cui</span> <span class='ocrx_word' id='word_1_837' title='bbox 785 5213 812 5263; x_wconf 90' lang='lat' dir='ltr'>et</span> <span class='ocrx_word' id='word_1_838' title='bbox 828 5207 967 5262; x_wconf 78' lang='lat' dir='ltr'>bantinus</span> <span class='ocrx_word' id='word_1_839' title='bbox 1018 5223 1069 5276; x_wconf 90' lang='lat' dir='ltr'>per</span> <span class='ocrx_word' id='word_1_840' title='bbox 1088 5222 1148 5263; x_wconf 90' lang='lat' dir='ltr'>eam</span> <span class='ocrx_word' id='word_1_841' title='bbox 1159 5205 1252 5275; x_wconf 83' lang='lat' dir='ltr'>(ibid,</span> <span class='ocrx_word' id='word_1_842' title='bbox 1273 5205 1329 5276; x_wconf 77' lang='lat' dir='ltr'>td).</span> <span class='ocrx_word' id='word_1_843' title='bbox 1357 5204 1456 5261; x_wconf 81' lang='lat' dir='ltr'>Mulier</span> <span class='ocrx_word' id='word_1_844' title='bbox 1470 5205 1495 5259; x_wconf 87' lang='lat' dir='ltr'>si</span> <span class='ocrx_word' id='word_1_845' title='bbox 1513 5205 1665 5274; x_wconf 86' lang='lat' dir='ltr'>primatum</span> <span class='ocrx_word' id='word_1_846' title='bbox 1678 5199 1789 5270; x_wconf 84' lang='lat' dir='ltr'>babeat,</span> <span class='ocrx_word' id='word_1_847' title='bbox 1808 5211 1860 5254; x_wconf 72' lang='lat' dir='ltr'>aar</span> 
     </span>
     <span class='ocr_line' id='line_1_58' title="bbox 118 5289 1897 5362; baseline -0.003 -15"><span class='ocrx_word' id='word_1_848' title='bbox 118 5297 233 5349; x_wconf 89' lang='lat' dir='ltr'>tantum</span> <span class='ocrx_word' id='word_1_849' title='bbox 254 5293 371 5350; x_wconf 91' lang='lat' dir='ltr'>dederat</span> <span class='ocrx_word' id='word_1_850' title='bbox 399 5293 594 5351; x_wconf 89' lang='lat' dir='ltr'>testimonium</span> <span class='ocrx_word' id='word_1_851' title='bbox 616 5295 732 5351; x_wconf 90' lang='lat' dir='ltr'>dicens:</span> <span class='ocrx_word' id='word_1_852' title='bbox 762 5295 862 5350; x_wconf 87' lang='lat' dir='ltr'>Inveni</span> <span class='ocrx_word' id='word_1_853' title='bbox 877 5300 966 5351; x_wconf 82' lang='lat' dir='ltr'>utram</span> <span class='ocrx_word' id='word_1_854' title='bbox 1021 5298 1111 5350; x_wconf 85' lang='lat' dir='ltr'>traria</span> <span class='ocrx_word' id='word_1_855' title='bbox 1144 5300 1184 5350; x_wconf 83' lang='lat' dir='ltr'>est</span> <span class='ocrx_word' id='word_1_856' title='bbox 1214 5298 1271 5349; x_wconf 85' lang='lat' dir='ltr'>ciro</span> <span class='ocrx_word' id='word_1_857' title='bbox 1295 5301 1353 5362; x_wconf 85' lang='lat' dir='ltr'>sua,</span> <span class='ocrx_word' id='word_1_858' title='bbox 1387 5298 1413 5348; x_wconf 88' lang='lat' dir='ltr'>et</span> <span class='ocrx_word' id='word_1_859' title='bbox 1453 5293 1540 5362; x_wconf 83' lang='lat' dir='ltr'>plapa</span> <span class='ocrx_word' id='word_1_860' title='bbox 1574 5292 1668 5346; x_wconf 86' lang='lat' dir='ltr'>mortis</span> <span class='ocrx_word' id='word_1_861' title='bbox 1700 5289 1801 5344; x_wconf 81' lang='lat' dir='ltr'>mutter</span> <span class='ocrx_word' id='word_1_862' title='bbox 1821 5299 1860 5341; x_wconf 85' lang='lat' dir='ltr'>m·</span> <span class='ocrx_word' id='word_1_863' title='bbox 1894 5298 1897 5307; x_wconf 94' lang='lat'><em>·</em></span> 
     </span>
     <span class='ocr_line' id='line_1_59' title="bbox 115 5375 1861 5455; baseline -0.002 -22"><span class='ocrx_word' id='word_1_864' title='bbox 115 5377 201 5446; x_wconf 82' lang='lat' dir='ltr'>juata</span> <span class='ocrx_word' id='word_1_865' title='bbox 234 5394 280 5435; x_wconf 86' lang='lat' dir='ltr'>eor</span> <span class='ocrx_word' id='word_1_866' title='bbox 313 5396 399 5436; x_wconf 75' lang='lat' dir='ltr'>mum</span> <span class='ocrx_word' id='word_1_867' title='bbox 436 5381 511 5452; x_wconf 83' lang='lat' dir='ltr'>(Ast.</span> <span class='ocrx_word' id='word_1_868' title='bbox 537 5397 600 5453; x_wconf 84' lang='grc' dir='ltr'>ιιιιι,</span> <span class='ocrx_word' id='word_1_869' title='bbox 628 5384 683 5455; x_wconf 76' lang='lat' dir='ltr'>tt),</span> <span class='ocrx_word' id='word_1_870' title='bbox 717 5397 796 5440; x_wconf 91' lang='lat' dir='ltr'>unus</span> <span class='ocrx_word' id='word_1_871' title='bbox 819 5383 966 5441; x_wconf 73' lang='lat' dir='ltr'>Bersabeae</span> <span class='ocrx_word' id='word_1_872' title='bbox 1021 5382 1210 5455; x_wconf 75' lang='lat' dir='ltr'>quamlidid,</span> <span class='ocrx_word' id='word_1_873' title='bbox 1235 5384 1279 5451; x_wconf 82' lang='lat'>30,</span> <span class='ocrx_word' id='word_1_874' title='bbox 1309 5381 1366 5453; x_wconf 80' lang='lat'><strong>31).</strong></span> <span class='ocrx_word' id='word_1_875' title='bbox 1383 5382 1408 5436; x_wconf 80' lang='grc' dir='ltr'>ιι</span> <span class='ocrx_word' id='word_1_876' title='bbox 1425 5382 1549 5444; x_wconf 72' lang='lat' dir='ltr'>mature,</span> <span class='ocrx_word' id='word_1_877' title='bbox 1571 5378 1804 5444; x_wconf 74' lang='lat' dir='ltr'>initiamtmtum</span> <span class='ocrx_word' id='word_1_878' title='bbox 1828 5375 1861 5429; x_wconf 81' lang='lat' dir='ltr'>ut</span> 
     </span>
     <span class='ocr_line' id='line_1_60' title="bbox 120 5465 1861 5545; baseline 0.001 -24"><span class='ocrx_word' id='word_1_879' title='bbox 120 5473 254 5536; x_wconf 85' lang='lat' dir='ltr'>aspectus</span> <span class='ocrx_word' id='word_1_880' title='bbox 267 5465 297 5523; x_wconf 91' lang='lat' dir='ltr'>in</span> <span class='ocrx_word' id='word_1_881' title='bbox 312 5474 425 5526; x_wconf 89' lang='lat' dir='ltr'>tantum</span> <span class='ocrx_word' id='word_1_882' title='bbox 453 5468 633 5542; x_wconf 86' lang='lat' dir='ltr'>illaqueavit,</span> <span class='ocrx_word' id='word_1_883' title='bbox 657 5478 690 5530; x_wconf 89' lang='lat' dir='ltr'>ut</span> <span class='ocrx_word' id='word_1_884' title='bbox 713 5472 912 5530; x_wconf 88' lang='lat' dir='ltr'>strenuissimo</span> <span class='ocrx_word' id='word_1_885' title='bbox 932 5486 966 5530; x_wconf 90' lang='lat' dir='ltr'>ao</span> <span class='ocrx_word' id='word_1_886' title='bbox 1018 5475 1132 5545; x_wconf 85' lang='lat' dir='ltr'>peccati,</span> <span class='ocrx_word' id='word_1_887' title='bbox 1155 5478 1181 5529; x_wconf 89' lang='lat' dir='ltr'>et</span> <span class='ocrx_word' id='word_1_888' title='bbox 1195 5487 1247 5544; x_wconf 87' lang='lat' dir='ltr'>per</span> <span class='ocrx_word' id='word_1_889' title='bbox 1269 5472 1346 5529; x_wconf 88' lang='lat' dir='ltr'>illam</span> <span class='ocrx_word' id='word_1_890' title='bbox 1359 5486 1449 5528; x_wconf 89' lang='lat' dir='ltr'>omnes</span> <span class='ocrx_word' id='word_1_891' title='bbox 1474 5471 1616 5528; x_wconf 73' lang='lat' dir='ltr'>mammam</span> <span class='ocrx_word' id='word_1_892' title='bbox 1639 5469 1701 5526; x_wconf 85' lang='lat' dir='ltr'>Non</span> <span class='ocrx_word' id='word_1_893' title='bbox 1721 5467 1771 5524; x_wconf 83' lang='lat' dir='ltr'>des</span> <span class='ocrx_word' id='word_1_894' title='bbox 1793 5475 1861 5536; x_wconf 76' lang='lat' dir='ltr'>apuu</span> 
     </span>
    </p>
   </div>
   <div class='ocr_carea' id='block_1_3' title="bbox 1899 3776 1905 4831">
    <p class='ocr_par' dir='ltr' id='par_1_3' title="bbox 1899 3776 1905 4831">
     <span class='ocr_line' id='line_1_61' title="bbox 1899 3776 1905 4831; baseline 0 0"><span class='ocrx_word' id='word_1_895' title='bbox 1899 3776 1905 4831; x_wconf 95' lang='lat' dir='ltr'> </span> 
     </span>
    </p>
   </div>
   <div class='ocr_carea' id='block_1_4' title="bbox 0 0 1906 5958">
    <p class='ocr_par' dir='ltr' id='par_1_4' title="bbox 0 0 1906 5958">
     <span class='ocr_line' id='line_1_62' title="bbox 0 0 1906 5958; baseline 0 0"><span class='ocrx_word' id='word_1_896' title='bbox 0 0 1906 5958; x_wconf 95' lang='lat' dir='ltr'> </span> 
     </span>
    </p>
   </div>
  </div>
 </body>
</html>
