3804 5962
70 200 135 258 ldbl
632 200 834 261 ansoldum
852 201 1072 260 unmsttnrth.
1086 231 1118 245 -
1133 201 1199 260 tib.
1219 203 1266 260 1v.
1742 206 1813 265 {302

65 323 206 395 Spiritum
219 326 354 381 sanctum
377 321 529 394 procedere
541 323 727 391 coulltcntur,
748 339 782 382 eo
800 322 910 382 scilicet
925 325 949 381 ι
964 324 1061 384 (ιιιιιι
1074 325 1212 397 suppleri.
1236 324 1377 395 Quamvis
1394 326 1481 385 etiam
1511 327 1552 386 ita
1566 327 1658 401 possit
1674 326 1811 405 intelllgi,

64 411 142 485 quod
160 410 272 470 Veritas
287 411 317 469 in
333 411 491 486 Evangelio
516 412 602 470 fldem
617 412 728 487 integre
749 413 912 472 continente
965 422 1017 471 aut
1030 415 1149 472 omniuo
1172 416 1208 488 [s.
1233 424 1267 474 ιιι
1292 416 1421 488 omnino]
1450 416 1638 489 prohibeatur
1660 418 1747 477 bomo
1774 433 1814 478 ex

64 501 102 559 de
116 501 298 573 processione
313 501 436 573 Spiritus
457 501 589 573 loquens,
605 501 699 560 solum
714 503 827 561 Patrem
835 519 910 561 com·
965 503 1058 575 seipso
1083 504 1181 562 verbis
1200 505 1314 563 Domini
1330 505 1440 577 aliquid
1470 506 1617 578 supplere.
1646 506 1729 565 Tunc
1743 520 1813 567 vero

64 595 214 659 memorat,
244 590 368 647 dicens:
398 591 519 661 Spiritus
547 595 638 661 quta
673 592 757 649 Potae
790 594 913 665 procedit
964 593 1051 650 homo
1078 606 1115 650 ex
1139 607 1170 650 sc
1194 593 1307 667 aliquid
1328 594 1454 660 adderet,
1471 594 1496 652 si
1511 594 1566 652 boc
1588 609 1626 652 ex
1642 609 1729 654 sensu
1744 609 1810 668 suo,

62 679 154 750 (locu.
178 690 230 749 xv,
249 679 307 751 ιι).
333 677 389 748 Qui
412 680 503 737 etiam
528 693 617 751 super
634 681 689 738 hoc
717 680 796 754 quod
811 697 912 740 cuma
964 695 1024 738 nou
1051 696 1088 740 ex
1111 682 1299 753 inspiratione
1323 682 1447 754 Spiritus
1473 691 1672 754 presumeret.
1696 684 1811 759 usquc

63 768 136 826 Filio
154 782 273 840 qnoque
300 768 455 840 procedere
475 768 631 840 credimus,
648 784 702 828 nos
724 771 911 830 vehementer

62 865 193 930 arguunt
221 863 311 930 atque
333 871 397 914 reos
426 859 620 916 anathematis
646 860 736 918 teucri
760 852 909 920 ιιιιιιιιιιῖ

62 945 144 1013 Quod
161 946 191 1003 iu
205 945 415 1017 principalibus
437 946 567 1005 conciliis
594 961 660 1020 que
674 949 753 1021 apud
767 965 816 1008 cos
837 952 909 1009 cele·

62 1035 147 1094 brata
161 1042 239 1102 sunt,
257 1035 297 1092 ita
319 1035 450 1116 symbola
470 1050 570 1095 eorum
601 1037 766 1110 subiunctis
788 1041 911 1098 anathe-

61 1124 190 1184 matibus
204 1125 315 1182 sancita
326 1123 396 1191 sint,
412 1131 445 1182 ut
458 1124 532 1182 nulli
548 1125 583 1183 de
599 1126 654 1184 lide
668 1127 819 1186 Trinitatis
830 1129 911 1188 aliud

60 1213 164 1272 docere
188 1212 235 1271 ιιι
263 1213 348 1271 ιιιιιι·
370 1213 527 1285 predicare
554 1229 644 1286 quam
667 1215 707 1273 ibi
736 1218 909 1288 continetur,

61 1301 156 1359 liccat.
184 1302 217 1359 lu
236 1301 346 1374 quibus
362 1301 501 1374 symbolis
526 1317 593 1360 cum
610 1304 640 1362 in
656 1306 836 1375 processione
848 1307 910 1379 Spi-

62 1391 138 1450 ritus
149 1389 184 1448 de
209 1390 270 1448 solo
291 1391 374 1448 Patre
398 1399 646 1464 commemoretur,
664 1395 844 1468 quicunque,
862 1397 910 1454 in-

964 768 1083 839 quidem
1109 768 1218 840 Spiritu
1244 769 1385 839 scriptum
1412 776 1477 826 cst:
1500 771 1561 828 Non
1582 772 1655 826 caim
1674 785 1722 830 ooo
1747 772 1813 830 catis

965 860 1013 925 qui
1032 859 1184 930 loquimini,
1210 859 1258 914 sed
1281 858 1405 930 Spiritus
1418 859 1510 915 Putris
1525 862 1610 916 uestri
1624 861 1674 930 qui
1684 859 1813 932 loquitur

964 949 994 1002 in
1008 947 1083 1003 cobis
1099 945 1209 1018 (ltutth.
1234 960 1265 1012 x,
1292 947 1349 1018 ιο).
1371 947 1461 1005 mutu
1485 946 1571 1005 etiam
1596 947 1631 1005 de
1663 946 1812 1008 miraculis

964 1042 1130 1093 sanctorum
1148 1041 1176 1093 et
1191 1036 1226 1092 dc
1242 1035 1287 1092 bis
1301 1050 1368 1108 que
1392 1036 1486 1094 saucii
1501 1039 1599 1094 Patres
1613 1043 1678 1109 post
1691 1044 1811 1110 aposto·

964 1124 1006 1183 los
1021 1124 1199 1196 scripserunt
1214 1124 1414 1196 predicamus,
1442 1139 1509 1183 cum
1540 1133 1635 1183 tamen
1656 1124 1811 1198 Apostolus
1871 1182 1874 1187 .

964 1212 1050 1283 dicat,
1061 1214 1099 1270 ad
1113 1211 1227 1271 Galatas
1246 1213 1397 1271 scribens:
1414 1215 1489 1271 Licet
1511 1230 1560 1270 aas
1578 1220 1627 1270 out
1650 1214 1763 1286 augelus
1777 1214 1813 1272 de

964 1304 1026 1359 ceto
1049 1303 1213 1372 evangelizet
1248 1303 1323 1358 cobis
1363 1306 1468 1374 prater
1497 1303 1571 1375 guod
1594 1304 1811 1373 evangelizamus

963 1392 1048 1459 uobis,
1082 1392 1228 1448 anathemo
1251 1393 1298 1447 sit.
1327 1392 1403 1449 Sicut
1433 1392 1555 1464 medici
1575 1396 1602 1450 et
1622 1409 1694 1450 coac
1711 1394 1813 1453 iurum

60 1480 181 1554 quiunt,
205 1480 311 1539 Filium
335 1479 458 1549 addunt,
486 1481 641 1539 anathema
660 1483 830 1544 incurrunt.
850 1485 909 1543 hd·
964 1480 1044 1536 dico:
1068 1480 1100 1536 Si
1122 1482 1185 1552 qais
1211 1480 1288 1536 uobis
1314 1482 1547 1551 euangeliaouerit
1567 1487 1670 1554 prater
1689 1482 1721 1538 id
1735 1482 1828 1556 guod-

59 1568 135 1628 dunt
148 1568 235 1627 etiam
250 1569 287 1626 ad
311 1569 566 1642 exaggerationem
595 1571 784 1643 impudentia
804 1582 910 1633 nostre
925 1609 948 1666 B
964 1572 1116 1641 metuetis.
1133 1570 1278 1625 anathema
1298 1572 1335 1626 sit
1347 1570 1421 1641 (dot.
1441 1586 1461 1641 t,
1487 1571 1739 1643 albucianum
1759 1585 1811 1645 op·

61 1656 260 1715 testimoninm
294 1656 497 1727 damnationis,
532 1659 695 1731 symbolum
723 1661 798 1729 lidei,
828 1662 907 1734 quod
964 1665 1077 1729 ponunt
1091 1657 1181 1716 Greci
1199 1658 1395 1730 evangelicam
1415 1658 1598 1718 traditionem
1614 1659 1650 1717 ad
1666 1659 1812 1734 integrant

57 1746 147 1818 juxta
174 1745 356 1803 traditionem
396 1746 600 1817 predictorum
628 1748 816 1809 conciliorum
853 1751 907 1809 beo
962 1746 1029 1805 ildei
1056 1745 1237 1818 disciplinam
1261 1746 1391 1806 sulficere
1420 1748 1659 1821 necquidquam
1687 1748 1812 1811 ulterius

60 1833 164 1893 oratus
179 1835 276 1892 nome
298 1835 506 1906 transcriptum
530 1836 560 1892 u
584 1835 686 1894 doura
716 1839 835 1910 posceris
859 1853 906 1898 ar·
961 1835 1201 1894 acuendumcsse
1216 1844 1449 1909 praetereaque
1464 1836 1495 1895 iu
1514 1836 1812 1898 verbiseontincntur

60 1929 165 1997 gentes
190 1923 319 1994 reliquit,
351 1937 405 1996 pro
438 1937 547 1994 amore,
571 1932 603 1982 ut
627 1925 746 1996 ipsemet
773 1927 852 1997 dicit,
879 1936 907 1986 et
961 1925 1147 1996 evangelicis,
1177 1924 1207 1982 in
1228 1926 1337 1997 seipsos
1361 1926 1533 1984 senteutiam
1550 1925 1713 1999 proterunt,
1741 1941 1810 1991 cum

58 2011 432 2069 cautelaortbodoxariidci.
445 2000 478 2069 lu
493 2027 552 2084 quo
570 2013 689 2084 quidem
704 2016 834 2086 symbolo
848 2016 907 2090 ipse
962 2014 1045 2072 aiunt
1072 2014 1211 2084 Spiritum
1241 2028 1258 2071 a
1272 2014 1332 2071 solo
1349 2015 1433 2073 Patre
1459 2015 1625 2087 procedere.
1648 2014 1713 2074 Non
1729 2010 1812 2078 ιιιιιιι

58 2114 179 2173 qnoque
205 2100 236 2158 in
259 2102 440 2172 processione
467 2101 602 2174 Spiritus,
630 2102 725 2161 solum
738 2119 908 2164 commemo
961 2101 1152 2174 Evangelium
1172 2117 1238 2160 cum
1254 2116 1271 2159 a
1288 2104 1372 2161 Patre
1396 2104 1548 2173 procedere
1568 2103 1709 2176 Spiritum
1725 2103 1807 2177 dicit,

58 2196 106 2249 rat
120 2191 244 2259 Patrem,
265 2190 310 2249 his
325 2190 454 2262 quidem,
483 2190 599 2248 verbis:
625 2211 637 2241 ι
666 2193 700 2249 Et
715 2193 745 2250 in
768 2193 907 2265 Spiritum
960 2193 1016 2248 soto
1031 2190 1175 2264 adjungit,
1196 2191 1274 2263 quod
1289 2192 1345 2264 ipsi
1359 2199 1520 2264 apponunt.
1537 2192 1587 2250 sed
1605 2193 1809 2252 tantummodo
1830 2226 1841 2258 ι

57 2285 194 2337 sanctum
206 2279 361 2337 [lominum
386 2287 413 2337 ct
432 2279 639 2348 vivificantem,
654 2293 689 2339 ex
714 2278 904 2355 Patrcprooe-
960 2298 978 2336 u
1004 2282 1086 2336 Putre
1104 2279 1185 2337 dicit.
1210 2279 1301 2338 blulta
1322 2295 1441 2352 quoque
1470 2280 1533 2338 idei
1562 2281 1725 2340 ιιιιιιιιιιι
1744 2286 1810 2355 post

59 2368 186 2433 dentem,
202 2382 272 2426 cum
286 2369 370 2426 Patre
390 2376 418 2425 et
437 2368 509 2426 Filio
531 2370 748 2428 coadorandum
777 2379 805 2429 et
820 2372 904 2446 glori·
960 2368 1119 2441 Evangelia
1146 2368 1182 2425 ab
1204 2369 1341 2440 apostolis
1364 2368 1411 2426 vel
1443 2369 1604 2440 apostolicis
1624 2369 1697 2428 viris
1710 2369 1810 2430 addita

60 2455 219 2521 beandum,
239 2464 293 2513 ιιι.
308 2478 322 2507 o
343 2458 377 2513 ln
391 2464 504 2528 quanta
525 2465 623 2515 antem
646 2461 809 2518 reverentia
829 2461 907 2532 prin·
960 2464 1039 2525 sum,
1064 2471 1130 2529 quae
1155 2471 1192 2515 ex
1218 2457 1315 2516 verbis
1337 2457 1516 2530 evangelicis
1535 2457 1655 2515 minime
1678 2471 1808 2531 compro·

62 2544 152 2617 cipali
185 2543 235 2602 illa
259 2545 380 2602 concilia
408 2546 531 2603 tenenda
549 2547 608 2604 sint
637 2548 908 2622 beatusdiligeuter
961 2545 1078 2615 bamur,
1095 2545 1226 2604 Siculisi
1253 2545 1324 2602 illud
1350 2545 1560 2618 ᾰθιὶῐιῑῦῑῑιῑθ
1577 2545 1807 2607 Μόῑῐῑδῦθιιιῑιῖ

60 2634 153 2704 aperit
167 2633 332 2706 Gregorius,
349 2633 400 2704 uui
414 2648 444 2691 ιι
458 2648 493 2691 ιι
511 2643 654 2708 tauquam
669 2643 797 2708 quatuor
809 2638 904 2696 Ειιιι-
935 2636 938 2643 ’
961 2635 1048 2692 etiam
1071 2640 1133 2705 post
1162 2641 1278 2706 partum
1303 2633 1414 2706 jugiter
1440 2640 1608 2692 conservata
1632 2640 1661 2690 ιι
1684 2632 1719 2691 ιι
1739 2631 1805 2691 eliis

58 2721 138 2796 gella
152 2723 298 2794 suscipere
319 2728 348 2780 ιι
362 2724 496 2781 venerari
517 2725 679 2796 profitetur.
708 2726 790 2784 Unde
814 2733 841 2784 ct
855 2742 905 2784 eo-
960 2723 1079 2781 tortasse
1094 2724 1201 2782 multis.

54 2825 126 2869 rum
140 2811 236 2868 verbis
251 2825 309 2868 non
326 2812 420 2884 magis
444 2827 534 2884 quam
548 2813 722 2886 evangelicis
738 2814 784 2872 vel
799 2815 906 2873 addere
999 2813 1049 2870 llis
1077 2819 1175 2870 autem
1201 2812 1341 2870 adversus
1364 2812 1530 2870 (trecorum
1553 2809 1743 2883 objectionem
1770 2808 1806 2869 de

56 2899 170 2971 aliquid
184 2899 230 2957 vei
245 2900 416 2959 subtrahere
431 2915 483 2959 uos
510 2903 660 2973 permittit,
678 2904 717 2961 ιιι
739 2902 906 2962 Constantio
922 2870 945 2933 ⁰
961 2902 1141 2974 processione
1156 2901 1280 2974 Spiritus
1305 2901 1461 2972 responsis,
1480 2899 1551 2959 libet
1574 2900 1664 2957 etiam
1680 2912 1719 2958 ex
1730 2899 1808 2972 ipsoq

54 2989 193 3061 episcopo
226 2989 432 3047 Mediolanensi
462 2990 497 3048 de
526 3006 583 3049 uuo
620 3007 723 3050 eorum
750 2993 904 3051 scribens:
960 2990 1207 3048 rumdoctoribus
1227 2989 1389 3048 testimonia
1415 2989 1554 3061 proteum,
1572 2987 1805 3062 quibuscum

57 3077 154 3147 «Nos,
176 3084 294 3136 auctore
322 3079 459 3146 veritate,
486 3086 554 3138 teste
580 3081 765 3151 conscientia,
782 3082 907 3141 latemur
960 3093 1078 3152 quoquc
1114 3078 1252 3149 Spiritum
1295 3091 1359 3137 san·

55 3165 145 3226 iidem
169 3167 409 3226 Chalcedonensis
433 3168 557 3240 symboli
580 3169 721 3229 illibatam
743 3185 795 3243 per
808 3173 906 3230 omnia
959 3176 1038 3226 ctum
1063 3167 1215 3240 procedere
1241 3166 1363 3225 docean·
1435 3165 1680 3226 lvoCamotensis
1700 3166 1805 3227 inscr-

53 3256 211 3325 custodire,
240 3256 374 3331 nihilque
400 3257 465 3328 ejus
492 3258 662 3317 ditlluitioni
687 3260 802 3331 addere,
832 3262 906 3320 nihil
959 3263 1018 3314 tur.
1033 3256 1210 3314 Athanasius
1229 3256 1259 3314 in
1282 3256 1361 3328 Sym·
1400 3270 1484 3314 mund
1499 3256 1697 3314 Pentecostes:
1721 3256 1804 3316 cllo·

55 3345 230 3404 subtrahere
244 3346 362 3404 audere.
379 3346 444 3414 Sed,
460 3348 487 3404 si
500 3347 567 3419 quis
585 3358 686 3406 contra
704 3351 906 3422 camelosque
959 3343 1024 3403 bolo
1039 3344 1126 3401 fidei:
1153 3366 1168 3396 ι
1187 3344 1324 3418 Spiritus,
1349 3365 1364 3395 a
1403 3343 1500 3401 miuus
1511 3344 1579 3402 dicit
1587 3343 1619 3401 in
1628 3342 1803 3416 Evangelio:

54 3433 163 3505 synodi
190 3435 285 3502 iidem,
310 3433 372 3492 sive
397 3435 463 3505 plns
493 3435 650 3507 minusque
672 3435 708 3493 ad
731 3437 904 3508 sapiendum
960 3431 1067 3504 iuquit,
1084 3451 1098 3486 ι
1113 3441 1232 3491 sauctus
1246 3447 1263 3490 a
1279 3434 1363 3492 Patre
1399 3432 1592 3491 cumvenerit
1615 3433 1803 3505 Spiritaroc·

55 3534 203 3592 usurpare
228 3523 439 3594 appetituum
470 3524 548 3580 omni
585 3523 723 3580 dilatione
749 3527 905 3597 postposita
957 3527 986 3578 ιι
1000 3521 1083 3589 Filio,
1102 3536 1160 3578 nou
1176 3520 1278 3591 iactus,
1302 3536 1361 3580 uon
1398 3524 1503 3590 ritutis,
1527 3537 1588 3578 com
1610 3523 1805 3593 cPutrepro·

52 3609 346 3675 anathematizamus,
376 3618 465 3683 atque
490 3624 508 3667 a
532 3611 601 3669 sinu
635 3612 736 3669 matris
772 3613 905 3671 Ecclesia
958 3615 1081 3676 creatus,
1104 3623 1162 3666 non
1177 3609 1293 3682 genitus
1315 3609 1364 3667 sed
1401 3611 1481 3679 cedit,
1521 3610 1569 3666 itte
1613 3625 1661 3667 oca
1701 3609 1806 3667 ιιοιιιιι

52 3696 186 3756 mianum
217 3713 280 3757 esse
307 3699 530 3757 decernimus.»
556 3698 611 3757 Sed
625 3700 751 3772 proiecto
774 3715 840 3759 cum
857 3701 903 3758 iu·
957 3697 1138 3769 procedens;
1166 3698 1217 3755 ubi
1246 3698 1365 3770 quidem
1401 3715 1505 3755 cmmm
1529 3703 1682 3768 oeritotem,
1700 3698 1748 3756 illc
1762 3712 1805 3754 me

52 3786 208 3847 tordicitur
222 3801 259 3843 ne
273 3788 342 3859 quis
363 3788 447 3845 aliter
460 3788 560 3845 doceat
588 3794 639 3846 aut
654 3788 789 3859 predicet
804 3789 903 3847 catbo·
956 3801 1023 3845 cum
1045 3786 1213 3858 praemiserit
1223 3787 1361 3858 Spiritum
1397 3787 1568 3858 clorificabit,
1598 3789 1665 3856 guia
1686 3787 1720 3844 de
1746 3803 1805 3845 meo

49 3874 238 3936 ticamlidem
253 3889 345 3949 quam
361 3877 391 3934 in
411 3876 556 3948 predictis
577 3877 743 3937 continetur
764 3879 901 3947 conciliis,
956 3882 1090 3934 sanctum
1108 3889 1126 3932 a
1145 3876 1228 3933 Patre
1245 3882 1273 3932 ιι
1288 3875 1359 3932 Filio
1395 3877 1532 3947 decipiet,
1570 3878 1597 3930 ιι
1624 3875 1804 3932 annuntiabit

50 3962 142 4022 aliter
159 3962 270 4021 dictum
287 3972 367 4037 puto,
384 3979 441 4022 non
459 3965 619 4022 secuudum
636 3966 792 4024 verborum
807 3967 902 4024 diver·
956 3979 1017 4022 esse
1031 3970 1117 4036 atque
1132 3963 1285 4035 subiunxit
1300 3977 1362 4035 pro
1398 3963 1473 4019 oobis
1493 3962 1583 4034 (loca.
1597 3976 1659 4032 ιιι,
1677 3963 1805 4036 ιιιιιιι

50 4051 170 4110 sitalem
196 4052 246 4110 sed
272 4053 433 4111 secundum
461 4054 527 4111 lidei
557 4055 802 4123 contrarietatem,
830 4055 902 4112 acsi
957 4054 1069 4122 cedens,
1089 4052 1240 4111 manifeste
1262 4053 1361 4111 docuit
1397 4053 1486 4110 verbe
1523 4050 1564 4109 ita
1595 4052 1804 4125 interpretatur

50 4141 172 4199 dicatur
186 4141 278 4211 aliter,
296 4142 350 4199 hoc
378 4151 420 4200 est
435 4144 580 4201 contrario
600 4144 695 4211 modo,
718 4144 903 4202 uondlverso
958 4157 1025 4200 eum
1049 4143 1085 4199 ab
1112 4151 1237 4213 utroque
1261 4156 1361 4213 prooe-
1396 4142 1559 4213 bidymus:
1581 4161 1597 4193 ιι
1611 4141 1707 4199 titiam
1721 4155 1801 4214 sepa-

51 4228 213 4289 verbornm
228 4243 315 4301 souo;
336 4230 408 4301 quia
426 4238 454 4287 et
475 4246 528 4287 nos
548 4231 649 4289 Latine
674 4231 810 4302 dicimus,
826 4231 903 4303 quod
919 4227 942 4284 li
958 4232 1035 4300 dere,
1064 4245 1131 4289 cum
1147 4233 1183 4288 ad
1203 4238 1363 4303 utrumque
1399 4230 1552 4310 rabilisest
1567 4230 1692 4304 Spiritus
1709 4244 1804 4290 amca

53 4316 219 4376 illiGrece.
240 4316 322 4374 Sicut
341 4332 409 4390 ergo
428 4318 576 4377 diversum
592 4333 645 4390 pro
662 4319 817 4391 propositio
833 4321 903 4377 dici·
958 4318 1125 4392 procedens}
1139 4318 1272 4377 retulerit
1289 4319 1364 4377 sicut
1399 4327 1427 4376 ιι
1454 4320 1547 4377 Ριιιιι
1575 4320 1733 4378 voluntate.
1768 4320 1805 4378 itt

51 4413 117 4473 tur,
144 4405 184 4462 ita
208 4404 322 4463 diverso
350 4407 433 4464 modo
455 4408 534 4478 quod
548 4414 590 4465 est
612 4408 695 4465 aliter
710 4423 760 4480 pro
775 4410 904 4481 opposito
956 4422 1028 4475 esse,
1044 4408 1201 4479 praesertim
1215 4422 1282 4465 cum
1303 4422 1362 4466 uon
1399 4408 1523 4480 amplius
1550 4410 1701 4481 quianon
1722 4421 1760 4466 cs
1774 4420 1805 4466 to

52 4493 144 4554 modo
157 4509 216 4553 uon
227 4496 387 4568 incongrue
397 4496 535 4554 sumitur.
550 4496 700 4569 Alioquin,
715 4512 782 4556 cum
797 4513 903 4556 unum·
957 4496 1040 4553 aliter
1078 4510 1096 4552 a
1125 4498 1209 4553 Patre
1237 4496 1362 4568 Spiritus
1397 4505 1448 4567 est,
1473 4496 1523 4554 sed
1545 4511 1583 4555 ex
1604 4498 1687 4555 Patre
1707 4503 1737 4555 et
1758 4508 1805 4555 mc

52 4583 195 4657 quodque
215 4583 331 4641 illorum
345 4585 534 4643 conciliorum
551 4586 702 4658 pmprium
712 4587 904 4658 composuerit
956 4597 1018 4642 esse
1049 4584 1154 4642 habeat
1181 4597 1271 4655 quam
1294 4598 1359 4655 pro·
1395 4591 1447 4642 ιιι.
1494 4585 1553 4643 Ηοι
1590 4585 1669 4643 enim
1708 4585 1806 4658 ipsunt

52 4677 147 4742 atquc
160 4669 319 4727 instituerit
333 4669 506 4741 symbolum,
541 4673 658 4744 sintque
685 4672 753 4743 ipsis
774 4672 904 4744 symbola
957 4672 1122 4730 cedendo·
1143 4672 1291 4730 hitaliam
1310 4673 1361 4731 bi·
1398 4672 1476 4750 guod
1505 4673 1636 4733 subsistit
1657 4681 1685 4732 et
1707 4672 1802 4748 loqui·

52 4756 233 4815 abinvicem
259 4758 356 4815 verbis
382 4757 506 4826 diversa,
533 4773 568 4817 ac
590 4759 710 4817 tortasse
727 4760 904 4832 quibusdam
958 4761 1063 4832 dpmus
1089 4775 1189 4820 eorum
1214 4762 1361 4819 maximus
1397 4768 1457 4829 tur,
1488 4776 1506 4819 a
1532 4761 1616 4821 Patre
1643 4776 1729 4821 ame
1761 4760 1804 4820 llll

51 4845 218 4915 sententiis,
232 4860 297 4903 cum
313 4860 407 4904 unum
433 4862 648 4920 nonnunquam
668 4850 812 4906 contiueat
826 4850 905 4922 quod
958 4851 1057 4908 doctor
1069 4850 1099 4908 ln
1115 4851 1187 4909 libro
1197 4853 1235 4906 ιιι
1252 4852 1364 4921 Spiritu
1400 4858 1452 4908 est.
1467 4872 1482 4901 o
1498 4853 1589 4908 item:
1610 4872 1626 4903 ι
1641 4850 1805 4910 consensus

53 4932 182 4992 alterum
198 4934 365 5004 nonhabet,
380 4936 506 5007 proiecto
531 4937 724 4994 anathematis
742 4948 904 5007 reusesset,
958 4944 1070 5008 sancto,
1121 4951 1210 5010 quem
1262 4938 1364 4995 beatus
1400 4937 1573 5009 signiucatio
1601 4945 1653 4996 est.
1679 4937 1805 5009 Spiritus

53 5023 112 5097 qui
129 5036 186 5080 uno
208 5032 322 5095 recepto
341 5033 444 5082 cetera
457 5025 589 5096 symbola
608 5026 783 5085 decantaret.
800 5028 905 5086 Eadem
959 5026 1109 5084 transtulit
1150 5026 1364 5097 Hieronymus,
1401 5032 1520 5083 sanctus
1549 5025 1666 5097 quidem
1683 5032 1726 5084 est
1744 5023 1807 5098 Spi-

52 5111 171 5171 ratione
190 5112 231 5170 rei
246 5119 412 5170 teneremur
423 5127 460 5170 es
475 5113 675 5185 supplemento
689 5115 840 5187 Evangelii
859 5115 907 5174 ad·
959 5114 1052 5172 verba
1068 5113 1174 5172 Christi
1199 5114 1235 5172 de
1263 5115 1362 5172 eodem
1400 5115 1474 5173 ritus
1516 5115 1660 5186 veritatis,
1715 5114 1803 5189 Spiri-

53 5199 125 5266 diti,
158 5215 226 5258 cnm
253 5201 284 5261 in
310 5202 531 5260 Deuteronomio
559 5202 671 5274 Moyses
698 5202 800 5260 dicat:
830 5204 908 5270 Quod
961 5203 1069 5275 Spiritu
1093 5203 1132 5261 ita
1157 5203 1298 5262 inducens
1325 5210 1366 5261 at·
1402 5211 1508 5277 tusque
1538 5204 1712 5276 Sapientite,
1747 5217 1807 5264 uon

47 5290 190 5364 principio
204 5291 265 5358 tibi,
293 5291 343 5348 boc
359 5296 467 5347 tontum
493 5292 583 5359 sudas
611 5293 735 5360 Domino,
750 5308 798 5349 occ
818 5294 906 5351 oddae
961 5306 1018 5364 que
1039 5306 1203 5364 exponens:
1233 5292 1365 5350 «Salta-
1403 5299 1495 5364 potest
1518 5293 1631 5366 audire,
1660 5293 1732 5352 Filio
1763 5293 1807 5354 lo·

53 5379 283 5454 gaugiacum
299 5381 601 5451 mirmillonum,
630 5381 687 5452 ιι).
711 5380 783 5439 addi
807 5381 907 5454 itaque
962 5382 1075 5454 torqui
1103 5388 1131 5440 et
1157 5383 1277 5452 veritas,
1302 5381 1366 5441 ait:
1403 5389 1521 5456 quente,
1542 5383 1723 5456 euanescit,
1739 5399 1807 5444 cnm

52 5466 210 5542 probibuit
227 5467 408 5529 contrariom
427 5467 551 5542 aliquid,
571 5482 630 5527 non
649 5468 906 5542 quodperiectioni
959 5470 1018 5529 Nou
1041 5473 1114 5528 enim
1136 5472 1260 5546 equitur
1285 5487 1364 5529 ose·
1402 5471 1498 5545 ipsum
1517 5472 1565 5542 sit,
1593 5473 1672 5547 quod
1697 5474 1804 5548 proler-
