3804 5962
94 109 160 215 ‘eit
378 150 481 209 vernt
499 149 782 213 anclanetum.
801 153 892 212 PARS
910 154 1245 217 111.-vfl1301.0ttlca
1262 156 1307 215 ΕΤ
1325 154 1590 214 Pubescentem
1807 159 1859 217 ata

109 274 257 339 delicetln
294 275 349 336 boc
376 276 434 336 ileo
458 275 592 348 deservit,
621 278 675 351 qui
700 292 790 353 super
814 278 869 338 boc
888 283 996 339 euml.
1045 282 1161 340 Reddite
1184 284 1242 341 iliis
1261 284 1387 340 omnibus
1414 297 1480 355 qnae
1496 297 1548 356 pro
1582 282 1638 341 lroc
1664 283 1785 344 debetis.
1805 286 1859 345 cui

109 366 292 436 instituitur
306 365 576 426 vindicetmala.Et
590 368 711 440 bocest,
725 371 870 438 Deenim,
893 378 959 441 etc,
1015 372 1148 430 tributum
1175 373 1285 430 scilicet
1312 372 1432 441 debetis,
1462 372 1595 429 tributum
1621 374 1744 431 reddite.
1760 374 1858 448 Orige

110 456 215 515 vindex
235 453 362 525 inirem,
379 455 464 515 idest
487 456 598 516 vindex
614 457 763 518 irascendo
778 459 959 534 meleagenti
1015 477 1083 520 nes:
1110 485 1121 514 ι
1149 463 1274 521 'l'ributa
1295 471 1388 531 terrae,
1417 463 1571 535 vectigalia
1602 463 1858 536 negotiationis.»

4 590 7 594 -
112 545 466 621 potiusquamhomini.
495 547 593 606 idest
623 548 866 621 malitiaepotius
897 549 962 621 ejus
1016 553 1171 624 llaymc:‹
1198 552 1252 612 Cui
1281 552 1425 611 tributum
1453 551 1565 610 debetis
1586 553 1716 618 reddere,
1740 554 1858 625 reddite,

113 652 202 711 quam
222 636 399 695 substantie.
429 637 493 696 ideo
525 638 597 710 quia
621 638 732 697 scilicet
756 639 891 697 minister
918 645 961 697 est
1015 643 1128 700 sicutet
1158 643 1218 714 ipse
1244 642 1382 700 Conditor
1405 657 1501 715 prose
1524 650 1553 701 et
1580 656 1633 715 pro
1654 644 1737 702 Petro
1765 643 1858 703 didra-

79 804 82 809 .
113 725 173 796 Dei,
184 725 348 785 obedientes
375 726 401 785 ei
429 733 517 785 estote
544 733 685 800 tanquam
700 728 771 797 Deo,
799 727 892 787 etbcc
916 745 963 786 ne·
1016 732 1138 788 cbma.»
1168 732 1324 789 ‘tributum
1348 731 1454 790 dicitur
1469 746 1486 789 a
1500 731 1640 801 tribunis,
1661 740 1688 790 ει
1703 733 1818 792 tribuni
1843 747 1860 791 a

115 817 253 882 cessitate,
279 815 309 874 id
335 821 378 874 est
401 830 452 888 pro
475 816 628 874 manifesta
645 816 780 888 utilitate,
809 832 900 890 quam
924 833 962 877 ex
1017 822 1121 890 tribus,
1137 821 1285 893 siquidem
1306 821 1448 879 Romulus
1472 821 1502 878 iu
1529 828 1585 880 tres
1600 829 1695 894 partes
1718 823 1859 895 populum

112 903 273 963 ministerio
285 904 452 976 principum
467 904 622 977 percipitis,
647 922 702 963 aon
729 907 817 963 solum
849 913 963 981 propia
1016 910 1072 968 sibi
1087 910 1238 971 subditum
1252 912 1362 981 divisit,
1379 911 1409 968 in
1433 912 1583 969 Senatores
1612 912 1720 970 scilieet
1750 911 1803 985 qui
1833 920 1861 970 et

112 995 194 1064 bont,
222 1008 323 1052 eorum
351 993 470 1065 scilicet,
496 994 544 1051 sed
571 1000 598 1052 et
620 1000 736 1066 propter
769 997 963 1053 conscientiam
1016 1000 1148 1058 consules
1163 1001 1351 1068 vocabantur,
1370 1000 1515 1057 lumilites
1533 1007 1561 1057 et
1575 1000 1727 1073 agricolas,
1743 1008 1774 1058 ει
1792 1000 1860 1058 uni-

112 1089 244 1153 cestram,
259 1084 344 1143 idest
365 1097 424 1142 non
441 1082 535 1141 solum
550 1093 668 1157 propter
683 1085 882 1144 tortitudinem
897 1086 962 1144 vin·
1016 1089 1123 1161 cuique
1138 1090 1213 1160 parti
1228 1089 1390 1161 principem
1404 1104 1497 1147 unum
1521 1090 1680 1158 constituit,
1708 1090 1762 1162 qui
1776 1091 1861 1148 etiam

113 1174 197 1234 dicim
210 1173 342 1247 ipsorum
365 1173 418 1246 qui
429 1187 481 1232 uos
496 1173 693 1233 inobedientes
714 1174 770 1233 sibi
798 1177 894 1234 statim
909 1191 963 1250 pu·
1017 1179 1155 1238 tribunus
1169 1179 1319 1237 dicebatur
1333 1193 1367 1236 eo
1382 1179 1524 1250 quoduni
1543 1193 1580 1236 ex
1599 1180 1729 1251 partibus
1758 1193 1859 1252 praecs·

112 1263 221 1335 nitent,
237 1262 444 1323 verumetiam
463 1263 535 1337 quia
549 1263 764 1337 vobismetipsis
773 1266 882 1323 conscii
896 1266 964 1324 estis
1016 1276 1067 1328 εει.
1083 1271 1193 1328 census
1207 1282 1275 1326 vero
1291 1268 1345 1339 qni
1358 1282 1375 1324 a
1390 1269 1514 1326 subditis
1535 1269 1706 1342 exigebatur
1720 1269 1862 1337 tributum

112 1369 161 1414 eos
180 1353 263 1414 vobis
285 1352 461 1412 uemssarios
488 1353 596 1412 εεεεεᾱ
636 1354 780 1413 malitiam
805 1345 964 1428 reprimen·
1018 1358 1178 1416 dicebatur.
1205 1358 1404 1427 Guiocctipcl:
1430 1358 1554 1431 vectigal
1568 1366 1610 1416 est
1626 1358 1770 1417 tributum
1785 1358 1862 1417 lisca·

114 1447 193 1506 dam.
222 1444 285 1502 tdec
310 1446 392 1514 enim,
406 1444 479 1516 quia
501 1442 634 1502 videlieet
658 1443 698 1501 ita
712 1444 797 1504 vobis
810 1446 965 1504 necessarii
1018 1447 1051 1519 le,
1067 1457 1095 1506 et
1110 1448 1245 1505 dicitura
1259 1447 1400 1516 vehendo,
1416 1463 1449 1505 eo
1465 1449 1544 1520 quod
1568 1448 1728 1520 accipiatur
1751 1449 1787 1506 de
1811 1462 1861 1505 ve·

114 1542 194 1606 sunt,
217 1533 394 1593 vindicando
416 1534 525 1592 scilicet
554 1533 590 1591 de
605 1534 715 1608 bisqui
730 1534 805 1592 male
819 1542 965 1608 agunt,ut
1019 1538 1115 1602 ctitiis,
1149 1538 1247 1596 idest
1275 1538 1429 1610 deportatis
1455 1539 1610 1596 mercibus.
1648 1539 1700 1596 cci
1730 1542 1860 1598 timoren.

114 1625 225 1686 dictum
240 1630 293 1694 est,
323 1626 430 1682 imbuta
453 1624 494 1683 eis
509 1625 682 1698 persolvitis.
704 1625 799 1682 labec
814 1628 880 1696 ipsi,
908 1625 963 1685 sci·
979 1638 1001 1694 Β
1020 1627 1173 1686 iracundis
1206 1627 1334 1684 maxime
1367 1627 1494 1699 praelatis
1517 1628 1601 1685 timor
1614 1635 1657 1685 est
1672 1627 1863 1698 exhibendus,

114 1715 181 1776 licet
203 1715 262 1775 Deo
290 1715 459 1785 servientes,
479 1715 558 1788 quod
583 1714 735 1773 vindicant
763 1715 850 1784 mala,
872 1724 904 1774 ut
928 1715 963 1774 de
1016 1732 1052 1775 ne
1071 1717 1115 1774 ira
1127 1717 1262 1775 commoti
1278 1717 1343 1789 plus
1356 1717 1507 1775 vindicent
1525 1730 1616 1790 quarn
1630 1724 1772 1789 oporteat.
1788 1717 1861 1776 blan·

114 1806 171 1866 boc
185 1804 247 1880 ipso
261 1804 341 1878 quod
356 1805 468 1863 tributa
479 1803 644 1877 suscipiunt
662 1804 790 1863 cilicium
806 1819 894 1862 sunm
908 1804 961 1862 im·
1016 1807 1091 1866 sueti
1102 1820 1171 1865 vero
1195 1812 1275 1864 tauto
1303 1806 1430 1880 amplius
1444 1813 1512 1863 suut
1541 1806 1711 1876 honorandi,
1741 1820 1802 1879 quo
1815 1820 1861 1865 ecs

115 1894 195 1969 plere
215 1893 354 1963 valentes,
383 1893 462 1967 quod
487 1906 676 1967 nequaquam
687 1894 748 1952 sine
762 1893 808 1951 bis
829 1894 964 1965 expensis
1017 1895 1160 1969 patientia
1175 1895 1321 1970 digniores
1336 1895 1382 1954 vel
1397 1895 1579 1971 benigniores
1594 1895 1671 1952 iacit.

115 1991 232 2058 possent
244 1998 390 2057 exercere,
404 1990 433 2043 et
464 1983 529 2043 ideo
556 1983 627 2057 quia
641 1983 684 2042 sic
698 1983 806 2042 conscii
824 1984 903 2055 estis,
917 1981 964 2042 vel

116 2074 187 2149 quia
200 2074 249 2136 bic
261 2074 303 2135 ita
316 2076 373 2135 beo
386 2073 526 2135 militant.

679 2357 899 2453 LIBER
950 2352 1297 2470 QUINTUS.

156 2625 268 2687 Nemini
294 2623 446 2699 quidquem
460 2623 592 2696 debeatis,
620 2624 649 2683 id
668 2631 711 2684 est
722 2624 762 2684 ita
772 2624 809 2683 ab
831 2624 970 2684 omnibus
1023 2640 1074 2698 per
1087 2639 1118 2683 se
1132 2625 1272 2698 acceperit
1286 2625 1336 2696 ait,
1352 2639 1410 2685 non
1423 2626 1472 2684 eui
1487 2639 1505 2682 a
1518 2631 1657 2697 potestate
1681 2623 1820 2694 traditur,
1833 2622 1869 2681 td

120 2716 225 2785 debitis
245 2714 395 2786 absolvite,
408 2723 442 2775 ut
456 2713 530 2773 nibil
558 2723 662 2786 praeter
677 2715 846 2773 charitatem
866 2716 969 2774 debere
1019 2717 1164 2788 jtrstitiam
1183 2716 1292 2775 scilieet
1315 2716 1517 2787 exercendam,
1534 2715 1631 2788 gladio
1649 2715 1743 2788 perire
1762 2714 1868 2787 dignus

120 2819 174 2866 voa
187 2807 406 2881 recognoscatis.
431 2805 501 2876 Qum
521 2805 564 2864 sic
592 2818 706 2877 semper
714 2812 758 2864 cst
771 2806 909 2864 solvenda
936 2811 969 2863 ut
986 2845 1008 2904 c
1023 2815 1074 2865 εει.
1102 2807 1184 2864 Tunc
1210 2806 1298 2864 etiam
1318 2806 1377 2879 ipse
1406 2805 1606 2863 tantummodo
1632 2806 1743 2878 absque
1767 2805 1824 2862 lieo
1843 2803 1872 2860 id

122 2909 235 2970 semper
247 2896 397 2967 debeatur,
412 2895 493 2954 etsie
511 2909 623 2966 semper
642 2898 686 2953 εει
707 2895 910 2968 impendenda,
936 2901 970 2953 ut
1024 2896 1103 2966 lacit,
1120 2896 1148 2953 id
1180 2903 1222 2953 est
1237 2909 1303 2952 cum
1327 2896 1363 2953 ad
1379 2896 1529 2969 propriam
1550 2895 1729 2953 voluntatem
1758 2893 1872 2966 inplen-

123 2993 194 3044 tune
216 2986 343 3045 maxime
368 2985 530 3044 retineatur
557 2999 625 3041 cum
640 2985 828 3058 impenditur.
845 2984 971 3043 Pecunia
1025 2986 1092 3043 dam
1102 2999 1161 3042 nou
1175 2984 1564 3056 adjustitiamerercendam
1580 2985 1609 3041 id
1624 2998 1713 3057 agens
1727 2982 1873 3042 bomicida

123 3082 223 3134 autem
236 3088 304 3133 cnm
318 3073 493 3147 persolvitur
502 3073 528 3130 ei
549 3074 597 3131 cui
612 3073 744 3131 redditur
763 3073 882 3144 accedit,
911 3080 971 3130 eta
1025 3076 1071 3133 sit.
1091 3074 1171 3133 Unde
1190 3076 1316 3147 August.
1344 3075 1450 3140 Quaest.
1482 3074 1512 3131 in
1530 3075 1636 3144 Exod,
1656 3087 1720 3145 cap.
1742 3075 1782 3129 20
1797 3072 1871 3146 (aibr

124 3164 276 3224 reddentes
298 3162 429 3221 discedit.
448 3161 575 3234 Diligere
596 3161 721 3220 alterum
743 3170 786 3221 est
805 3161 832 3220 ei
854 3170 972 3234 propter
1025 3164 1097 3223 Cum
1121 3163 1254 3221 minister
1279 3164 1388 3237 iudicis
1416 3164 1520 3222 occidit
1534 3178 1601 3222 eum
1625 3178 1711 3236 quem
1726 3163 1774 3222 lex
1787 3163 1874 3236 jussit

126 3254 222 3326 ipsum
238 3252 312 3311 bene
325 3259 435 3324 optare.
464 3253 592 3322 invicem,
609 3251 693 3310 idest
715 3252 791 3309 inter
810 3266 863 3311 vos
881 3259 914 3309 ut
935 3252 973 3309 sit
1026 3251 1128 3320 cecidi,
1149 3251 1276 3322 prolecto
1289 3252 1313 3309 si
1329 3251 1358 3308 id
1373 3260 1474 3324 sponte
1488 3251 1585 3322 iaciat,
1601 3251 1750 3309 homicida
1765 3257 1819 3320 est,
1834 3250 1871 3307 et·

125 3350 230 3400 mutua
252 3341 375 3399 dilectio.
398 3341 567 3399 Proximum
587 3339 714 3414 intellige
743 3355 858 3398 omnem
883 3341 974 3399 homi·
1026 3341 1051 3399 si
1066 3354 1134 3398 eum
1148 3340 1261 3399 occidat
1283 3356 1371 3412 quem
1399 3342 1484 3400 scita
1509 3342 1609 3413 iudice
1622 3340 1716 3398 occidi
1729 3339 1872 3398 debuisse.

125 3445 196 3490 nem
215 3431 265 3505 qui
281 3429 474 3489 humanitatis
493 3437 601 3488 natura
625 3431 710 3489 nobis
733 3431 906 3505 coniunctus
919 3439 972 3502 est,
1025 3431 1085 3488 Non
1105 3430 1241 3503 furaberis
1268 3430 1369 3502 (Esod.
1385 3446 1435 3499 xx,
1458 3433 1499 3501 ta,
1518 3429 1572 3501 ld),
1589 3429 1618 3486 id
1646 3437 1688 3487 est
1714 3443 1776 3487 uon
1790 3428 1875 3487 irau-

125 3521 312 3581 etexeodem
327 3527 409 3593 patre
430 3520 524 3579 Adam
542 3535 726 3579 communem
740 3521 891 3580 nobiscnm
904 3522 974 3580 dicit
1027 3519 1161 3578 dolenter
1175 3520 1271 3578 aliena
1285 3519 1376 3578 tolles.
1396 3521 1460 3578 Non
1478 3521 1558 3577 enim
1578 3519 1690 3576 Hebraei
1712 3518 1826 3577 lurtum
1835 3518 1872 3576 le·

128 3611 288 3684 originem
300 3611 325 3669 si
340 3610 420 3668 enim
427 3609 580 3683 Apostolus
593 3609 760 3682 proximum
770 3610 912 3683 intelligat
925 3612 975 3669 tu·
1028 3617 1139 3680 cerunt,
1147 3624 1214 3667 cum
1222 3611 1307 3682 jussu
1317 3610 1416 3668 divino
1423 3610 1573 3682 AEgyptios
1582 3607 1781 3680 spoliaverunt
1789 3607 1875 3666 abbis

127 3700 223 3760 deum
237 3707 366 3768 tautum,
382 3699 545 3759 secundum
558 3699 637 3774 quod
660 3701 690 3758 in
700 3700 763 3773 lege
779 3699 900 3758 dieitur:
915 3702 975 3758 Non
1027 3713 1094 3772 quae
1117 3700 1210 3773 magis
1224 3700 1276 3757 liei
1291 3714 1381 3772 quam
1401 3700 1530 3772 ipsorum
1554 3705 1647 3757 erant.
1676 3700 1738 3757 Non
1756 3699 1873 3767 benerit

127 3789 275 3860 fenerabis
287 3792 481 3863 procinctae,
496 3789 546 3846 sed
559 3789 750 3862 atienollieat.
766 3792 900 3860 animle,
915 3789 973 3863 ιθ),
1027 3790 1131 3859 salsum
1159 3792 1352 3861 testimenium,
1372 3798 1473 3848 contra
1513 3789 1721 3846 conscientiam
1768 3788 1876 3846 scilicet

127 3892 318 3954 nequaquam
327 3879 587 3952 starepotestquod
596 3880 646 3949 ait,
654 3893 723 3937 eum
738 3879 791 3952 qui
806 3879 902 3952 diligit
910 3894 976 3951 pro·
1029 3879 1185 3952 loquendo.
1204 3882 1264 3938 Non
1276 3884 1458 3954 concupisces,
1479 3878 1574 3937 aliena
1587 3878 1707 3942 scilicet,
1734 3891 1795 3936 non
1815 3885 1874 3934 tau·

129 3969 244 4028 ximum
258 3983 317 4029 nou
329 3969 498 4040 adulterari,
509 3977 576 4041 etc,
590 3983 659 4027 cum
668 3967 799 4028 videlicet
813 3969 874 4028 baec
887 3969 975 4027 etiam
1029 3969 1178 4028 tummcdo
1191 3985 1249 4029 non
1265 3970 1353 4028 tolles.
1382 3973 1418 4026 iit
1432 3972 1457 4026 si
1474 3970 1644 4026 mandatum
1663 3965 1794 4024 subaudi
1804 3965 1876 4024 dile·

130 4059 270 4119 committi
282 4060 313 4117 in
333 4059 498 4118 infidelibus
525 4060 644 4131 possint.
675 4061 772 4131 Legem
792 4059 882 4131 lloysi
905 4058 976 4116 dicit
1031 4058 1135 4117 ctionis
1154 4061 1184 4117 in
1210 4060 1265 4117 boc
1300 4068 1441 4131 praecepto
1482 4058 1651 4129 completur,
1687 4057 1800 4125 diliges,
1821 4061 1875 4112 etc.

130 4149 182 4208 ubi
198 4164 264 4223 quae
283 4148 437 4222 subiungit
456 4157 597 4222 precepta
617 4151 812 4208 continentur.
833 4151 904 4208 Nom
921 4164 977 4205 non
990 4135 1015 4193 Ῑ)
1030 4147 1167 4206 Αιίυᾱεει
1186 4147 1280 4206 dicere
1294 4149 1370 4206 sicut
1394 4157 1431 4216 te,
1447 4147 1529 4204 aliud
1544 4156 1585 4205 est
1607 4153 1752 4218 quantum
1779 4152 1817 4203 te.
1833 4142 1876 4201 lbi

131 4239 312 4297 aduttmebit.
339 4237 740 4308 adulterarisivemoecbari,
757 4253 809 4311 pro
825 4237 904 4296 cmni
921 4237 975 4295 illi·
1032 4238 1141 4310 quippe
1156 4237 1324 4306 similitudo,
1355 4237 1402 4294 bic
1423 4236 1575 4309 equalitas
1595 4234 1767 4293 ostenditur.
1798 4232 1877 4293 onds

131 4329 189 4388 cite
202 4329 369 4399 concubitu,
381 4327 429 4387 lex
438 4328 677 4400 peuerevidetur,
689 4327 819 4401 alioquin
829 4342 978 4400 nusquam
1033 4333 1061 4384 et
1073 4341 1141 4384 cum
1153 4326 1265 4387 Veritas
1284 4327 1339 4384 ait:
1365 4329 1457 4384 dstote
1475 4325 1671 4394 misericordes,
1696 4325 1770 4380 sieut
1783 4326 1810 4379 et
1830 4324 1878 4379 Po·

133 4420 214 4479 illam
241 4418 462 4478 fornicationem
474 4417 649 4484 excluderet,
666 4432 732 4491 quae
746 4419 782 4476 ab
792 4418 834 4475 eis
847 4419 977 4476 commit·
1034 4420 1075 4472 ter
1096 4421 1183 4473 cester
1205 4417 1328 4484 celestes,
1356 4415 1578 4474 similitudinem
1594 4414 1689 4486 potius
1713 4413 1878 4471 misericor·

132 4509 207 4570 titur
216 4508 269 4583 qui
284 4509 432 4583 conjugati
448 4522 506 4567 non
521 4514 599 4566 sunt.
624 4507 697 4566 Cum
719 4507 818 4580 ltaque
833 4507 913 4580 dicit,
923 4523 979 4564 non
1033 4505 1088 4563 din
1110 4519 1199 4577 quam
1222 4505 1418 4578 aequalitatem
1442 4505 1592 4578 expressit.
1608 4504 1636 4562 Si
1659 4511 1758 4561 autem
1773 4514 1878 4559 unum·

133 4599 316 4669 declinabit,
336 4598 461 4672 speciem
474 4611 525 4669 pro
551 4611 656 4671 genere
675 4596 767 4669 ponit,
784 4597 890 4655 sicute
908 4610 981 4654 oon·
1035 4609 1183 4668 quemque
1210 4603 1355 4668 quantum
1378 4611 1424 4653 me
1450 4595 1570 4667 diligere
1599 4594 1743 4662 deberem,
1781 4603 1879 4650 omnes

135 4703 219 4748 verso
234 4687 351 4748 subdit:
384 4691 445 4749 lion
460 4687 564 4747 occides
593 4687 693 4761 (deod.
717 4701 769 4756 xx,
801 4688 857 4760 li),
888 4679 981 4759 genus
1034 4685 1274 4758 aequaliterame
1288 4685 1427 4758 diligendi
1451 4691 1553 4742 esseut.
1572 4686 1608 4741 Αι
1621 4696 1690 4741 vero
1704 4694 1774 4739 cum
1797 4693 1879 4741 nemo

135 4792 189 4855 pro
217 4778 321 4852 specle.
347 4777 411 4838 Non
435 4779 515 4837 enim
540 4777 633 4836 occidi
652 4777 688 4836 ab
714 4776 832 4835 bomine
846 4775 979 4844 bestiam,
1035 4776 1221 4849 uisipropter
1235 4777 1327 4833 Deum
1343 4776 1423 4847 diligi
1439 4773 1695 4842 deberevideatur,
1714 4778 1797 4828 tauto
1818 4783 1878 4827 am·

135 4868 190 4928 aad
216 4869 363 4928 bominem
379 4875 467 4927 vetat.
491 4868 575 4925 lunc
601 4874 698 4925 autem
723 4866 809 4925 bomo
835 4865 981 4925 bominem
1036 4865 1112 4937 plius
1125 4865 1252 4938 quisque
1266 4864 1348 4937 diligi
1360 4865 1468 4937 dignus
1481 4871 1532 4931 est,
1557 4869 1668 4934 quanto
1688 4861 1746 4918 Deo
1765 4859 1881 4918 cbarior

135 4959 251 5031 occidit,
261 4973 321 5019 non
330 4960 405 5018 Deua
420 4972 472 5032 per
486 4971 565 5025 eum,
576 4965 610 5015 ut
624 4972 714 5030 supra
728 4971 846 5031 quoque
877 4955 982 5013 innui·
1037 4956 1161 5015 habetur
1170 4963 1197 5014 et
1212 4955 1315 5013 melior
1329 4962 1380 5012 est.
1393 4954 1424 5010 Si
1433 4953 1512 5012 enim
1522 4954 1609 5023 Deus,
1623 4950 1695 5023 quia
1709 4949 1815 5009 melior
1829 4955 1880 5017 est,

137 5064 215 5122 mus,
232 5049 391 5124 quandoid
405 5049 524 5122 propria
537 5048 612 5122 gerit
625 5047 786 5118 voluntate,
801 5061 859 5105 non
874 5045 983 5103 divium
1037 5059 1125 5119 super
1145 5059 1245 5104 omues
1264 5051 1306 5102 est
1329 5042 1505 5116 diligendus,
1536 5041 1709 5112 quicunque
1733 5045 1797 5111 post
1816 5051 1880 5097 eum

135 5139 210 5215 legit
223 5140 371 5200 sanctione
384 5140 565 5209 constrictus,
581 5137 616 5196 de
641 5152 701 5211 qua
725 5137 844 5211 quidem
874 5135 984 5209 injusta
1037 5134 1169 5193 meliores
1191 5141 1271 5205 sunt,
1302 5132 1429 5203 amplius
1442 5130 1583 5202 diligendi
1608 5136 1677 5187 sunt
1702 5141 1795 5199 quam
1823 5127 1880 5186 alii.

137 5231 281 5290 occisione
306 5231 449 5290 Dominus
472 5231 590 5288 Petrum
606 5227 753 5287 instruens
767 5228 828 5286 ait:
844 5227 898 5296 Qui
907 5240 981 5283 ecee-
1037 5225 1127 5283 lliter
1141 5223 1247 5297 quippe
1257 5223 1384 5280 ebaritas
1397 5218 1532 5279 ordinata
1546 5233 1605 5277 non
1627 5226 1679 5275 εει.
1699 5217 1776 5274 ilum
1788 5224 1881 5275 autem

135 5320 356 5392 mntqbdium,
380 5321 474 5392 alodio
483 5319 588 5393 scibit
619 5317 728 5392 (notit.
758 5332 838 5386 xxvi,
855 5321 911 5391 52).
928 5314 984 5384 Qui
1038 5315 1104 5386 plus
1119 5313 1269 5388 diligimus
1283 5312 1331 5371 eui
1347 5318 1381 5369 ut
1395 5309 1506 5383 beatior
1520 5309 1558 5367 sit
1577 5316 1724 5380 optamus,
1736 5305 1804 5366 licet
1816 5304 1883 5365 dm

174 5491 232 5568 (ab)
246 5492 355 5556 vatrol.
371 5500 439 5555 tom.
454 5492 589 5567 XXXIV,
602 5493 657 5556 col.
670 5495 734 5554 itt.
