3736 5962
58 202 107 258 28⁹
836 201 953 260 snRtlo
971 201 1006 258 il.
1756 205 1809 265 30⁰

56 321 115 392 qni,
131 319 362 392 sicntscriptum
381 325 435 387 est,
456 320 521 377 lecit
543 333 609 391 quae
622 321 722 379 lutura
742 330 821 390 sunt,
841 325 904 394 jam
919 327 943 380 A
958 326 1044 396 virgo
1058 325 1208 397 virginum
1233 338 1300 382 cum
1314 325 1345 382 in
1366 324 1536 384 indrmitate
1556 329 1684 388 carcalla
1705 344 1811 390 concu-

57 409 195 466 altissimo
216 424 277 466 suas
300 408 522 479 dispensationis
545 410 674 472 consilio,
700 411 829 469 loturam
850 428 905 470 cu·
960 415 1106 486 piscentiac
1121 421 1256 484 concepta
1271 415 1373 485 luerit,¹
1393 423 1426 473 ιιι
1451 417 1545 474 caeteri
1569 417 1710 487 homines,
1734 417 1811 477 banc

55 498 171 570 jnsdam
187 498 312 556 hominis
337 497 510 554 creationem
529 512 646 566 novam,
670 507 698 555 et
721 499 830 556 caeteris
844 514 905 557 om·
960 513 1055 562 tamen
1072 504 1185 575 penitus
1209 503 1404 560 infirmitatem
1420 505 1481 575 ipsa
1502 519 1657 577 nunquam
1679 522 1717 566 ex
1743 522 1811 566 eon·

56 589 143 645 nibus
157 588 323 645 dissimilem
340 587 564 658 praedestinavit.
599 587 735 652 Quicum
758 589 905 660 adjunxit,
960 607 1047 649 sensu
1063 592 1179 663 pertulit
1193 592 1222 648 iu
1240 600 1344 660 mente,
1359 607 1411 649 nec
1428 593 1520 650 ulium
1550 594 1691 653 illecebrae
1704 608 1810 654 euna·

57 691 110 733 non
136 677 168 733 iu
198 685 285 744 terra,
317 677 390 733 sed:
421 677 509 747 Super
544 683 654 745 terram,
684 678 807 736 ostendit
831 679 906 735 hanc
961 681 995 737 lis
1007 688 1147 738 attactum
1162 689 1282 752 experta
1304 689 1345 738 est
1361 684 1391 738 in
1415 695 1512 738 earne.
1537 682 1618 740 Unde
1642 684 1750 743 lactum
1768 691 1812 743 est

55 767 229 823 creationem
263 780 322 823 non
350 772 464 822 tantum
502 780 591 837 supra
620 766 723 824 merita
756 768 906 825 hominum
961 770 1048 826 utsic
1074 771 1286 827 decarneorta
1314 780 1396 839 esset,
1425 771 1543 828 utvitia
1568 773 1663 830 carnis
1689 774 1812 846 ignora-

55 869 124 922 esse,
150 854 202 911 sed
228 855 314 911 etiam
341 855 518 925 superiorem
546 863 574 912 st
599 856 830 914 excellentiorem
849 871 907 913 css·
961 866 1012 927 ret,
1029 863 1057 915 et
1078 859 1119 916 sic
1140 860 1371 928 decarneesset,
1389 860 1473 931 quasi
1501 874 1567 917 caro
1584 875 1643 917 non
1668 871 1742 918 esset
1761 869 1811 933 ;et

55 944 121 1000 teris
146 942 284 1000 omnibus
304 943 500 1000 creationibus
523 946 645 1002 terrenis
671 945 803 1002 existere.
838 944 907 1012 Quae
961 955 1102 1019 tanquam
1117 957 1231 1006 mortua
1247 948 1279 1003 in
1294 963 1391 1017 carne,
1414 958 1442 1005 ιι
1456 957 1514 1006 tota
1528 951 1629 1006 vivens
1649 951 1678 1006 in
1695 952 1809 1022 spiritu,

54 1031 87 1089 rit
109 1041 211 1089 autem
246 1032 335 1103 hujus
363 1033 515 1090 creationis
540 1034 662 1103 novitas,
697 1035 908 1105 subsequenter
961 1036 1352 1108 carnaliumsensuum,qui
1378 1037 1502 1094 maxime
1527 1038 1811 1110 inconcupiscentia

54 1122 184 1193 exponit,
212 1122 311 1179 dicens
337 1137 343 1177 :
371 1123 485 1177 Femina
513 1123 697 1178 circumdabit
721 1127 821 1178 cirtem.
850 1124 908 1179 lice
961 1125 1058 1181 carnis
1079 1126 1189 1198 vigent,
1212 1127 1429 1184 oblectationem
1453 1128 1584 1183 nesciret.
1609 1129 1690 1186 Unde
1708 1129 1811 1188 merito

54 1220 93 1270 est
119 1226 158 1268 ex
181 1211 298 1282 propria
317 1211 480 1269 substantia
503 1211 609 1268 mulier
632 1212 703 1279 sola,
727 1212 790 1269 sine
815 1211 908 1269 virilis
962 1215 1053 1284 ipsam
1070 1216 1251 1284 praecaeteris
1265 1215 1386 1273 coelestis
1408 1215 1495 1287 Regis
1517 1216 1609 1273 Filius
1627 1218 1713 1288 quasi
1727 1219 1811 1290 pala·

53 1301 172 1359 seminis
190 1299 370 1369 admistione,
390 1299 529 1371 praebebit
541 1314 655 1371 corpus,
672 1315 731 1372 quo
746 1314 775 1358 se
798 1298 908 1357 divini·
962 1303 1035 1360 tium
1049 1318 1109 1360 suae
1126 1304 1296 1362 habitationi
1310 1318 1483 1376 congruum,
1502 1305 1580 1376 quod
1609 1315 1676 1363 ante
1695 1321 1755 1364 non
1769 1306 1812 1364 in·

53 1398 96 1447 tas
117 1389 281 1447 circumdet
303 1403 338 1446 ac
355 1389 467 1456 vestiat,
491 1388 548 1447 viri
572 1388 693 1446 iormam
717 1389 747 1446 in
763 1402 797 1445 ea
813 1387 908 1446 susci-
961 1400 1088 1458 venerat,
1117 1394 1235 1464 adipisci
1252 1395 1371 1466 gavisus
1385 1401 1437 1461 est,
1455 1401 1483 1450 et
1508 1393 1538 1450 in
1554 1394 1614 1465 ipsa
1633 1396 1718 1467 quasi
1741 1394 1810 1468 plu·

52 1480 145 1549 piens.
159 1478 244 1535 Unde
257 1485 284 1534 ot
298 1477 371 1535 hene
395 1485 496 1535 uterus
510 1477 649 1549 Virginis,
678 1478 762 1549 quasi
779 1477 908 1535 circulus
962 1481 1059 1539 visin
1082 1482 1206 1540 vellusa
1228 1484 1363 1554 supernis
1389 1483 1499 1553 placido
1521 1483 1668 1541 descendit
1692 1484 1808 1556 illapsu.

52 1581 88 1623 ex
117 1567 199 1623 omni
220 1573 300 1637 parte
317 1567 439 1637 integer,
465 1565 563 1622 virum
594 1565 676 1622 illum
698 1569 728 1621 in
755 1580 785 1622 se
806 1581 906 1624 conce·
961 1570 1064 1627 Pluvia
1088 1573 1197 1642 quippe
1219 1572 1248 1628 in
1263 1571 1355 1629 vellus
1369 1571 1498 1640 veniens,
1522 1571 1616 1643 ipsum
1632 1573 1673 1629 ita
1686 1574 1811 1632 inundat

54 1665 151 1726 ptum,
171 1670 230 1712 non
248 1669 299 1726 per
322 1655 430 1712 coitum
453 1653 634 1712 extrinsecus
656 1654 829 1722 immissum,
851 1669 906 1712 uu·
924 1682 945 1737 3
961 1667 989 1715 et
1003 1659 1104 1728 abluit,
1120 1669 1149 1717 et
1178 1659 1258 1718 nullo
1282 1661 1306 1717 ei
1331 1675 1418 1717 sensu
1439 1661 1602 1732 passionem
1627 1662 1751 1734 ingerat,
1783 1670 1812 1721 ct

52 1743 143 1815 dique
158 1745 340 1801 circumdare
365 1744 483 1800 dicitur.
508 1743 611 1801 Totum
626 1744 733 1815 quippe
758 1744 830 1802 illud
844 1759 908 1802 cor-
963 1747 1033 1805 dnm
1048 1748 1084 1804 ab
1098 1764 1130 1805 eo
1145 1763 1203 1805 non
1218 1749 1350 1816 sentitur,
1375 1749 1417 1806 sic
1440 1751 1470 1805 in
1483 1764 1516 1807 eo
1527 1755 1573 1807 'est
1588 1751 1673 1822 quasi
1687 1766 1747 1808 non
1761 1751 1809 1809 sit.

51 1832 152 1902 porale
168 1832 372 1890 indumentum
383 1846 421 1889 ex
435 1832 598 1890 substantia
614 1833 741 1904 Virginis
766 1841 809 1890 est
837 1848 908 1891 con-
962 1837 1006 1893 lta
1019 1844 1047 1894 et
1066 1852 1195 1909 superna
1215 1837 1364 1909 sapientia,
1381 1838 1466 1909 cujus
1481 1840 1603 1896 haustus
1626 1853 1712 1912 aqua
1729 1854 1812 1898 com-

55 1928 183 1989 textum,
198 1929 226 1979 et
238 1922 284 1979 vir
306 1922 352 1979 ille
367 1922 398 1978 in
420 1936 454 1979 ea
480 1922 563 1993 quasi
587 1922 618 1979 in
645 1923 753 1981 circulo
771 1923 909 1980 continuo
962 1928 1188 1997 paratur,juxta
1211 1926 1271 1983 llud
1286 1944 1293 1982 :
1309 1928 1544 1998 dqaasapiectia
1562 1931 1667 1997 potavit
1696 1944 1739 1986 eoa
1752 1932 1811 1985 lle·

53 2010 120 2073 luit,
146 2014 219 2082 quia
239 2011 303 2082 ejus
324 2011 517 2083 integritatem
532 2026 584 2068 nec
610 2020 765 2083 conceptus
781 2026 834 2069 nec
856 2026 909 2069 na·
962 2016 1051 2069 minus
1069 2014 1163 2086 (Eccii.
1177 2031 1224 2083 xv,
1240 2015 1278 2086 3),
1294 2017 1364 2086 quia
1381 2017 1414 2072 de
1435 2017 1614 2086 plenitudine
1629 2019 1693 2089 ejus
1711 2033 1811 2077 omnes
1841 2072 1844 2079 .

53 2108 101 2157 tus
115 2100 258 2157 dissolvit.
274 2099 421 2167 Quantum
446 2115 514 2158 vero
542 2114 626 2169 nova,
654 2109 713 2158 cta
740 2101 850 2159 catoris
873 2103 909 2159 sit
963 2103 1136 2174 accepimus,
1165 2113 1197 2161 ut
1218 2105 1253 2160 de
1286 2105 1404 2175 Virgine
1429 2119 1545 2162 carnem
1570 2107 1720 2178 acciperet.
1746 2109 1811 2180 ipso

53 2188 173 2247 diversa
196 2189 285 2261 hujus
307 2190 460 2247 creationis
472 2190 619 2259 nativitas,
635 2190 907 2256 animadvertemus,
962 2206 1015 2248 suo
1031 2193 1171 2250 descensu
1192 2194 1292 2265 gratiae
1312 2208 1373 2251 sua
1388 2194 1472 2251 donis
1498 2208 1563 2251 eam
1588 2195 1749 2270 irrigando,
1773 2198 1811 2256 ab

53 2279 77 2334 si
92 2286 214 2335 ceteras
229 2279 381 2337 hominum
400 2280 558 2336 creationes
582 2280 618 2337 ab
641 2280 759 2337 exordio
780 2280 909 2336 revolva-
962 2281 1041 2337 omni
1064 2282 1200 2338 humana
1224 2281 1400 2339 inllrmitatis
1419 2284 1552 2356 contagio
1584 2286 1748 2354 mundavit,
1782 2294 1812 2346 ιι

53 2383 131 2425 mus.
149 2368 265 2426 Primus
277 2369 362 2425 honio
377 2369 412 2425 de
427 2376 505 2426 terra
524 2368 675 2434 formatus,
702 2383 755 2426 nec
770 2383 805 2426 ex
828 2378 909 2439 patre
961 2370 1073 2426 nullam
1091 2370 1117 2427 ei
1141 2371 1303 2444 passionem
1317 2372 1413 2429 carnis
1427 2372 1472 2428 vel
1498 2373 1527 2429 in
1548 2383 1690 2445 conceptu
1706 2375 1751 2433 vel
1773 2389 1813 2434 cx

52 2472 108 2514 nec
126 2471 166 2514 ex
188 2464 280 2515 matre
299 2459 395 2515 carnis
419 2458 561 2530 originem
585 2459 684 2515 traxit.
710 2459 773 2515 Eva
799 2466 907 2526 autem,
962 2468 1048 2529 partu
1063 2460 1159 2518 attulit
1174 2477 1183 2533 ;
1200 2470 1227 2518 et
1241 2462 1311 2519 dum
1325 2476 1389 2518 eam
1403 2470 1462 2519 tam
1485 2470 1694 2536 antepartum,
1720 2479 1812 2538 quam

53 2561 123 2619 quae
148 2546 183 2603 de
206 2555 284 2604 costa
301 2549 365 2619 ejus
388 2546 511 2605 lormata
533 2556 586 2617 cst,
609 2563 646 2604 ex
669 2554 748 2618 patre
771 2547 830 2604 solo
855 2556 905 2614 est,
961 2556 1024 2616 post
1045 2557 1160 2617 partum
1182 2549 1331 2622 Virginem
1355 2551 1545 2619 consecravit,
1566 2553 1608 2608 sic
1641 2553 1672 2609 in
1691 2567 1727 2612 ea
1746 2554 1810 2621 icit,

53 2651 113 2692 non
128 2651 167 2692 ex
186 2646 288 2694 matre.
305 2638 404 2695 Caeteri
428 2651 496 2695 vero
512 2638 642 2695 homines
662 2652 698 2693 ex
713 2645 793 2707 patre
822 2635 908 2693 simul
962 2637 1046 2706 quasi
1060 2651 1119 2694 non
1134 2636 1242 2694 luerit:
1263 2646 1290 2694 et
1312 2639 1353 2693 sic
1369 2639 1428 2709 ipsa
1443 2639 1562 2710 gravida
1583 2639 1658 2698 iacta
1671 2649 1714 2698 est
1726 2643 1813 2713 quasi

53 2734 81 2781 et
107 2732 204 2782 matre
230 2729 408 2798 generantur
433 2742 440 2782 :
463 2727 517 2784 hoc
545 2740 604 2783 uuo
626 2726 744 2797 quidem
774 2733 908 2796 excepto,
963 2724 1084 2795 gravida
1099 2733 1253 2794 nonesset,
1268 2740 1335 2782 cum
1351 2726 1466 2783 nullum
1488 2727 1554 2783 inde
1579 2729 1721 2798 passionis
1745 2743 1813 2801 gra·

54 2816 160 2886 quiex
173 2814 351 2883 scismatre,
367 2824 400 2873 ut
421 2817 599 2884 dictumest,
619 2815 757 2873 nascitur.
786 2813 867 2872 Unde
881 2822 909 2872 ιι
963 2827 1067 2871 vamen
1087 2814 1261 2871 incurreret.
1287 2814 1436 2871 stillicidia
1457 2822 1553 2871 autem
1575 2816 1682 2887 pluviae
1704 2826 1811 2875 terram

55 2903 174 2975 proprie
196 2905 255 2975 ipse
278 2903 356 2962 solus
381 2904 471 2962 Filius
501 2903 635 2971 hominis,
662 2919 721 2961 non
744 2903 906 2971 hominum,
963 2915 1052 2973 quarn
1075 2903 1228 2973 inebriant,
1253 2905 1289 2960 ab
1313 2903 1445 2960 ariditate
1463 2918 1517 2961 sua
1551 2905 1581 2960 in
1607 2904 1811 2965 iocunditatem

55 2992 153 3050 dictus
171 3000 214 3049 est
238 2993 333 3064 :qnia
357 3007 425 3051 eum
448 2993 580 3050 videlicet
603 2992 764 3050 secundum
792 3004 908 3048 carnem
925 2975 946 3031 C
964 2998 1146 3049 convertunt.
1160 2993 1197 3048 Et
1210 2991 1328 3063 spiritus
1341 2991 1388 3049 sui
1402 2991 1485 3048 donis
1505 2991 1544 3048 ita
1561 3005 1624 3048 eam
1648 2993 1739 3052 Filius
1761 2993 1813 3052 ilci

54 3081 115 3138 sola
125 3080 211 3153 virgo
223 3082 334 3153 genuit,
353 3082 456 3152 etipse
479 3082 504 3139 ei
528 3095 645 3153 quoque
670 3080 750 3138 solus
764 3088 792 3137 et
804 3080 909 3138 unicus
964 3079 1095 3151 replevit,
1115 3089 1147 3138 ut
1167 3095 1224 3138 non
1240 3080 1333 3138 solum
1349 3080 1412 3151 ipsa
1426 3080 1516 3136 Deum
1531 3081 1669 3150 pariendo
1683 3080 1812 3140 tractum

55 3171 137 3228 iilius
149 3170 260 3227 exstitit
273 3170 348 3227 sicut
361 3178 389 3228 ιι
412 3168 497 3241 patri,
523 3178 555 3228 nt
570 3170 633 3241 ejus
656 3169 835 3227 excellentie
849 3169 909 3226 sin·
964 3167 1206 3236 adamaveram
1222 3169 1309 3226 etiam
1329 3168 1462 3226 fidelibus
1475 3166 1612 3225 omnibus
1635 3168 1732 3239 ipsum
1744 3183 1813 3227 con·

54 3258 200 3332 gularitas
212 3273 260 3330 per
273 3259 371 3317 omnia
384 3259 613 3316 commendetur.
964 3258 1060 3328 terret,
1075 3273 1141 3330 qnae
1155 3258 1277 3315 salutem
1291 3257 1422 3316 omnium
1443 3257 1551 3314 mundo
1567 3259 1686 3329 peperit.

90 3346 324 3418 uniusquidem
338 3360 405 3403 caro
420 3346 556 3419 Virginis,
573 3360 633 3418 qua
647 3361 677 3405 se
700 3361 789 3404 verus
809 3349 910 3417 dgnus
999 3348 1066 3405 iiaec
1092 3347 1140 3404 illa
1159 3356 1200 3405 est
1224 3348 1354 3404 lidelium
1378 3347 1509 3404 omnium
1535 3352 1615 3403 terra
1637 3348 1811 3418 communis,

54 3436 163 3504 induit,
180 3434 254 3492 illud
267 3443 310 3493 est
323 3437 443 3493 niveum
463 3434 556 3493 vellus
579 3436 823 3495 innocentissime
835 3435 908 3501 ovis,
963 3445 992 3495 ιι
1003 3452 1073 3510 ager
1086 3436 1228 3508 specialis,
1251 3438 1336 3508 cujus
1353 3444 1382 3492 et
1403 3435 1528 3506 Spiritus
1551 3443 1668 3493 sanctus
1682 3436 1810 3504 colonas,

54 3525 89 3583 dc
118 3538 180 3596 quo
201 3523 352 3582 Psalmista
376 3524 460 3597 longe
487 3533 554 3582 ante
569 3526 710 3583 cecinerat
735 3542 742 3580 :
764 3526 910 3581 Descendei
964 3534 992 3583 et
1012 3527 1140 3585 Verbum
1165 3526 1215 3583 liei
1238 3540 1336 3583 semen
1364 3524 1480 3581 exstitit.
1506 3522 1587 3591 Quod
1611 3526 1699 3583 etiam
1722 3540 1813 3598 supra

53 3617 129 3670 sicet
144 3615 290 3685 placicio
310 3615 405 3684 cetius,
430 3623 484 3672 ιιι.
510 3614 594 3685 (Ριιι.
619 3614 909 3686 nxx1,6l.1.egimus
963 3622 1139 3673 memoratus
1166 3615 1309 3686 Propheta
1336 3613 1546 3683 perspiritum
1578 3614 1751 3685 praevidens,
1775 3615 1813 3673 ad

54 3704 85 3760 in
104 3704 190 3760 biirc
217 3703 356 3774 iudicem,
379 3704 416 3761 ad
446 3704 612 3776 petitionem
634 3704 757 3772 iedeon,
782 3712 814 3760 ut
838 3718 909 3761 con-
963 3702 1141 3774 singularem
1170 3718 1267 3760 secum
1295 3701 1527 3768 exsultationem,
1553 3702 1813 3762 etdivinaelaudis

54 3793 225 3851 firmaretur
238 3794 275 3850 ad
290 3792 422 3865 praelium
442 3808 492 3865 per
507 3793 621 3851 visibile
635 3794 689 3850 sibi
702 3792 831 3864 signum,
846 3793 909 3848 vel·
963 3789 1179 3858 ooniessionem,
1195 3806 1295 3848 omnes
1310 3789 1418 3860 pariter
1436 3790 1581 3858 admonet,
1597 3790 1695 3848 dicens
1710 3807 1717 3846 t
1733 3793 1811 3847 cca·

53 3883 100 3941 lus
116 3883 147 3940 in
162 3896 231 3939 area
254 3883 379 3954 positum
394 3898 459 3941 rore
478 3883 518 3940 ita
541 3883 629 3940 luisse
647 3881 851 3949 madelactum,
875 3888 910 3938 ut
962 3879 1092 3945 precarer
1116 3877 1168 3930 tihi
1185 3877 1291 3944 mimi,
1322 3878 1400 3940 ”mm
1430 3877 1608 3943 cmllmmmm
1632 3873 1683 3929 tihi
1713 3876 1812 3944 Popili

54 3973 288 4044 circumquaque
312 3972 388 4029 sicca
410 3980 488 4030 terra
510 3979 647 4039 maneret,
669 3985 703 4026 ac
725 3970 908 4041 postmodum
963 3981 1053 4021 omnes
1068 3981 1076 4020 t
1093 3970 1168 4020 terra
1183 3964 1259 4019 dedit
1281 3965 1403 4031 tractem
1423 3977 1503 4017 saum
1524 3963 1610 4034 (Psoi.
1636 3977 1711 4030 mm,
1727 3965 1754 4032 6»
1772 3964 1811 4036 7)·

54 4062 91 4119 ad
113 4062 282 4132 petitionem
309 4062 438 4133 ejusdem
456 4076 472 4118 ι
495 4075 634 4119 converso
656 4060 809 4132 contigisse
831 4058 906 4129 (iad.
963 4053 1045 4121 Quod
1060 4053 1178 4126 quidem
1198 4055 1221 4110 si
1242 4053 1309 4125 quis
1329 4052 1495 4109 deterream
1514 4052 1617 4123 segetis
1639 4051 1738 4109 lructu
1763 4065 1812 4109 ac·

53 4167 95 4220 vr,
123 4149 181 4223 39).
211 4149 272 4219 Quo
296 4150 414 4222 quidem
437 4151 520 4223 signo
544 4150 764 4222 praefiguratum
790 4148 906 4217 dicitur,
962 4143 1057 4213 cipiet,
1073 4143 1145 4214 quid
1160 4143 1196 4199 ad
1210 4141 1301 4199 David
1317 4141 1371 4198 ista
1385 4141 1547 4198 exhortatio
1563 4141 1667 4208 laudis,
1681 4140 1767 4213 quasi
1779 4141 1822 4199 in.

55 4240 184 4314 gratiam
197 4240 258 4311 ilci,
274 4253 418 4312 quaerore
433 4240 612 4313 designatur,
628 4239 747 4296 ludaico
761 4237 908 4308 populoin
963 4232 1064 4290 diebus
1083 4232 1147 4303 ejus
1171 4241 1247 4290 terra
1264 4231 1403 4303 inciperet
1436 4229 1622 4299 lructidcare,
1648 4231 1694 4288 vel
1713 4230 1817 4303 copie,

54 4330 151 4388 medio
165 4338 310 4388 terrarum
324 4330 393 4387 olim
415 4329 567 4399 habitanti,
585 4331 668 4401 quasi
683 4329 780 4386 velleri
794 4328 824 4384 in
840 4324 945 4384 areab
962 4320 1066 4378 siorem
1088 4320 1215 4379 iructum
1233 4318 1369 4377 afferre?
1400 4319 1482 4376 isaac
1500 4319 1669 4389 seminasse,
1700 4327 1730 4377 m
1747 4333 1812 4377 mm·

55 4422 160 4491 posito,
174 4419 309 4477 collatam
320 4421 413 4491 primo
427 4418 523 4489 luisse,
541 4419 640 4492 gentili
656 4414 905 4489 populoreproba·
960 4411 1074 4481 tuplum
1097 4411 1244 4482 collegisse
1262 4418 1402 4481 tanquam
1425 4408 1457 4464 in
1474 4408 1695 4466 admirationem
1718 4407 1810 4467 divini

55 4518 104 4567 to:
122 4524 160 4567 ac
173 4509 356 4581 postmodum
370 4509 570 4582 abhacgratia
583 4508 687 4566 vellere
700 4507 815 4575 siccato,
827 4505 907 4563 idest
960 4499 1091 4556 beneficii
1115 4500 1245 4556 meminit
1268 4498 1427 4570 scriptura,
1448 4497 1498 4554 md
1517 4498 1629 4554 millam
1652 4496 1719 4554 1⁰⁰0
1742 4510 1809 4569 ΚΡ*-

54 4598 157 4656 iudaea
169 4596 294 4669 privata,
307 4598 607 4671 eamcircumqnaque
618 4605 761 4654 terrarum
772 4596 907 4668 ingentes
960 4589 1069 4647 tiaram
1089 4589 1241 4655 actionem,
1257 4588 1291 4645 de
1310 4595 1390 4645 tauta
1409 4586 1516 4643 scilicet
1534 4586 1647 4643 tructus
1660 4584 1812 4643 abundan-

55 4688 223 4746 deduxisse.
240 4686 383 4760 Scdquia
404 4703 451 4746 ros
465 4688 678 4758 comparatione
692 4685 798 4758 pluvie
812 4685 907 4742 tenuis
961 4679 1000 4735 tia
1024 4692 1092 4735 mim
1121 4679 1242 4736 Domum
1270 4677 1448 4748 disimilis-⁰¹⁰·
1478 4675 1679 4746 ¹⁰10¹¹58³fflu⁸
1711 4673 1811 4746 itaque

54 4776 796 4850 est,etminusirrigaresullicit3descensumdivinae
807 4774 907 4848 gratia
960 4767 1052 4824 David
1067 4768 1097 4824 in
1112 4767 1263 4840 prophetia
1284 4767 1373 4837 hujus
1394 4765 1507 4822 tructus
1530 4777 1618 4834 quem
1633 4762 1703 4861 alibi
1718 4762 1774 4819 sibi
1791 4776 1812 4821 a

54 4866 86 4923 in
102 4866 255 4938 Virginem
269 4866 375 4937 pluviae
394 4881 446 4924 seu
460 4865 612 4923 stillicidiis
627 4866 719 4937 magis
742 4878 832 4938 quam
847 4862 908 4920 rori
961 4856 1082 4914 Domino
1117 4864 1322 4913 commemorat
1344 4855 1518 4925 iimmimum
1552 4865 1623 4917 esse,
1660 4851 1759 4909 dmmm
1801 4865 1809 4908 ἑ

55 4955 208 5013 Psalmista
222 4956 410 5027 comparavit.
435 4954 555 5013 Omnem
571 4954 687 5026 quippe,
710 4962 742 5012 ιιι
766 4953 906 5019 diximus,
961 4950 999 5004 be
1030 4949 1125 5014 (mmm
1149 4946 1251 5000 venitis
1282 4946 1324 4999 itti
1360 4956 1462 5005 Ponam
1488 4957 1570 5012 ⁸qu
1600 4940 1689 4996 sedem
1733 4945 1811 4999 mmm

54 5052 114 5101 tam
131 5043 246 5101 Iudaici
263 5057 351 5114 quam
367 5043 482 5116 gentilis
501 5041 600 5114 populi
616 5042 740 5114 gratiam
754 5053 790 5097 ea
815 5048 908 5097 trans·
961 5036 1045 5108 (Psoi.
1066 5049 1167 5103 cxxxi,
1199 5035 1253 5105 ll),
1269 5032 1306 5090 ad
1336 5030 1600 5102 congratulandum
1627 5030 1682 5089 sibi
1710 5046 1812 5090 omnes

53 5133 163 5201 cendit,
183 5147 250 5205 quas
269 5134 354 5191 biatri
371 5133 486 5191 Domini
499 5132 603 5190 collata
627 5138 678 5200 est,
699 5137 727 5186 et
741 5130 806 5202 ejus
819 5129 907 5197 dona,
962 5128 1070 5197 pariter
1089 5124 1247 5192 adhortari,
1273 5135 1398 5195 quorum
1416 5122 1444 5176 in
1473 5122 1528 5178 hoc
1548 5135 1731 5179 communem
1744 5136 1813 5179 con·

53 5237 122 5296 quae
146 5224 232 5295 quasi
256 5231 334 5280 terra
356 5223 501 5282 stillicidia
531 5219 668 5292 suscepit,
694 5218 805 5276 caeteris
824 5216 907 5275 donis
961 5216 1066 5273 siderat
1081 5214 1215 5270 salutem.
1241 5212 1293 5267 ilic
1306 5218 1349 5268 est
1375 5209 1421 5267 ille
1434 5211 1547 5266 fructus
1568 5218 1651 5268 terrae
1666 5211 1811 5278 sublimia,

52 5313 143 5387 longe
165 5322 235 5371 sunt
255 5313 455 5372 eminentiora.
471 5313 571 5371 Velius
590 5324 657 5368 cum
672 5309 709 5366 sit
723 5309 758 5367 de
776 5320 904 5380 corpore,
961 5318 1048 5375 quem
1064 5313 1091 5358 et
1106 5301 1196 5358 lsaias
1213 5300 1393 5373 praevidens:
1417 5302 1490 5368 Erit,
1509 5299 1614 5372 inquit,
1636 5316 1746 5370 germen
1761 5303 1812 5357 iic-

51 5400 152 5459 carnis
176 5401 374 5459 infirmitatem
394 5399 622 5459 exlesuranon
644 5399 730 5457 sentit
752 5397 905 5467 indolere,
959 5393 1030 5448 mim
1044 5394 1074 5447 m
1089 5392 1306 5461 madmifimmm.
1338 5394 1364 5446 εἱ
1384 5391 1415 5444 in
1434 5390 1535 5459 tillim·
1555 5394 1581 5446 m
1600 5391 1713 5459 immitti
1736 5394 1812 5447 im

53 5498 84 5549 et
104 5490 145 5549 ab
159 5489 392 5564 onmcerporcc
410 5503 501 5551 sensu
520 5488 636 5564 penitus
661 5486 791 5549 alienum
802 5493 855 5548 est
868 5486 907 5546 iit
959 5482 1096 5551 sublimis,
1125 5484 1151 5537 et
1179 5481 1345 5552 exspectatio
1378 5479 1493 5551 hirqui
1519 5479 1624 5541 salvati
1644 5479 1753 5550 Ιιιιιξὺιι
1774 5477 1810 5543 ie
