3736 5962
433 306 1061 369 11111111111111111111111111111.
1555 272 1622 367 irie

91 436 359 508 1111111111111111
384 435 580 502 accendimur,
598 448 664 505 quae
678 433 719 489 ri-
733 432 757 487 Α
773 439 855 503 potu,
874 432 944 504 quia
968 444 1019 503 per
1047 430 1151 488 vinum
1176 428 1275 488 laetitia
1299 429 1490 503 significatur.
1515 433 1618 491 Unde:

98 534 124 582 et
153 526 236 583 illum
260 526 343 582 nobis
365 532 392 581 11
416 540 469 581 nos
485 523 527 580 illi
557 523 718 594 coniungit.
774 520 815 575 Et
828 523 922 575 11111111
947 522 1067 591 letificet
1082 536 1127 576 eor
1146 520 1262 575 bominis
1288 519 1391 592 (idid).
1413 524 1465 579 Per
1480 523 1534 579 boc
1548 539 1617 595 quo-

91 623 160 672 uum
177 616 205 670 in
224 629 297 685 pane
319 621 346 671 et
367 613 435 670 vine
451 613 623 670 celebratur.
643 612 721 668 Unde
774 625 831 681 que
857 618 954 681 aperte
995 610 1118 667 ostendit
1151 609 1382 667 inaestimabilem
1408 609 1540 668 laetitiam
1568 625 1619 684 per

93 704 128 760 od
144 703 225 773 panis
250 703 296 759 ille
320 711 387 759 ante
412 701 655 759 consecrationem
671 714 720 770 pa·
775 698 937 768 passionem
955 713 1039 755 suam
1069 698 1204 756 Ecclesiae
1220 698 1390 770 affuturam,
1412 715 1502 772 quam
1515 700 1620 770 sancti,

91 807 149 848 tum
167 791 299 848 similiter
313 791 415 849 vinum
439 798 498 858 est;
524 797 589 862 post
619 804 718 846 conse·
774 788 906 859 quiante
926 788 1083 845 adrentum
1103 802 1191 844 suum
1215 788 1345 857 fuerunt,
1371 789 1491 845 minime
1511 787 1624 846 babue-

91 895 121 937 ro
145 889 173 936 11
202 880 286 951 panis
314 894 419 950 eorpus
433 878 538 936 Christi
566 879 721 936 cirinum
774 885 855 943 runt,
871 876 941 948 quia
956 877 1104 934 moriendo
1119 893 1178 934 nou
1204 878 1366 936 transibant
1385 878 1539 948 advitam,
1564 877 1623 935 ime

97 969 187 1040 igitur
208 983 308 1026 rerum
321 966 568 1039 {corpulebristi
586 965 638 1035 111,
665 967 721 1024 imo
774 965 804 1021 in
831 965 943 1025 inferne
967 966 1181 1030 detinebantur.
1198 967 1279 1024 Unde
1300 982 1353 1025 nec
1368 981 1469 1025 eorum
1492 964 1625 1024 natalitia

91 1096 94 1110 .
125 1057 182 1113 liec
200 1070 306 1127 corpus
338 1063 552 1113 sacramentum
575 1063 617 1112 est
642 1055 722 1112 illius
774 1053 805 1109 111
824 1053 950 1110 Ecclesia
963 1054 1155 1113 celebrantur.
1181 1056 1220 1112 Ue
1235 1068 1386 1126 aquanen
1401 1054 1623 1127 {legimusqued

91 1145 137 1215 sti,
155 1145 233 1216 qued
256 1152 298 1202 est
320 1143 446 1203 Ecclesia
463 1160 470 1199 ε
487 1144 558 1215 quia
577 1143 722 1207 1111111111
773 1140 904 1200 Christus
916 1142 987 1200 buic
1003 1151 1181 1200 sacramento
1196 1144 1352 1202 addiderit.
1370 1143 1429 1202 Cur
1442 1143 1534 1216 igitur
1552 1142 1622 1201 riuo

91 1234 96 1289 l
125 1233 185 1304 ipse
215 1234 371 1304 assumpsit
407 1233 442 1290 de
472 1232 598 1304 Virgine,
634 1233 721 1290 babet
774 1232 971 1288 admiscetur?
1000 1231 1055 1289 Sed
1077 1231 1203 1290 dicimus
1231 1232 1310 1304 quod
1330 1247 1381 1305 per
1408 1245 1518 1304 aquam
1533 1245 1624 1303 popu-

91 1337 146 1395 rsa,
176 1335 302 1393 quorum
329 1322 387 1378 alia
411 1322 476 1378 aliis
502 1329 604 1379 mutuo
619 1322 719 1392 [neces-
773 1321 821 1380 lus
835 1323 965 1394 gentium
988 1322 1167 1394 designatur.
1185 1323 1264 1379 Unde
1281 1339 1288 1378 :
1305 1323 1394 1390 Aquae
1407 1323 1501 1379 multa
1524 1322 1623 1394 populi

91 1412 116 1467 ic
141 1405 201 1467 1111
211 1425 324 1481 corpus,
339 1411 418 1482 qued
448 1418 491 1467 est
504 1409 642 1466 Ecclesia.
657 1409 720 1466 Un-
773 1413 854 1468 multi
878 1410 975 1482 (dpoe.
1003 1425 1074 1478 xvir,
1109 1410 1163 1484 11).
1196 1412 1230 1469 Ut
1246 1412 1324 1468 euim
1351 1425 1464 1484 semper
1483 1410 1512 1467 iu
1536 1409 1624 1470 fluxu
1658 1414 1661 1418 ⁴

91 1515 126 1557 us
152 1499 308 1557 Ecclesiam
331 1499 415 1571 quasi
443 1497 588 1569 quoddam
611 1496 719 1553 animal
773 1506 801 1556 et
831 1499 861 1555 in
888 1499 1049 1571 mobilitate
1077 1512 1167 1570 aqua,
1190 1500 1231 1556 ita
1257 1498 1382 1572 populus
1402 1499 1450 1557 ille
1479 1498 1510 1555 iu
1536 1497 1623 1558 fluxu

91 1604 133 1645 ans
157 1596 243 1659 eaput
262 1602 360 1657 suum,
387 1587 484 1657 ipsum
505 1586 613 1643 scilicet
639 1585 719 1643 01111-
774 1587 869 1645 earnis
898 1595 925 1645 et
952 1587 1139 1646 instabilitate
1165 1588 1293 1660 quadam
1326 1588 1520 1646 detinebatur.
1549 1588 1622 1645 Nam

110 1678 253 1750 spiritales
281 1676 422 1747 prelatos,
452 1675 504 1747 qui
526 1674 590 1731 11111
612 1673 716 1744 praeri·
773 1677 855 1734 nullo
870 1676 941 1749 legis
966 1677 1013 1734 rel
1034 1677 1242 1748 prophetarum
1268 1677 1341 1750 jugo
1369 1677 1543 1747 refrenatus,
1570 1690 1623 1749 per

91 1767 163 1838 ipsos
191 1773 364 1837 operatores,
382 1764 468 1834 pedes
492 1764 570 1834 ipsos
591 1763 718 1818 minores
733 1741 755 1797 B
772 1767 852 1824 luces
864 1773 892 1824 et
905 1779 971 1824 aras
980 1765 1145 1822 daemonum
1155 1766 1225 1824 binc
1239 1765 1307 1823 inde
1321 1769 1501 1837 raptabatur.

91 1893 93 1908 .
117 1856 290 1926 portandum
312 1851 464 1910 necessarii
483 1859 561 1909 sunt.
580 1851 626 1907 Sic
639 1850 716 1906 euim
806 1853 879 1911 Cum
896 1855 988 1926 igitur
1009 1863 1075 1911 aute
1097 1863 1217 1912 mortem
1243 1855 1351 1913 Christi
1374 1856 1499 1928 populus
1521 1855 1621 1912 1111111

91 1953 126 2001 nt
148 1945 326 2016 adjumento,
345 1951 377 1999 ut
405 1941 571 2012 1111111111
594 1938 717 1995 mineri—
771 1941 929 1999 Ecclesiam
945 1957 1002 1999 nou
1029 1944 1174 2014 intrasset,
1189 1959 1247 2000 nou
1264 1952 1326 2001 erat
1349 1944 1523 2001 conveniens
1542 1944 1621 2016 quod

91 2048 141 2091 »res
169 2034 329 2104 majeribus
369 2031 497 2089 vicissim
534 2027 717 2099 suppeditare
772 2043 860 2102 aqua,
881 2045 948 2102 quae
963 2031 1104 2103 gaudium
1131 2033 1165 2089 de
1179 2033 1242 2104 ejus
1260 2032 1382 2090 introitu
1405 2032 1551 2103 exprimit,
1572 2033 1620 2090 ad·

101 2125 178 2179 enim
212 2123 243 2178 111
284 2135 402 2191 corpore
428 2120 556 2176 humano
583 2117 717 2173 ridemus
772 2119 898 2176 deretur.
920 2119 993 2176 Cum
1015 2134 1083 2177 rere
1107 2128 1205 2191 postes
1220 2121 1350 2191 intraret,
1363 2121 1490 2178 Ecclesia
1507 2121 1542 2178 de
1556 2120 1620 2193 eius

93 2212 228 2268 manibus
242 2218 299 2267 ete
323 2222 471 2275 converso,
492 2215 519 2263 et
544 2219 648 2261 manus
671 2218 717 2275 pe·
771 2206 893 2265 introitu
913 2216 941 2265 et
957 2208 1089 2266 societate
1116 2209 1254 2280 gaudens,
1279 2223 1387 2282 equam
1411 2210 1557 2282 adjunxit.
1579 2212 1619 2268 Ue

91 2314 184 2357 111111
199 2298 419 2355 subministrare
438 2295 621 2353 conveniant.
641 2294 716 2350 San·
770 2296 910 2354 fractione
932 2297 992 2365 illa,
1010 2312 1075 2368 quae
1090 2297 1130 2354 ibi
1156 2305 1286 2368 apparet,
1302 2297 1412 2370 ambigi
1426 2297 1496 2355 solet
1512 2297 1619 2355 simili-

91 2395 294 2444 acramentum
323 2385 441 2455 spiritus
465 2383 606 2451 Ecclesiae,
637 2382 716 2454 qued
770 2392 866 2442 toran
882 2386 977 2456 ipsum
992 2400 1098 2457 eorpus
1121 2386 1237 2455 Christi,
1263 2387 1338 2444 sicut
1353 2401 1421 2444 rere
1443 2394 1486 2444 est
1500 2387 1550 2457 ibi,
1575 2386 1620 2446 ita

91 2490 131 2533 cm
147 2476 270 2548 gratiam
285 2488 348 2530 eam
368 2472 496 2530 vivificat
515 2471 584 2529 etin
597 2484 630 2527 ea
645 2485 715 2541 ope·
770 2474 935 2532 inveritate
954 2474 1117 2547 frangatur.
1138 2475 1190 2531 Sed
1214 2475 1338 2532 dicimus
1364 2475 1442 2546 quod
1468 2475 1543 2533 sicut
1557 2490 1619 2534 esse

91 2564 175 2633 euim,
203 2570 234 2620 ut
253 2563 293 2619 ait
318 2561 513 2633 Augustinus,
537 2562 636 2616 anima
655 2559 715 2618 vita
770 2562 887 2620 ridetur
899 2564 991 2634 panis,
1007 2571 1035 2620 et
1060 2578 1119 2620 non
1147 2571 1199 2632 est,
1228 2564 1344 2623 videtur
1370 2579 1488 2636 quoque
1513 2565 1629 2633 riuum

91 2660 124 2710 ta
138 2654 214 2709 Deus
235 2653 295 2708 vita
324 2658 366 2708 est
389 2650 506 2706 anima.
521 2649 555 2705 Et
569 2649 641 2705 bene
665 2662 715 2719 per
770 2665 841 2720 esse,
857 2667 924 2708 eum
938 2661 1035 2710 tamen
1051 2652 1155 2709 vinum
1175 2653 1283 2709 nonsit
1300 2670 1306 2708 :
1323 2653 1364 2709 111
1375 2653 1491 2710 ridetur
1508 2651 1616 2727 frangi,

91 2741 233 2798 rilieatrix
257 2739 305 2796 illa
325 2739 421 2811 gratia
439 2737 629 2808 significatur,
645 2736 716 2807 quia
769 2755 837 2797 eum
852 2740 1020 2798 fractionem
1036 2740 1148 2797 nullam
1172 2741 1291 2812 recipiat
1305 2740 1476 2812 nullamque
1491 2742 1630 2813 partium.

91 2837 137 2887 et
161 2829 318 2887 efficaciam
336 2828 421 2884 babet
435 2828 532 2884 anima
546 2827 576 2883 in
591 2825 715 2897 sangui·
769 2829 925 2886 sectionem
954 2829 1102 2900 suscipiat.
1129 2832 1184 2887 Nec
1208 2837 1251 2886 est
1272 2838 1388 2900 prepter
1414 2829 1468 2886 bec
1495 2830 1616 2901 phanta-

111 2919 167 2976 alio
189 2919 290 2988 aliquo
311 2918 442 2973 humore.
473 2916 552 2974 Unde
580 2915 690 2986 Moyses
706 2930 712 2970 :
769 2917 842 2974 stica
856 2917 928 2975 visio
944 2916 1002 2987 illa,
1014 2919 1083 2988 quia
1096 2932 1153 2974 uon
1173 2918 1267 2975 estad
1283 2917 1477 2988 deceptionem
1492 2918 1539 2975 rel
1551 2917 1618 2976 fidei

91 3016 108 3076 t,
138 3008 322 3078 cujuscunque
343 3008 433 3062 cornis
460 3008 491 3060 ia
517 3003 651 3073 cooperias
675 3008 714 3058 est
731 2992 752 3048 G
769 3020 906 3076 errorem,
927 3007 978 3063 sed
996 3007 1032 3063 ad
1054 3006 1228 3064 sacramenti
1250 3007 1536 3064 commendationem.
1563 3007 1618 3065 Sed

91 3099 144 3168 11).
169 3097 221 3152 1111
239 3109 307 3152 rere
327 3094 472 3166 perceptio
493 3101 521 3150 et
548 3094 714 3164 incorpora·
769 3108 837 3151 cum
852 3095 887 3151 de
911 3094 1050 3152 fractione
1077 3094 1136 3164 illa,
1157 3108 1224 3166 quae
1249 3095 1281 3152 111
1304 3095 1334 3151 11
1357 3095 1453 3164 111111,
1478 3094 1561 3153 facile
1579 3094 1618 3153 sit

91 3186 121 3242 in
136 3185 309 3242 assumendo
336 3182 406 3241 illud
427 3189 652 3250 sacramentum,
666 3185 715 3253 :est
769 3184 945 3254 responderi,
960 3185 995 3241 de
1014 3183 1073 3253 illa,
1104 3197 1193 3255 quam
1219 3182 1352 3241 Christus
1376 3183 1441 3240 feeit
1464 3183 1496 3241 in
1524 3199 1615 3254 eoeua,

91 3273 304 3344 corporationis,
325 3286 391 3344 quae
404 3278 445 3328 est
461 3271 657 3328 membrorum
677 3271 714 3326 ad
769 3272 803 3329 de
818 3287 878 3345 qua
892 3273 1069 3346 evangelista
1086 3288 1093 3330 :
1109 3275 1203 3343 Fregit
1228 3278 1253 3330 11
1279 3275 1365 3330 dubet
1386 3275 1532 3347 discipulis
1558 3279 1617 3332 suis

91 3363 208 3434 quando
227 3360 335 3432 aliquis
349 3359 457 3417 accedit
481 3360 518 3415 ad
547 3360 618 3416 illud
634 3374 714 3416 assu·
769 3363 844 3433 (111.
858 3376 930 3430 xxu,
957 3364 1010 3433 19),
1036 3377 1125 3435 grave
1151 3363 1267 3421 videtur
1293 3363 1451 3432 absolvere,
1477 3378 1515 3421 au
1536 3364 1618 3423 seili-

91 3451 169 3508 endit
196 3464 225 3506 se
251 3464 309 3506 non
332 3456 402 3507 tuuc
429 3448 541 3505 Christo
556 3447 646 3516 uniri,
665 3449 713 3505 sed
768 3459 812 3508 cet
827 3452 857 3508 in
880 3450 1418 3525 111111111111111111111111111111
1444 3467 1496 3524 per
1521 3461 1617 3525 partes

105 3539 286 3596 dilectionem
307 3537 418 3595 unitam
442 3551 504 3593 esse
525 3544 552 3593 et
567 3536 597 3591 in
625 3550 712 3593 niem·
768 3539 896 3596 divisum
922 3540 1072 3611 discipulis
1093 3541 1155 3597 suis
1176 3541 1337 3598 tradiderit.
1361 3543 1405 3598 Ad
1427 3542 1507 3614 quod
1528 3544 1616 3615 equi-

91 3628 179 3685 rsisse.
203 3628 244 3684 De
259 3627 313 3683 bac
328 3640 358 3682 11
378 3624 467 3696 bujus
486 3623 658 3681 sacramenti
673 3622 714 3678 di·
769 3629 834 3684 dem
849 3628 1081 3698 respondendum
1105 3629 1222 3687 videtur
1246 3629 1324 3700 quod
1352 3637 1444 3686 totum
1469 3630 1617 3702 integrum

99 3723 219 3774 noster:
250 3716 303 3782 Qui
322 3714 470 3770 manducat
493 3729 604 3769 carnem
627 3727 714 3768 meam
768 3724 795 3773 et
816 3716 984 3788 perfectum,
1005 3718 1080 3774 sicut
1113 3717 1147 3774 de
1173 3717 1292 3790 Virgine
1315 3719 1456 3787 traduxit,
1482 3718 1617 3776 1111111-

91 3808 170 3861 riaem
195 3820 293 3873 meum,
321 3807 352 3858 in
377 3820 418 3859 me
436 3808 527 3858 monet
559 3803 712 3872 (111111,
768 3806 876 3877 cuique
899 3805 1108 3877 discipulorum
1132 3814 1227 3863 totum
1245 3813 1273 3863 et
1302 3807 1449 3879 integrum
1488 3808 1626 3866 tradidit.

91 3901 258 3951 aeramento
286 3893 368 3955 dixit,
395 3891 465 3963 quia
486 3891 570 3948 multi
594 3891 629 3947 de
649 3904 714 3946 cor·
769 3895 915 3952 Sieetiam
931 3895 961 3951 in
985 3895 1070 3951 altari
1090 3895 1125 3951 ab
1148 3909 1328 3966 unoquoque
1353 3894 1485 3953 fidelium
1513 3895 1615 3967 reeipi-

91 3983 169 4055 .‘lui
193 3983 247 4039 ¹¹⁰⁰
262 3988 475 4039 sacramentum
489 3994 548 4037 11011
566 3979 714 4048 accipiunt
768 3992 826 4041 tur.
857 3982 939 4049 Quod
964 3989 1060 4040 autem
1089 3982 1161 4040 dixit
1177 3982 1380 4055 evangeliste:
1409 3984 1506 4053 Fregit
1529 3988 1554 4040 et
1569 3985 1616 4041 de-

93 4071 167 4139 iunt,
194 4072 246 4142 qui
260 4073 324 4143 ejus
339 4070 470 4127 membra
484 4083 542 4125 uon
565 4075 643 4124 sunt.
660 4068 713 4123 Ae
767 4072 808 4128 dit
835 4072 979 4142 discipulis
1007 4072 1075 4139 scis,
1105 4070 1146 4128 sic
1172 4084 1241 4128 sane
1274 4069 1495 4144 intelligendum
1513 4072 1617 4145 liquet,

91 4161 148 4217 ‚das
169 4160 224 4218 bec
245 4167 470 4227 sacramentum,
492 4157 569 4213 sicut
591 4157 711 4227 Petrus3
766 4163 868 4231 Fregit,
892 4161 987 4229 idest,
1017 4159 1157 4216 revelavit
1175 4167 1202 4216 et
1225 4159 1340 4230 aperuit
1367 4160 1518 4232 discipulis
1543 4162 1616 4235 quid

91 4249 211 4317 eluiem,
228 4248 300 4305 alter
318 4248 354 4304 ed
381 4256 512 4304 mortem.
535 4245 631 4310 Quare
653 4259 711 4301 ma·
769 4250 824 4307 boe
837 4255 1051 4306 sacramentum
1079 4248 1266 4320 significaret,
1296 4249 1375 4320 quod
1397 4249 1529 4309 videlicet
1551 4265 1615 4309 eor·

90 4338 186 4396 trino
216 4337 310 4395 veluit
334 4338 387 4395 boe
413 4343 626 4394 sacramentum
650 4299 824 4410 111-01111
851 4337 1020 4405 Ecclesiam,
1059 4337 1136 4409 quod
1167 4338 1288 4410 sanguis
1318 4337 1494 4397 bilaritatem
1535 4340 1615 4398 illam

104 4428 168 4485 aliis
190 4428 271 4496 cibis,
298 4427 368 4484 solet
394 4427 496 4498 quaeri.
513 4426 566 4482 Sed
592 4424 712 4480 manile·
769 4442 858 4500 quam
887 4426 1014 4482 Ecclesia
1041 4425 1076 4482 de
1103 4424 1149 4482 sui
1175 4426 1369 4497 redemptione
1396 4427 1481 4484 babet
1510 4429 1618 4501 figura·

91 4516 117 4572 >d
143 4516 228 4587 panis
253 4515 377 4572 validior
402 4522 444 4571 est
467 4515 551 4570 cibus
578 4512 714 4570 omuibus
768 4523 820 4572 ret.
838 4514 919 4572 Unde
943 4513 995 4586 qui
1021 4513 1075 4570 boc
1097 4514 1234 4586 ignorant
1264 4529 1322 4571 uon
1351 4513 1487 4582 fractum,
1511 4515 1539 4572 id
1562 4523 1615 4587 est,

90 4605 182 4676 magis
211 4612 361 4661 sustentat.
388 4603 468 4658 Unde
493 4616 544 4658 nec
570 4601 711 4672 plenare-
769 4617 828 4659 nen
843 4601 1003 4659 revelatum
1025 4602 1184 4658 secundum
1212 4603 1258 4658 sui
1282 4603 1520 4675 significationem
1540 4605 1616 4663 acci·

91 4694 128 4750 111
152 4707 257 4750 mensae
278 4698 368 4763 potest
392 4705 453 4748 esse
468 4692 529 4747 sine
545 4704 627 4760 pane.
645 4690 713 4745 lnde
768 4691 862 4760 piunt.
887 4689 969 4758 Quod
995 4698 1091 4747 autem
1120 4691 1161 4746 sie
1188 4705 1257 4748 sane
1287 4699 1315 4748 et
1339 4693 1544 4751 convenienter
1565 4709 1617 4752 ex·

92 4782 178 4838 beta:
214 4783 250 4835 lit
273 4783 365 4850 ponis,
389 4779 493 4849 inquit,
526 4794 571 4834 eor
598 4778 713 4833 bominis
769 4779 836 4850 poni
874 4779 972 4850 possit,
997 4779 1135 4836 ieremias
1167 4780 1308 4836 ostendit:
1334 4782 1447 4837 Percidi
1474 4784 1618 4854 petierunt

91 4871 181 4939 leur,
208 4871 261 4940 lli).
282 4869 380 4927 Voluit
404 4868 493 4941 igitur
515 4867 628 4923 tradere
648 4880 713 4923 cor·
767 4885 876 4939 ponem,
900 4874 925 4924 11
946 4884 1000 4923 non
1014 4875 1073 4923 1111
1099 4871 1146 4938 qui
1167 4869 1310 4938 frcmgerei
1334 4874 1371 4926 eis
1393 4870 1503 4943 (Three.
1517 4888 1558 4940 rr,
1575 4873 1616 4944 4).

94 4961 185 5031 specie
208 4958 292 5029 panis
314 4957 409 5028 potius
433 4971 521 5028 quam
538 4956 656 5012 alterius
669 4957 713 5012 ci·
769 4957 853 5013 Panis
870 4956 922 5013 iste
937 4957 1088 5027 Scriptura
1103 4964 1154 5025 est,
1170 4972 1257 5028 quem
1273 4972 1387 5028 panem,
1406 4959 1435 5016 id
1459 4968 1511 5030 est,
1526 4974 1617 5033 quam

98 5051 180 5106 daret
204 5045 327 5118 intelligi
357 5046 434 5117 quod
460 5045 536 5102 sieut
564 5045 647 5101 cibus
662 5045 714 5100 iste
769 5044 946 5115 Scripturam
976 5045 1091 5116 parvuli
1117 5045 1224 5101 infirmi
1251 5054 1317 5103 ante
1343 5048 1501 5106 adrentum
1534 5047 1617 5107 Clari-

98 5136 305 5195 susteutatione
333 5134 447 5204 corpori
473 5133 712 5201 administrando,
768 5133 803 5189 sti
819 5133 874 5190 sibi
899 5133 1004 5204 frangi,
1033 5133 1061 5190 id
1087 5141 1139 5202 111,
1167 5134 1273 5204 aperiri
1297 5141 1325 5191 et
1347 5136 1453 5207 exponi
1481 5137 1616 5208 petebant

91 5235 150 5284 tum
174 5224 251 5282 istud
274 5239 333 5296 prm
355 5224 464 5281 caeteris
491 5222 620 5296 valetlin
645 5222 714 5279 dile·
767 5229 866 5279 etnon
880 5229 941 5279 erat
956 5223 1009 5294 qui
1035 5222 1180 5295 frangeret
1209 5223 1261 5294 eis,
1282 5223 1372 5281 denec
1399 5226 1512 5283 veniret
1535 5225 1618 5285 Cbri·

91 5330 147 5388 1111
180 5314 349 5372 sustentatio
377 5321 419 5370 est
447 5312 551 5370 animm
574 5312 604 5368 in
629 5312 714 5369 nobis
768 5319 840 5379 stus,
881 5311 932 5382 qui
959 5311 1085 5383 aperiret
1113 5311 1155 5368 eis
1180 5311 1351 5383 Scripturas.
1382 5314 1461 5371 Unde
1491 5314 1617 5375 loannes

91 5447 94 5460 .
121 5408 154 5461 ln
180 5403 261 5461 nullo
287 5402 430 5475 siquidem
458 5402 583 5459 aliorum
600 5408 713 5458 tantum
767 5399 797 5456 in
812 5398 984 5470 Apocalypsi
1001 5414 1007 5454 :
1024 5402 1060 5455 El
1083 5409 1160 5455 nemo
1188 5405 1297 5471 poteret
1323 5403 1430 5472 operire
1452 5403 1562 5473 librum,
1590 5408 1617 5461 et
1677 5466 1680 5473 ,

91 5510 97 5552 t
113 5492 270 5561 afficimur,
286 5498 432 5563 quantum
456 5491 487 5547 iu
507 5489 571 5548 isto.
595 5489 713 5547 11111111
766 5491 869 5547 1111111
882 5491 1026 5560 sigoeeule
1040 5492 1111 5561 ejus,
1128 5498 1187 5550 ete.
1205 5491 1301 5565 (apoc.
1326 5505 1355 5562 r,
1370 5493 1410 5568 i).
1431 5495 1465 5550 Et
1487 5495 1562 5554 beue
1575 5495 1619 5554 di·

91 5584 175 5646 tinem
188 5596 277 5644 suum
294 5580 363 5641 dare
377 5579 491 5649 maluit,
509 5592 598 5653 quam
611 5578 642 5639 111
656 5577 712 5638 elio
767 5579 844 5638 citur
855 5578 1006 5651 Scriptura
1020 5581 1115 5652 panis,
1131 5578 1205 5653 quia
1218 5594 1253 5640 ea
1275 5588 1309 5640 ut
1335 5580 1399 5642 cibe
1423 5576 1546 5655 spiritali
1568 5582 1617 5642 in-
