3804 5962
112 227 164 283 tlt
380 224 481 281 PETRI
500 224 685 282 ABAELARDI
704 224 783 282 OPP.
802 225 892 283 PARS
909 225 957 282 ΙΙΙ.
968 253 1004 268 -
1017 222 1243 282 Tuuobodtca
1260 222 1306 278 ΕΤ
1326 219 1595 278 rulbosolutlua.
1810 223 1863 276 ild

113 349 150 406 sit
183 347 309 407 bomlnis
342 348 489 416 meritum,
521 349 679 418 miserebor,
709 356 807 419 postea
831 350 961 408 vocando
976 352 1001 407 A
1015 348 1079 406 vult
1094 347 1219 415 induret,
1231 352 1258 402 et
1274 351 1308 403 ut
1320 358 1401 402 nunc
1410 344 1528 412 dicitur,
1542 343 1689 402 voluntati
1701 344 1765 417 ejus
1780 359 1865 402 nemo

113 452 181 497 eum
215 451 267 509 per
298 439 442 495 internam
472 437 700 508 inspirationem,
724 445 752 495 et
776 439 802 496 ei
836 439 962 511 denique
1016 445 1103 511 queat
1122 436 1263 494 resistere.
1288 434 1401 501 Adbuc,
1427 433 1455 490 id
1480 440 1523 490 εει
1548 441 1686 505 positam
1712 435 1866 492 manifesta

112 528 200 600 cuius
224 527 380 584 miserebor
404 527 534 583 vocando
559 527 787 585 misericordiam
809 529 961 599 prestabo,
1017 526 1180 584 testimonia
1204 524 1249 581 vel
1270 523 1396 580 rationes
1420 522 1450 578 in
1475 523 1688 579 accusationem
1706 523 1797 591 illius,
1813 539 1866 580 co-

113 616 143 674 in
160 615 341 689 ipsoscilicet
355 629 489 686 supernae
504 617 663 674 vocationis
689 617 798 674 bravio.
820 618 906 690 Ergo,
924 619 963 674 in.
1016 615 1121 672 iuntuti
1146 614 1216 683 ejus,
1246 613 1274 670 id
1302 620 1344 670 est
1367 611 1555 682 dispositioni,
1580 612 1615 668 de
1640 625 1699 683 qua
1723 613 1866 684 scriptum

113 706 177 778 quit
192 705 347 776 Apostolus
361 719 396 762 ex
411 719 534 776 persona
554 706 760 776 componentis,
785 707 833 764 bic
855 707 963 766 subau·
1016 714 1059 763 est
1086 712 1256 775 quecunque
1276 704 1363 758 uelint
1385 705 1461 769 serit.
1487 702 1550 758 Alio
1573 701 1659 758 ctiam
1689 702 1773 758 modo
1796 702 1865 759 dici.

113 796 154 863 di,
179 795 285 852 divium
309 793 423 851 collatio
447 795 658 865 misericordiae,
683 805 808 854 nonest
839 797 963 854 bominis
1018 803 1084 852 tur:
1103 795 1178 850 Deus
1196 792 1279 859 velle,
1295 807 1355 849 nou
1371 792 1547 862 disponendo
1558 791 1676 859 scilicet,
1693 791 1741 848 sed
1756 806 1864 848 consu·

114 891 380 957 quantumcunque
393 897 457 941 eam
471 885 586 940 solentis
607 900 693 955 neque
712 889 858 954 currentis,
873 886 901 942 id
921 893 964 942 est
1017 882 1100 955 lepdo
1122 882 1216 945 nobis,
1244 889 1276 939 ut
1299 869 1441 937 iaciamus
1457 895 1507 952 per
1530 895 1597 952 quae
1611 880 1758 938 salvemur
1780 880 1868 952 iuxta

114 978 378 1043 quantumcunque
399 971 561 1029 festinantis
584 979 672 1044 atque
700 973 817 1031 nitentis
838 974 874 1030 ad
900 987 963 1032 cam
1018 972 1091 1029 illud
1115 997 1121 1027 ι
1145 973 1254 1038 Quoties
1273 972 1347 1025 volui
1370 985 1546 1040 conpreqore,
1577 978 1631 1027 etc.
1650 970 1761 1041 (Mutii.
1782 985 1866 1036 xxur,

115 1058 311 1129 obtinendam,
336 1059 386 1117 sed
409 1066 506 1117 tamen
526 1064 577 1116 liei
606 1065 765 1129 miserentis,
788 1063 881 1120 idest
905 1077 964 1119 non
1018 1061 1075 1134 3⁷.)
1090 1062 1127 1117 lit
1139 1061 1210 1132 quia
1224 1059 1286 1117 vult
1299 1074 1399 1117 omnes
1420 1059 1514 1116 salvos
1537 1059 1610 1130 fieri,
1626 1059 1655 1116 id
1678 1066 1720 1116 εει
1741 1060 1869 1117 consulit

115 1155 158 1206 εει
174 1148 205 1205 in
218 1154 355 1219 potestate
375 1156 476 1210 nostra
495 1162 559 1206 eam
583 1149 721 1222 accipere,
747 1151 795 1207 sed
817 1152 847 1207 in
872 1166 964 1208 manu
1019 1160 1052 1209 ut
1068 1150 1186 1207 iaciant.

114 1238 257 1309 ejuseam
277 1236 356 1307 dare,
373 1244 405 1295 ut
419 1252 471 1308 per
486 1239 541 1295 boc
561 1239 752 1296 astruendum
765 1239 901 1297 videatur
915 1255 964 1297 nc·
1055 1241 1077 1297 O
1110 1241 1197 1307 bomo,
1229 1244 1268 1294 tu.
1302 1240 1362 1295 lloc
1393 1237 1454 1294 loco
1487 1237 1641 1307 Apostolus
1680 1236 1870 1308 suprapositis

116 1327 227 1385 minem
241 1341 302 1384 esse
316 1326 347 1384 in
361 1326 450 1401 culpa
464 1328 487 1385 si
504 1327 540 1384 ab
560 1341 595 1384 ea
611 1328 648 1384 sit
671 1327 786 1385 alienus
801 1328 967 1387 misericor·
1019 1329 1240 1401 objectionibus,
1267 1343 1334 1399 quae
1347 1328 1448 1384 ,Deum
1469 1326 1584 1397 penitus
1611 1327 1641 1381 in
1665 1325 1781 1396 eulpam
1806 1330 1870 1382 tra-

56 1465 60 1471 .
116 1414 175 1483 dia,
190 1430 250 1473 uon
264 1430 333 1473 eum
347 1416 398 1488 qui
414 1416 513 1489 largiri
527 1430 592 1474 earu
611 1417 713 1475 babuit
728 1433 781 1475 nec
794 1419 898 1476 voluit.
1021 1419 1088 1475 ltere
1116 1418 1265 1484 videntur,
1293 1430 1330 1473 cx
1359 1429 1412 1473 sua
1448 1423 1529 1486 parte
1566 1414 1730 1486 respondet,
1761 1428 1869 1485 easque

154 1507 229 1561 Dicit
243 1507 324 1561 enim.
341 1504 470 1564 Ostendit
493 1520 511 1563 a
534 1507 688 1564 contrariis
706 1507 785 1579 quud
806 1507 968 1566 miserentis
1021 1507 1198 1565 sullicieuter
1211 1505 1351 1571 dissoluit¹
1364 1519 1495 1576 congrua
1516 1505 1551 1561 de
1577 1503 1675 1576 figulo·
1689 1503 1810 1561 inducta
1832 1503 1869 1558 si-

69 1623 73 1638 ·
119 1601 161 1651 est
182 1593 232 1650 liei
246 1595 324 1666 quod
342 1595 473 1653 homiues
487 1596 640 1654 salvantur
662 1610 669 1651 ε
694 1598 771 1668 quod
797 1598 969 1655 obdurantis
1023 1596 1196 1654 militudine.
1234 1595 1308 1651 Dicit
1349 1596 1447 1666 itaque
1484 1594 1641 1664 quastione
1681 1593 1870 1664 quaesticnem

118 1689 161 1741 est
175 1682 253 1755 quod
269 1684 457 1754 damnantur,
470 1685 546 1743 sicut
562 1686 593 1742 in
608 1687 758 1744 Pharaone
772 1702 809 1745 ex
834 1688 896 1759 ipso
917 1689 967 1745 liei
983 1650 1005 1705 Β
1023 1686 1183 1743 dissolvens
1196 1693 1224 1741 ει
1243 1684 1446 1740 satisfaciens:
1472 1683 1493 1739 0
1515 1683 1602 1746 bomo,
1627 1681 1655 1738 id
1678 1689 1722 1738 est
1746 1681 1871 1738 earnalis

26 1822 39 1838 ,
120 1771 281 1830 testimonio
300 1778 387 1843 patet.
410 1773 468 1830 Nec
490 1773 559 1830 dicit
584 1783 680 1831 tamen
709 1775 890 1841 obdurantis,
919 1776 968 1831 sed
1023 1785 1051 1834 et
1073 1775 1168 1847 potius
1182 1773 1317 1830 animalis
1337 1787 1427 1845 quam
1451 1770 1619 1842 spiritualis,
1643 1771 1694 1842 qui
1720 1770 1872 1841 hucusque

120 1861 204 1935 quasi
220 1861 391 1932 impellentis
412 1861 449 1918 ad
469 1863 590 1932 malum,
607 1878 674 1921 cum
694 1864 758 1920 ait:
779 1866 918 1921 Εεειιεει.
934 1865 969 1921 Et
1025 1861 1161 1922 inlisum
1179 1864 1310 1920 invectus
1332 1876 1372 1930 es,
1397 1855 1482 1932 quasi
1504 1874 1571 1918 eum
1595 1860 1630 1915 de
1652 1858 1808 1930 iniquitate
1830 1872 1872 1914 ar·

120 1959 154 2009 ut
181 1951 298 2022 culpam
333 1952 382 2008 liei
410 1961 541 2025 augeret,
571 1953 650 2010 addit
678 1969 685 2008 :
716 1956 750 2011 ιιι
774 1954 913 2010 ostendum
939 1957 970 2009 ιιι
1024 1954 1150 2028 guendo,
1167 1953 1241 2009 sicut
1267 1952 1306 2008 ibi
1333 1951 1480 2021 inceptum
1504 1956 1546 2005 εει
1567 1947 1724 2014 :llunquid
1738 1949 1871 2015 iniquitas

122 2044 157 2109 te,
173 2047 239 2107 etc..
256 2041 341 2111 quasi
360 2041 423 2098 ideo
443 2041 593 2099 damnaret
615 2042 686 2099 alios
702 2044 789 2110 Deus,
815 2051 847 2100 ut
866 2043 971 2116 seglo·
1024 2042 1102 2113 apud
1133 2039 1240 2096 Deum?
1269 2041 1304 2096 Ει
1341 2049 1436 2110 postea
1463 2037 1605 2107 exemplis
1636 2038 1682 2093 vel
1711 2037 1874 2094 rationibus

121 2129 224 2196 rilicet,
239 2137 266 2186 ει
279 2129 400 2203 gloriam
425 2144 508 2188 suam
533 2132 564 2188 in
585 2139 676 2190 morte
701 2132 825 2190 aliorum
847 2141 968 2204 quaerat,
1024 2138 1235 2203 exaggeratum
1249 2137 1291 2186 εει
1316 2146 1322 2184 :
1346 2132 1385 2184 Tn
1409 2131 1470 2196 quis
1492 2144 1529 2195 es,
1548 2128 1668 2198 inquam
1695 2131 1744 2194 qui
1766 2143 1874 2198 respon·

122 2217 201 2288 quod
215 2217 431 2288 iniquissimum
449 2221 575 2277 videtur.
591 2223 624 2276 ln
638 2222 685 2276 boc
700 2224 802 2292 ipsum,
816 2222 844 2278 id
867 2229 909 2278 εει
934 2222 970 2278 ad
1026 2222 1090 2276 deos
1106 2223 1171 2286 Deo,
1195 2218 1223 2274 id
1249 2227 1291 2275 est
1316 2219 1368 2289 qui
1390 2217 1533 2289 justificas
1561 2225 1597 2285 te,
1622 2215 1674 2286 qui
1698 2216 1790 2273 Deum
1815 2230 1872 2271 mo·

123 2304 312 2375 ailligendum
327 2306 468 2375 pupulum
484 2308 529 2364 vel
550 2310 793 2380 persequendum,
811 2309 871 2366 sive
884 2311 971 2366 etiam
1026 2312 1069 2369 dis
1094 2308 1268 2381 supradictis
1292 2321 1423 2374 accusas,
1449 2307 1503 2377 ipsi
1526 2305 1667 2377 responde
1689 2312 1722 2362 ut
1749 2304 1873 2375 teipsum

124 2406 170 2449 me
184 2405 242 2448 nou
255 2393 482 2462 exaudiendum,
497 2397 572 2453 sicut
587 2398 726 2468 scriptum
739 2406 780 2455 est
801 2413 808 2453 :
830 2399 971 2454 Indurubo
1026 2400 1161 2457 delendas
1176 2398 1212 2454 ab
1239 2396 1462 2463 inconvenienti,
1486 2396 1510 2452 si
1536 2402 1562 2450 te
1579 2395 1638 2464 ipse
1657 2393 1765 2451 scilicet
1782 2394 1822 2450 ita
1836 2393 1874 2448 in·

123 2496 169 2536 eor
179 2480 340 2538 Pharaonis.
356 2483 492 2539 Euriteci
507 2494 540 2552 te,
558 2485 586 2541 id
609 2492 651 2542 est
675 2486 832 2543 resistendo
852 2487 904 2544 tibi
919 2487 972 2544 leci
1027 2494 1161 2560 terroget,
1190 2487 1289 2543 dicens
1319 2503 1326 2540 :
1356 2485 1490 2555 Nunqur‘d
1518 2485 1595 2549 dicit,
1616 2483 1644 2539 id
1667 2491 1710 2539 εει
1728 2485 1808 2555 juste
1829 2495 1875 2552 po·

124 2570 219 2642 magis
249 2571 436 2629 exardescere
464 2572 605 2631 malitiam
629 2583 709 2632 tuam
734 2585 835 2634 contra
859 2592 914 2646 ms,
940 2581 974 2634 ul
1027 2583 1081 2633 test
1107 2577 1247 2648 conqueri
1273 2577 1307 2631 de
1332 2574 1422 2645 figulo
1451 2574 1529 2645 quod
1560 2571 1615 2629 tale
1649 2573 1744 2643 ipsum
1782 2571 1874 2628 iecerit

124 2660 354 2732 sicutscrlptum
368 2669 430 2718 est:
456 2662 508 2728 Qui
522 2663 617 2733 justus
637 2669 678 2720 est
699 2667 818 2736 amplius
834 2667 973 2737 justifice—
1027 2670 1194 2738 nomentum,
1218 2665 1246 2721 id
1272 2671 1313 2720 est
1334 2678 1387 2719 vas
1406 2663 1440 2718 de
1464 2662 1525 2718 luto
1549 2661 1659 2728 fictum,
1685 2660 1712 2716 id
1737 2668 1781 2717 εει
1804 2674 1874 2717 eom-

125 2749 371 2821 tur(Apoe.xx11,
390 2752 442 2823 ιι).
469 2753 522 2810 Per
541 2753 618 2825 quod
636 2754 720 2825 quasi
734 2769 841 2813 aurum
864 2757 895 2812 in
920 2755 974 2812 ior·
1028 2757 1164 2827 positum.
1191 2755 1311 2825 Fingere
1341 2766 1468 2824 natuque
1494 2764 1664 2820 componere
1689 2749 1808 2806 dicitur.
1832 2751 1875 2804 An

125 2851 198 2896 nare
212 2839 410 2897 tribulationis
425 2848 580 2912 purgatur,
605 2846 631 2897 et
656 2842 705 2913 qui
728 2845 760 2898 in
781 2844 909 2899 sordibus
932 2850 974 2899 est
1028 2860 1082 2899 non
1101 2844 1181 2898 babet
1199 2847 1377 2912 potestatem,
1403 2842 1431 2897 id
1464 2849 1505 2897 εει
1530 2853 1589 2895 non
1613 2839 1678 2895 licet
1702 2837 1794 2909 figulo
1817 2838 1876 2894 siue

45 2946 49 2956 ·
126 2929 397 2999 ampliussordeseut
417 2928 521 3001 (ibid).
541 2932 677 2986 Virtutem
690 2947 787 3001 meam
805 2933 833 2988 id
860 2940 902 2989 est
924 2948 974 3004 po·
990 2947 1013 3004 (ς
1030 2932 1140 3002 injuria
1166 2930 1277 3001 aliqua,
1307 2942 1397 3000 quam
1425 2928 1487 2984 vasi
1519 2926 1626 2998 seilicet
1654 2925 1771 2994 inierat,
1800 2925 1876 2980 aliud

126 3017 256 3086 tentiam,
280 3025 338 3073 tam
363 3018 393 3073 in
418 3016 511 3089 plagis
544 3019 652 3075 scilicet
680 3020 797 3092 AEgypti
821 3035 909 3093 quam
944 3023 974 3078 in
1030 3020 1140 3092 quidem
1163 3034 1212 3074 uos
1241 3020 1331 3086 sorem
1356 3021 1384 3072 in
1411 3018 1546 3084 bonorem,
1575 3015 1603 3071 id
1630 3022 1673 3071 εει
1696 3015 1733 3071 ad
1759 3013 1875 3086 aliquod

127 3105 325 3163 submersione
350 3106 562 3178 AEgyptiorum.
593 3109 628 3163 Ut
647 3124 698 3178 per
721 3112 769 3165 boc
794 3114 975 3167 annuntietur
1029 3109 1198 3167 honorabile
1218 3108 1358 3177 officium,
1373 3108 1453 3164 aliud
1474 3110 1504 3161 in
1525 3107 1726 3175 contumeliam,
1743 3105 1772 3162 id
1787 3105 1875 3162 estad

127 3207 227 3248 nomen
245 3207 345 3261 meum,
360 3192 390 3248 id
411 3201 453 3250 est
474 3192 612 3251 dilatetur
627 3195 729 3251 notitia
748 3199 882 3267 potentiae
905 3214 975 3257 meae
1030 3199 1148 3270 aliquod
1162 3198 1219 3254 vile
1238 3206 1265 3254 et
1288 3197 1433 3268 abjectum
1458 3195 1674 3253 ministerium?
1689 3196 1724 3252 Et
1748 3195 1872 3251 horest:

128 3280 239 3351 ubique
255 3287 409 3337 terrarum.
424 3280 504 3347 Quod
520 3282 588 3338 dicit
604 3291 637 3339 ut
652 3297 703 3353 per
718 3284 771 3341 hcc
792 3287 887 3358 magis
909 3285 974 3343 clic-
1031 3291 1073 3344 Eu
1099 3287 1193 3342 eudem
1216 3302 1309 3342 musso
1340 3292 1430 3353 terra,
1453 3285 1546 3346 idest
1576 3284 1711 3341 etiamsi
1735 3282 1818 3341 nulla
1843 3282 1875 3337 sit

128 3368 238 3425 ctivum
259 3382 429 3441 essequam
454 3371 637 3427 causativum
656 3372 799 3430 videatur.
827 3374 976 3441 Qticmodo
1030 3378 1116 3449 cujus
1153 3376 1334 3432 contumeliae
1372 3389 1461 3432 eausa
1494 3389 1531 3430 ex
1572 3373 1712 3445 qualitate
1753 3370 1874 3428 materia

128 3455 197 3514 solet
213 3455 269 3512 dici
283 3456 317 3512 de
330 3456 440 3529 aliquo,
462 3459 553 3516 exivit
567 3467 600 3516 ut
615 3469 785 3531 mereretur,
808 3464 836 3519 id
856 3472 898 3521 εει
912 3465 976 3521 eri·
1032 3479 1098 3538 quae
1124 3472 1166 3521 εει
1187 3464 1298 3520 eadem.
1323 3463 1441 3531 Fiqulus
1465 3463 1527 3530 luti,
1553 3461 1582 3517 id
1605 3468 1648 3517 est
1668 3460 1808 3517 lormator
1830 3459 1876 3515 bu-

128 3545 181 3614 vit,
194 3551 223 3603 ει
237 3545 338 3602 mortis
351 3560 410 3603 non
423 3556 594 3607 consecutus
615 3557 658 3606 est
679 3548 806 3620 effectus,
823 3552 864 3609 ita
879 3561 906 3610 ει
930 3555 977 3611 bic
1032 3554 1117 3611 midae
1144 3561 1173 3610 ει
1200 3552 1293 3610 mollis
1326 3560 1419 3621 terrae,
1451 3567 1508 3609 nou
1544 3558 1656 3608 creator
1691 3550 1784 3621 ipsius
1818 3561 1874 3605 ma-

129 3634 239 3693 dicitur
250 3634 374 3693 excitavi
389 3643 426 3706 te,
443 3650 477 3694 ac
499 3652 549 3709 per
571 3640 625 3696 boc
646 3648 743 3709 postea
764 3642 873 3699 ostendi
895 3643 925 3700 iu
949 3651 977 3701 te
1031 3642 1122 3700 teriae.

129 3723 268 3782 virtutem
287 3738 390 3791 meam,
407 3726 436 3782 id
459 3733 502 3785 est
524 3726 552 3784 in
574 3728 621 3785 his
642 3743 708 3800 quse
732 3729 778 3802 egi
803 3731 880 3788 circa
901 3740 928 3790 te
949 3741 978 3791 ει
1069 3734 1196 3804 linquo
1223 3730 1342 3803 quidem
1366 3737 1486 3802 apparet
1512 3744 1580 3785 eum
1608 3729 1706 3786 minus
1728 3727 1806 3800 iuris
1831 3725 1875 3782 ba·

130 3819 209 3871 tuos·
1033 3821 1101 3878 bere
1124 3821 1254 3890 inopere
1279 3834 1332 3875 suo
1356 3833 1444 3891 quam
1468 3820 1545 3875 Deus
1568 3818 1673 3875 babeat
1698 3816 1728 3873 in
1743 3830 1808 3885 suo,
1831 3811 1876 3887 qui

164 3905 239 3973 usqe
252 3904 332 3974 euius
350 3907 419 3975 vult,
442 3904 470 3962 id
483 3913 525 3963 est
536 3913 564 3963 et
578 3907 617 3963 ita
631 3916 760 3979 apparet,
785 3909 881 3981 inquit
896 3910 978 3980 Apo·
1033 3925 1092 3968 non
1119 3909 1213 3966 solum
1243 3909 1389 3975 lormator,
1418 3908 1467 3965 sed
1498 3909 1585 3965 etiam
1609 3905 1738 3963 materia
1771 3894 1875 3962 crealor

130 3991 229 4062 stolus,
255 4007 292 4051 ex
314 4008 438 4065 persona
462 3995 558 4052 adbuc
588 3998 766 4067 opponentis,
794 3999 871 4070 qnod
893 3997 978 4069 cujus
1032 4009 1085 4058 εει.
1114 3998 1264 4070 Quidquid
1292 3998 1327 4054 ad
1352 3998 1494 4068 proposita
1517 3998 1602 4054 bomo
1625 3996 1677 4052 iste
1699 3994 1875 4066 respondem

131 4082 195 4139 vult
217 4081 381 4152 miseretur,
405 4090 433 4140 et
455 4098 543 4161 quem
567 4083 632 4141 vult
654 4085 782 4155 indurat,
808 4087 837 4143 id
862 4094 904 4143 εει
926 4100 979 4158 pro
1033 4088 1117 4162 quasi
1144 4094 1264 4144 cornuto
1296 4085 1467 4143 vulneratur
1495 4086 1568 4142 stilo.
1604 4083 1633 4140 Si
1656 4064 1738 4140 euim'
1764 4096 1875 4153 respon-

131 4170 205 4228 velle
225 4171 288 4242 ejus
308 4179 397 4243 atque
419 4173 540 4230 arbitrio
565 4174 660 4245 potius
683 4189 772 4246 quam
795 4189 847 4247 pro
871 4176 1016 4238 meritisb
1034 4178 1099 4235 deal
1119 4176 1190 4248 quia
1215 4190 1273 4232 non
1295 4175 1381 4232 babet
1411 4174 1519 4247 figulus
1542 4175 1620 4231 banc
1640 4180 1822 4244 potestatem,
1836 4185 1875 4242 pe·

131 4259 192 4315 suis
215 4259 349 4317 homines
362 4261 407 4318 vel
423 4262 574 4320 salvantur
588 4277 639 4334 per
659 4264 723 4335 ejus
739 4265 976 4330 misericordiam,
1033 4267 1113 4324 nitus
1126 4265 1253 4324 cilicium
1272 4265 1392 4321 damnat
1416 4264 1584 4336 figulorum,
1609 4269 1636 4319 et
1660 4261 1814 4319 utilitatem
1830 4274 1877 4332 pu-

131 4348 177 4406 vel
194 4348 373 4408 damnantur
388 4363 439 4421 per
450 4352 514 4423 ejus
533 4352 564 4408 in
578 4354 702 4424 peccatis
725 4355 787 4411 suis
814 4355 980 4414 induratio·
1035 4356 1151 4422 blicam,
1189 4363 1216 4412 ει
1243 4368 1397 4411 commune
1434 4353 1619 4410 commodum
1659 4359 1748 4422 atque
1789 4362 1877 4407 ueces-

131 4451 209 4508 nem,
226 4452 315 4510 quem
332 4439 463 4497 videlieet
485 4442 705 4499 obdurationem
732 4443 791 4514 ipse
811 4459 871 4501 nou
894 4446 979 4503 mise·
1034 4446 1145 4502 sarium
1170 4444 1352 4514 impudenter
1380 4452 1506 4500 accusat.
1535 4442 1584 4499 Sin
1604 4448 1701 4499 autem
1723 4439 1806 4512 quud
1829 4452 1878 4496 ms·

130 4527 223 4585 raudo
235 4526 331 4598 elficit,
348 4536 380 4586 ut
403 4529 444 4586 sic
457 4529 556 4588 divino
572 4537 666 4588 totum
687 4532 808 4589 arbitrio
829 4533 864 4588 de
885 4534 979 4597 salvae
1033 4534 1170 4592 uiiestum
1184 4541 1227 4590 εει
1241 4532 1340 4604 eligat,
1357 4543 1390 4589 ut
1408 4532 1541 4589 videlicet
1563 4531 1626 4588 sine
1645 4529 1755 4602 injuria
1774 4528 1877 4601 aliqua.

132 4614 209 4674 tione
230 4615 276 4673 vel
308 4617 492 4675 damnatione
519 4619 669 4677 bominum
704 4621 890 4679 tribuendum
919 4638 980 4681 εεεε
1034 4638 1124 4696 quam
1151 4623 1214 4680 vasi
1241 4622 1422 4680 contumelia
1447 4621 1561 4688 inierat,
1582 4635 1616 4678 ea
1638 4619 1725 4676 iaciat
1748 4618 1831 4689 talia,
1853 4617 1880 4673 li·

130 4705 275 4764 rideatur.
292 4708 366 4763 ιιιεῑε
380 4709 474 4776 itaque
487 4708 566 4778 milri,
582 4708 677 4780 inquit
690 4711 843 4780 Apostolus
856 4726 894 4773 ex
913 4726 980 4783 pro·
1034 4720 1104 4784 quet
1129 4712 1274 4782 similiter,
1299 4712 1356 4768 imo
1377 4710 1467 4768 multo
1492 4710 1586 4782 magis
1615 4711 1673 4767 Deo
1699 4709 1786 4767 licere
1813 4721 1876 4780 quo·

132 4793 197 4865 pria
226 4808 359 4867 persona,
390 4797 435 4853 vel
455 4798 651 4869 quorumlibet
676 4798 803 4856 duellum
831 4801 920 4857 neum
949 4802 980 4860 in
1033 4816 1158 4873 eumque
1183 4801 1267 4857 modo
1291 4800 1416 4857 voluerit
1449 4808 1614 4857 creaturam
1646 4812 1731 4855 suam
1761 4804 1878 4855 tractare

132 4884 268 4942 omnibus
300 4884 492 4955 laudantium,
528 4887 557 4944 id
588 4895 630 4945 εει
659 4896 692 4945 tu
720 4887 829 4959 aliquis
853 4891 980 4961 quicuu·
1033 4899 1122 4963 atque
1138 4888 1299 4960 disponere,
1315 4890 1366 4960 qui
1393 4889 1538 4946 obnoxius
1559 4889 1641 4945 nullo
1662 4893 1779 4944 tenetur
1808 4884 1877 4943 debi-

133 4988 192 5047 que
205 4974 254 5044 sis,
278 4975 489 5035 rationabiliter
511 4977 606 5035 dicere
628 4978 747 5047 videris,
769 4986 797 5036 ει
824 4985 978 5051 opponere,
1033 4988 1071 5048 to,
1098 4986 1255 5050 antequam
1290 4978 1455 5050 quidquam
1479 4977 1530 5034 illa
1563 4984 1774 5048 promereatur.
1812 4974 1879 5033 Alio

132 5071 166 5123 ut
188 5064 363 5135 supradictis
384 5065 554 5124 testimoniis
577 5074 605 5123 et
637 5067 799 5125 rationibus
820 5068 849 5125 id
871 5069 980 5127 scilicet
1034 5070 1106 5141 quin
1133 5069 1270 5125 universa
1303 5067 1441 5124 animalia
1467 5066 1504 5123 ad
1528 5066 1654 5123 laborem
1684 5071 1783 5121 creata
1811 5069 1877 5121 recle

132 5153 384 5225 quodsequitur:
410 5154 483 5221 Quid
507 5156 605 5214 adbuc
625 5157 769 5228 queritur,
793 5157 822 5214 id
845 5166 888 5215 εει
910 5173 979 5216 con·
1033 5159 1173 5215 adversus
1195 5172 1264 5213 eum
1291 5169 1477 5213 murmurare
1507 5161 1535 5212 et
1568 5153 1708 5225 conqueri
1747 5159 1877 5224 possent:

132 5241 267 5312 queritur
282 5243 368 5313 Deus,
384 5244 412 5302 id
427 5253 470 5303 est
484 5246 562 5304 unde
577 5253 669 5318 potest
674 5246 751 5318 juste
766 5246 979 5317 querimoniam
1033 5260 1125 5318 quare
1139 5247 1199 5316 ipsa
1214 5245 1321 5302 scilicet
1335 5252 1450 5302 tantum
1465 5244 1502 5301 ad
1527 5244 1653 5300 laborem
1678 5251 1706 5298 et
1731 5241 1767 5298 ad
1796 5239 1878 5299 servi·

131 5325 222 5385 nllsm
249 5331 405 5389 adversum
430 5347 482 5393 nos
513 5349 640 5404 morere,
666 5337 700 5392 de
733 5334 850 5394 offensis
872 5336 979 5395 scilicet
1033 5336 1105 5392 tium
1132 5333 1286 5391 hominum
1314 5333 1485 5401 condiderit,
1514 5347 1582 5389 cum
1609 5330 1782 5402 hujusmodi
1812 5328 1878 5388 atui·

131 5417 246 5485 nostris,
270 5420 342 5492 quia
360 5421 454 5480 omnis
476 5423 607 5483 videlieet
636 5425 725 5497 culpa
748 5425 812 5497 ejus
842 5425 903 5483 sola
933 5424 980 5482 vel
1031 5423 1166 5491 ctionem,
1189 5437 1257 5495 qua
1287 5437 1381 5495 usque
1409 5422 1445 5478 ad
1470 5427 1590 5479 mortem
1617 5427 1796 5493 perseverat,
1827 5419 1878 5490 ipss

131 5501 258 5563 maxime
272 5504 388 5565 videtur
399 5507 538 5579 accidere,
554 5524 633 5580 eum,
649 5517 683 5570 ut
705 5511 815 5570 dictum
837 5517 889 5580 est,
905 5525 980 5584 quos
1033 5525 1093 5569 uon
1112 5511 1283 5570 meruerint.
1299 5511 1381 5581 Quod
1404 5509 1430 5568 si
1450 5510 1487 5568 ad
1503 5508 1745 5584 glorificationem
1768 5509 1828 5578 sul,
1841 5501 1880 5566 vel
