3736 5962
109 161 162 215 683

409 155 509 214 PETRI
530 158 716 214 xcAEttltbl
736 159 813 215 OPP.
833 157 921 216 PARS
940 161 974 215 ll.
989 187 1025 204 -
1039 159 1219 219 sandonus
1239 161 1279 216 ET
1298 160 1418 217 ovdsc.
1435 160 1553 218 ASCET.

1811 162 1860 218 tet

108 281 223 341 Domini
238 281 329 354 accipi
344 281 460 340 videtur
470 296 562 355 quam
578 283 613 340 de
636 283 773 341 cordibus
788 284 949 354 bominum,
966 292 991 343 a
1005 294 1113 344 nerunt
1128 287 1252 358 lapidem
1281 286 1445 344 revolutum
1487 301 1504 343 a
1533 293 1722 344 monumento
1760 294 1790 343 et
1818 287 1858 342 in·

107 387 140 432 eo
155 372 324 444 temporeiu
349 380 462 430 tantum
481 373 515 430 de
537 373 650 431 Christo
674 375 891 447 desperantium
921 379 953 429 ut

107 462 368 534 discipuliquoque
383 477 434 518 nec
445 477 502 518 uon
513 470 541 519 et
557 471 647 520 mater
663 464 751 534 ipsius
769 465 798 519 in
824 463 879 519 fide
901 477 954 535 gra

106 552 181 610 viter
193 550 391 608 titubaverint.
404 551 484 608 Unde
497 551 681 624 Augustinus
695 552 894 620 Quaestionum
907 567 953 609 ve·

107 641 177 698 teris
190 647 217 697 ιι
227 653 309 698 novae
325 640 395 712 legis
410 640 527 711 capitul.
558 641 635 714 lant:
649 643 770 698 «Etiam
790 640 887 707 llaria,
903 655 953 712 per

106 743 197 802 quarn
212 728 381 800 mysterium
408 738 522 802 gestum
545 738 588 787 est
603 729 811 787 incarnationis
828 730 954 786 Salvato-

104 819 156 889 ris,
172 819 202 875 iu
226 826 317 875 morte
331 818 445 875 Domini
461 819 623 888 dubitavit;
639 820 679 876 ita
706 826 739 876 ut
762 820 793 876 iu
819 834 952 876 resurre-

103 907 199 965 ctione
214 907 328 965 Domini
362 908 543 973 lirfmaretur:
567 908 675 965 Dmnes
698 909 775 965 enim
803 908 833 964 in
862 915 953 966 morte

104 995 323 1064 dubitaverunt,
339 1003 366 1053 ιι
394 998 466 1068 qnia
480 998 574 1054 omnis
588 997 764 1068 ambiguitas
778 1011 796 1053 a
818 1010 951 1053 resurre-

103 1086 199 1143 ctione
213 1084 330 1142 Domini
345 1099 495 1144 recessura
508 1094 578 1155 erat,
596 1085 773 1157 pertransire
797 1085 872 1141 dixit
887 1085 950 1157 gla-

103 1174 195 1231 dium.
222 1176 307 1231 »cor
330 1175 428 1246 itaque
460 1183 543 1232 terrae
558 1175 642 1246 quasi
670 1188 719 1230 cor
734 1182 880 1231 terrenum
901 1172 949 1230 ad·

102 1263 202 1321 bucet
229 1262 345 1320 carnale
372 1263 502 1319 noudum
524 1263 652 1334 spiritale
665 1262 773 1319 lactum
798 1276 835 1318 ex
861 1261 949 1318 drmi-

102 1358 160 1409 tate
176 1351 253 1421 lldci,
271 1352 315 1408 vel
336 1351 439 1409 ardore
454 1352 612 1419 charitatis,
633 1351 702 1407 dicit
713 1364 762 1407 cor
776 1350 949 1418 humanum,

102 1440 235 1513 quandiu
250 1440 381 1497 homines
394 1442 424 1497 in
439 1440 488 1497 illo
509 1440 646 1513 temporis
661 1439 782 1497 articulo
803 1440 951 1497 Christum

103 1543 219 1587 caruem
246 1530 349 1601 magis,
376 1530 430 1586 boc
445 1538 487 1587 est
503 1530 649 1586 hominem
665 1543 755 1601 quam
770 1530 860 1586 Deum
879 1527 951 1585 resti-

1008 388 1112 446 gressae
1141 389 1199 432 uon
1215 376 1388 433 invenerunt
1412 389 1516 447 corpus
1537 376 1615 445 Jesu,
1645 383 1674 432 ιι
1689 375 1800 432 edoclea
1825 376 1859 432 ab

1007 463 1164 535 angelisde
1190 465 1401 521 resurrectione
1426 465 1550 532 Domini,
1576 465 1860 532 nuntiaveruntque

1007 551 1166 621 discipulis,
1178 560 1205 608 et
1220 568 1278 610 nou
1289 553 1442 610 credebant
1454 553 1593 624 illislbuc.
1610 567 1693 620 xxiv,
1707 558 1716 607 t
1730 561 1761 610 et
1775 554 1858 625 seq).

1006 639 1110 695 Positis
1138 642 1236 712 itaque
1263 641 1358 697 verbis
1384 642 1640 712 evangelistarum,
1660 644 1755 713 primo
1774 656 1859 712 qnae-

1007 727 1099 785 rimus
1114 731 1270 800 quomodo,
1295 730 1381 800 juxta
1402 732 1550 800 loannem,
1574 731 1665 787 blaria
1687 730 1859 802 Magdalene

1006 818 1125 874 veniens
1140 820 1176 875 ad
1202 827 1422 876 monumentum
1441 832 1526 876 mane
1550 833 1618 877 cum
1641 819 1741 876 adbuc
1763 828 1860 876 essent

1006 906 1142 975 tenebrae,
1167 908 1240 964 vidit
1279 908 1405 979 lapidem
1437 909 1593 978 sublatum,
1634 916 1663 965 et
1688 915 1797 980 postea,
1827 916 1859 964 ut

1006 995 1120 1053 blarcns
1132 996 1212 1063 dicit,
1237 997 1301 1066 ipsa
1320 1006 1347 1054 et
1363 997 1454 1054 blaria
1468 998 1566 1054 iacobi
1592 1004 1620 1054 et
1644 997 1760 1054 salome
1775 996 1859 1053 valde

1004 1097 1090 1138 mane
1104 1084 1228 1141 veniunt
1244 1084 1281 1140 ad
1297 1092 1529 1151 monumentum,
1544 1092 1607 1141 orto
1630 1085 1692 1155 iam
1720 1085 1791 1152 sole,
1808 1084 1858 1140 di·

1006 1180 1102 1228 centes
1140 1173 1177 1228 ad
1210 1173 1351 1229 invicem:
1377 1173 1443 1239 Quis
1466 1173 1583 1229 revolvet
1604 1174 1681 1229 nobis
1714 1173 1858 1244 lapidem?

1006 1259 1102 1322 (dicre.
1128 1274 1189 1329 xvr,
1206 1260 1245 1332 3.)
1265 1260 1293 1317 si
1323 1262 1400 1317 enim
1423 1262 1515 1320 diaria
1544 1262 1712 1335 blagdalene
1725 1262 1789 1333 jam
1816 1264 1859 1318 vi·

1006 1348 1089 1405 derat
1116 1349 1241 1420 lapidem
1269 1350 1436 1406 revolutum
1460 1365 1528 1408 curu
1549 1351 1645 1408 adhuc
1672 1351 1813 1416 tenebrae,
1830 1350 1857 1406 id

1005 1444 1120 1495 estnon
1152 1446 1234 1502 esset,
1257 1438 1403 1509 quomodo
1419 1454 1508 1509 nnnc,
1535 1447 1597 1497 orto
1616 1440 1678 1511 jam
1692 1441 1764 1509 sole,
1796 1443 1857 1511 ipsa

1006 1541 1072 1582 curn
1101 1528 1209 1584 caeteris
1239 1531 1372 1599 queritur
1395 1528 1429 1584 de
1452 1528 1547 1599 lapide
1572 1529 1761 1595 revolvendo,
1789 1544 1854 1600 qne

102 1626 224 1686 merent,
241 1628 268 1675 et
293 1626 438 1676 terrenum
456 1619 552 1690 potins
578 1632 666 1690 qnam
696 1618 847 1675 coelestem.
869 1616 950 1684 Quod
967 1614 1158 1690 piamentoa
1170 1616 1318 1673 sublatum
1335 1616 1470 1673 viderat?
1503 1617 1634 1675 Securmo
1659 1619 1750 1674 etiam
1774 1633 1852 1690 que·

102 1721 172 1780 ergo
181 1708 288 1765 Judaeis
301 1708 418 1779 signum
432 1707 567 1778 potentiae
580 1706 797 1778 requirentibus
812 1716 952 1777 tanquam

101 1810 153 1869 per
178 1797 324 1854 boccum
354 1805 590 1868 recognoscerent
620 1797 722 1857 Deum,
763 1795 952 1865 responditse

101 1885 197 1958 potius
221 1886 262 1943 eis
287 1886 428 1942 daturum
450 1885 567 1957 signum
591 1885 681 1953 ioum,
708 1881 764 1939 tale
791 1889 842 1950 est,
873 1881 951 1952 qnod

101 1975 198 2045 potius
225 1975 423 2034 infirmitatem
454 1975 484 2030 in
513 1988 546 2030 eo
570 1986 740 2045 cognoscere
765 1970 845 2043 digni
883 1971 951 2039 sint,

101 2064 176 2119 siout
200 2064 287 2120 Ionas
302 2064 331 2120 iu
352 2077 430 2120 marc
449 2061 555 2119 missus
579 2061 646 2132 plus
679 2060 827 2130 injustitiae
862 2072 952 2129 quam

101 2152 409 2223 religionisoestimatns
427 2160 469 2207 ιιι
485 2150 630 2217 babuisse,
651 2156 679 2206 et
700 2149 761 2205 'boc
778 2149 804 2204 ei
819 2162 864 2227 ext
881 2161 952 2217 prc-

102 2239 167 2310 pria
192 2240 279 2311 culpa
310 2239 532 2311 contigissent
558 2238 693 2294 damnari
715 2237 802 2293 eliani
830 2250 952 2293 merere·

102 2335 161 2385 tur.

353 2430 502 2473 aroannam
516 2430 654 2472 nnnorssn
669 2429 698 2472 v.

138 2507 293 2564 blaximam
305 2506 515 2563 dubitationem
538 2506 572 2562 de
589 2502 823 2575 apparitionibus
838 2501 951 2558 Domini

99 2597 287 2668 resurgentis,
331 2610 397 2666 qum
425 2595 596 2653 mulielibus
634 2594 715 2650 iactae
742 2600 821 2661 sunl,
864 2591 949 2649 uobis

100 2685 285 2755 evangeliste
306 2684 498 2755 reliquerunt.
527 2684 643 2741 blarcus
658 2682 765 2754 quippe
779 2689 806 2737 et
826 2684 950 2737 loannes

100 2788 168 2832 eum
184 2773 334 2830 insinuant
351 2773 443 2843 primo
456 2772 625 2844 apparuisse
646 2771 745 2828 blariee
760 2769 948 2841 blagdalenae,

1005 1706 1128 1762 rendum
1155 1706 1270 1763 videtur
1296 1705 1440 1776 quomodo
1464 1708 1494 1762 in
1519 1707 1614 1763 blanco
1646 1706 1787 1764 mulieres
1812 1708 1852 1764 di·

1006 1802 1115 1850 cuntur
1130 1795 1239 1850 nemini
1260 1808 1319 1864 pras
1351 1794 1453 1852 timore
1476 1795 1717 1853 resurrectionem
1741 1796 1851 1853 Domini

1006 1881 1167 1949 nuntiasse,
1192 1898 1259 1939 cnm
1279 1883 1372 1939 crateri
1395 1884 1578 1954 evangelistae
1601 1893 1771 1942 asserente
1791 1900 1852 1943 oon·

1006 1971 1121 2028 trurioi
1136 1971 1267 2043 Denique
1281 1973 1405 2028 loannes
1418 1973 1539 2029 blaviam
1564 1973 1780 2043 blagdalenam,
1795 1989 1849 2032 non

1005 2058 1135 2130 aliquam
1152 2074 1275 2128 cumea,
1303 2061 1390 2116 relert
1419 2068 1576 2132 antequam
1602 2063 1700 2118 lesum
1729 2062 1847 2130 videret,

1004 2149 1154 2206 nuntiasse
1181 2151 1262 2206 Petro
1282 2165 1297 2205 e
1314 2149 1418 2206 loanni
1438 2149 1550 2206 eumde
1570 2158 1760 2207 monumento
1782 2151 1850 2209 sub·

1004 2236 1106 2306 latum,
1124 2246 1151 2295 et
1169 2253 1217 2295 eos
1249 2238 1347 2295 statim
1370 2239 1438 2294 illnc
1452 2239 1626 2295 cucurrisse.
1666 2240 1762 2297 Lucas
1784 2255 1849 2297 vero

1004 2327 1090 2383 relert
1111 2328 1241 2384 eamdem
1257 2328 1379 2385 blariam
1406 2335 1433 2384 et
1457 2327 1528 2383 alias
1555 2342 1670 2385 cumea
1698 2328 1799 2399 plures
1814 2330 1846 2387 le·

1003 2414 1106 2482 minas,
1123 2424 1276 2486 postquam
1291 2415 1454 2474 didicerunt
1469 2415 1625 2476 Dominum
1645 2419 1847 2485 resurrexisse,

1004 2503 1057 2559 boc
1072 2502 1219 2574 discipulis
1243 2503 1401 2572 nuntiasse,
1415 2511 1443 2560 ιι
1470 2511 1540 2560 tunc
1565 2506 1680 2562 Petrum
1695 2506 1733 2562 ad
1748 2521 1847 2564 monu-

1003 2600 1134 2649 mentum
1160 2593 1334 2649 cucurrisse.

1281 2696 1394 2739 sonurro
1406 2695 1564 2740 naamani.

1040 2771 1123 2828 Solus
1146 2770 1264 2842 quidem
1285 2772 1409 2827 loannes
1432 2772 1467 2828 de
1503 2772 1591 2828 illaria
1619 2772 1798 2845 dlagdalene,
1823 2782 1849 2832 ιι

101 2877 168 2936 quoe
190 2864 268 2920 venit
294 2876 390 2928 ruane,
415 2877 481 2919 curu
507 2861 605 2918 adbuc
633 2860 757 2917 tenebrae
785 2866 889 2926 essent,
913 2857 949 2913 ad
1003 2874 1060 2916 uon
1098 2861 1207 2916 canteris
1231 2859 1402 2916 mulieribus
1436 2861 1466 2916 in
1501 2862 1712 2918 resurrectione
1735 2863 1847 2920 Domini

100 2959 333 3019 monumentum,
349 2960 376 3007 et
391 2950 464 3007 vidit
485 2948 608 3020 lapidem
632 2948 780 3005 sublatum
802 2961 819 3003 a
846 2960 946 3002 monn-

1003 2956 1208 3006 commemorat
1223 2963 1281 3007 non
1297 2949 1373 3020 qnod
1390 2964 1423 3006 ca
1447 2950 1508 3007 sola
1522 2950 1578 3018 bis,
1593 2964 1659 3021 qnae
1682 2958 1752 3008 tunc
1777 2952 1849 3010 lacta

101 3050 212 3111 ment03
239 3048 391 3111 postquam
420 3038 474 3094 boc
498 3037 644 3093 nuntiavit
668 3036 750 3092 Petro
774 3043 801 3091 et
833 3034 946 3103 loanni,
1003 3037 1232 3107 sunt,adluerit,
1261 3039 1308 3095 sed
1335 3039 1412 3110 quod
1441 3039 1507 3110 cius
1532 3040 1713 3097 devotionem
1739 3042 1849 3100 cereris

101 3129 183 3201 etilli
194 3134 388 3184 cucurrerunt
402 3126 439 3182 ad
454 3133 687 3192 monumentum,
702 3132 729 3181 ct
744 3123 810 3180 inde
840 3124 948 3180 reversi
1004 3131 1142 3200 majorem
1166 3127 1326 3198 plurimum
1348 3129 1407 3198 ipse
1434 3130 1660 3199 commendaret,
1682 3132 1771 3202 cujus
1786 3132 1846 3189 bor·

101 3223 180 3281 sunt,
193 3214 262 3269 vidit
272 3213 345 3269 duos
355 3212 483 3284 angelos,
500 3211 640 3269 etdeinde
654 3212 750 3268 lesum
765 3225 852 3281 quem
866 3220 945 3281 pnta·
1003 3223 1066 3272 tatu
1080 3222 1107 3271 et
1134 3215 1265 3286 exemplo
1290 3222 1399 3272 caetere
1421 3216 1534 3273 lemine
1550 3217 1740 3276 incitarentur
1756 3222 1846 3277 maxi·

101 3304 143 3359 vit
159 3302 346 3359 hortulanum
367 3302 463 3372 (More.
476 3315 525 3364 xv,
542 3305 552 3355 ι
571 3307 599 3355 ιι
613 3313 692 3370 seq.;
707 3303 809 3368 loom,
827 3310 876 3362 xx,
893 3302 903 3352 l
921 3305 948 3355 ot
1001 3318 1057 3360 me.
1078 3302 1157 3360 Sicut
1174 3317 1243 3375 ergo
1264 3305 1373 3360 caeteris
1394 3304 1423 3359 in
1442 3304 1595 3362 dilectione
1612 3306 1771 3364 ferventior
1789 3315 1848 3365 erat

99 3392 185 3463 seq).
202 3391 237 3447 Et
252 3391 313 3446 baec
331 3390 473 3461 apparitio
498 3389 593 3459 prima
613 3389 653 3444 illi
677 3388 848 3445 solidioitur
861 3388 945 3444 iacta.
1000 3392 1078 3450 etde
1109 3392 1215 3463 gaudio
1234 3392 1453 3448 resurrectionis
1486 3394 1579 3465 magis
1606 3395 1738 3463 sollicita,
1773 3399 1848 3454 venit

100 3479 254 3539 Matthaeus
276 3478 440 3536 verorelert
463 3492 526 3534 eam
542 3491 608 3533 cum
623 3477 713 3533 altera
728 3477 820 3532 blaria
834 3476 947 3534 venisse
1001 3478 1081 3552 prior
1094 3485 1121 3535 et
1143 3478 1297 3550 intrepida,
1313 3495 1380 3536 cunr
1400 3480 1496 3536 adbuc
1515 3494 1573 3556 nox
1587 3490 1670 3550 esset,
1687 3483 1723 3538 ad
1744 3498 1844 3540 mouu-

99 3571 136 3625 ιιι
164 3567 341 3638 sepulcrum,
370 3574 397 3623 et
417 3574 487 3623 tunc
515 3573 680 3623 terraemotu
707 3564 780 3621 lacto
809 3565 947 3636 angelum
1000 3574 1148 3623 mentum:
1172 3577 1200 3624 ιι
1220 3582 1335 3624 reversa
1356 3574 1398 3624 est
1418 3569 1522 3626 iterum
1545 3570 1580 3626 ad
1605 3584 1673 3626 suos
1693 3573 1847 3641 quaerendo

100 3657 289 3724 descendisse,
326 3664 353 3713 et
393 3655 516 3725 lapidem
542 3655 708 3721 revolvisse,
743 3660 770 3709 et
798 3653 947 3710 nuntiasse
1000 3655 1125 3711 studiose
1145 3655 1249 3727 siquis
1268 3657 1365 3713 adbuc
1384 3658 1642 3715 deresnrrectione
1662 3660 1844 3717 Dominiocr·

83 3743 252 3804 'Dominum
266 3745 469 3812 resurrexisse,
483 3744 577 3800 etillis
591 3743 706 3799 duabus
727 3743 824 3798 Jcsnrn
846 3757 944 3799 occur·
1000 3743 1126 3799 tilicatns
1153 3751 1235 3799 osset.
1261 3743 1343 3811 Quod
1367 3760 1434 3800 curu
1457 3745 1577 3801 minime
1602 3756 1767 3818 reperisset,
1798 3750 1844 3806 ite·

98 3836 188 3894 risse:
216 3837 300 3907 cujus
337 3835 421 3905 pedes
447 3840 603 3890 tennerunt
629 3831 849 3903 (Mattioxxvrr,
877 3833 886 3884 ι
918 3837 946 3886 ιι
999 3831 1117 3886 rumad
1136 3839 1372 3900 monumentum,
1398 3833 1614 3903 ortojamsole,
1637 3837 1847 3894 rumaliisvc·

97 3924 183 3995 seq).
214 3925 328 3981 Marcus
351 3936 418 3979 vero
442 3923 528 3978 relert
550 3921 629 3992 quod
658 3920 750 3979 diaria
781 3917 946 3990 Magdalcne
1000 3918 1052 3985 nit,
1074 3925 1101 3974 et
1128 3927 1198 3975 tunc
1219 3919 1363 3976 revolutio
1392 3920 1497 3990 lapidis
1519 3921 1594 3978 lacta
1628 3931 1680 3990 est,
1711 3926 1846 3994 quamvis

96 4021 125 4070 ct
144 4012 236 4070 llaria
250 4011 357 4078 iacobi,
374 4018 401 4067 et
414 4009 526 4067 Salome
550 4010 633 4066 valde
646 4023 731 4066 mane
749 4015 894 4064 venerunt
909 4007 944 4063 ad
999 4008 1122 4063 loannes
1137 4008 1211 4062 banc
1233 4007 1438 4066 revolutionem
1459 4010 1544 4080 quasi
1569 4011 1649 4080 prius
1670 4012 1777 4069 iactam
1797 4028 1847 4084 per

96 4109 329 4167 monumentum,
359 4108 421 4156 orto
432 4101 493 4171 jam
515 4099 584 4167 sole,
605 4100 809 4170 conquirentes
821 4097 855 4154 ad
871 4097 942 4152 invi·
999 4095 1235 4165 anticipationem
1269 4097 1382 4154 dicata
1406 4099 1493 4155 llario
1520 4099 1612 4155 visam
1638 4100 1736 4157 inisse.
1765 4102 1846 4159 Prior

97 4205 170 4258 cem,
193 4190 260 4261 quis
282 4188 448 4271 revolveret
472 4188 513 4244 cis
537 4189 659 4259 lapidem
682 4188 718 4244 ab
743 4187 814 4244 ostio
839 4200 942 4244 monn·
961 4195 981 4252 [ι
998 4199 1069 4254 ergo
1085 4183 1175 4240 liaria
1202 4198 1292 4255 qnam
1315 4196 1433 4254 caeterae,
1464 4186 1573 4257 quibus
1600 4189 1750 4246 sollicitior
1772 4199 1843 4258 erat,

96 4278 204 4337 menti:
233 4278 321 4346 Quem
338 4293 404 4335 cum
420 4277 602 4348 respicientes
618 4278 754 4333 viderunt
768 4276 941 4344 revolutum,
999 4273 1121 4344 lapidem
1137 4276 1302 4331 revolutum
1317 4276 1463 4345 comperit,
1480 4275 1668 4333 etsnblatum
1688 4278 1845 4336 Dominum

96 4377 124 4428 ιι
140 4383 191 4441 per
211 4369 348 4441 angelum
363 4368 406 4424 eis
434 4367 610 4438 loquentem,
636 4373 664 4422 et
695 4377 744 4435 per
777 4364 942 4434 sepulcrum
997 4363 1126 4430 credens,
1152 4362 1255 4419 lostina
1279 4362 1372 4432 rediit,
1399 4370 1427 4420 et
1463 4364 1620 4422 bocPctro
1645 4367 1795 4425 nuntiavit
1818 4375 1845 4425 et

95 4472 224 4515 vacuum
251 4457 452 4529 cognovissent
469 4455 624 4511 Dominum
655 4454 867 4510 resurrexisse:
892 4466 940 4508 ex·
996 4451 1110 4507 ioanni.
1136 4451 1243 4507 Deinde
1267 4465 1383 4508 reversa
1406 4467 1472 4508 cum
1496 4453 1553 4509 illis
1574 4455 1843 4514 admonumcutum

94 4557 197 4606 cuntes
211 4549 245 4604 de
264 4553 451 4603 monumento
472 4544 610 4617 ingerunt
633 4543 809 4626 trenrelacue
833 4541 942 4598 nemini

94 4637 258 4710 quidquam
278 4635 313 4692 de
337 4635 390 4691 boc
414 4633 590 4705 praetimore
609 4633 735 4689 dieentes
767 4634 863 4703 (blatra
880 4645 940 4702 nvi,

96 4730 152 4784 let
178 4725 261 4797 seq).
280 4725 334 4783 Ubi
351 4734 378 4781 et
393 4724 490 4781 statim
512 4721 691 4779 annectitur:
715 4722 837 4790 Serpens
851 4729 941 4777 cutem

93 4808 170 4865 Jestts
199 4822 279 4862 mune
298 4809 391 4876 prima
422 4803 547 4870 subbati,
575 4802 708 4873 apparuit
727 4803 816 4872 primo
844 4802 941 4857 bluriae

92 4896 273 4966 bopdatccae.
291 4895 345 4951 ltta
358 4893 460 4950 uadetis
485 4893 625 4948 nuntiavit
643 4890 685 4946 bis
701 4893 749 4963 qui
763 4907 823 4946 cnm
837 4907 866 4947 oo
877 4894 939 4961 sue·

91 4992 167 5055 roni,
183 4993 209 5042 et
225 5002 279 5041 noo
293 4983 468 5040 crediderunt
489 4982 569 5055 (ibid.
586 4982 630 5037 D·l
640 4981 672 5054 l).

128 5075 222 5132 Lucas
247 5084 344 5132 autern
368 5074 453 5131 relert
478 5073 555 5145 qnod
582 5071 672 5129 blavia
708 5071 889 5144 blogdolenc,
910 5079 937 5129 ot

91 5165 215 5230 Joauna,
234 5172 262 5220 et
287 5163 378 5220 blaria
405 5162 515 5233 iacobi,
544 5170 571 5219 et
602 5175 669 5232 quae
686 5176 752 5219 eum
778 5165 819 5219 eis
844 5169 935 5231 erant,

91 5253 176 5313 valdo
188 5251 317 5310 diluculo
344 5262 489 5310 venerunt
504 5252 540 5309 ad
556 5259 785 5317 monumentum.
800 5259 828 5308 et
842 5250 934 5309 inve·-

127 5431 183 5503 (87)
200 5425 303 5486 Patrol.
318 5432 388 5486 tom.
404 5430 516 5499 xxxv,
532 5429 585 5489 col.
604 5431 686 5486 albi.

997 4547 1060 4610 post
1072 4540 1229 4596 discessum
1241 4553 1341 4596 corum
1352 4555 1369 4596 a
1380 4553 1576 4612 monumento,
1590 4544 1683 4601 stabat
1694 4545 1730 4601 ad
1746 4546 1843 4617 ipsum

995 4637 1217 4685 monumentum
1241 4629 1311 4685 loris
1326 4630 1452 4700 plorans,
1476 4633 1594 4701 caeteris,
1621 4647 1688 4705 quae
1712 4635 1841 4704 aderant,

994 4717 1105 4774 nonsic
1119 4718 1253 4776 accedere
1272 4719 1463 4776 audentibus:
1484 4730 1552 4779 tnnc
1574 4723 1703 4795 angelos,
1733 4739 1770 4781 ac
1796 4726 1838 4782 de·

994 4805 1061 4863 inde
1079 4807 1236 4863 Dominum
1262 4808 1357 4878 prima
1381 4810 1480 4868 videre
1509 4812 1681 4877 meruitne
1706 4814 1840 4887 deinceps

995 4896 1085 4953 altera
1101 4896 1192 4953 bieria
1218 4911 1284 4968 qnae
1301 4901 1389 4970 juxta
1404 4900 1578 4971 ldattboeum,
1596 4917 1662 4959 cum
1674 4917 1708 4960 ca
1723 4912 1840 4964 venerat

918 5001 932 5020 ·
993 4986 1085 5057 prius,
1111 4985 1260 5054 accedens,
1287 4995 1315 5044 et
1335 4996 1465 5044 metuens
1495 4991 1593 5047 adbuc
1614 4993 1756 5061 custodes,
1788 4996 1837 5066 qni

993 5075 1124 5141 aderant,
1146 5074 1297 5132 consolatae
1321 5084 1389 5132 sunt
1413 5077 1514 5144 ambe,
1542 5094 1610 5135 cnm
1629 5079 1666 5136 ad
1691 5088 1835 5139 terr-emo·

993 5170 1065 5231 tnrn,
1086 5165 1163 5220 etad
1182 5164 1392 5236 apparitionem
1414 5166 1512 5238 angeli
1539 5168 1663 5225 sedentis
1684 5185 1774 5242 super
1797 5171 1834 5228 la-

991 5249 1093 5320 pidem,
1113 5265 1200 5322 quem
1227 5253 1397 5323 revolverat,
1419 5255 1548 5313 exterriti
1579 5265 1646 5315 sunt
1659 5261 1793 5318 custodes
1810 5266 1837 5318 ct
