3804 5962
92 138 146 194 ici
374 135 481 194 ruini
500 136 693 194 summunt
712 137 788 194 OPP.
810 137 900 194 entis
917 139 952 195 ii.
972 165 1008 183 -
1027 137 1213 197 SERMONES
1232 137 1278 195 ΕΤ
1295 135 1417 194 OPUSG.
1438 135 1560 194 asciti.
1792 138 1847 195 ios

94 258 256 319 ciliciorum
279 259 398 333 gradus,
421 260 458 317 ab
477 259 593 317 ostiario
614 260 730 327 scilicet,
751 259 796 318 vei
811 260 849 317 ab
872 262 935 333 ipsa
950 263 975 317 h
989 274 1048 319 non
1063 262 1157 320 solum
1172 259 1278 327 verbis,
1294 260 1499 319 verumetiam
1521 260 1609 319 rebus
1631 262 1700 334 ipsis
1722 263 1848 335 conjun-

92 350 181 406 ctiam
201 348 354 406 clericatus
376 357 497 407 tonsura
516 362 611 419 usque
639 348 674 404 ad
693 349 869 420 episcopum,
892 366 945 407 nec
999 358 1045 408 cta
1060 351 1206 408 videntur.

96 450 155 495 non
178 445 206 494 et
241 437 424 495 sacerdotalis
453 437 498 494 vei
521 435 701 494 ecclesiastici
738 438 835 496 cuitus
862 453 946 495 orna·
1034 440 1198 496 Notandum
1214 453 1281 497 vero
1296 438 1451 511 quodsoiis
1465 438 1625 498 infantibus
1640 440 1849 498 circumciden-

97 533 195 584 menta
213 540 250 583 ex
266 525 387 598 antiqua
402 527 561 583 retinemus
574 535 602 583 et
625 527 831 584 confirmamus
849 536 946 585 aricio
1000 527 1044 585 dis
1063 537 1174 586 certum
1196 527 1371 599 praelinitum
1391 536 1516 599 tempus,
1538 530 1566 586 id
1587 537 1629 586 est
1657 540 1760 587 octava
1775 531 1846 598 dies,

97 615 197 683 ritate3
222 615 313 672 veluti
337 615 521 682 candelabra,
546 628 676 682 coronas,
696 625 723 672 ct
753 617 836 687 vela3
860 618 946 674 eccle·
1000 618 1070 690 quia
1092 632 1140 675 eus
1161 618 1245 685 solos,
1265 618 1316 688 qui
1345 617 1512 674 innocenter
1537 619 1652 685 vivunt,
1669 619 1750 689 qripsi
1769 618 1848 671 modo

96 706 207 763 siarum
226 719 344 776 quoque
357 703 558 772 dedicationes,
582 704 628 760 vei
643 705 779 761 altarium
794 720 946 762 consecra·
999 710 1087 775 geniti
1110 709 1241 774 infantes,
1269 706 1459 775 rationabiles,
1488 710 1546 762 sine
1574 707 1635 763 doto
1661 709 1683 776 (i
1713 709 1784 762 Petr.
1815 722 1844 771 n,

96 795 197 862 tiones,
214 793 244 849 iu
263 801 376 851 tautum
398 807 435 849 ex
457 793 632 864 antiquitate
648 794 839 864 suscepimus
864 796 946 852 utin
1000 799 1037 866 2),
1062 806 1172 853 cerium
1194 805 1236 853 est
1259 796 1295 852 ad
1319 797 1397 853 iilius
1418 811 1493 853 verre
1515 804 1623 853 octarae
1647 797 1754 868 gaudia
1781 809 1848 864 per-

100 882 147 940 bis
161 882 333 954 peragendis
353 881 427 939 nihil
443 881 501 938 iere
523 882 579 938 nisi
601 883 636 938 de
655 882 748 939 Veteri
769 884 947 940 Testamento
1000 885 1111 952 venire,
1125 885 1175 942 ubl
1198 893 1255 941 tam
1281 884 1445 942 animarum
1462 898 1550 956 quam
1573 898 1726 957 corporum
1748 898 1847 940 veram

99 979 234 1029 cantetur
248 972 293 1028 vel
316 971 470 1028 recitetur:
488 971 538 1028 ubi
562 979 590 1027 et
609 971 644 1027 ad
667 974 795 1043 antiquae
810 974 948 1043 aspersio·
1001 987 1036 1031 ac
1054 974 1206 1042 perlectam
1231 973 1479 1030 circumcisionem
1502 974 1696 1044 assequimur,
1720 982 1845 1028 veterem

101 1061 148 1116 nis
177 1059 342 1132 exemplum
379 1059 538 1130 hyssopum
565 1067 592 1115 et
618 1058 743 1116 cinerem
765 1060 946 1116 adhibemus.
1004 1065 1118 1134 penitus
1133 1062 1278 1118 bominem
1298 1068 1355 1118 tam
1378 1077 1428 1132 per
1444 1062 1559 1132 culpam
1574 1062 1680 1119 scilicet
1694 1076 1781 1133 quam
1799 1075 1849 1131 per

100 1146 171 1216 Quis
184 1147 269 1205 etiam
289 1148 361 1205 illud
382 1147 561 1219 intelligens:
579 1149 619 1202 Ta
639 1162 666 1203 es
684 1149 809 1204 sacerdos
826 1152 857 1203 iu
875 1152 950 1203 aeter·
1003 1165 1117 1223 poenam
1146 1159 1294 1219 exuentes,
1318 1151 1366 1207 ubi
1396 1165 1478 1207 urens
1498 1152 1614 1207 omnino
1637 1152 1672 1207 sit
1701 1151 1801 1217 libera,
1820 1157 1849 1206 et

99 1235 166 1291 nem
180 1236 330 1292 seeundum
349 1236 471 1292 cederem
500 1233 699 1292 Melchisedech
724 1239 807 1307 (Psoi.
823 1252 881 1300 eii.
908 1234 947 1308 4),
1003 1255 1105 1300 carna
1127 1242 1313 1311 corruptione
1336 1240 1380 1296 vei
1403 1239 1590 1311 passibilitate
1613 1241 1721 1311 pariter
1743 1239 1848 1295 aliena.

100 1324 212 1399 ignoret
233 1327 323 1383 nostri
347 1325 479 1383 sacrificii
508 1325 629 1383 turmam
654 1326 744 1398 legem
771 1326 856 1382 etiam
878 1340 950 1396 prae·
1003 1332 1105 1388 Tutum
1121 1333 1228 1401 quippe
1244 1337 1357 1400 tempus
1373 1330 1440 1385 vitae
1464 1330 1609 1399 presentis
1624 1338 1730 1399 septem
1747 1329 1850 1384 diebus

101 1415 229 1482 cessisse,
252 1423 279 1473 et
307 1416 373 1471 inde
399 1415 540 1486 originem
568 1429 619 1472 seu
646 1414 844 1472 testimonium
868 1429 949 1472 arce·
1003 1420 1266 1490 comprehendirur.
1282 1418 1363 1495 Unde
1384 1418 1483 1473 merito
1501 1432 1601 1488 perpes
1620 1418 1668 1473 iiia
1683 1426 1849 1473 sanctorum

101 1503 241 1576 pisso‘iin
263 1519 323 1576 quo
346 1503 462 1576 quidem
486 1518 538 1560 nos
554 1503 653 1561 Latino
679 1518 778 1574 azymo
792 1515 947 1575 vescentes,
1004 1508 1131 1577 claritas,
1156 1520 1222 1578 quse
1244 1515 1309 1580 post
1330 1508 1525 1577 septenarium
1552 1508 1640 1577 hujus
1668 1507 1734 1562 vitm
1754 1506 1850 1576 sequi-

102 1591 232 1664 aliquam
246 1593 331 1649 eiiam
350 1593 489 1650 devetari
511 1593 620 1650 Pascha
639 1591 796 1650 retinemus
811 1593 948 1666 figuram,
1006 1606 1063 1665 tur,
1083 1605 1184 1654 octava
1200 1595 1389 1651 nominatur:
1410 1595 1496 1666 juxta
1511 1595 1587 1666 quod
1604 1594 1705 1665 psalmi
1722 1595 1773 1665 qui
1785 1609 1851 1665 spe·

98 1681 188 1752 juxta
217 1680 288 1739 iliud
309 1681 458 1753 Apostoli:
489 1683 587 1752 itaque
611 1684 750 1753 epulemur
776 1699 829 1739 aon
854 1687 951 1752 ioier-
1004 1686 1115 1743 ciaiiter
1136 1685 1171 1740 ad
1196 1686 1434 1740 resurrectionem
1459 1683 1601 1753 pertinere
1623 1683 1771 1750 videntur,
1788 1685 1853 1740 inti-

103 1775 191 1827 mento
218 1773 314 1839 ceteri,
339 1771 387 1826 sed
408 1774 438 1826 io
460 1774 564 1840 cremis
588 1774 755 1829 sinceritatis
779 1773 800 1842 (i
829 1774 889 1831 Cor.
920 1788 949 1841 v,

104 1858 142 1933 8).
170 1860 265 1932 lpsam
305 1859 430 1931 deniquo
464 1859 617 1918 misturam
648 1861 716 1919 salis
742 1870 770 1919 et
804 1875 888 1933 aque
908 1860 951 1916 -in

104 1951 300 2019 aspersionem
322 1948 450 2005 hdelium
477 1949 675 2020 quotidianam
699 1950 832 2021 exemplo
864 1949 951 2006 Elisei

103 2037 284 2106 conficimus,
305 2038 380 2096 sicut
400 2045 428 2095 et
447 2039 507 2108 ipsa
524 2037 730 2096 benedictionis
744 2039 833 2096 verba
849 2046 952 2095 testan-

106 2134 165 2185 tur.

141 2215 213 2272 Cum
230 2215 320 2288 igitur
343 2215 443 2288 aliqua
457 2229 493 2273 ex
507 2215 681 2287 antiquitate
698 2216 884 2286 retineamus,
901 2215 953 2272 ali·

106 2317 166 2375 qua
180 2316 363 2374 respuamus,
380 2318 474 2361 causae
496 2304 541 2360 vei
557 2305 785 2375 opportunitates
799 2306 953 2375 pensanda

106 2398 176 2449 sunt
197 2390 227 2447 in
242 2390 375 2463 singuiis.
398 2391 478 2459 Quod
501 2392 622 2463 quidam
646 2391 744 2449 minus
766 2395 952 2461 attendentes,

106 2479 174 2537 iudo
202 2480 299 2536 omnia
324 2479 385 2550 jam
409 2481 571 2550 respuenda
592 2480 735 2552 judicant,
759 2482 830 2553 quia
854 2483 954 2554 ligurio

108 2564 226 2624 suerunt
251 2568 412 2624 subsecuta
439 2567 576 2637 veritatis,
605 2577 634 2626 et
658 2582 708 2640 per
724 2570 868 2627 Christum
893 2572 954 2643 jam

107 2657 266 2727 compieta.
292 2657 374 2715 Unde
393 2658 495 2714 merito
520 2657 569 2713 iiia
593 2657 653 2729 jam
674 2662 792 2717 omniuo
807 2663 954 2733 supertlua

108 2755 235 2814 censent,
251 2747 302 2804 ubi
327 2761 415 2818 quam
435 2748 663 2818 preeiigurabant
686 2750 792 2806 veritas
815 2752 955 2822 compieta

1004 1775 1091 1832 tutari
1115 1787 1165 1844 pro
1187 1780 1289 1829 octava
1312 1773 1459 1829 dicuutur.
1483 1772 1617 1844 Legimus
1636 1785 1653 1828 a
1677 1773 1761 1829 Josue
1781 1773 1852 1828 tilios

1005 1861 1094 1919 lsrael
1111 1859 1212 1917 cultris
1228 1860 1347 1930 petrinis
1375 1861 1501 1917 secundo
1522 1862 1707 1916 circumcisos
1725 1875 1785 1917 esse
1800 1862 1854 1930 (Je-

1005 1968 1062 2018 sue,
1079 1952 1119 2019 v),
1144 1964 1209 2006 cum
1241 1955 1302 2019 post
1321 1951 1475 2005 transitum
1496 1949 1629 2005 iordanis
1645 1950 1705 2019 jam
1724 1949 1753 2005 in
1778 1958 1853 2005 terra

1005 2039 1202 2112 promissionis
1227 2046 1322 2094 esseut
1349 2037 1515 2094 introducti.
1539 2039 1665 2108 Populus
1688 2040 1797 2109 quippe
1820 2041 1853 2094 de

1006 2130 1127 2201 AEgypto
1150 2140 1292 2199 egressus,
1322 2126 1400 2183 etin
1433 2141 1529 2183 ereum
1550 2127 1713 2193 deiuncius,
1728 2126 1803 2183 filios
1825 2128 1854 2183 in

1007 2219 1117 2274 deserto
1136 2224 1220 2273 natos
1249 2216 1464 2273 incircumcisos
1488 2216 1655 2287 reliquerat.
1678 2218 1754 2282 Quos
1782 2224 1856 2287 post-

1007 2307 1125 2363 modum
1147 2306 1230 2362 Josue
1257 2303 1475 2371 circumcidens,
1494 2307 1620 2361 secundo
1643 2306 1856 2361 circumcidisse

1008 2394 1081 2452 iiiios
1107 2394 1192 2451 israel
1218 2396 1334 2464 dicitur,
1360 2409 1416 2451 uon
1436 2394 1563 2464 quidem,
1587 2395 1673 2464 juxta
1695 2394 1854 2460 historiam,

1007 2483 1039 2543 in
1067 2483 1172 2541 eisdem
1206 2484 1335 2554 personis
1360 2483 1576 2540 convenientius
1599 2482 1727 2553 accipere
1757 2496 1855 2552 possu-

1010 2587 1084 2630 mus.
1107 2574 1188 2629 Multi
1204 2573 1311 2644 quippe
1329 2573 1376 2627 alii
1394 2573 1421 2627 in
1438 2572 1544 2642 populo
1557 2572 1726 2628 Judaeorum
1750 2572 1857 2627 multus

1009 2662 1265 2728 circumciderunt,
1293 2671 1321 2718 et
1349 2675 1432 2717 uenio
1459 2669 1562 2730 piaelcr
1589 2661 1674 2716 losue
1700 2661 1855 2716 secundam

1012 2745 1259 2803 circumcisionum
1286 2745 1391 2802 dicitur
1415 2745 1566 2816 peregisse.
1597 2745 1731 2816 Legimus
1762 2745 1857 2800 Abra·

108 2844 162 2904 est,
176 2850 212 2894 ne
227 2836 299 2894 torte
313 2835 337 2894 si
349 2836 445 2893 adhuc
464 2850 530 2893 cum
548 2836 608 2907 ipsa
623 2837 744 2894 veritate
763 2839 957 2898 retinerentur
973 2838 994 2895 G
1010 2835 1077 2893 ham
1101 2836 1223 2904 priorem
1247 2834 1413 2891 circumcidi
1443 2833 1488 2889 vel
1518 2834 1742 2899 circumcidisse,
1766 2835 1857 2903 primo

109 2924 222 2999 ligure,
238 2939 304 2999 quae
322 2926 412 2997 ipsam
428 2923 653 2995 presignarunt
668 2925 764 2981 adhuc
778 2935 958 2997 exspectare·
1011 2923 1128 2995 quidem
1148 2923 1295 2979 ismaelem
1319 2931 1346 2978 et
1373 2921 1546 2979 vernaculos
1572 2936 1648 2991 suos,
1674 2929 1771 2991 postea
1789 2935 1858 2978 vero

110 3023 160 3073 tur
181 3014 315 3072 luturum
334 3012 412 3085 quod
432 3014 493 3085 jam
521 3021 563 3069 est
590 3012 773 3083 completum.
802 3015 855 3071 Sed
871 3017 957 3085 juxta
1011 3012 1092 3068 Isaac
1115 3012 1218 3080 (lienes.
1241 3027 1312 3079 xvu,
1331 3013 1377 3080 tc,
1406 3025 1468 3077 xxi,
1491 3011 1529 3082 i),
1556 3010 1713 3081 Sephoram
1740 3024 1859 3082 quoque

19 3166 21 3170 ,
110 3104 187 3162 hanc
214 3103 338 3174 proiecto
361 3101 512 3168 rationem,
546 3114 630 3158 omne
657 3101 698 3157 rei
728 3102 833 3160 iuturae
858 3118 958 3161 sacra·
1011 3113 1133 3157 uxorem
1155 3100 1242 3169 bioysi
1262 3113 1329 3155 cum
1349 3098 1513 3155 acutissima
1531 3105 1612 3169 petra
1633 3098 1862 3155 iiliumcircum·

110 3200 242 3263 msutqm
256 3191 301 3248 vel
325 3190 450 3263 figuram
473 3191 621 3263 mysticam
643 3203 759 3247 manere
775 3205 833 3247 nun
855 3207 959 3250 conve·
1011 3188 1105 3247 cidere
1120 3189 1258 3246 Dominus
1273 3187 1366 3260 coegit
1380 3188 1478 3259 (deod.
1493 3190 1601 3257 imai).

112 3282 166 3348 uit,
190 3287 343 3353 postquam
371 3293 417 3336 res
431 3279 495 3350 eius
510 3278 649 3348 compieta
671 3287 724 3335 est.
749 3280 830 3338 Unde
847 3289 875 3338 et
896 3296 960 3338 con·
1047 3277 1133 3335 Nulla
1149 3286 1243 3334 mmen
1266 3279 1370 3335 hurum
1387 3277 1637 3334 circumcisionum
1658 3277 1786 3334 secunda
1801 3277 1861 3334 sive

109 3368 237 3440 jugium,
263 3367 341 3439 quod
366 3365 470 3424 Christi
503 3374 531 3422 et
560 3366 693 3424 Ecclesiae
720 3371 959 3427 continetsacra·
1012 3368 1107 3438 prima
1122 3367 1198 3424 dicta
1217 3375 1267 3435 est,
1295 3368 1340 3424 vei
1367 3381 1403 3424 ex
1428 3367 1530 3423 ordine
1550 3366 1695 3432 distincta,
1717 3366 1772 3422 nisi
1795 3380 1860 3438 quae

112 3461 253 3526 ruentum,
267 3456 312 3512 vel
328 3455 417 3527 ipsam
429 3470 531 3527 regum
545 3463 572 3512 et
586 3457 767 3514 sacerdotum
784 3460 957 3529 unctionem,
1013 3468 1030 3513 a
1048 3457 1133 3514 iusue
1151 3466 1328 3513 memoratur
1352 3456 1435 3512 iacta.
1464 3455 1543 3514 Unde
1559 3455 1647 3527 igitur
1664 3456 1715 3511 iste
1731 3455 1810 3512 solus
1822 3470 1863 3513 se·

113 3560 180 3603 cum
197 3545 252 3610 bis.
269 3559 335 3616 quac
358 3544 543 3615 praediximus
559 3559 575 3601 a
600 3545 683 3602 nobis
701 3547 829 3616 retineri,
854 3550 959 3605 cessari
1013 3544 1108 3603 cundo
1132 3545 1346 3602 circumcidisse
1366 3545 1490 3609 dicatur,
1507 3544 1550 3599 vel
1567 3545 1652 3614 cujus
1667 3545 1766 3614 prime
1787 3559 1862 3601 com-

111 3635 172 3709 jam
194 3641 314 3706 oportet.
336 3634 371 3692 Ut
388 3634 448 3706 lam
475 3634 606 3692 videlicet
625 3649 677 3692 nec
701 3634 874 3694 sac'riiicium
898 3639 961 3695 blel-
1014 3634 1162 3705 paratione
1178 3634 1238 3690 haec
1253 3634 1380 3689 secunda
1400 3632 1583 3688 circumcisio
1601 3642 1730 3699 vocetur,
1748 3646 1805 3688 non
1823 3633 1862 3687 ia·

112 3722 263 3781 chisedech
279 3721 309 3777 in
329 3720 431 3792 liguris
445 3735 613 3791 sequamur,
629 3731 688 3795 inec
701 3725 805 3781 altaria
823 3725 960 3783 chrisma·
1014 3723 1067 3780 ciis
1092 3723 1165 3779 solvi
1180 3723 1275 3790 credo,
1292 3722 1345 3778 uisi
1362 3722 1397 3778 ad
1421 3720 1588 3790 allegoriam
1609 3720 1682 3792 stylo
1709 3735 1861 3777 converso.

113 3822 141 3872 ie
155 3824 366 3878 consecremus,
385 3825 439 3868 nes
456 3812 590 3868 ecclesias
617 3814 791 3883 dedicemus,
817 3831 868 3873 nec
894 3831 961 3874 cap·
1014 3811 1058 3868 Ad
1079 3826 1167 3883 quam
1199 3825 1252 3868 nos
1282 3812 1397 3882 quidem
1423 3809 1578 3880 Apostolus
1613 3809 1763 3865 invitans:
1787 3811 1862 3875 iiaee,

114 3901 232 3959 delabra
254 3901 284 3956 iu
310 3899 436 3957 ecclesiis
458 3899 616 3971 erigamus,
636 3909 664 3958 et
688 3911 790 3960 cetera
806 3919 872 3975 que
888 3906 961 3962 dixi·
1014 3899 1121 3972 inquit,
1145 3903 1235 3957 omnic
1257 3903 1287 3954 iri
1307 3899 1400 3972 tipirrc
1418 3898 1609 3964 contingebant
1626 3890 1682 3951 iilis
1706 3897 1728 3968 (i
1749 3899 1808 3954 Cor.
1828 3911 1861 3965 x,

113 4006 181 4048 mus
194 3991 310 4063 penitus
324 4002 534 4046 removeamus.
549 3989 628 4055 Quod
648 3992 718 4061 quia
733 4007 816 4049 nemo
832 3994 958 4052 fidetium
1017 3993 1072 4061 tl).
1095 3991 1226 4048 Secunda
1241 3998 1335 4046 auteur
1358 3987 1539 4045 circumcisio
1554 3987 1670 4054 dicitur,
1686 4001 1751 4041 cum
1778 3996 1863 4042 terrie

115 4081 159 4139 vel
182 4080 368 4136 discretorum
393 4079 543 4148 approbat,
571 4088 682 4137 constat
702 4081 815 4152 aliquas
837 4096 897 4140 esse
917 4099 960 4141 ra·
975 4123 998 4178 D
1016 4079 1213 4149 promissionis
1233 4078 1357 4134 liaeredes
1373 4076 1526 4144 elireiiuur,
1544 4076 1596 4131 hoc
1608 4084 1650 4132 est
1666 4089 1731 4132 cum
1752 4081 1860 4131 terram

112 4169 215 4238 tiones,
229 4181 283 4224 cur
296 4181 333 4223 ex
349 4166 443 4224 Veteri
459 4166 640 4224 Testamenio
655 4168 795 4225 nonnulla
817 4169 846 4226 in
861 4185 959 4229 rerum
1015 4167 1175 4225 viventium
1191 4167 1220 4223 in
1236 4167 1285 4222 itia
1309 4165 1392 4233 felici,
1409 4179 1497 4236 quam
1520 4164 1658 4230 diximus,
1674 4172 1776 4219 octava
1798 4177 1865 4218 con·

112 4257 202 4330 signis
225 4257 300 4313 sicut
326 4254 357 4311 in
373 4253 470 4310 verbis
498 4255 599 4310 omnia
630 4257 797 4315 retinemus.
820 4259 960 4327 Quamvis
1013 4256 1174 4328 sequimur.
1206 4255 1301 4311 Prima
1333 4267 1403 4310 vero
1426 4261 1467 4309 est
1494 4253 1685 4320 circumcisio,
1715 4265 1782 4321 que
1816 4251 1863 4306 bic

112 4346 190 4405 onim
206 4344 379 4416 prolationes
394 4343 553 4400 verborum
578 4344 758 4403 manifestius
781 4363 869 4420 quam
886 4350 959 4421 ligu-
1013 4354 1136 4404 mentem
1159 4352 1186 4402 et
1210 4357 1360 4401 carnema
1388 4341 1476 4408 vitiis,
1505 4342 1549 4398 rei
1569 4341 1737 4398 carnalibus
1765 4340 1862 4397 illece-

113 4450 153 4495 rec
167 4441 413 4494 sacramentorum
432 4432 627 4490 demonstrent
642 4435 670 4491 id
685 4436 762 4505 quod
784 4437 957 4510 significant,

112 4525 196 4584 nulla
217 4535 313 4582 tamen
337 4520 444 4578 veteris
471 4521 644 4580 Testamenti
668 4526 759 4582 verba
780 4526 956 4598 respuimus,

111 4613 208 4671 etiam
224 4624 290 4668 cum
311 4608 395 4665 aliter
417 4607 498 4681 ioqui
518 4609 654 4669 videntur
679 4628 767 4684 quam
790 4629 819 4671 se
836 4616 898 4687 jam
919 4622 958 4675 rei

112 4703 217 4761 veritas
241 4700 356 4767 habeat,
377 4696 466 4754 veluti
486 4713 552 4756 cum
572 4701 701 4759 dicitur:
721 4704 787 4758 Ecce
806 4707 884 4772 sirpo
903 4721 960 4760 con·

112 4794 195 4865 cipiet
213 4791 289 4865 (isai.
307 4804 358 4859 vu,
388 4787 440 4858 tt).
456 4787 529 4854 Quid
550 4789 590 4845 ita
605 4791 722 4860 mirum,
745 4806 811 4848 cum
831 4800 891 4850 taur
912 4807 957 4856 re,-

111 4881 168 4939 bus
183 4895 272 4953 qnam
290 4877 387 4936 verbis
403 4889 438 4932 ca
457 4889 524 4948 quae
538 4891 618 4936 nunc
634 4881 776 4952 compieta
790 4889 859 4939 sunt
873 4884 959 4940 vetus

110 4971 324 5028 Testamentum
339 4965 524 5037 prenuntiat,
539 4969 682 5027 nonnulla
695 4971 759 5041 ejus
777 4978 958 5028 sacramenta

112 5065 299 5131 postrenum
326 5056 413 5112 etiam
442 5054 659 5125 completionem
687 5059 889 5130 suscipiamus,
910 5073 958 5116 cu·

108 5149 160 5223 ius
205 5146 287 5204 nulia
321 5161 456 5221 respuere
493 5146 583 5205 verba
619 5148 841 5220 presuminiusi
865 5149 957 5207 Tanto

110 5235 218 5307 quippe
237 5237 330 5307 maior
347 5246 390 5295 est
406 5239 559 5297 concordia
588 5237 708 5317 Veteris
719 5245 748 5295 et
773 5237 845 5295 Novi
861 5237 957 5295 'resta-

111 5325 211 5393 menti‚
233 5330 261 5384 et
284 5324 339 5383 boc
360 5339 398 5383 ex
425 5327 474 5385 ilio
497 5327 591 5401 magis
623 5327 824 5396 confirmatur,
847 5335 957 5399 quanto

1014 4435 1082 4504 bris,
1100 4441 1242 4507 quantum
1269 4432 1352 4488 nobis
1375 4431 1473 4487 datum
1493 4439 1535 4486 est
1552 4430 1759 4495 abscindimus,
1776 4438 1809 4484 ut
1831 4429 1862 4484 il-

1012 4522 1071 4580 iam
1094 4537 1182 4595 quam
1203 4535 1291 4592 supra
1315 4520 1510 4586 meminimus,
1533 4533 1630 4577 veram
1658 4528 1686 4575 et
1717 4519 1859 4589 integram

1013 4612 1261 4671 circumcisionem
1294 4609 1350 4666 illic
1382 4622 1583 4679 assequamur,
1612 4621 1629 4662 a
1657 4621 1727 4663 vero
1753 4607 1860 4663 scilicet

1011 4704 1116 4769 iosus„
1130 4701 1159 4757 id
1185 4709 1227 4756 est
1245 4700 1311 4756 lesu
1335 4705 1443 4766 nostro,
1468 4697 1526 4754 imo
1546 4698 1674 4759 omnium
1700 4696 1859 4751 salvatore.

1013 4792 1066 4847 iiic
1094 4790 1202 4862 quippe
1231 4788 1276 4845 illc
1295 4790 1391 4845 iosue.
1416 4787 1466 4858 qui
1496 4786 1584 4857 bioysi
1605 4785 1751 4851 successit,
1782 4790 1809 4840 el
1831 4785 1860 4841 in

1012 4888 1118 4938 terram
1148 4877 1346 4950 promissionis
1371 4876 1543 4943 introduxit,
1572 4883 1630 4932 tam
1658 4874 1773 4930 nomine
1799 4874 1860 4945 ipso

1011 4983 1070 5041 quo
1090 4968 1176 5025 iosus
1195 4968 1311 5035 dicitur,
1324 4966 1353 5022 id
1368 4973 1409 5022 est
1422 4965 1513 5030 iesus,
1534 4978 1623 5036 quam
1640 4964 1780 5019 lectorum
1797 4976 1862 5018 suo

1011 5073 1076 5118 rum
1101 5058 1270 5116 excellentia
1288 5058 1449 5129 specialiter
1471 5055 1633 5125 exprimere
1656 5054 1775 5110 videtur.
1791 5052 1859 5121 Qui,

1011 5155 1044 5206 ut
1068 5148 1177 5206 dictum
1210 5155 1263 5215 ost,
1293 5147 1381 5218 bioysi
1407 5147 1572 5212 succedens,
1600 5152 1628 5201 et
1662 5143 1798 5214 populum
1824 5142 1860 5197 do

1010 5237 1134 5308 AEgypto
1162 5236 1321 5307 proiectum
1348 5235 1378 5291 in
1405 5242 1511 5291 terram
1544 5232 1741 5303 promissionis
1771 5231 1860 5286 intro-

1011 5325 1129 5394 ducens,
1163 5325 1240 5398 quod
1280 5325 1326 5382 ille
1365 5322 1487 5395 {inrepit
1526 5321 1748 5386 consummavit,
1786 5319 1858 5391 rqiiia
