3804 5962
142 190 209 247 lddi
408 186 508 244 rurist
527 184 715 244 temtaret
734 185 810 242 OPP.
831 184 921 242 PARS
940 185 990 242 tlt.
1008 214 1043 228 -‹
1054 184 1274 244 rubotoerca
1294 187 1337 242 ET
1355 187 1617 245 ebriosorum.
1815 188 1877 243 1382

132 327 191 371 non
205 311 389 370 crediderunt
411 307 536 378 veritati,
562 308 611 365 sed
636 315 844 366 consensemnt
867 305 976 380 iniqui·
992 312 1017 366 A
1031 309 1140 382 quibus
1151 309 1212 382 jam
1228 309 1297 368 talia
1317 319 1432 382 peccata
1454 317 1670 383 precesserunt,
1686 317 1720 369 ut
1736 310 1817 383 iusto
1827 306 1876 382 lu·

132 401 193 460 tati.
208 402 284 459 idem
305 403 345 456 lle
366 402 500 468 protraat
519 397 604 454 libero
620 399 751 454 arbitrio:
769 397 913 469 Scriptum
932 405 974 454 est
1030 397 1104 454 dicio
1128 399 1381 470 ejusmereantur
1401 398 1442 456 ire
1470 400 1501 455 iri
1514 399 1649 457 deterius.
1675 401 1721 457 aa
1744 398 1816 456 libro
1840 396 1876 455 lli

129 492 159 548 iu
177 489 356 548 Proverbiis:
373 489 658 555 Correpisinmonu
676 489 794 549 Detest;
815 501 975 555 quocunque
1029 488 1131 565 ltepum
1160 491 1244 558 (xxti,
1277 490 1334 560 ¹⁹)ss
1364 488 1444 545 Dixit
1468 489 1592 547 Micheas
1619 486 1874 560 prophetizandi

128 580 245 636 uoluerit
259 578 376 633 inclinat
398 576 478 631 illud.
496 576 531 632 Et
548 576 580 632 in
601 575 712 632 Psalmo
727 576 833 647 legitur
846 576 880 630 de
895 574 974 646 Egy-
1029 589 1192 633 sermonem
1216 577 1347 633 Domini:
1369 577 1429 635 vidi
1450 578 1605 635 bominum
1625 577 1773 635 sedentem
1792 590 1874 647 super

130 665 215 737 ptiis:
229 666 366 723 conuertit
380 680 424 720 cor
440 679 530 719 eorum
546 668 576 718 ut
590 663 698 718 odirent
721 663 933 732 poputumejus,
949 666 975 716 et
1029 664 1133 721 solium
1156 679 1243 721 suum
1270 665 1339 736 (88),
1361 674 1389 722 ει
1412 680 1526 723 onmem
1550 667 1709 724 exereitum
1729 664 1795 722 eoeli
1820 663 1872 736 (st)

126 755 220 813 dotum
236 756 295 827 ιιι)
310 756 432 822 facerent
445 754 475 807 in
488 768 577 808 seruos
600 753 668 822 nus,
685 760 739 808 etc.
755 751 839 822 (Psot.
855 767 910 821 cri,
927 750 973 821 85)
1029 752 1205 810 assistentem
1221 755 1278 810 eia
1302 754 1411 810 dextris
1425 763 1453 812 et
1469 769 1486 812 a
1509 754 1648 813 sinistris.
1667 755 1702 811 iit
1726 754 1768 811 ait
1783 753 1872 811 bomi-

127 843 279 916 Apostolus
304 857 440 914 quoque:
469 843 617 912 Propterea
643 841 760 896 tradidit
784 843 845 896 ittos
860 840 972 895 indesi-
1029 843 1180 913 nuszquis
1204 842 1324 912 decipiet
1346 844 1443 900 Achab
1468 858 1564 915 regem
1596 844 1694 912 lsrael,
1719 850 1753 900 ut
1775 856 1873 900 ascen

128 934 206 990 deria
229 933 331 1003 cardis,
351 934 382 986 in
405 932 610 987 immunditiam
636 931 723 1000 (Rom.
741 946 760 998 r,
785 931 841 1001 al).
856 929 974 986 Talibus
1029 931 1078 987 dat
1096 939 1123 987 et
1138 932 1220 988 eadat
1234 931 1264 987 in
1278 933 1399 988 Remotlr
1415 931 1541 988 Galaad‘l
1554 933 1590 988 Et
1608 932 1682 989 dixit
1695 946 1776 990 unns
1789 932 1873 989 rerba

126 1022 297 1083 testimoniis
319 1021 399 1089 satis,
428 1029 574 1092 quantum
606 1020 750 1088 existimo,
780 1018 974 1076 manifestabi·
1029 1020 1242 1092 hujuscemodi,
1267 1027 1295 1076 et
1323 1020 1398 1078 alius
1426 1020 1520 1077 aliter.
1548 1022 1687 1092 Egressus
1715 1026 1872 1078 astantem

127 1119 176 1170 tur
195 1111 309 1184 operari
331 1112 422 1167 Deum
438 1112 467 1166 in
493 1109 629 1166 cordibus
657 1109 807 1166 bominum
832 1108 868 1164 ad
894 1107 972 1163 incli-
1028 1111 1147 1180 spiritus
1162 1117 1190 1165 et
1205 1108 1283 1166 stetit
1296 1124 1394 1167 coram
1412 1110 1534 1166 Domino
1549 1119 1577 1167 ει
1591 1111 1652 1168 ait:
1667 1125 1723 1183 ego
1738 1109 1871 1181 decipiam

126 1202 238 1260 nandas
263 1214 363 1257 eorum
388 1199 741 1269 voluntatesquocunque
765 1196 898 1265 voluerit,
915 1197 973 1253 sive
1028 1197 1122 1253 illum.
1146 1197 1198 1253 Cui
1230 1195 1344 1254 locutus
1365 1206 1407 1254 est
1433 1197 1590 1254 bantinus:
1618 1199 1647 1254 br
1666 1196 1752 1269 quoi
1780 1206 1809 1255 et
1830 1197 1871 1256 illo

125 1291 162 1348 ad
187 1291 263 1348 bona
286 1303 338 1360 pro
364 1301 419 1345 sua
443 1287 648 1355 misericordia,
672 1286 733 1342 sive
765 1287 800 1342 ad
826 1286 902 1342 mala
922 1300 973 1355 pro
1028 1286 1082 1342 alt:
1106 1285 1248 1357 Egrediar
1267 1294 1295 1342 et
1323 1301 1372 1343 erc
1394 1287 1513 1357 spiritus
1539 1287 1665 1344 mendax
1693 1287 1724 1343 in
1749 1301 1799 1345 ore
1816 1301 1869 1345 ont·

126 1378 238 1436 meritis
251 1374 485 1448 eorum,judicio
502 1377 601 1446 utique
616 1375 773 1446 aliquando
788 1382 895 1446 aperto,
917 1374 973 1431 ali·
1028 1375 1110 1430 nium
1135 1376 1342 1445 prophetarum
1362 1376 1436 1447 ejus.
1462 1376 1498 1432 bt
1521 1374 1596 1432 dixit
1617 1375 1776 1433 Dominus:
1796 1375 1868 1434 beai·

126 1468 245 1539 quando
267 1466 389 1534 occulto,
414 1479 527 1534 semper
548 1472 645 1522 autem
665 1465 753 1535 iusto.
779 1464 821 1521 lic
848 1476 899 1534 per
919 1463 973 1519 boc
1028 1464 1128 1533 pieset
1156 1463 1344 1534 prevalebis3
1368 1465 1503 1536 egredere
1528 1464 1615 1521 etiae
1641 1464 1689 1522 ita.
1718 1464 1806 1522 Nunc
1823 1465 1866 1538 igi·

124 1557 242 1631 quando
271 1555 391 1627 legitisa
419 1555 475 1610 beo
503 1554 602 1610 seduci
629 1552 822 1608 bomineseut
850 1549 973 1607 obtundi
1027 1560 1076 1608 tur
1098 1566 1163 1609 ecee
1187 1553 1265 1610 dedit
1289 1553 1429 1610 Dominus
1443 1555 1578 1625 spiritum
1602 1554 1865 1613 mendaeemiuort

125 1653 175 1704 aut
202 1646 341 1704 obdurari
367 1645 454 1702 eorda
482 1657 592 1711 eorum,
622 1641 708 1698 nolite
740 1641 873 1698 dubitare
897 1654 969 1710 prae·
986 1654 1009 1712 fl
1026 1639 1157 1698 omnium
1177 1641 1386 1711 prophetarum
1409 1652 1524 1700 tuorum
1539 1643 1590 1714 qui
1607 1641 1652 1699 bie
1674 1652 1757 1710 sunt.
1777 1642 1864 1700 etbe-

123 1731 243 1790 cessisse
257 1732 333 1790 mala
360 1731 462 1788 merita
484 1745 596 1797 eorum,
618 1737 650 1786 ut
662 1731 740 1801 iuste
764 1728 818 1784 ista
841 1734 971 1797 pateren-

123 1829 189 1894 tur;
218 1836 272 1878 uec
310 1820 467 1876 incurratis
500 1819 573 1876 illud
611 1816 756 1889 proverbii
796 1816 971 1872 Salomonis:

123 1910 288 1983 insipientia
315 1912 370 1966 otri
395 1911 480 1966 uiolet
507 1911 567 1965 otas
583 1909 660 1979 ejus,·
685 1910 770 1962 neum
796 1912 887 1961 autem
905 1921 972 1961 eau-

123 2002 245 2056 soturtn
260 2000 340 2057 eorde
367 2015 425 2055 suo.
455 1999 531 2054 idem
559 2001 596 2053 lie
619 2000 787 2066 correptione
808 2001 832 2050 et
858 1998 970 2064 pretio:

123 2090 213 2148 illecti
236 2097 304 2147 sunt
327 2090 363 2145 ad
378 2088 561 2160 regnandum
578 2101 645 2143 cum
669 2086 790 2151 Christo,
821 2098 881 2140 non
901 2098 973 2155 qno·

123 2179 207 2236 modo
225 2179 315 2235 ludas
329 2178 365 2233 ad
381 2177 513 2248 opuscul
538 2175 728 2245 congruebat3
744 2174 781 2230 ab
803 2171 851 2229 illo
865 2172 973 2243 quippo

123 2265 282 2323 electusest
304 2265 356 2337 qui
381 2265 463 2321 norit
477 2264 549 2320 bene
566 2267 607 2319 uti
630 2264 716 2318 etiam
739 2261 833 2330 unalis,
861 2264 895 2316 ut
923 2275 973 2331 per

123 2352 187 2430 ejus
198 2367 272 2423 opus
284 2351 447 2408 damnabile
464 2351 535 2407 illud
552 2349 753 2421 propterquod
769 2349 828 2419 ipse
843 2357 972 2416 venerat,

124 2455 199 2512 opus
213 2440 378 2497 venerabile
400 2440 603 2510 compleretur.
617 2439 689 2495 Cum
705 2439 804 2510 itaque
818 2437 969 2495 audimus:

122 2531 219 2588 Nonne
238 2545 285 2598 epo
299 2545 346 2586 uos
368 2529 510 2584 duodecim
524 2527 617 2598 alepi?
632 2532 658 2582 et
680 2542 751 2583 unus
767 2543 801 2582 ea
816 2527 891 2583 uobis
905 2527 971 2582 dta-

1028 1729 1125 1786 minus
1149 1729 1263 1787 locutus
1277 1739 1319 1788 est
1344 1740 1443 1789 contra
1457 1740 1484 1789 ιε
1506 1731 1624 1789 malum.
1652 1733 1863 1804 Hieronpmmta

1026 1821 1153 1889 Epistola
1178 1821 1261 1876 Pauli
1285 1821 1322 1875 oet
1348 1822 1501 1876 Romanos:
1528 1821 1684 1891 Propterea
1714 1819 1863 1879 tradidisti

1028 1907 1070 1965 los
1084 1909 1176 1979 beus3
1193 1923 1250 1965 non
1274 1909 1353 1981 quod
1377 1909 1438 1979 ipse
1452 1911 1488 1966 sit
1512 1923 1609 1973 eausa,
1631 1910 1681 1968 sed
1702 1924 1756 1982 per
1778 1911 1860 1982 loupi-

1027 1993 1187 2052 nimitatem
1202 2005 1230 2054 et
1251 1998 1416 2068 patientiam
1440 2013 1498 2055 nun
1523 1999 1688 2056 inducendo
1715 1999 1862 2057 vindictam

1027 2085 1135 2152 patitur
1149 2101 1196 2142 eos
1214 2087 1375 2144 secundnm
1397 2088 1492 2144 cordis
1506 2090 1551 2145 sui
1573 2102 1659 2160 agere
1682 2088 1862 2147 voluntatem.

1025 2171 1106 2229 item:
1123 2174 1247 2232 Tradere
1267 2175 1373 2232 dicitnr
1400 2191 1467 2234 eum
1492 2190 1551 2234 nen
1577 2177 1681 2235 retinet
1705 2178 1862 2249 delinquen·

1026 2264 1077 2328 tes,
1091 2263 1165 2319 sieut
1180 2262 1273 2318 dixit:
1288 2268 1313 2318 et
1325 2264 1418 2319 dionisi
1433 2280 1475 2320 eos
1495 2265 1642 2320 secundum
1659 2266 1797 2322 desiderio
1809 2280 1861 2321 cor·

1026 2350 1069 2405 dis
1102 2367 1205 2406 eorum.
1242 2353 1414 2421 Aupustinus
1453 2357 1596 2424 quaestion.
1635 2354 1787 2423 lxxxiii,
1809 2369 1860 2424 cap.

1026 2437 1117 2494 Xltll:
1148 2443 1240 2493 utrum
1266 2443 1338 2495 Deus
1357 2442 1424 2495 moti
1451 2447 1545 2497 auctor
1568 2445 1619 2497 sit:
1648 2441 1789 2513 Quisquis
1812 2454 1860 2498 om·

1026 2526 1109 2583 nium
1125 2541 1191 2599 quae
1209 2535 1277 2584 sunt
1301 2538 1476 2597 auctorest,
1500 2530 1583 2588 etad
1606 2531 1692 2602 cujus
1716 2529 1858 2589 boninum

123 2619 199 2676 belus
227 2626 268 2675 est
296 2618 457 2692 (deamvi),
488 2618 551 2675 illos
576 2616 712 2673 debemus
740 2615 898 2687 intelligere
919 2613 972 2670 ele
1025 2614 1053 2672 id
1067 2623 1170 2673 tantun
1199 2618 1330 2687 pertinet,
1348 2626 1379 2674 ut
1402 2619 1439 2675 sit
1456 2633 1540 2674 omne
1555 2619 1633 2689 quod
1650 2625 1693 2676 est
1718 2633 1779 2676 non
1799 2631 1857 2687 εεει,

123 2717 183 2766 etos
207 2724 259 2781 per
274 2702 512 2776 misericordiam,
536 2706 619 2763 illum
645 2719 695 2777 per
718 2704 871 2776 jndicium.
897 2703 971 2774 Ergo
1025 2704 1060 2760 ad
1076 2718 1142 2761 eum
1159 2707 1301 2776 pertinere
1315 2706 1396 2763 nullo
1412 2716 1494 2778 paeto
1517 2707 1573 2778 (85)
1590 2714 1692 2779 potest.
1715 2706 1858 2765 Omnean·

121 2797 209 2870 elegit
227 2798 289 2855 illos
304 2798 341 2854 ad
358 2796 550 2855 obtinendum
572 2808 696 2866 regnum
716 2808 812 2862 suurn,
836 2792 920 2848 illum
935 2789 972 2847 ad
1025 2799 1082 2850 tem
1107 2797 1186 2865 quod
1212 2795 1318 2864 delicit,
1342 2796 1379 2853 ab
1406 2810 1439 2853 eo
1461 2796 1539 2867 quod
1566 2804 1608 2852 est
1633 2810 1696 2854 esse
1724 2795 1825 2864 deficit,
1836 2801 1858 2850 et

122 2885 332 2944 eiiundeudum
360 2886 531 2958 sanguinem
551 2899 651 2940 snum.
681 2882 756 2937 ldem
783 2884 813 2936 in
838 2880 906 2936 libro
929 2880 971 2935 llll
1025 2881 1115 2937 tendit
1130 2881 1166 2937 ad
1188 2896 1245 2938 non
1265 2897 1335 2939 esse.
1359 2884 1428 2940 Esse
1451 2891 1587 2941 autemet
1604 2883 1632 2941 in
1654 2883 1735 2942 nullo
1753 2883 1858 2943 dedere

30 3045 33 3050 ,
123 2976 305 3044 Quastionum
350 2975 471 3030 baadi:
500 2976 594 3030 cause
632 2969 832 3027 obdurationis
874 2968 969 3024 cordis
987 2943 1008 2999 C
1026 2968 1134 3026 bonum
1163 2977 1215 3038 est,
1240 2978 1268 3026 et
1293 2971 1402 3028 malum
1432 2972 1560 3029 delicere.
1589 2975 1624 3029 At
1646 2971 1694 3029 ille
1721 2973 1758 3029 ad
1783 2983 1856 3044 ouem

122 3064 281 3126 Pharaonis
306 3078 365 3120 non
394 3062 488 3119 solum
521 3061 576 3117 luit
601 3060 680 3131 quod
709 3058 902 3114 incantatores
930 3056 966 3112 si·
1024 3072 1225 3115 neuessenon
1249 3059 1306 3132 (86)
1321 3062 1451 3130 pertinet,
1469 3075 1527 3118 non
1547 3074 1635 3118 cansa
1653 3070 1696 3118 est
1711 3058 1854 3124 deficiendi,

122 3152 204 3209 milia
229 3152 382 3217 iaciebant,
411 3163 515 3206 verum
538 3147 625 3203 etiarn
649 3146 711 3216 ipsa
739 3145 788 3201 Dei
819 3144 967 3215 parientia,
1024 3148 1052 3204 id
1065 3153 1107 3204 est
1127 3149 1261 3204 tendendi
1274 3150 1310 3205 ad
1331 3164 1388 3206 non
1409 3165 1479 3218 esse,
1502 3150 1584 3222 quia,
1602 3158 1632 3207 ut
1648 3151 1689 3206 ita
1709 3149 1853 3215 dicimos·

122 3255 189 3311 quae
219 3239 355 3310 parcebat
377 3236 536 3293 secundum
561 3235 658 3301 corda,
689 3233 865 3304 quibusdam
890 3233 969 3290 utilis

122 3328 159 3384 ad
185 3327 390 3397 poenitendum,
422 3323 599 3395 quibusdam
633 3322 745 3379 inutilis
768 3321 805 3378 ad
835 3321 967 3378 resisten·

122 3415 192 3472 dum
216 3415 274 3471 Deo
293 3423 321 3471 ει
343 3414 373 3470 in
397 3412 473 3469 malo
501 3411 755 3484 perseverandum.
786 3412 967 3481 Hieronymus

122 3504 159 3559 ad
175 3502 390 3561 castricianum:
418 3502 524 3573 Magna
554 3500 596 3556 ira
623 3507 676 3568 est,
709 3501 827 3570 quando
850 3513 969 3570 peccan-

122 3592 200 3651 tibus
220 3607 278 3649 non
298 3595 355 3663 (80)
380 3590 515 3648 irascitur
534 3591 619 3646 bens.
645 3589 714 3646 item
745 3589 780 3644 de
806 3601 891 3659 poena
914 3597 967 3659 est,

120 3680 192 3739 dum
206 3695 267 3739 suas
288 3689 419 3751 peccator
442 3679 617 3750 relinquitur
643 3678 802 3747 voluntati,
827 3677 903 3733 uude
927 3685 969 3735 est

121 3769 199 3843 quod
213 3778 329 3841 peccata
352 3777 467 3839 patrum
481 3768 512 3823 in
538 3768 651 3823 tertiam
664 3774 690 3822 et
709 3778 844 3837 quartam
866 3778 966 3836 proge-

120 3859 197 3917 niem
212 3858 348 3926 restituit,
373 3858 443 3915 ditm
458 3871 517 3913 non
540 3858 603 3913 vult
621 3857 717 3913 statim
742 3863 890 3927 percutere
906 3868 968 3925 pec-

120 3955 235 4019 cantes3
255 3948 303 4005 sed
327 3947 465 4004 innocens
488 3944 587 4016 primis
613 3953 757 4015 postrema
783 3944 965 4000 condemnat.

119 4037 195 4093 ldem
222 4038 252 4091 in
278 4037 344 4092 Osee
369 4036 433 4092 libr.
459 4037 489 4089 l:
520 4033 643 4090 Grandis
666 4031 775 4088 olicnsa
806 4041 857 4102 est,
890 4040 967 4103 post-

121 4125 281 4198 quam(8l)
300 4124 474 4195 peccaveris,
501 4123 575 4178 iram
592 4121 642 4177 liei
665 4135 723 4176 non
750 4121 854 4177 vereri.
878 4122 963 4177 Item:

1023 3237 1104 3293 sendi
1120 3250 1208 3293 eausa
1228 3245 1286 3305 est;
1303 3238 1371 3295 boni
1387 3238 1479 3309 igitur
1493 3240 1694 3296 tantummodo
1713 3253 1798 3296 eausa
1810 3242 1852 3302 ιιι,

1022 3332 1050 3381 ει
1079 3333 1231 3396 propterea
1260 3325 1318 3396 ipse
1340 3327 1449 3383 bonum
1467 3341 1626 3383 sumtuum
1647 3335 1699 3384 est.
1732 3325 1853 3396 Quocirca
1895 3334 1898 3361 ³

1023 3414 1090 3470 mali
1116 3422 1217 3496 auctor
1233 3429 1291 3471 non
1309 3424 1360 3480 εει,
1387 3417 1457 3487 qula
1475 3416 1608 3473 omnium
1637 3430 1705 3488 qnae
1723 3424 1792 3474 sunt
1810 3427 1852 3470 an·

1022 3511 1083 3559 ctor
1106 3511 1158 3570 est,
1185 3504 1255 3574 quin
1278 3504 1307 3559 iu
1332 3511 1446 3561 tantum
1464 3514 1542 3573 sunt,
1569 3505 1599 3561 in
1624 3513 1771 3576 quantum
1791 3501 1851 3560 bons

1023 3598 1101 3648 sunt.
1117 3595 1155 3647 De
1181 3593 1421 3662 praedestinatione
1436 3595 1546 3650 divina:
1575 3593 1659 3660 Quem
1682 3595 1743 3650 uult
1755 3591 1850 3649 tadeo

1023 3694 1081 3737 non
1108 3680 1149 3736 ita
1172 3681 1391 3754 intelligendum
1421 3692 1463 3740 est
1487 3682 1571 3755 qnasi
1596 3682 1674 3742 Deus
1696 3684 1727 3740 in
1755 3679 1849 3741 mutae

1022 3769 1122 3839 ipsam,
1140 3784 1205 3840 quae
1219 3784 1278 3826 non
1294 3778 1347 3839 est,
1363 3772 1456 3828 cerdis
1477 3771 1616 3829 duritiam
1632 3780 1779 3843 operetur.
1792 3763 1850 3837 dliii

1021 3858 1099 3914 enim
1121 3866 1163 3914 est
1181 3857 1259 3915 aliud
1279 3860 1387 3916 duritia
1401 3875 1490 3932 quam
1514 3861 1564 3918 Dei
1583 3862 1702 3918 obviare
1717 3861 1774 3934 (87)
1787 3870 1849 3916 man·

1021 3945 1116 4002 datis?
1140 3948 1220 4001 item:
1245 3948 1386 4005 indurare
1415 3948 1522 4005 dicitur
1547 3963 1614 4006 eum
1644 3964 1733 4021 quem
1758 3944 1851 4007 mollire
1893 3994 1895 3999 .

1021 4033 1156 4090 noluerit.
1179 4033 1223 4091 Sic
1245 4049 1399 4105 excaeeare,
1427 4051 1514 4108 quem
1530 4037 1705 4105 illuminare,
1723 4039 1765 4096 sic
1778 4031 1853 4108 repel-

1022 4121 1088 4192 lere,
1115 4138 1202 4194 quent
1232 4139 1335 4182 vocare
1363 4124 1489 4183 noluerit
1520 4126 1586 4198 (88).
1614 4128 1764 4195 dreportns
1784 4138 1857 4196 supet

120 4214 174 4279 Qui
190 4215 220 4270 iu
237 4222 350 4270 tantum
366 4215 420 4283 (88)
434 4211 526 4266 iratus
544 4217 596 4275 est,
613 4217 645 4266 ut
663 4222 851 4279 nequaquam
867 4223 966 4278 percu·
981 4225 1004 4278 p
1020 4213 1200 4281 Ezeatietem,
1228 4214 1321 4268 homil.
1349 4215 1402 4270 lli:
1432 4213 1519 4272 Nobis
1541 4230 1609 4272 cum
1634 4224 1760 4273 tremore
1773 4213 1858 4273 eond-

120 4302 172 4359 tiat
199 4302 409 4373 delinquentes.
433 4300 560 4354 Isidorus
580 4301 619 4353 lie
642 4314 744 4353 summo
770 4299 845 4364 bono,
860 4298 907 4353 tib.
928 4300 962 4368 ll,
1020 4298 1182 4357 derandum
1197 4310 1249 4369 est,
1272 4304 1416 4373 quomodo
1441 4305 1527 4372 Deus,
1551 4318 1619 4361 cum
1636 4304 1860 4375 precedentibus

119 4405 180 4461 rap.
196 4391 305 4449 xviii:
331 4389 522 4446 precedentis
545 4395 659 4458 peecata
684 4388 868 4459 sequentium
896 4396 964 4444 sunt
1020 4389 1144 4458 peccatis
1168 4390 1315 4459 irascitur,
1343 4393 1482 4463 permittit
1502 4399 1534 4449 ut
1556 4400 1662 4449 eaecata
1677 4407 1761 4451 mens
1783 4392 1860 4450 malis
1896 4438 1898 4445 .

118 4480 275 4537 eriminum
299 4491 399 4546 causa,
422 4485 454 4534 ut
477 4477 526 4533 illa
542 4490 608 4548 quae
633 4483 798 4548 sequuntur
816 4477 873 4534 sint
893 4491 961 4547 prce·
1019 4475 1144 4535 labatur.
1172 4479 1251 4537 Unde
1276 4481 1386 4551 Moyses
1410 4482 1464 4538 ait:
1489 4480 1615 4539 Nondum
1643 4484 1778 4553 completa
1803 4484 1861 4539 mot

117 4568 279 4626 cedentium
294 4581 387 4639 piena.
412 4568 499 4622 Pinna
523 4566 584 4635 ipsa
604 4574 724 4622 vocatur
749 4565 896 4623 induratio
918 4580 964 4623 ve·
1018 4568 1364 4637 peecataAmorrtaeorum
1387 4571 1462 4639 iden.
1484 4585 1535 4633 xv,
1560 4571 1613 4642 id).
1632 4571 1726 4629 David
1749 4584 1861 4644 quoque

116 4656 201 4714 niens
215 4656 249 4712 de
264 4656 365 4712 divina
375 4654 499 4725 justitia.
516 4655 590 4710 ilinc
605 4662 647 4710 est
663 4654 741 4725 quod
753 4654 793 4710 ait
808 4655 961 4725 propbeta:
1019 4653 1103 4725 (Psat.
1119 4670 1215 4725 eninr,
1232 4659 1296 4728 ι8);
1313 4660 1429 4729 Appone
1456 4662 1631 4727 iniquitatem
1652 4675 1738 4730 super
1761 4661 1861 4733 iniqui·

114 4745 258 4801 indurasti
280 4760 326 4800 eor
353 4749 487 4810 nostrum,
509 4758 542 4797 ne
558 4745 713 4799 timeremus
741 4747 766 4798 te
790 4743 856 4814 (isa.
881 4758 961 4811 uniit,
1019 4749 1102 4800 tatem
1129 4762 1230 4813 eorum,
1255 4754 1310 4804 etc.
1333 4748 1441 4806 Paulus
1463 4749 1520 4805 ait:
1544 4750 1579 4807 Ut
1602 4750 1737 4819 impleant
1755 4754 1862 4821 morato

117 4836 170 4906 1⁷).
198 4833 279 4892 Sicut
306 4843 333 4891 ει
363 4832 517 4903 apostolus
545 4832 627 4889 dicit:
660 4834 795 4898 &tonitam
819 4835 964 4888 veritatem
1017 4848 1077 4890 sua.
1101 4835 1227 4891 teba-nni
1254 4851 1371 4907 quoque
1395 4851 1445 4907 per
1468 4838 1604 4909 angelum
1631 4837 1743 4896 dicitnr
1767 4838 1861 4912 (Apoe.

113 4924 164 4980 bei
188 4939 242 4980 non
263 4927 429 4994 receperunt,
455 4923 572 4977 immisit
595 4921 651 4976 iltis
671 4923 743 4976 beas
766 4922 897 4991 spiritum
916 4936 962 4977 er·
1017 4937 1088 4992 xxti,
1109 4925 1167 4995 ill:
1182 4923 1234 4990 Qui
1259 4930 1344 4994 nocet,
1370 4933 1464 4982 noceat
1486 4927 1593 4984 odino:
1607 4931 1632 4982 et
1648 4928 1697 5000 qui
1717 4929 1749 4983 in
1776 4927 1859 4985 sordi·

113 5013 195 5069 ron's.
232 5012 312 5071 Facit
334 5024 403 5084 ergo
425 5012 501 5068 bens
532 5011 674 5082 quosdam
706 5023 834 5081 peecare,
859 5010 963 5067 sedin
1018 5012 1066 5069 bus
1080 5018 1130 5081 est,
1146 5014 1283 5069 sordescet
1310 5014 1409 5072 adbuc.
1431 5015 1511 5074 Unde
1532 5016 1709 5075 nuncetiam
1725 5016 1861 5075 Dominus

152 5169 306 5243 trallibus.
323 5171 381 5225 liei.
398 5166 455 5226 Cir.
473 5165 546 5224 Psal.
558 5181 617 5236 etv,
631 5169 676 5222 ιιι.

151 5243 206 5309 (80)
222 5240 307 5311 Apud
322 5241 405 5297 Cous.
416 5240 493 5296 deest
506 5255 570 5295 non.

162 5312 204 5378 8ι)
221 5312 321 5368 Cous:
334 5313 463 5380 posteris,
476 5310 595 5383 quando.

1064 5169 1106 5240 el)
1122 5169 1223 5228 Cous:
1241 5172 1299 5240 ejus

964 5248 967 5253 '
1064 5243 1108 5310 85)
1124 5243 1225 5299 Cous:
1245 5242 1332 5298 modo.

1063 5313 1109 5382 86)
1124 5315 1209 5384 Apud
1224 5312 1308 5371 Cous.
1332 5312 1410 5373 deest
1423 5329 1486 5370 non.

162 5381 196 5435 88
225 5380 327 5439 Cous:
342 5384 451 5438 υιειηίε.

150 5449 203 5521 (88,
222 5451 306 5507 Cous.
323 5453 391 5522 ejus.

1063 5385 1098 5513 g}
1120 5383 1445 5516 {ignssorffgi‘urearrit'desst
1461 5456 1540 5529 apud
1558 5454 1644 5519 dous.
