3804 5962
413 197 603 255 Exposttto
621 198 656 254 IN
676 199 786 255 EPIST.
807 198 911 256 Pattbt
931 199 976 255 ΑΒ
995 201 1080 257 ΗΘΜ.
1096 229 1129 243 -
1144 201 1209 256 tta.
1230 201 1267 258 11.
1657 206 1710 261 870

80 328 229 379 nocentem
250 321 342 379 filium
371 337 423 394 pro
447 331 562 395 peccato
587 324 676 394 patris
689 323 852 380 flammisA
902 323 956 380 Sed
972 321 1042 394 quia
1069 335 1175 393 parum
1194 329 1237 379 est
1255 321 1291 379 ad
1305 321 1412 379 dirinae
1427 322 1620 394 dispositionis
1632 341 1708 383 com-

79 412 217 468 tusiteriis
242 409 377 481 traderet,
405 415 513 471 nedum
541 413 811 484 perpetuis‘iEsset
865 411 1077 467 mandationem
1107 411 1135 465 in
1159 411 1212 466 bac
1242 410 1429 480 parvulorum
1458 411 1644 469 damnatione
1675 415 1711 470 ab

92 501 224 570 inquam,
241 500 294 557 boo
309 502 339 557 in
354 501 519 559 bominibus
539 503 683 574 iniquum,
703 503 811 573 quibus
866 498 974 570 injuria
1002 500 1099 556 Deum'
1116 499 1273 564 absolvere,
1302 499 1357 554 uisi
1373 507 1401 554 et
1430 500 1560 571 aliquam
1574 503 1710 559 bonitatis

79 589 259 646 interdicitur
289 591 412 660 propriae
444 591 572 648 vindicta
598 591 726 662 iujuriae.
758 592 811 649 Sed
864 589 1227 660 ejusgratiamrateamus
1256 597 1395 654 astruere,
1420 589 1535 646 ridetur
1553 593 1707 662 quoqueid

79 699 84 733 t
98 678 128 733 in
152 678 209 734 Deo
228 679 278 749 qui
295 679 378 735 dicit:
412 681 481 735 tlibi
494 681 656 749 vindictum,
670 697 716 750 epo
731 683 809 736 retri-
865 677 948 732 nobis
967 677 1061 748 agier
1076 676 1243 748 multiplicis
1264 676 1363 749 gratiae
1379 676 1471 746 ipsius
1485 678 1709 749 dispensatione,

79 768 148 822 ltom.
166 781 219 836 rur,
234 768 288 839 19).
306 768 341 823 Et
356 768 446 824 alibi:
477 771 536 838 Epo
563 771 693 839 occidam,
712 774 738 826 et
764 787 810 838 epo
865 772 923 821 tam
938 768 968 821 in
982 765 1059 836 ipsos
1073 766 1338 836 scilicetparvulos,
1355 779 1444 837 quam
1460 765 1489 821 in
1500 766 1571 821 alios
1597 768 1708 823 redun-

79 857 389 923 autoramentum,
414 857 468 929 39).
485 857 548 914 Non
571 860 649 915 enim
674 859 811 931 injuriam
865 852 969 910 dantis.
985 854 1097 911 Sciums
1124 855 1230 925 quippe
1259 854 1334 910 banc
1359 868 1420 910 esse
1442 853 1624 910 mitissimam
1650 870 1709 925 pm-

79 959 105 1000 ·ae
127 959 187 1001 sure
206 946 281 1001 Deus
296 944 374 1014 facit,
390 947 659 1018 quocunquemodo
673 962 740 1004 eam
756 955 812 1003 tra·
864 955 944 1011 nam,
964 943 993 996 tt.
1009 944 1046 1000 iu,
1066 942 1272 999 Euchiridione
1301 943 1465 1014 Augustino
1495 942 1536 999 sic
1559 951 1710 1001 attestante

79 1033 156 1090 read
172 1047 361 1104 poenameam
375 1035 501 1104 deputet,
517 1035 578 1093 sire
604 1036 641 1093 ad
669 1037 809 1107 requiem.
864 1029 968 1102 (67):«
997 1031 1149 1088 llitissima
1172 1046 1241 1088 sane
1264 1031 1393 1088 omniurn
1412 1044 1495 1101 poena
1521 1033 1576 1089 erit
1597 1046 1712 1112 eorum,

79 1125 103 1177 in
133 1122 279 1189 animatia,
310 1137 376 1194 quae
398 1124 433 1179 ad
449 1123 576 1180 laborem
592 1124 713 1181 humant
729 1125 810 1182 obse·
864 1119 915 1190 qui
931 1128 1034 1190 praeter
1047 1127 1206 1191 peccatum,
1222 1120 1300 1191 quod
1313 1120 1454 1192 originale
1468 1127 1632 1191 traxerunt,
1648 1123 1716 1179 uul-

79 1218 139 1267 eata
152 1217 230 1277 suut,
245 1211 323 1282 juste
337 1213 480 1283 conqueri
504 1220 531 1269 et
547 1227 733 1270 murmurare
759 1215 809 1271 ad·
863 1207 1292 1278 tuminsuperadntderunt.»
1320 1207 1414 1271 Quam
1446 1208 1563 1279 quidem
1598 1224 1712 1281 poenam

88 1299 250 1358 Creatorem
267 1309 390 1370 possent.
406 1300 517 1367 Quibus
542 1302 659 1373 quidem
679 1316 810 1360 murmu.
865 1310 922 1352 uon
940 1297 1027 1353 aliam
1048 1297 1174 1354 arbitror
1198 1311 1286 1368 quam
1303 1297 1362 1368 pati
1379 1297 1520 1365 tenebras,
1539 1297 1567 1354 id
1595 1306 1636 1355 est
1662 1315 1713 1357 oa-

79 1401 242 1459 issuperse
277 1388 347 1446 illud
372 1390 524 1462 Evangelii
542 1391 812 1462 responderet:An
865 1386 1047 1443 rerevisione
1073 1387 1179 1443 divinae
1205 1387 1534 1459 ruajestatissiueomni
1565 1402 1713 1458 sporecu·

79 1481 100 1530 rt
112 1478 180 1530 mibi
195 1477 268 1543 qaod
281 1479 339 1532 eolo
349 1480 438 1544 fucere
456 1479 571 1548 (Mottb.
596 1493 648 1545 ur,
667 1479 708 1550 fb)
725 1479 812 1536 isira
865 1474 1031 1544 peratiouis.
1049 1474 1140 1542 Quod,
1164 1476 1194 1531 ni
1206 1475 1298 1543 fallor,
1326 1475 1507 1533 conscientiae
1534 1479 1711 1534 tormentum

79 1563 209 1633 tpostoli:
244 1565 267 1617 0
290 1564 376 1633 mino,
402 1571 432 1619 ta
447 1568 509 1635 quis
523 1583 552 1621 es
578 1569 627 1635 qui
647 1568 810 1637 respondeus
826 1601 848 1656 B
866 1563 1147 1634 ignemperpetuum
1177 1566 1207 1620 B.
1235 1564 1419 1635 Augustinus
1432 1578 1523 1635 supra
1539 1565 1711 1623 nominavit.

79 1651 200 1718 linquat
229 1652 296 1706 dicit
323 1657 481 1722 figmentum
517 1657 542 1708 ei
570 1657 619 1723 qui
658 1670 686 1710 se
706 1657 807 1722 fierit:
866 1651 1114 1709 Credimusetiam
1129 1652 1367 1709 buicmitissimae
1389 1667 1480 1724 poenae
1503 1655 1648 1711 nemiuem
1664 1656 1713 1712 de-

79 1742 197 1807 aseetstt
212 1744 251 1794 sie
266 1739 280 1795 f
300 1742 346 1797 Aa
365 1758 419 1796 uon
432 1742 513 1796 babet
530 1748 694 1812 potestatem
709 1745 811 1814 figulos
864 1740 963 1810 putari
977 1747 1067 1796 morte
1082 1740 1112 1796 in
1127 1741 1250 1798 infautia
1266 1749 1453 1811 praeventum,
1464 1743 1523 1798 uisi
1534 1757 1622 1814 quem
1637 1743 1715 1801 Deus

83 1828 177 1883 eadem
191 1844 282 1884 moseo
296 1831 387 1895 fucere
412 1831 490 1885 uliud
505 1831 614 1896 quidem
625 1847 673 1886 vos
683 1836 712 1887 io
726 1833 810 1888 boac-
864 1830 1023 1900 pessimum
1037 1828 1180 1899 futurum,
1202 1830 1224 1887 si
1261 1831 1381 1899 viveret,
1416 1832 1602 1903 praevidebat,
1624 1841 1651 1889 et
1674 1834 1710 1890 ob

79 1918 123 1972 fud
135 1921 164 1971 in
178 1917 395 1973 contumeliam?
415 1920 501 1990 (Rom.
533 1934 573 1988 m,
588 1922 633 1989 20,
649 1921 710 1992 tf.)
723 1921 811 1979 Nulla
865 1918 919 1975 boo
932 1917 1093 1989 maioribus
1108 1920 1201 1989 poenis
1223 1921 1425 1977 cruciandum.
1442 1922 1523 1979 Unde
1537 1921 1709 1979 nonnullam

79 2007 230 2063 tratione
257 2021 324 2063 cum
350 2022 383 2063 eo
413 2015 504 2077 posset
531 2010 710 2066 contendere.
752 2011 811 2066 Hac
865 2006 895 2062 iu
909 2008 963 2064 bac
974 2007 1140 2064 remissione
1155 2008 1200 2065 rel
1215 2009 1396 2066 alleviatione
1408 2024 1499 2080 prorrae
1511 2010 1616 2066 divinae
1632 2012 1712 2068 boni-

79 2096 211 2152 tratione
231 2096 375 2166 profiteor,
406 2098 610 2168 quoquomodo
634 2098 710 2154 Deus
733 2110 811 2153 crea·
864 2095 931 2152 tatis
945 2094 1070 2167 gratiam
1085 2097 1230 2167 percipere
1249 2099 1365 2168 parvuli
1381 2113 1440 2155 non
1455 2099 1597 2155 immerito
1611 2101 1712 2157 viden·

79 2197 163 2241 suam
187 2187 311 2241 tractare
341 2185 419 2253 velit,
448 2185 691 2256 nulliusinJ'urirc
721 2192 811 2256 potest
865 2192 923 2241 tur.
939 2185 1014 2241 Bene
1028 2185 1116 2241 etiam
1131 2186 1208 2242 Deus
1223 2186 1259 2243 ad
1289 2187 1641 2257 correptionemuostram
1658 2187 1712 2243 bac

82 2273 141 2330 Nec
179 2274 289 2330 malum
310 2274 494 2345 aliquomodo
525 2282 615 2345 potest
638 2274 705 2342 dici,
732 2275 811 2345 quod
864 2273 1016 2330 mitissima
1057 2274 1249 2344 parvulorum
1277 2289 1363 2345 poeno
1393 2277 1496 2342 utitur,
1514 2284 1546 2332 ut
1581 2275 1713 2333 videlicet

79 2362 127 2434 jus
141 2362 321 2420 voluntatem
337 2363 395 2419 fiat.
424 2363 488 2419 Non
503 2363 581 2419 euim
603 2362 685 2420 aliter
700 2363 810 2420 bonurn
864 2363 1008 2420 cautiores
1021 2363 1182 2420 efficiamur
1197 2364 1234 2420 ad
1246 2365 1416 2421 evitandum
1445 2365 1562 2434 propria
1581 2374 1709 2436 peccata,

102 2451 266 2508 discernere
289 2465 454 2521 possumus,
482 2451 538 2507 uisi
569 2452 647 2522 quod
676 2452 740 2523 ejus
768 2458 810 2509 est
864 2452 1054 2510 cumtaleset
1070 2461 1128 2509 tam
1157 2453 1332 2520 innocentes,
1349 2453 1458 2523 quibus
1481 2468 1534 2509 nec
1562 2454 1713 2524 sepultura

79 2553 188 2596 aueum
205 2539 360 2606 voluntati,
381 2548 408 2597 et
424 2541 452 2596 iu
464 2539 566 2610 placito
581 2541 644 2612 ejus
669 2540 808 2597 consistit.
863 2541 909 2598 rel
924 2542 1068 2600 orationes
1083 2543 1211 2600 fidelium
1228 2543 1439 2611 conceduntur,
1466 2542 1600 2598 damnari
1620 2544 1713 2614 qnoti-

79 2635 86 2684 t
109 2641 143 2685 ea
169 2642 235 2698 quta
257 2643 308 2698 per
330 2642 360 2684 se
383 2628 520 2684 videntur
535 2628 666 2699 pessima,
695 2636 723 2685 et
747 2629 810 2685 ideo
864 2630 909 2686 die
924 2630 1077 2687 credamus
1091 2631 1318 2700 propteraliena,
1333 2639 1360 2686 et
1374 2631 1527 2699 ampliores
1538 2631 1589 2685 bei
1604 2632 1712 2701 gratias

79 2717 341 2787 la,cumjussione
367 2717 440 2773 frunt
466 2717 616 2773 llomiuica
635 2717 809 2775 nulluscul·
864 2718 1033 2784 referamus,
1060 2733 1127 2775 cum
1156 2733 1207 2774 nos
1242 2719 1278 2775 ab
1304 2717 1353 2774 illo
1387 2725 1524 2788 perpetuo
1553 2719 1620 2788 igne
1650 2726 1712 2788 post

79 2806 206 2862 aesumit.
223 2804 481 2874 attoqutnttebraet
495 2805 809 2877 spoliantesAEgyptios
864 2805 958 2862 multa
974 2806 1062 2863 etiam
1090 2814 1254 2877 perpetrata
1269 2806 1392 2863 crimina
1409 2819 1460 2876 per
1485 2806 1609 2876 gratiam
1628 2820 1710 2863 suam

79 2893 189 2950 rariter
203 2894 345 2964 arguendi
361 2901 465 2962 esseut,
484 2902 511 2950 et
536 2895 589 2965 qui
612 2909 680 2951 suos
705 2895 811 2951 occide
827 2890 848 2946 C
864 2894 1011 2952 immunes
1025 2895 1139 2960 babeat,
1157 2911 1175 2952 a
1191 2910 1249 2966 quo
1265 2895 1383 2951 minime
1397 2893 1463 2951 illos
1493 2894 1595 2949 salvat.
1612 2894 1711 2952 Voluit

79 2982 195 3039 'oximos
210 2996 277 3039 oum
291 2983 456 3038 lfadiauitis
475 2983 659 3053 fornicantes,
676 2996 734 3039 non
751 2992 809 3040 tam
863 2984 950 3040 etiam
965 2984 1060 3041 statim
1080 2985 1228 3041 ostendere
1245 2985 1273 3039 iu
1290 2985 1383 3054 prima
1404 2990 1432 3040 et
1459 2983 1577 3040 fortasse
1598 2983 1711 3040 modica

91 3084 181 3141 quam
201 3070 362 3134 homicidae,
385 3071 599 3141 judicarentur.
616 3071 694 3128 Adeo
713 3079 809 3127 autem
865 3073 1026 3142 primorum
1051 3081 1207 3143 parentum
1221 3071 1460 3144 transgressione,
1490 3086 1580 3143 quam
1608 3073 1653 3128 ita
1681 3072 1711 3128 iu

79 3158 92 3215 f
108 3160 176 3216 mali
196 3159 330 3216 discretio
345 3159 375 3215 iu
396 3160 501 3216 divinae
513 3159 670 3218 voluntatis
689 3159 809 3230 disposi-
864 3161 983 3231 posteris
999 3162 1073 3218 nibil
1086 3163 1182 3218 adbuc
1197 3161 1374 3219 merentibus
1401 3160 1540 3228 vindicat,
1565 3168 1710 3232 quantum

79 3248 195 3313 onsistit,
221 3250 268 3305 oui
307 3249 361 3304 boo
386 3249 564 3306 attendentes
597 3248 724 3319 quotidie
749 3249 811 3304 ola·
864 3263 979 3306 omnem
994 3251 1130 3308 abborret
1146 3250 1340 3322 iniquitatem,
1368 3257 1396 3307 et
1426 3257 1568 3320 quantam
1596 3263 1710 3320 poenam

87 3339 186 3392 :Fiet
212 3338 338 3392 uoluntas
368 3342 425 3405 tuo,
461 3351 494 3393 ac
529 3338 552 3393 si
589 3337 629 3394 ita
657 3338 808 3394 dicamus:
864 3339 1025 3409 maioribus
1039 3340 1133 3410 culpis
1154 3348 1182 3397 et
1211 3339 1414 3411 frequentibus
1438 3347 1573 3407 reservet,
1606 3339 1629 3395 si
1656 3340 1711 3396 boe

79 3434 142 3482 ttur
157 3427 262 3496 optimo
275 3433 391 3493 cuncta,
407 3434 440 3481 ut
455 3427 491 3480 ad
506 3427 568 3496 ejus
590 3425 749 3496 jussionem
764 3425 811 3482 vel
864 3427 950 3484 semel
972 3428 1159 3485 commissum
1186 3428 1216 3484 in
1242 3428 1330 3485 unius
1350 3428 1426 3498 pomi
1455 3426 1626 3498 reparabilis
1658 3442 1710 3484 esu

79 3515 192 3571 ,tionem
211 3515 452 3570 eademfterialio
488 3514 741 3584 temporebonum
763 3513 809 3580 sit,
864 3515 956 3571 itam
989 3517 1110 3587 posteris
1126 3517 1229 3586 punire
1257 3531 1315 3572 nou
1338 3516 1459 3573 diflerat.
1482 3517 1563 3573 Unde
1594 3517 1708 3572 flieron.

79 3601 156 3671 lum,
184 3616 249 3659 cum
269 3617 319 3673 pro
335 3610 496 3673 temporum
510 3603 671 3658 diversitate
696 3601 811 3672 antiqui
864 3603 895 3660 in
913 3604 1033 3675 epistola
1059 3605 1095 3661 ad
1123 3605 1210 3660 filiam
1236 3605 1379 3672 Mauricii,
1409 3606 1469 3660 sive
1503 3605 1539 3659 ad
1566 3605 1710 3675 virginem

78 3691 257 3748 icontrarim
284 3693 398 3761 penitus
425 3692 572 3748 nonnullae
592 3692 746 3747 videantur
760 3689 810 3746 ob·
863 3695 919 3749 Deo
949 3701 1198 3750 consecratam:«
1228 3693 1307 3762 Adae,
1346 3693 1442 3764 inquit
1470 3709 1484 3744 o
1512 3693 1608 3763 magis
1643 3708 1710 3764 par·

80 3777 424 3844 iae.Quiseuimnesciat
454 3778 575 3848 antiquo
597 3778 702 3848 populo
728 3777 811 3846 prius
864 3781 989 3838 cendum
1002 3781 1066 3847 fuit,
1103 3780 1267 3852 quiadbuc
1291 3781 1423 3838 novellus
1451 3788 1521 3842 erat.
1548 3789 1574 3836 et
1598 3783 1708 3838 nullius

79 3873 230 3936 aeoeptum,
248 3874 280 3922 ut
307 3867 414 3922 desua
446 3868 572 3937 quisque
601 3866 679 3922 tribu
693 3866 810 3922 duceret
864 3875 930 3924 ante
947 3868 1103 3938 peccantis,
1132 3874 1290 3938 etpropter
1316 3874 1465 3938 peccatum
1486 3882 1573 3924 suum
1588 3869 1712 3925 morien·

79 3969 97 4026 t,
117 3955 375 4012 etomninomodo
406 3963 448 4011 est
476 3955 661 4011 inhibitum:
684 3962 712 4010 et
741 3962 810 4011 tunc
863 3958 899 4014 tis
940 3956 1144 4013 retrahebatur
1171 3955 1314 4026 exemplo.
1340 3955 1404 4011 Tibi
1429 3968 1497 4011 roro
1524 3962 1588 4024 post
1628 3959 1707 4013 tanta

79 4057 108 4101 10
132 4045 242 4114 nuptiis
271 4043 423 4114 implicari,
447 4059 526 4100 1111111
559 4044 691 4100 libertale
718 4043 810 4098 eonfi-
864 4047 1047 4112 documenta,
1064 4052 1126 4115 post
1140 4045 1240 4116 legem,
1266 4052 1328 4114 post
1351 4043 1515 4115 propbetas,
1531 4052 1594 4113 post
1617 4045 1711 4101 Evan-

81 4131 152 4200 frui‚
173 4140 200 4188 et
212 4133 461 4189 circumsisionem
480 4141 507 4189 et
536 4140 638 4190 crotera
674 4131 744 4203 legis
767 4144 811 4186 sa·
864 4136 948 4208 galia,
977 4143 1040 4206 post
1068 4133 1219 4204 apostolos,
1248 4134 1272 4190 si
1300 4132 1468 4204 delinquere
1481 4132 1618 4201 volueris,
1635 4147 1711 4202 quo-

82 4230 121 4289 ta,
138 4235 203 4293 quus
219 4222 248 4277 in
264 4237 378 4279 sumina
394 4222 578 4278 veneratione
599 4235 636 4278 ex
669 4225 949 4290 praceptopmorto
979 4223 1129 4295 indulgere
1157 4223 1247 4294 possit
1283 4221 1394 4294 ignoro.
1425 4221 1497 4278 Sunt
1526 4222 1555 4277 in
1579 4221 1711 4293 singulo·

79 4309 811 4380 tuucfuerunt,nuncaboruiuabiliaesseidonstat
866 4328 932 4370 rum
953 4312 1143 4383 parvutorum
1159 4311 1344 4368 damnatione
1359 4311 1483 4382 propriae
1498 4318 1526 4368 et
1554 4311 1711 4368 familiares

88 4408 122 4457 ut
137 4401 274 4468 diximus,
292 4409 378 4458 totam
390 4402 511 4458 bouirel
526 4401 595 4457 mali
611 4398 811 4457 discretionem
867 4401 1001 4471 quaedaru
1014 4414 1120 4470 oausae,
1135 4398 1200 4457 licet
1224 4400 1308 4458 uobis
1336 4399 1464 4465 occulta,
1489 4412 1563 4469 quas
1583 4398 1631 4455 ille
1658 4413 1710 4454 uo·

80 4503 125 4545 nae
151 4489 375 4560 dispensationis
404 4488 508 4560 placito
555 4489 721 4557 consistere,
745 4500 811 4558 quae
865 4490 908 4547 vit
922 4489 973 4560 qui
1002 4488 1075 4544 nibil
1091 4503 1150 4544 nou
1164 4490 1271 4559 optimo
1285 4489 1422 4558 disponit.
1447 4488 1483 4542 lit
1514 4500 1567 4542 uos
1592 4486 1710 4556 quidem

94 4580 201 4634 cuncta
239 4578 324 4634 uobis
350 4578 553 4649 ignorantibus
589 4578 724 4647 disponit,
758 4593 811 4635 neo
866 4574 1710 4648 aliquasbujuscemodierbisquaefrequenteracoidere
1798 4637 1800 4641 ,

79 4679 127 4722 am
143 4667 213 4722 bene
229 4667 289 4723 fieri
305 4667 460 4723 dicendum
477 4675 528 4723 aut
544 4666 627 4730 male,
658 4667 713 4723 nisi
733 4667 810 4737 quod
865 4666 1006 4734 videmus,
1018 4665 1159 4736 conjicere
1186 4679 1348 4736 possumus.
1375 4665 1452 4734 supe
1480 4665 1588 4734 qnippe
1607 4663 1710 4720 accidit

78 4755 607 4813 timaevoluntaticonsentaneumest
639 4762 690 4810 aut
709 4756 810 4811 adver·
864 4762 897 4812 ut
927 4755 1028 4812 talium
1056 4755 1248 4825 parvulorum
1284 4761 1405 4810 mortem
1427 4754 1457 4809 iu
1477 4753 1567 4809 vitam
1589 4765 1710 4808 suornm

79 4851 104 4901 at
129 4844 374 4915 quemadmodum
401 4844 616 4914 proposuimus,
636 4856 810 4913 quocunque
866 4852 1018 4914 pareutum
1043 4844 1251 4916 divinagratia
1266 4849 1432 4909 commutet,
1455 4856 1522 4897 cum
1549 4840 1601 4910 ipsi
1627 4840 1710 4896 ride-

81 4933 206 5002 eusJ'am
231 4934 368 5002 parvulos
396 4947 485 5003 quam
507 4941 625 4988 crateras
643 4932 706 5003 ojus
730 4945 809 4988 crea·
865 4932 930 4989 licet
949 4933 1077 4989 maxime
1116 4932 1151 4988 de
1191 4944 1292 4987 eorum
1328 4926 1513 4985 damnatione
1547 4931 1711 4997 quaerentes
1767 4984 1773 4989 ,

79 5029 181 5078 'actare
195 5022 274 5088 velit,
301 5022 330 5078 id
359 5023 465 5093 optime
481 5022 541 5078 fiori
557 5037 615 5077 nou
631 5021 808 5090 dubitemus,
865 5029 975 5092 quauta
989 5021 1030 5078 eis
1060 5034 1109 5091 per
1137 5018 1398 5089 concupiscentiam
1428 5014 1574 5085 propriam
1589 5028 1709 5085 genera-

79 5124 197 5167 somues
213 5111 395 5168 ut·voluerit
417 5112 453 5167 ad
482 5125 597 5181 poeuam
620 5110 742 5175 ordinet,
757 5123 810 5165 uec
865 5111 901 5166 tis
924 5108 1087 5174 intulerint,
1115 5108 1238 5179 propriae
1261 5107 1288 5163 id
1313 5106 1407 5177 culpae
1444 5111 1535 5160 totum
1565 5104 1707 5172 tribuant,

79 5199 166 5270 jurio
181 5200 266 5271 argui
291 5215 384 5271 posse,
415 5214 592 5271 quocunque
607 5198 693 5256 modo
706 5210 809 5255 casor-
864 5206 891 5255 et
906 5198 960 5254 sibi
973 5196 1136 5263 ascribant,
1153 5204 1180 5252 et
1203 5203 1261 5252 tam
1290 5195 1345 5265 ipsi
1368 5207 1457 5266 quam
1473 5194 1569 5250 caeoeri
1593 5194 1647 5249 boc
1668 5193 1710 5250 vi·

79 5289 125 5350 ite
140 5290 177 5347 ad
204 5290 325 5361 gloriam
340 5291 402 5347 sive
417 5290 454 5347 ad
471 5303 594 5360 poenam.
864 5287 962 5345 dentes
987 5285 1142 5343 timidiores
1157 5285 1187 5340 in
1205 5285 1308 5354 Deum,
1328 5290 1356 5342 et
1377 5284 1413 5341 de
1435 5282 1562 5356 propriis
1586 5283 1711 5355 peccatis

79 5466 181 5526 Patrol.
204 5472 270 5524 totu.
287 5466 345 5535 xl,
362 5465 415 5524 col.
433 5468 495 5521 275.
