3736 5962
441 276 444 281 ,
548 169 747 274 rubonooia
765 213 986 272 cultissimis.
1002 244 1037 255 -
1051 214 1117 270 nte.
1138 215 1183 270 tv.
1317 215 1320 223 ⁴
1682 217 1749 272 laea

91 337 223 409 »psalmi
254 351 285 394 tx
310 338 400 409 perti-
436 342 609 409 semetipsam
692 339 847 395 eeiaaaioit
860 338 885 392 A
900 336 1015 394 diversa
1034 351 1122 408 opera
1149 336 1308 405 Trinitatis,
1323 336 1379 394 boc
1400 344 1428 393 et
1450 337 1505 394 boc
1529 336 1606 394 idem
1632 336 1748 409 operari

93 441 139 484 nae
153 425 207 482 ait:
223 428 276 481 Pro
290 427 402 482 occultis
438 428 557 494 sormam
591 430 663 483 serui
705 429 842 498 nedpiens
897 438 1138 497 unamquamque
1152 426 1243 483 trium
1258 438 1448 497 personarum
1463 427 1541 496 quod
1566 439 1627 483 una
1645 439 1748 484 earum

118 514 225 572 scilicet
277 514 404 586 iudiciis.
442 515 619 588 (Pbil.11,7)‚
634 516 845 574 videamnsna·
897 522 1045 586 operatur,
1061 523 1094 572 nt
1113 515 1246 573 videlicet
1273 527 1358 570 omne
1373 515 1402 571 id
1419 514 1496 585 quod
1520 514 1687 572 lacitl’ater
1705 515 1745 572 la·

94 602 180 660 etiam
219 602 291 659 bene
323 615 405 659 mens
440 603 581 660 tivitatem
610 602 675 660 Filii
690 611 716 660 ει
733 603 844 674 abipso
899 604 957 660 ciat
991 604 1082 662 Filius
1118 606 1179 661 sive
1217 604 1354 675 Spiritus,
1380 612 1409 661 et
1448 619 1464 661 e
1492 617 1641 661 converso.
1662 603 1746 661 δοιιιε

104 706 154 748 seu
177 690 250 749 ratio
272 691 333 748 sive
351 705 407 746 an·
444 692 548 749 iactam
562 706 633 749 essa.
658 692 739 749 Facit
761 693 845 749 Pater
899 692 1007 764 quippe
1035 692 1126 751 Filius
1158 707 1274 750 carnem
1303 693 1448 764 accepisse
1475 692 1685 759 dicitur,sicnt
1716 700 1745 750 et

94 778 206 837 consilii
220 779 314 836 dictus
339 787 405 850 est3
444 781 605 850 passionem
622 780 697 849 Filii,
712 781 763 852 qui
780 797 845 852 pro
899 794 1021 852 passus;
1038 790 1065 839 et
1084 782 1163 840 solus
1177 781 1300 853 Spiritus
1320 795 1373 838 nos
1391 794 1562 853 regenerare
1585 780 1693 838 dicitnr
1717 779 1749 837 in

99 868 197 926 omnia
221 869 249 924 in
277 868 331 924 bac
357 881 402 924 sa·
438 871 501 940 prio
525 869 599 925 Filio
630 885 684 925 non
710 873 840 940 pepercit,
900 871 1086 943 baptismate.
1106 871 1190 928 Solus
1212 870 1298 928 etiam
1322 873 1405 929 Pater
1428 870 1533 927 Fdinm
1554 876 1683 942 generat.
1702 869 1745 926 ad

92 955 404 1014 arationabiliterPa·
442 956 491 1012 sed
527 973 578 1028 pro
604 959 682 1014 notu
721 959 846 1014 omnibus
900 959 1224 1032 qnodrespondendum
1253 957 1379 1015 arbitror
1397 957 1485 1028 quod,
1502 958 1642 1015 licetnon
1658 957 1749 1029 possi·

91 1046 263 1116 sponit,sire
283 1045 407 1103 creando
445 1046 565 1103 tradidit
576 1047 655 1103 illam
674 1049 762 1118 (bom.
782 1062 845 1106 vnn.
901 1048 1138 1106 musdicereaut
1159 1048 1274 1107 Patrem
1297 1053 1349 1104 ant
1372 1046 1510 1118 Spiritum
1528 1047 1669 1117 accepisse
1690 1059 1750 1104 car

91 1149 163 1201 tum,
189 1134 249 1191 sire
271 1134 404 1192 eumdem
441 1134 497 1206 ii).
514 1134 594 1193 Facit
612 1144 640 1193 ει
662 1136 754 1193 Filius
782 1149 847 1208 pas·
901 1135 1047 1204 nem,boc
1071 1143 1113 1194 est
1136 1136 1320 1193 incarnatum
1343 1149 1404 1192 csse
1419 1143 1471 1193 aut
1499 1149 1626 1206 passum,
1651 1141 1748 1192 tamen

91 1223 161 1279 ando
182 1231 243 1294 post
270 1222 406 1294 lapsum3
443 1223 552 1281 sionem
580 1239 674 1283 suam.
708 1223 761 1291 Qui
793 1240 846 1293 ine,
902 1238 969 1281 vere
982 1224 1151 1296 profitemur
1169 1224 1240 1296 quia
1255 1224 1285 1280 in
1309 1224 1408 1281 eadem
1424 1224 1487 1296 ipsa
1507 1223 1705 1281 incarnatione
1720 1231 1748 1280 et

114 1311 168 1368 boc
197 1311 279 1368 Pater
302 1325 406 1368 verum
444 1313 541 1384 inquit
560 1313 723 1384 apostolus,
738 1313 846 1384 ditescit,
903 1313 987 1370 Pater
1007 1321 1141 1384 operatus
1163 1321 1206 1379 est
1223 1320 1251 1369 et
1274 1311 1443 1383 spirituas
1464 1326 1525 1383 qua
1546 1327 1600 1369 nec
1629 1319 1749 1383 potesta·

91 1400 158 1456 lium
193 1408 298 1458 nostrae
329 1401 410 1472 igno
444 1406 471 1456 et
518 1401 637 1457 tradidit
675 1405 849 1474 semetipsius
903 1408 961 1458 tem
973 1400 1105 1459 divinam
1117 1416 1171 1459 nec
1189 1401 1396 1472 benignitatem
1412 1415 1566 1473 possumus
1583 1400 1748 1459 excludere.

91 1489 210 1558 adedit,
231 1503 296 1546 cum
318 1503 352 1546 eo
371 1490 412 1546 in·
442 1505 497 1560 pro
510 1490 637 1562 memet.
661 1492 764 1564 mio).
787 1492 850 1549 Pas
903 1488 976 1546 Nam
991 1498 1101 1547 etcum
1127 1503 1157 1546 sc
1181 1489 1275 1553 induit
1295 1489 1401 1561 aliquis
1417 1497 1469 1546 aut
1495 1496 1601 1560 mmai,
1616 1489 1700 1548 multi
1716 1489 1747 1545 in

91 1583 124 1634 ito
150 1591 203 1634 nos
234 1578 404 1635 visitaverit.
443 1577 558 1636 siolnaec
572 1579 712 1638 unilacta
731 1588 783 1649 est,
799 1581 849 1638 sed
904 1578 1003 1636 eodem
1026 1587 1219 1650 cooperantur
1240 1579 1291 1650 qui
1313 1586 1408 1637 tamen
1433 1593 1492 1636 non
1521 1586 1672 1636 armantur
1698 1586 1750 1636 aut

91 1681 98 1722 i
122 1665 221 1735 itaque
245 1666 335 1723 Filius
355 1666 404 1723 liei
441 1667 478 1724 ab
491 1675 616 1739 utroque
629 1669 705 1726 lacta
716 1667 847 1741 est.0pe·
864 1680 888 1737 Β
904 1666 1078 1725 induuntur.
1093 1669 1232 1734 Quamvis
1250 1667 1339 1740 igitur
1351 1668 1449 1726 omnia
1463 1668 1553 1726 verba
1576 1668 1749 1739 operationis

100 1754 216 1820 dicitur,
235 1755 264 1811 id
286 1763 328 1812 est
344 1757 408 1813 Ver·
445 1763 530 1814 ratur
557 1758 640 1814 Pater
664 1759 849 1816 resurrectio·
904 1771 970 1828 qna
988 1758 1040 1814 uni
1056 1772 1184 1829 persona
1198 1765 1365 1830 congruunt
1378 1757 1467 1826 galteri
1481 1772 1538 1814 non
1561 1757 1746 1825 conveniant,

91 1843 250 1900 secundum
267 1843 346 1900 illam
373 1844 406 1901 si·
440 1859 507 1902 nem
542 1844 617 1902 Filii.
660 1847 850 1905 Resuscitavit
903 1848 1031 1916 operatio
1043 1854 1139 1905 tamen
1153 1848 1244 1905 unius
1260 1861 1389 1918 personae
1408 1861 1467 1903 non
1494 1847 1592 1903 minus
1620 1845 1747 1902 aliarum

91 1931 218 1989 :ationem
266 1932 406 2001 sumitur,
444 1932 529 1991 Pater
554 1933 659 1993 Filium
697 1943 725 1993 et
761 1936 850 1993 liiiins
903 1949 964 1992 esse
982 1935 1177 2007 dicendaest3
1192 1936 1264 2006 quia
1285 1937 1314 1992 in
1331 1936 1428 1993 eodem
1454 1950 1568 1993 neeesse
1583 1942 1625 1992 εει
1650 1947 1750 1991 omnes

91 2021 163 2078 dom
198 2035 288 2091 quarn
325 2022 405 2094 logos
441 2024 593 2080 resuscitat
649 2025 847 2096 semetipsum.
902 2023 988 2079 simul
1013 2024 1171 2095 cooperari.
1190 2023 1304 2081 Animae
1325 2039 1442 2096 qnoque
1465 2025 1531 2096 ipsi,
1552 2038 1619 2096 quae
1643 2036 1750 2094 corpus

95 2110 207 2166 Grecos
219 2109 311 2180 ipsum
326 2125 404 2167 men·
442 2112 475 2167 ln
498 2112 624 2185 figuram
639 2113 684 2170 sni
719 2114 849 2184 corporis
903 2119 998 2169 movet
1011 2119 1039 2169 ει
1053 2113 1155 2184 agitat,
1171 2126 1270 2169 omnes
1285 2120 1390 2170 nostrae
1413 2113 1542 2170 actiones
1564 2127 1624 2170 non
1650 2112 1748 2169 imme·

91 2206 241 2268 onceptum
272 2213 324 2255 seu
352 2213 399 2256 ra·
437 2200 472 2256 de
495 2201 599 2271 templo
627 2200 711 2269 dixit,
747 2199 849 2258 soluite
902 2200 958 2257 rito
980 2199 1162 2269 tribuuntur,
1173 2215 1227 2257 neo
1250 2208 1348 2257 tamen
1367 2202 1465 2258 omnia
1487 2202 1577 2259 verba
1601 2201 1747 2259 actionum

91 2300 109 2342 n
140 2287 308 2357 significat,
336 2302 395 2345 non
432 2290 560 2359 templum
585 2289 684 2356 hoc,et
707 2292 737 2346 ia
759 2290 849 2347 tridsm
903 2288 1083 2361 designativa
1106 2289 1137 2346 in
1161 2289 1364 2360 predicatione
1387 2303 1441 2346 sna
1463 2289 1499 2347 ad
1523 2291 1651 2346 animam
1675 2289 1749 2346 reie-

106 2376 304 2445 prolationem.
324 2376 405 2434 Unde
442 2379 579 2434 suscitabo
604 2379 675 2436 iliad
706 2400 721 2432 ι
761 2381 848 2452 (iecit.
903 2384 1020 2436 runtur.
1036 2377 1137 2449 Neque
1158 2377 1236 2434 enim
1257 2392 1357 2436 omnes
1382 2377 1509 2436 animam
1531 2377 1683 2435 ambulare
1702 2377 1747 2434 rel

91 2477 121 2518 ns
156 2464 186 2518 in
241 2463 405 2536 categorias
441 2482 472 2533 ιι,
495 2465 547 2538 ιι).
902 2467 1060 2534 εοιιιειιειε,
1077 2467 1126 2524 scd
1147 2466 1251 2540 ,ipsum
1274 2468 1437 2538 animai‚et
1462 2475 1557 2525 tamen
1582 2467 1682 2555 ipsam!
1701 2479 1750 2524 ac-

91 2550 166 2606 itelis
186 2550 237 2607 lib.
254 2567 283 2608 ιι,
313 2553 387 2618 Quo
904 2556 1010 2613 tionem
1024 2568 1084 2626 qua
1097 2555 1138 2612 sic
1157 2557 1254 2611 anima
1275 2569 1381 2625 corpus
1405 2556 1496 2627 agitat
1520 2555 1549 2611 in
1574 2553 1751 2611 ambulando

102 2639 200 2697 Graeca
214 2641 344 2697 oratione
365 2641 444 2714 logos
458 2642 564 2701 dicitur
582 2644 668 2702 etiam
690 2646 781 2704 animi
805 2661 851 2704 m·
903 2645 949 2703 rel
971 2644 1145 2701 comedendo
1168 2651 1280 2701 certum
1301 2652 1344 2701 est
1365 2645 1420 2702 soli
1443 2644 1547 2700 anima
1567 2644 1669 2710 inesse,
1686 2655 1753 2713 qnae

91 2736 145 2783 oet
161 2729 238 2784 intra
254 2743 284 2784 se
298 2730 479 2788 ratiocinatio
495 2731 575 2804 logos
589 2747 707 2805 quoque
729 2741 757 2791 et
784 2747 849 2792 ora·
904 2731 1021 2803 quidem
1038 2745 1090 2803 per
1098 2733 1226 2790 actiones
1247 2731 1376 2789 ambulat
1391 2739 1419 2788 ει
1432 2732 1565 2788 comedit.
1580 2731 1647 2787 Haec
1661 2728 1752 2786 verba

91 2829 125 2871 ne
150 2817 217 2885 quis
242 2816 435 2888 Aristotelem,
469 2833 536 2876 cum
564 2819 671 2878 diceret
696 2821 792 2894 logon,
820 2823 850 2879 id
904 2819 1106 2892 significantur
1121 2821 1152 2877 in
1174 2819 1237 2891 ipsa
1261 2820 1371 2886 anima,
1387 2820 1458 2877 dum
1484 2820 1520 2876 de
1545 2818 1608 2890 ipso
1632 2815 1751 2874 animali

91 2903 230 2960 rationem
247 2907 439 2976 quantitatem
467 2921 538 2976 csse,
555 2908 590 2965 de
614 2924 647 2966 eo
667 2918 782 2981 putaret
804 2911 848 2968 di·
905 2908 1012 2965 dicitnr
1033 2909 1111 2979 quod
1135 2907 1307 2966 ambulatet
1329 2908 1471 2966 comedit:
1493 2907 1572 2980 quod
1593 2914 1635 2965 est
1657 2906 1751 2964 dicere

91 3006 175 3062 quem
189 2994 314 3065 quisque
329 2994 416 3066 logon
432 2995 461 3051 in
483 2998 657 3069 cogitatione
670 2998 848 3070 disponeret,
904 2996 946 3053 sic
969 2997 1065 3068 ipsum
1079 2997 1116 3053 ab
1129 2997 1228 3054 anima
1248 3011 1302 3054 sua
1323 2997 1434 3054 moveri
1461 3004 1549 3068 atque
1573 2996 1689 3068 agitari,
1719 3002 1753 3052 ut

95 3081 116 3137 it
133 3099 139 3136 :
157 3083 209 3152 qui
224 3082 255 3138 ιιι
268 3098 337 3140 ειιιιι
351 3098 430 3142 voce.
446 3085 527 3143 Unde
541 3094 570 3144 et
593 3088 696 3146 beatus
720 3089 850 3148 meminit
905 3085 998 3143 solum
1014 3085 1142 3143 animam
1159 3086 1190 3142 in
1204 3086 1258 3143 boc
1276 3099 1362 3158 agere
1386 3084 1583 3158 intelligamus
1596 3091 1624 3141 et
1646 3096 1752 3154 corpus

92 3169 186 3226 stinus
210 3170 276 3227 libri
291 3170 484 3242 Quaestionum,
509 3177 543 3230 83
558 3176 684 3247 capitulo
709 3179 766 3234 ii:
786 3199 798 3229 ι
817 3180 850 3235 ia
904 3175 999 3246 ipsum
1015 3174 1132 3247 agitari.
1148 3174 1280 3246 Cumque
1294 3175 1394 3246 itaque
1414 3175 1473 3231 bac
1492 3173 1582 3230 rerba
1604 3172 1749 3229 actionum

91 3258 151 3327 Ipio,
184 3259 289 3330 inquit,
313 3266 373 3316 erat
394 3262 521 3332 Verbum,
537 3264 623 3337 qquod
651 3264 747 3324 Graece
770 3267 849 3339 logos
904 3265 1010 3320 animae
1036 3263 1231 3335 significativa
1251 3262 1333 3321 nullo
1355 3263 1438 3320 modo
1453 3263 1488 3319 de
1503 3276 1549 3332 ea,
1565 3261 1617 3332 qui
1631 3260 1684 3317 soli
1708 3260 1751 3316 in·

91 3359 121 3414 ιι,
149 3348 246 3405 Latine
266 3355 363 3405 autem
375 3357 403 3406 et
417 3352 558 3408 rationem
572 3357 601 3408 et
614 3352 744 3411 Verbum
758 3356 848 3427 signi·
904 3358 973 3409 sunt
998 3351 1042 3407 be
1064 3351 1189 3408 actiones
1213 3350 1407 3423 predicabilia
1423 3351 1490 3420 sint,
1506 3357 1621 3406 nonest
1642 3349 1749 3406 miran-

96 3434 186 3507 bogos
200 3437 359 3494 enimratio
373 3438 494 3497 dicitur.
511 3460 525 3489 ι
541 3439 620 3497 idem
634 3440 665 3496 in
677 3442 849 3500 librorum-
904 3441 975 3497 dum
990 3439 1059 3496 siin
1083 3438 1177 3496 tribus
1194 3439 1301 3497 divinis
1323 3439 1462 3512 personis,
1478 3453 1546 3497 cum
1567 3439 1604 3495 sit
1618 3451 1752 3496 commn-

91 3537 179 3579 ereses
209 3525 329 3597 (tuear)
346 3540 381 3582 :r
414 3529 602 3599 inprincipio
630 3536 691 3586 erat
720 3533 848 3589 Verbum.
904 3529 951 3585 nis
967 3529 1009 3585 eis
1027 3527 1113 3593 actio,
1130 3528 1240 3585 deuna
1262 3536 1476 3585 cerumtamen
1496 3528 1624 3586 Verbum
1648 3527 1744 3599 ipsum

92 3611 215 3670 sGraeci
245 3613 323 3686 logos
342 3615 453 3672 dicunt.
479 3616 572 3688 Logos
595 3618 705 3690 quippe
733 3620 851 3676 Verbum
904 3616 1065 3688 specialiter
1094 3616 1220 3683 dicatur,
1236 3616 1398 3673 secundum
1424 3617 1594 3688 qnamdam,
1611 3623 1645 3673 ut
1670 3613 1747 3672 dixi·

91 3699 150 3758 icat
171 3706 357 3760 strationem.
384 3705 422 3761 be
446 3719 504 3775 quo
520 3706 639 3776 quidem
673 3707 770 3767 Verbo
787 3709 849 3779 liei,
879 3716 982 3772 mus,
1008 3705 1191 3776 proprietatis
1227 3704 1318 3776 ipsius
1355 3719 1483 3775 personas
1520 3704 1745 3775 expressionem.

91 3796 112 3845 ιι
127 3789 316 3863 intelligibili,
342 3792 431 3863 qnod,
458 3801 491 3850 nt
512 3793 690 3868 dictumest,
714 3797 778 3869 ejus
801 3797 849 3855 Sa·
904 3793 983 3862 Quod
1006 3806 1074 3851 vero
1094 3792 1282 3863 opposuimus
1304 3801 1420 3863 propter
1445 3792 1659 3849 conclusionem
1682 3802 1749 3861 ope·

91 3878 302 3951 aintelligitur,
313 3882 415 3938 beatus
431 3896 506 3953 papa
526 3883 685 3956 Gregorius
705 3885 736 3941 in
756 3886 848 3943 bomi·
904 3883 945 3940 ris
973 3880 1217 3953 comprobandam
1247 3881 1340 3938 solum
1365 3882 1478 3938 Patrem
1505 3893 1652 3953 generare,
1676 3877 1750 3934 nibil

93 3976 261 4037 operantem
273 3969 342 4042 (95).
367 3969 487 4041 spiritui
502 3975 600 4029 autem
623 3986 657 4030 ea
673 3974 759 4045 qnasi
783 3988 849 4047 pro·
904 3972 1026 4029 attinere
1050 3969 1176 4037 videtur,
1194 3983 1261 4026 cum
1290 3969 1351 4026 baec
1370 3968 1527 4040 generatio,
1554 3982 1621 4039 quaa
1643 3973 1751 4025 ceteram
1831 4028 1834 4032 ³

93 4053 253 4113 ribunntur
267 4071 334 4128 quae
348 4058 385 4113 ad
401 4060 649 4129 comparationem
659 4061 767 4119 divine
782 4074 848 4135 gra·
903 4068 954 4129 cst,
975 4074 1049 4131 opus
1063 4073 1122 4115 non
1137 4059 1173 4115 sit
1186 4057 1303 4130 aliquod
1317 4065 1369 4114 ant
1382 4056 1482 4129 aliqua
1496 4057 1603 4114 creatio
1616 4057 1677 4113 lici.

91 4142 200 4211 tinent,
214 4144 289 4202 sicut
303 4154 345 4203 est
363 4149 492 4205 remissio
516 4157 700 4219 peccatorum
721 4159 749 4208 et
778 4165 849 4223 quo·
940 4148 1075 4219 Superest
1096 4155 1227 4204 extrema
1239 4145 1371 4216 objectio,
1385 4159 1445 4218 qua
1464 4145 1571 4203 scilicet
1593 4143 1750 4217 opponitur

91 4246 188 4303 unque
211 4234 353 4290 donorum
373 4235 540 4294 distributio
573 4251 611 4294 ex
633 4238 695 4296 sola
722 4239 849 4297 bonitate
904 4236 1012 4307 idema
1026 4251 1057 4293 se
1077 4236 1139 4307 ipso
1160 4235 1240 4292 nasci
1256 4235 1335 4292 vela
1357 4250 1386 4292 se
1405 4235 1568 4306 procedere,
1585 4235 1663 4306 quod
1675 4240 1750 4291 recte

92 4335 150 4379 non
163 4336 202 4379 ex
225 4324 335 4381 meritis
361 4327 467 4382 nostris
482 4326 666 4397 proveniens,
698 4328 795 4398 qualis
808 4299 890 4387 esto
906 4324 1009 4383 discuti
1032 4339 1090 4382 non
1106 4323 1192 4392 salet,
1212 4323 1269 4381 nisi
1296 4339 1361 4396 quae
1377 4324 1414 4381 sit
1437 4323 1605 4397 hujusmodi
1631 4335 1751 4396 genera·

92 4411 183 4469 eratio
216 4413 245 4469 in
275 4412 419 4485 baptismo
439 4415 477 4471 ad
513 4416 684 4475 dimittenda
721 4425 848 4490 peccata,
904 4414 944 4472 tio
958 4414 1003 4471 vel
1017 4413 1156 4485 processio
1179 4412 1412 4471 determinemus.

91 4501 184 4557 matio
211 4516 262 4573 per
288 4502 500 4573 impositionem
535 4519 641 4563 manus
663 4506 788 4578 episcopi
812 4508 850 4565 ad
940 4504 982 4559 Ac
1019 4503 1145 4574 primum
1178 4499 1213 4557 de
1248 4500 1431 4572 generatione
1472 4501 1657 4570 disseramus,
1678 4500 1750 4558 nibil

91 4601 129 4645 tm
140 4599 319 4648 armaturam
335 4594 495 4664 virtutum3
511 4593 621 4664 quibus
635 4594 744 4653 scilicet
755 4595 847 4654 virtu-
903 4591 1022 4665 quidem
1036 4590 1091 4648 sub
1113 4589 1271 4647 assertione
1284 4589 1418 4646 docenda
1431 4589 1559 4647 veritatis
1576 4596 1749 4659 astruentes,

91 4723 92 4735 ,
125 4688 189 4750 post
219 4681 418 4739 remissionem
457 4690 642 4753 peccatorum
674 4691 865 4755 perceptam„
903 4681 1124 4750 utsatissnpra
1146 4677 1344 4745 meminimus,
1362 4678 1412 4734 sed
1435 4677 1696 4749 subquadampia
1712 4677 1750 4734 si·

91 4780 137 4825 ere
150 4769 299 4829 valeamus
314 4771 430 4828 inimico
445 4779 516 4829 tnnc
537 4772 739 4830 vehementius
754 4772 850 4830 insnr·
902 4766 1076 4824 militudinis
1107 4766 1223 4832 umbra,
1239 4779 1328 4837 quam
1358 4780 1410 4822 ¹1⁰⁵
1437 4765 1551 4825 Veritas
1579 4767 1687 4836 docuit,
1703 4767 1750 4825 du

91 4897 96 4912 .
119 4854 165 4914 Sic
190 4865 218 4915 ει
242 4867 344 4917 catera
368 4868 550 4918 sacramenta
577 4875 643 4931 qna
661 4861 691 4917 in
721 4860 849 4918 Ecclesia
901 4857 1057 4914 laudentes.
1071 4855 1136 4913 Non
1149 4855 1227 4912 enim
1242 4855 1297 4911 boc
1313 4854 1453 4925 opusculo
1468 4855 1618 4913 veritatem
1634 4857 1747 4922 docere,

91 4953 194 5004 runtnr
211 4960 248 5004 ex
275 4948 403 5006 bonitate
438 4949 489 5006 Dei
527 4948 648 5020 Spiritui
691 4950 848 5009 tribuenda
901 4945 950 5003 sed
965 4945 1118 5004 defendere
1132 4943 1320 5012 intendimus,
1337 4944 1612 5002 maximeadversus
1626 4945 1748 5016 psendo-

99 5032 184 5102 Nam,
199 5037 252 5093 etsi
277 5037 351 5094 idem
378 5039 415 5094 sit
437 5039 604 5095 dialecticos
633 5039 712 5110 qnod
739 5047 846 5109 orator,
900 5034 1084 5106 pbilosopbos
1102 5033 1154 5105 qui
1176 5046 1228 5088 nos
1252 5031 1459 5104 philosophicis
1478 5034 1602 5090 maxime
1622 5034 1743 5091 rationi-

95 5129 192 5181 tamen
211 5125 319 5183 oratori
335 5126 523 5184 tribuendum
551 5135 594 5184 εει
616 5128 779 5186 secundnm
806 5127 849 5186 ol·
900 5123 958 5181 bus
975 5123 1198 5195 aggrediuntur.
1221 5120 1301 5178 Unde
1317 5127 1344 5176 ει
1362 5135 1415 5178 nos
1429 5122 1615 5192 pereasdem,
1640 5122 1749 5181 scilicet

91 5210 121 5267 ui
137 5213 352 5283 proprietatem,
369 5215 448 5272 aliud
462 5215 619 5274 dialectico.
898 5211 1112 5285 philosophicas
1130 5209 1256 5267 rationes
1278 5224 1354 5281 quas
1379 5209 1455 5267 solas
1470 5211 1615 5282 recipiunt
1637 5218 1665 5269 et
1679 5212 1746 5284 qni·

91 5312 147 5357 rere
162 5300 281 5360 iortasee
300 5302 413 5374 aliquos
433 5304 537 5375 poterit
565 5305 645 5376 quod
665 5305 790 5364 dicimus
816 5305 846 5363 in
898 5300 955 5359 bus
975 5313 1028 5357 nos
1039 5299 1194 5370 impetunt,
1209 5297 1253 5354 eis
1268 5296 1413 5370 precipue
1425 5298 1589 5357 satisfacere
1613 5299 1741 5359 decreri-

91 5407 151 5475 tlta
162 5409 193 5465 in
212 5423 266 5466 ms.
283 5409 462 5481 relinquitur
475 5413 601 5483 spatium
616 5426 755 5483 vacuum,
766 5413 845 5485 quod
900 5406 1040 5466 ultimum
1070 5413 1184 5465 leuium
1221 5404 1345 5466 Verbum
1372 5406 1453 5480 ponii
1479 5406 1588 5465 scilieet
1625 5421 1746 5480 operm·

91 5493 152 5552 pare
182 5479 322 5540 debuemt
358 5481 437 5539 locus
465 5495 502 5541 ea
532 5481 560 5542 S.
584 5481 733 5558 Gregorio,
761 5484 848 5558 enjus
902 5485 965 5538 ιιιι.
