3804 5962
79 157 146 213 line
325 154 425 210 PETRI
455 154 637 209 ABAELARDI
665 153 741 210 OPP.
768 153 857 209 PARS
881 153 928 208 til.
948 181 985 194 -
1002 152 1221 211 inuocantes
1241 154 1284 209 ET
1303 119 1569 213 philosophica,
1765 155 1806 212 tit

73 275 248 334 cutncisionc
263 275 359 345 vellet,
379 276 406 333 ei
435 277 464 332 in
485 274 587 332 taciem
607 274 719 343 restitit,
737 282 765 333 et
787 276 841 334 hoc
854 276 917 348 ejns
932 275 956 331 ll
972 277 1050 345 tatis,
1086 286 1199 349 propter
1225 278 1304 351 quod
1327 277 1448 350 apostoli
1475 293 1537 337 esse
1567 284 1808 338 monstrantnre

73 366 202 422 studium
224 364 373 435 discipulis
400 363 522 435 loqttens
538 377 596 420 non
622 363 714 420 solum
730 363 855 434 culpam,
872 362 920 420 sed
976 367 1068 424 sancti
1088 367 1232 438 discipuli.

75 454 155 526 quod
177 461 218 510 est
242 454 347 524 mains,
376 451 564 522 hypocrisim,
586 451 614 507 ld
636 460 678 508 est
707 452 920 508 simulationem
1348 456 1446 515 xclv,

74 543 214 611 nominat,
245 542 362 597 dicens:
389 544 424 597 nt
452 542 625 595 simulatione
646 541 705 609 ejus
730 544 921 596 consenserant
976 542 1053 608 Quod
1078 546 1173 599 Petrus
1209 545 1341 600 instinctu
1367 543 1472 600 diaboli
1512 545 1630 600 Domina
1659 548 1810 615 persuasere

75 634 166 687 reteri
188 631 279 686 tadei
307 630 378 701 (dal.
408 645 438 698 u,
467 629 520 699 ta).
544 630 620 686 Idem
638 644 705 686 vero
726 629 921 700 apostolorum
1211 617 1298 670 citare
1307 620 1469 680 mortemer
1478 619 1584 670 contra·

76 720 198 791 primns,
223 734 289 776 curn
306 718 514 790 aquibnsdam
529 717 641 800 detrahi
657 717 691 773 de
706 717 786 774 Pauli
806 717 921 788 scriptis
1009 720 1135 776 Hilarius
1158 735 1240 790 snper
1261 721 1420 776 dtattbaeum
1434 739 1445 777 .·
1467 720 1541 778 Nam
1569 735 1644 778 cum
1673 721 1811 792 praedicant

75 816 252 880 agnosceret,
283 808 351 864 dicit
367 808 404 879 ιιι
436 809 513 862 Pctr.
545 821 585 874 ιιι,
615 804 675 876 llil:
701 807 777 862 Sicut
792 806 918 861 chaussi-
975 811 1117 881 eoepisset,
1145 818 1276 882 oportere
1296 824 1325 867 se
1341 809 1568 881 Hierosolymam
1583 809 1812 881 ire,patitlcind

74 912 134 952 ntus
149 899 240 964 trater
262 901 354 953 noster
382 895 484 950 Paulus
513 894 662 949 secundum
690 894 785 949 datam
812 895 864 948 sibi
879 910 921 949 sa·
976 897 1062 968 plura
1077 912 1094 954 a
1108 899 1272 956 senioribus
1287 898 1387 969 plebis,
1408 905 1467 956 eta
1489 898 1661 956 senioribus
1681 906 1711 956 el
1726 900 1810 971 prins

72 988 209 1056 pientiam
224 986 335 1055 scripsit
345 983 431 1050 vobo,
447 984 557 1053 loquens
577 985 606 1037 in
620 985 657 1037 2²7⁸
678 983 920 1050 maurocenos
976 987 1062 1058 pibus
1076 988 1267 1056 sacerdotnm,
1284 987 1372 1044 occidi
1393 986 1478 1044 etiam
1494 996 1521 1044 et
1537 994 1602 1060 post
1618 988 1742 1045 tertiam
1754 989 1810 1047 ιιι

74 1079 139 1128 stent
158 1073 284 1143 quaedam
299 1073 427 1142 difficilia
448 1072 596 1139 intellectu,
623 1086 682 1140 que
702 1071 807 1126 indocti
820 1072 921 1140 depra·
975 1089 1135 1147 resurgere,
1160 1075 1349 1146 apprehendit
1372 1090 1438 1133 eum
1455 1076 1556 1133 Petrus
1570 1083 1598 1132 el
1624 1075 1691 1132 ait:
1708 1075 1809 1132 atet·

74 1168 141 1217 aunt
155 1162 192 1217 ad
211 1177 290 1217 suam
304 1163 424 1231 ipsorum
438 1161 629 1230 perditionem.
659 1161 730 1216 Ecce
754 1160 862 1216 Paulus
891 1160 920 1215 in
976 1167 1009 1230 te,
1024 1166 1155 1219 Domine!
1171 1180 1224 1219 non
1246 1168 1297 1220 erit
1320 1165 1398 1219 istud
1413 1163 1519 1236 (blattis.
1544 1179 1606 1234 xva,
1634 1164 1696 1236 22).
1715 1165 1753 1221 At
1768 1165 1809 1237 ipe
1836 1176 1841 1229 l

75 1251 211 1321 npistolis
226 1251 287 1307 suis
308 1249 407 1305 scribit
427 1248 542 1305 Petrum
567 1248 840 1318 reprehensibilem
857 1261 921 1304 ecce
975 1266 1133 1308 conversus
1156 1252 1237 1308 Petro
1253 1252 1348 1308 dixit:
1366 1252 1442 1307 Vade
1459 1257 1531 1308 retra
1554 1258 1620 1322 past
1640 1268 1697 1319 me,
1711 1250 1808 1323 Satur

75 1342 178 1397 Petrus
189 1339 217 1396 in
240 1339 301 1395 suis
319 1338 420 1393 asserit
431 1337 553 1393 Paulum
579 1336 607 1392 in
623 1337 667 1393 his
687 1337 920 1407 conscripserat
975 1339 1173 1396 scandalumes
1185 1341 1262 1395 milti.
1280 1339 1382 1412 (ibid.)¹
1400 1340 1493 1412 igitur
1509 1348 1571 1411 post
1587 1341 1809 1412 praedicatione!

76 1429 294 1486 admirandum.
319 1428 399 1482 Certe
416 1426 471 1481 nisi
496 1425 610 1497 legisset
634 1425 734 1481 Petrus
759 1425 839 1482 Pauli
856 1425 921 1495 Epi·
975 1429 1117 1499 passionis
1137 1430 1280 1500 accipiens
1307 1428 1441 1486 diabolus
1469 1428 1640 1486 laenitatem
1669 1429 1808 1502 (usquead

76 1518 175 1584 stolae,
203 1531 262 1573 non
289 1516 444 1572 laudasset.
472 1513 500 1571 si
530 1522 626 1569 antem
654 1513 733 1584 legit,
763 1513 833 1584 qnia
864 1512 920 1568 illic
975 1518 1225 1588 tempusenimab
1249 1525 1461 1584 eosecesserat,
1484 1518 1556 1589 qnia
1576 1517 1753 1576 incredibile
1777 1533 1809 1576 ss

74 1608 135 1678 ipse
150 1604 387 1676 reprehensibilis
402 1603 554 1669 diceretur,
576 1601 697 1658 invenit.
714 1601 916 1672 Reprehensos
934 1633 954 1685 B
975 1607 1011 1663 tis
1025 1606 1161 1676 apostolis
1175 1606 1332 1674 videretur,
1357 1621 1424 1662 eum
1449 1605 1480 1662 in
1503 1620 1562 1677 qno
1579 1606 1662 1663 Dens
1684 1614 1747 1665 erat
1766 1621 1808 1665 esu

74 1703 125 1762 est,
143 1703 231 1766 atque
258 1693 284 1750 ei
306 1693 360 1749 hoc
374 1692 471 1762 ipsum
494 1689 615 1760 placuit,
636 1689 707 1759 qnia
736 1689 765 1744 in
786 1690 832 1745 his
858 1704 917 1745 non
973 1695 1160 1765 passibilem),
1177 1708 1295 1751 sumens
1311 1694 1386 1750 hanc
1408 1694 1545 1751 humanae
1576 1694 1807 1754 infidelitatum·

74 1786 238 1856 placuerat,
263 1796 328 1853 qnae
349 1779 431 1836 aliter
453 1793 541 1851 quam
557 1778 696 1834 debuerat
712 1778 810 1833 sensit.
826 1776 918 1848 Seque
971 1785 1127 1850 casionem,
1152 1783 1295 1855 opinionis
1325 1783 1409 1840 istius
1435 1782 1537 1840 Petrus
1565 1784 1734 1842 insinuarit
1756 1783 1806 1841 ets

73 1873 160 1931 etiam
174 1870 281 1928 minori
296 1869 379 1925 tratri
401 1869 437 1924 ad
464 1881 635 1924 consensum
663 1867 750 1934 dedit,
777 1874 864 1937 atque
888 1867 918 1923 in
971 1879 1060 1930 otum.
1095 1872 1227 1942 Denique
1256 1871 1296 1928 ita
1329 1871 1491 1942 passionem
1521 1871 1685 1929 detestatus
1709 1883 1760 1943 est,
1779 1876 1806 1930 'nt

76 1962 174 2019 eadem
191 1975 221 2017 re
237 1959 383 2016 lactnsest
398 1971 427 2013 se
447 1957 555 2022 minor,
575 1963 607 2012 ut
620 1955 707 2011 etiam
724 1954 753 2010 in
779 1955 833 2011 hoc
850 1969 920 2026 prae
972 1960 1078 2017 dixerit
1092 1961 1173 2026 absit,
1199 1975 1257 2032 qno
1273 1960 1363 2017 serbo
1387 1974 1486 2017 rerum
1508 1960 1751 2018 detestandarum
1766 1976 1806 2018 er·

75 2050 148 2121 iret;
173 2049 317 2121 quatenus
337 2046 513 2117 quiprimns
535 2052 597 2101 erat
612 2045 641 2100 in
657 2043 833 2114 apostolatus
861 2043 919 2099 cnl-
972 2049 1094 2105 secretio
1109 2050 1281 2104 continetur.
1313 2049 1366 2105 Sed
1385 2048 1478 2104 sciens
1502 2048 1649 2107 Dominus
1676 2049 1807 2108 diabdice

75 2139 164 2205 mine,
177 2144 250 2194 esset
271 2137 382 2207 primns
405 2144 432 2191 et
457 2135 486 2190 in
513 2133 793 2191 humilitateltem:
820 2134 919 2189 Eceea
972 2135 1319 2192 artisinstinctumPetro
1347 2136 1410 2191 ait:
1441 2135 1517 2192 Vade
1542 2141 1617 2190 retro
1634 2141 1704 2207 post
1727 2135 1806 2200 rie,il
1840 2126 1843 2133 '

74 2227 187 2284 minore
200 2240 254 2282 suo
265 2223 495 2295 reprehenditur,
519 2231 546 2278 et
569 2222 742 2292 reprehendi
772 2236 829 2278 non
840 2221 916 2278 dedi·
972 2231 1013 2278 est
1029 2231 1061 2280 nt
1081 2223 1212 2293 exemplo
1228 2223 1369 2294 passionis
1385 2237 1415 2280 se
1443 2231 1595 2294 sequatur.
1613 2224 1648 2280 ln
1662 2238 1806 2293 eumaem,

75 2322 193 2391 gnatur.
208 2313 271 2371 Non
283 2314 319 2369 ad
335 2308 504 2368 memoriam
520 2317 646 2376 revocat,
664 2310 735 2379 quid
759 2311 870 2379 primus
886 2309 915 2365 in
973 2327 1024 2383 per
1039 2325 1126 2383 quent
1141 2311 1237 2383 opinio
1259 2313 1319 2368 hec
1340 2312 1562 2384 suggerebatur,
1587 2327 1749 2371 conversus
1768 2313 1807 2369 ad

74 2402 268 2476 apostolatum
288 2408 409 2456 vocatus
429 2400 476 2466 sit,
493 2398 681 2470 quodclaves
700 2399 918 2470 regnicoelestis
969 2401 1061 2473 jecit:
1087 2401 1203 2466 satana,
1225 2401 1386 2456 scandalum
1412 2417 1438 2456 es
1457 2401 1537 2457 milri.
1562 2400 1629 2458 Non
1645 2403 1726 2460 enim
1752 2415 1807 2460 con·
1840 2430 1843 2435 ·

74 2490 223 2561 acceperit,
241 2501 426 2560 quecunque
449 2493 564 2557 peccata
588 2486 710 2542 interra
730 2487 862 2553 solveret,
874 2501 918 2543 es·
972 2491 1052 2546 venit
1066 2490 1243 2557 existimare,
1270 2492 1352 2546 Petro
1371 2489 1483 2546 Satanae
1503 2503 1610 2547 nomen
1633 2496 1664 2547 et
1690 2488 1806 2548 offensio

73 2579 244 2638 sentsoluta
268 2587 296 2634 et
319 2577 348 2633 in
369 2575 450 2645 coelo,
481 2583 534 2633 etc.
555 2577 735 2647 Hieronymns
763 2576 801 2630 ad
822 2576 917 2630 Pouli-
971 2590 1037 2633 nem
1056 2575 1185 2632 scandali
1199 2575 1331 2648 deputari
1349 2582 1411 2648 post
1438 2575 1488 2632 illa
1513 2574 1635 2632 indulte
1650 2582 1682 2632 et
1701 2575 1807 2632 beatitu-

74 2685 141 2725 nnm
167 2667 376 2738 presbyterum:
407 2663 515 2721 Paulus
531 2663 675 2734 apostolus
698 2677 749 2720 vas
773 2663 918 2720 electionis
972 2663 1048 2720 dinis
1070 2672 1098 2721 et
1113 2664 1261 2735 potestatis
1285 2671 1365 2720 tanta
1380 2664 1531 2736 praeconia.
1562 2661 1616 2720 sed
1632 2662 1805 2736 qniainllde

74 2758 109 2815 de
135 2763 318 2828 persecutore
338 2760 478 2818 mutatus,
503 2751 678 2809 novissimus
698 2752 729 2808 in
753 2751 862 2820 ordine,
888 2758 916 2808 et
973 2752 1039 2810 litas
1051 2752 1146 2809 omnis
1159 2752 1265 2810 diaboli
1282 2767 1355 2824 opus
1368 2762 1421 2820 est,
1446 2751 1519 2810 Petri
1545 2752 1734 2824 responsione
1758 2751 1805 2807 llo-

74 2846 187 2917 primus
202 2846 232 2901 in
249 2843 357 2900 meritis
385 2849 438 2909 est,
470 2840 551 2913 quia,
579 2847 727 2897 extremus
749 2839 826 2907 licet,
853 2839 918 2911 plus
974 2840 1071 2897 minus
1086 2840 1212 2897 ollensus
1227 2856 1293 2898 cnm
1316 2842 1470 2912 opprobrio
1495 2842 1624 2899 nominis
1639 2839 1805 2899 infidelitatis

72 2934 208 2991 omnihus
225 2934 345 2989 laborat.
361 2933 545 3002 Hieronymus
569 2929 606 2984 ad
629 2933 798 2986 Damasum:
821 2928 916 2984 Domi·
935 2921 957 2978 C
974 2928 1059 2984 istius
1087 2937 1128 2985 est
1141 2929 1296 2986 detestatus
1321 2937 1477 2986 auctorem.
1519 2931 1704 3000 Hieroapmus
1736 2942 1806 2999 repet

73 3019 487 3094 nnsatqueSalvatoromnia
511 3026 636 3074 nonest
664 3017 852 3085 inomnihns,
870 3017 919 3074 sed
973 3017 1132 3072 dlottbaeum
1151 3019 1203 3088 (ιι,
1219 3018 1255 3088 9).
1279 3020 1340 3074 Haec
1368 3020 1459 3074 amaia
1489 3019 1540 3074 tibi
1563 3019 1646 3086 dabo,
1673 3021 1699 3074 si
1720 3018 1806 3075 cadent

74 3126 140 3182 pars
155 3109 327 3182 insingnlis,
350 3108 430 3164 verbi
446 3106 539 3178 gratia
562 3107 590 3161 in
621 3105 771 3161 Salomone
801 3105 918 3176 sapien·
973 3105 1134 3161 adoraveris
1146 3121 1197 3161 me.
1224 3109 1296 3162 liena
1311 3107 1383 3163 dicit
1403 3110 1429 3163 ei
1448 3108 1533 3163 Jcsus
1549 3122 1555 3163 :
1573 3108 1649 3164 Vade
1664 3106 1805 3175 retrado-

73 3200 124 3267 tia,
146 3200 273 3255 inPetro
290 3197 367 3263 tides,
389 3195 417 3251 in
441 3197 551 3250 loanne
575 3193 740 3264 virginitas,
758 3193 786 3248 in
810 3192 919 3248 caeteris
972 3198 1058 3257 tarta;
1079 3194 1160 3251 Petro
1196 3194 1327 3256 dionunt
1358 3198 1434 3254 Vade
1457 3202 1529 3252 retra
1556 3213 1610 3264 me,
1634 3192 1802 3262 saturnali

74 3296 189 3345 caetera.
205 3287 277 3344 Cum
288 3293 385 3342 annm
414 3283 480 3338 huis
504 3281 665 3350 advenerit,
693 3288 763 3339 tunc
779 3280 918 3338 omniain
972 3289 1015 3340 est
1029 3296 1149 3354 sequere
1173 3296 1230 3354 me,
1250 3285 1303 3356 qul
1327 3283 1490 3342 contrarius
1516 3299 1547 3342 es
1573 3284 1719 3343 voluntati
1732 3297 1803 3350 mee,
1842 3340 1844 3351 ,

73 3374 288 3442 omnihuserit,
306 3371 461 3444 utsinguli
481 3378 647 3427 sanctorum
673 3384 771 3427 omnes
796 3371 919 3427 virtutes
973 3371 1021 3428 hic
1044 3385 1112 3428 vero
1141 3371 1229 3441 addit,
1253 3373 1324 3429 vade
1355 3378 1438 3441 retro,
1466 3373 1598 3444 Satanas,
1633 3381 1662 3432 et
1694 3387 1749 3431 non
1771 3370 1805 3428 di

74 3463 212 3530 habeant,
238 3470 265 3518 et
288 3461 324 3518 sit
349 3468 426 3517 totus
449 3459 580 3516 Christus
603 3458 632 3514 in
654 3459 776 3515 cunctis.
801 3459 916 3514 Ambro-
973 3467 1050 3517 citur
1071 3465 1144 3516 retro
1183 3476 1234 3530 me,
1270 3469 1303 3518 ut
1329 3461 1533 3533 subaudiatur,
1560 3461 1636 3520 vade
1664 3461 1802 3534 inignem
1842 3454 1844 3461 '

73 3556 132 3610 sius
155 3569 238 3624 super
259 3553 361 3607 Lucam
385 3550 438 3622 (rx,
466 3549 531 3621 ι7);
557 3549 628 3604 Sunt
650 3549 738 3618 aliqui
761 3549 789 3604 bi
814 3553 918 3604 stantes
973 3555 1123 3607 aelernum.
1842 3552 1844 3559 '

73 3645 122 3713 qni
142 3657 197 3697 nan
220 3641 370 3709 gustabunt
396 3644 517 3706 mortem,
554 3637 635 3692 donec
662 3638 773 3692 uideant
804 3653 918 3706 regnum
1356 3638 1434 3698 xcv,

72 3734 129 3788 Dei.
151 3728 414 3789 Nondeomnibus
442 3727 507 3798 (ιθ),
537 3726 585 3783 sed
613 3726 649 3782 de
673 3725 808 3797 pluribus
836 3726 915 3783 dicit.
973 3725 1050 3793 Quod
1076 3726 1150 3784 solus
1182 3726 1306 3785 Christus
1329 3729 1540 3797 mandamentum
1569 3730 1608 3784 sit
1632 3728 1801 3796 liuterius

72 3823 174 3893 Neque
196 3819 273 3876 enim
297 3819 398 3874 Petrus
427 3824 469 3873 est
499 3823 640 3880 mortuus,
662 3815 709 3870 cni
733 3814 818 3872 inlesi
838 3823 918 3885 porta
1343 3805 1447 3854 wilm·

73 3909 230 3982 prevalere
245 3923 302 3964 non
318 3905 421 3978 potuit,
442 3919 495 3961 uec
512 3903 637 3960 lacobus
661 3912 687 3958 et
706 3905 829 3960 loannes
843 3919 916 3960 mor·
1007 3906 1110 3960 Paulus
1129 3906 1159 3960 in
1170 3904 1263 3976 prima
1281 3906 1408 3975 Epistola
1437 3905 1475 3961 ad
1492 3905 1673 3971 Corinthios:
1706 3904 1805 3964 Funda-

73 3999 127 4068 tni,
144 3997 196 4054 tilii
212 3995 341 4062 tonitrui,
363 3994 472 4065 quibus
496 3994 525 4048 in
553 3993 650 4049 risum
664 3993 719 4064 (dl)
737 3992 835 4065 gloriae
865 4007 918 4050 cue⁴
972 3999 1102 4050 mentum
1116 3993 1195 4050 enim
1223 3993 1302 4051 aliud
1326 4008 1411 4051 nemo
1435 4001 1525 4065 polest
1544 4009 1652 4065 ponere
1671 4003 1772 4067 prater
1784 3991 1807 4050 ιι

73 4087 150 4144 lestis
168 4085 323 4157 assumptis
338 4098 394 4140 non
411 4082 568 4153 prevalent
592 4089 716 4151 terrena,
746 4081 795 4138 sed
818 4081 915 4153 subja·
972 4081 1050 4152 quod
1066 4081 1192 4153 positum
1219 4089 1272 4151 est,
1289 4082 1366 4154 quod
1381 4091 1422 4141 est
1447 4082 1578 4141 Christus
1601 4086 1697 4143 lesus.
1722 4086 1808 4154 Aaou

72 4183 146 4233 cent.
163 4178 231 4232 Item
250 4191 257 4232 ι
274 4175 349 4244 Ergo
366 4178 399 4229 ut
423 4171 496 4228 scias
522 4169 593 4240 quia
608 4171 711 4226 Petrus
743 4178 770 4226 et
793 4170 917 4228 lacobus
932 4172 954 4228 ll
971 4172 1060 4226 stinus
1072 4163 1307 4227 detractationem
1322 4172 1567 4243 contraepr'stolam
1576 4175 1733 4230 donatiani
1748 4172 1809 4247 (ιιιι
1842 4238 1844 4247 Ι

72 4272 100 4323 et
111 4268 237 4323 loannes
251 4270 370 4318 mortem
394 4276 452 4317 non
479 4258 671 4330 gustaverint,
687 4257 810 4330 gloriam
823 4273 917 4316 resur·
971 4257 1038 4314 Dixi
1052 4259 1086 4315 de
1100 4258 1226 4330 apostolo
1241 4259 1324 4317 Petro
1349 4260 1426 4332 qnod
1456 4261 1486 4317 in
1505 4260 1554 4317 illo
1569 4268 1715 4335 unquam
1731 4264 1811 4334 iope
1842 4278 1844 4297 ²

71 4353 204 4412 rectionis
223 4351 320 4409 videre
340 4355 519 4407 mernerunt.
551 4347 630 4404 Solos
657 4347 733 4403 enim
764 4355 821 4405 tres
848 4348 917 4407 istos
971 4355 1016 4406 tra
1030 4347 1151 4405 lundata
1165 4348 1201 4405 sit
1223 4348 1367 4421 Ecclesia;
1394 4349 1666 4422 quisensusetiam
1685 4359 1811 4410 cantatur

72 4443 206 4515 posthaec
227 4441 317 4497 verba
340 4439 369 4495 in
389 4437 491 4494 diebus
505 4444 569 4494 octo
599 4435 755 4507 assumpsit
779 4445 806 4494 et
826 4439 910 4495 duxit
971 4436 1001 4492 in
1015 4435 1149 4493 versibus
1160 4436 1237 4494 beati
1248 4436 1402 4505 Ambrosii,
1427 4438 1527 4496 ubido
1555 4437 1634 4510 gallo
1659 4439 1810 4513 gallinacei

73 4531 102 4587 in
129 4536 266 4586 montem.
290 4529 382 4584 item:
411 4526 479 4583 'lres
503 4533 601 4582 autem
622 4523 675 4580 soli
698 4532 725 4582 et
753 4531 811 4582 tres
834 4526 916 4583 electi
970 4523 1113 4594 ait;hoc,
1130 4523 1192 4596 ipsa
1220 4532 1302 4596 petra
1326 4526 1459 4584 Ecclesia
1475 4534 1606 4596 canente,
1639 4529 1761 4601 culpam
1781 4528 1810 4586 di

71 4620 220 4677 ducuntur
241 4622 272 4672 in
293 4623 429 4672 montem.
454 4615 555 4671 Petrus
581 4613 720 4681 ascendit,
744 4614 796 4685 qui
819 4615 916 4673 claves
970 4613 1098 4683 luit3sed
1112 4615 1171 4671 scio
1184 4630 1229 4672 me
1241 4623 1339 4687 postea
1352 4617 1395 4673 sic
1404 4617 1573 4688 exposuisse
1587 4618 1670 4688 qnod
1684 4619 1807 4681 dictum:

70 4705 154 4780 regni
174 4706 313 4764 coelorum
337 4706 460 4774 accepit3
486 4703 618 4771 loannes,
650 4702 696 4758 cui
725 4703 915 4761 committitur
971 4705 1012 4759 Tu
1030 4719 1056 4759 es
1071 4705 1179 4772 Petrus,
1190 4709 1216 4759 ct
1229 4721 1311 4776 super
1335 4705 1404 4761 hanc
1423 4711 1533 4777 petram
1559 4705 1704 4778 aedificabo
1728 4708 1809 4765 lisele·

71 4803 177 4866 mater;
211 4794 345 4860 lacobus,
376 4792 428 4864 qui
473 4790 583 4863 primus
610 4789 714 4847 solium
741 4790 916 4848 sacerdotale
970 4797 1040 4848 siam
1055 4794 1260 4863 mecmtdlottlt.
1285 4808 1345 4864 ιιιι,
1364 4794 1415 4864 aa),
1441 4802 1473 4851 ut
1500 4808 1588 4866 super
1616 4795 1700 4854 hunc
1714 4795 1809 4855 intelli·

71 4883 245 4941 conscendit.
267 4883 440 4951 Augustinus
455 4896 537 4951 suprr
559 4879 709 4950 Epistotam
723 4880 760 4935 ad
779 4879 913 4942 Galatas:
970 4888 1096 4954 geretur,
1120 4896 1207 4953 quem
1225 4883 1373 4941 confessus
1401 4891 1444 4941 est
1471 4884 1574 4942 Petrus
1599 4884 1776 4944 dicens21lt
1789 4897 1810 4939 e

71 4973 172 5030 Petrus
191 4971 356 5030 etlacobus
377 4978 404 5027 et
436 4970 560 5026 ioannes
581 4968 777 5025 honoratiores
792 4966 821 5024 in
843 4983 915 5040 apo·
970 4968 1103 5040 Christus,
1129 4972 1216 5028 Filias
1236 4974 1285 5028 liei
1306 4973 1383 5038 oiri;
1405 4987 1439 5029 ac
1467 4973 1491 5030 si
1515 4975 1629 5040 Petrus,
1650 4975 1810 5046 abhscpr

70 5061 150 5121 stolis
164 5069 256 5130 erant,
275 5060 346 5132 quia
365 5058 434 5130 ipsis
448 5059 544 5116 tribus
559 5072 588 5115 se
611 5056 641 5114 in
663 5065 760 5114 monte
775 5057 915 5115 Dominus
968 5064 1015 5116 tra
1035 5058 1206 5131 appellatus,
1232 5075 1385 5131 personam
1414 5061 1547 5118 Ecclesia
1573 5061 1729 5134 figuraret,
1751 5073 1809 5121 cun

71 5149 202 5209 ostendit.
224 5150 380 5220 symbolum
402 5149 534 5220 Ephesius·
554 5145 686 5206 concilii:
710 5148 840 5219 lienique
864 5147 912 5204 Pe·
968 5161 1055 5218 super
1069 5148 1145 5205 hanc
1160 5157 1271 5220 petram
1294 5150 1495 5208 aeditlcaretnr.
1516 5153 1577 5209 lion
1604 5152 1685 5208 eninr
1708 5152 1807 5210 diana

69 5246 133 5298 trus
141 5246 168 5297 et
183 5239 306 5296 loannes
321 5237 449 5310 aquales
466 5243 536 5296 sunt
557 5236 594 5293 ad
622 5235 795 5295 alterutrum
818 5234 911 5308 digni·
967 5244 1010 5295 est
1024 5235 1065 5293 illi
1080 5251 1087 5293 :
1104 5237 1148 5295 Tu
1164 5253 1195 5293 es
1210 5246 1301 5310 petra,
1322 5237 1372 5297 sed
1386 5246 1417 5298 tu
1432 5253 1462 5298 es
1483 5238 1586 5298 Petrus
1592 5254 1603 5312 3
1618 5248 1705 5313 petra
1721 5248 1807 5300 anun

118 5344 163 5485 6οζ
177 5345 266 5401 Ειιιι.
282 5359 344 5399 una.
1003 5344 1061 5414 (ιι)
1074 5341 1161 5402 Cous.
1177 5347 1336 5402 donatiani.

118 5415 149 5468 bl
174 5415 261 5472 Editt.
277 5417 307 5470 in
321 5429 409 5470 usum.
