3804 5962
722 183 837 242 8Μο
855 185 942 243 xsxl.
1661 192 1715 249 tte

79 308 114 367 ris
126 307 240 379 ciliciis,
254 315 283 368 et
298 307 453 383 disciplina
467 309 595 384 regulari
616 324 675 368 non
702 309 808 368 minori
823 311 847 367 ll
862 319 915 381 cst,
946 318 975 371 el
992 310 1099 372 multos
1112 310 1213 384 [capit
1226 310 1424 385 quorumlibet
1448 313 1660 371 continentium
1672 313 1713 372 vi·

79 410 257 470 perseverare
281 413 372 470 quam
397 406 501 457 caetera
526 400 577 456 Dei
604 399 698 472 gratia
724 400 805 458 nevi·
867 409 924 459 tam
937 400 1078 474 designat.
1095 401 1130 458 Hi
1147 415 1275 473 namque
1289 416 1348 474 quc
1362 401 1488 473 amplius
1508 402 1545 460 ab
1563 400 1712 474 inquietu-

79 487 121 546 'ed
148 488 262 545 novella
279 489 343 560 eius
373 489 471 546 adbuc
497 496 524 546 et
545 497 643 547 tenera
669 489 810 561 plantatio
867 490 933 548 dine
946 489 1129 549 saecularium
1150 505 1289 549 curarum
1304 499 1372 549 sunt
1396 491 1509 561 remoti,
1534 505 1588 549 nec
1611 492 1712 564 eonju-

101 585 135 635 ιιι
167 585 285 645 crescat,
315 578 435 638 colenda
463 586 505 636 est
527 578 725 652 eleemosynis.
750 578 811 635 Eii—
868 580 981 654 gaiibus
1003 580 1139 639 molestiis
1162 580 1301 652 impliciti,
1323 580 1458 651 ampliori
1483 581 1581 652 quiete
1608 571 1714 639 iruun-

79 665 154 727 vobis
168 675 238 724 sunt
254 680 406 740 pauperes,
423 675 452 726 et
482 667 663 740 eleemosyna
689 681 749 740 qua
768 681 811 724 re·
868 677 925 726 tur.
952 669 1005 727 Sed
1024 669 1094 742 quia
1107 679 1135 728 et
1150 671 1224 728 inter
1239 670 1366 743 virgines
1387 671 1534 728 nonnullae
1559 670 1647 728 lature
1667 671 1711 728 in·

83 755 223 813 coelorum
245 770 339 812 emere
360 757 460 829 vultis,
484 771 542 814 non
571 765 674 815 temere
696 756 814 815 cuilibet
867 757 1029 817 veniuntur
1047 774 1112 832 quac
1125 775 1142 817 a
1156 774 1260 832 sponso
1289 760 1388 818 clausa
1404 759 1498 831 janua
1519 758 1711 831 repelluntur,

79 845 155 914 2nda3
171 845 220 902 sed
247 845 341 912 sudet,
357 847 432 904 sicut
455 848 597 918 scriptum
618 855 671 913 est,
689 848 810 904 eleemo·
868 855 896 905 ct
922 847 1004 905 multi
1031 856 1094 919 post
1120 863 1235 908 sacrum
1259 849 1436 920 propositum
1461 855 1665 920 apostatantur
1688 857 1715 907 et

93 947 183 990 manu
208 942 268 1001 tua,
298 936 388 992 donec
406 935 539 993 invenias
554 938 606 1007 qui
635 937 741 1009 dignus
767 936 813 1006 sit,
868 937 905 995 cb
929 938 1136 996 bocassumia
1157 953 1262 1009 sponso
1286 952 1344 995 nun
1362 945 1520 1007 merentur,
1550 938 1714 1011 derelinqui

79 1023 129 1081 tibi
154 1032 287 1081 occurrat
307 1024 358 1081 ubi
372 1038 436 1082 eam
453 1025 543 1096 possis
562 1026 634 1082 bene
663 1025 813 1091 collocare,
869 1026 1016 1085 dicuntur.
1046 1028 1180 1085 Lectulus
1195 1042 1274 1095 vero,
1303 1025 1355 1099 qui
1370 1027 1477 1085 arctior
1500 1035 1543 1086 est
1556 1035 1584 1085 ct
1608 1042 1716 1099 paucus

79 1113 104 1169 in
119 1111 209 1183 prelio
224 1120 310 1170 tautae
334 1114 375 1171 rei
396 1114 441 1172 vis
470 1129 585 1186 ponere.
608 1114 815 1173 considerandi
870 1117 957 1186 capit,
971 1121 1086 1175 'sanctae
1103 1116 1285 1176 continentiae
1310 1117 1436 1190 quietem
1459 1117 1607 1189 exprimit,
1630 1117 1716 1189 euius

79 1215 207 1273 superes,
225 1203 319 1274 quite
342 1204 451 1275 possint
479 1203 589 1262 meritis
613 1205 672 1262 suis
692 1208 720 1261 et
748 1218 815 1262 cre·
868 1206 936 1263 vitae
952 1205 1086 1277 perfectio
1098 1208 1153 1265 bec
1166 1222 1195 1264 se
1214 1205 1323 1263 arctius
1337 1206 1481 1280 astringit,
1495 1215 1523 1264 et
1550 1207 1633 1278 quasi
1647 1221 1715 1264 cum

79 1289 190 1349 silluc
222 1291 423 1361 introducere;
455 1294 525 1366 quia
552 1293 675 1351 stultum
707 1300 750 1352 est
779 1294 816 1352 ab
869 1310 903 1353 eo
919 1308 997 1352 uuus
1016 1295 1135 1366 spiritus
1151 1295 1200 1353 lt.
1223 1295 1334 1353 Talium
1350 1295 1409 1353 vita
1438 1295 1638 1367 uesperum
1662 1308 1717 1351 va·

82 1386 164 1438 terna
190 1381 377 1438 tabernacula
405 1396 532 1453 sperare,
558 1384 609 1454 qui
640 1391 672 1440 ut
690 1396 724 1440 ea
743 1383 816 1441 obti·
871 1398 950 1450 cans,
979 1392 1068 1456 atque
1096 1385 1138 1441 ilii
1161 1385 1213 1442 soli
1238 1384 1342 1454 dedita,
1368 1399 1479 1456 sponsas
1502 1384 1620 1442 nomine
1641 1391 1717 1442 recte

79 1468 190 1526 ninime
212 1485 263 1527 scu
292 1483 395 1541 panum
425 1471 567 1539 laborant,
592 1472 645 1544 qui
673 1474 819 1530 coactione
871 1481 1012 1541 censetur,
1029 1474 1077 1532 sed
1094 1481 1164 1531 tuuc
1193 1474 1298 1532 rectius
1312 1482 1340 1531 et
1361 1474 1533 1546 specialiter,
1556 1488 1624 1531 cum
1635 1476 1717 1530 tanta

79 1571 161 1630 puam
177 1557 325 1616 voluntate
351 1568 420 1618 sunt
436 1574 584 1632 pauperes,
610 1561 696 1618 rebus
723 1561 817 1632 potius
832 1593 853 1649 B
871 1562 965 1620 virtus
976 1562 1005 1619 in
1015 1562 1128 1619 leminis
1140 1563 1387 1635 praeminet,quae,
1405 1562 1482 1620 virili
1506 1561 1610 1633 copula
1635 1575 1718 1632 spre-

81 1647 197 1718 spiritu,
225 1647 308 1704 inviti
334 1651 429 1719 potius
459 1663 548 1720 quam
581 1650 741 1721 spontanei.
777 1652 813 1707 lo
871 1659 909 1714 ta.
933 1660 962 1708 et
987 1652 1156 1724 contemptis
1181 1652 1391 1722 voluptatibus,
1421 1651 1568 1709 Christum
1591 1650 1646 1709 sibi
1666 1664 1718 1721 pro

104 1751 190 1805 mom,
215 1736 357 1793 Dominus
386 1738 493 1809 inquit,
516 1743 542 1793 et
568 1741 680 1795 sectetis
709 1738 746 1794 cd
774 1754 815 1794 me
870 1742 974 1798 marito
999 1749 1228 1812 proposuerunt:
1245 1750 1304 1798 nun
1327 1740 1421 1799 solum
1446 1741 1584 1814 virgines,
1613 1749 1646 1798 ut
1661 1741 1719 1797 bia·

105 1840 177 1894 xxv,
218 1827 273 1899 36).
310 1826 457 1885 Nonnulla
494 1829 691 1886 misericordia
719 1830 814 1886 cstcis
870 1832 924 1898 ria,
943 1831 1091 1889 sedetiam
1107 1830 1213 1900 vidua,
1236 1831 1310 1888 sicut
1326 1835 1419 1899 Anna,
1434 1838 1462 1887 et
1476 1845 1542 1902 quae
1569 1829 1718 1887 abrenun-

79 1914 233 1985 tubvenire,
262 1917 313 1987 qui
333 1915 363 1972 in
388 1916 552 1974 carceribus
581 1916 732 1975 bominum
767 1919 814 1974 in·
871 1919 974 1978 tiantes
1006 1920 1121 1988 saecule,
1160 1920 1315 1990 apostolico
1355 1919 1542 1976 adhaerebant
1586 1917 1716 1990 collegio.

80 2004 249 2074 entur3sed
268 2005 458 2086 maximaest
488 2006 533 2064 bis
559 2006 724 2074 subvenire,
750 2022 815 2078 que
871 2011 947 2074 Quas
979 2007 1104 2080 denique
1141 2007 1261 2079 apostoli
1282 2015 1361 2066 tanto
1389 2007 1502 2078 pietatis
1529 2019 1626 2063 amore
1650 2012 1719 2063 sunt

79 2101 111 2150 :te
126 2093 240 2150 bomini
264 2095 429 2151 carceribus
445 2095 473 2151 in
498 2103 636 2166 perpetuo
667 2097 815 2167 mancipe·
871 2097 1007 2169 amplexi,
1030 2104 1073 2168 ut,
1097 2112 1162 2155 cum
1192 2104 1338 2154 crescente
1361 2110 1482 2154 numeru
1510 2095 1639 2153 fidelium
1664 2092 1717 2165 ipsi

79 2182 189 2244 ‚donee
203 2197 307 2254 sponso
328 2193 512 2242 occurrentes
527 2199 593 2241 cum
624 2186 683 2256 ipso
708 2184 817 2243 intrent
869 2188 929 2260 jam
945 2194 977 2245 ut
996 2193 1082 2244 antea
1104 2186 1210 2244 mensis
1233 2201 1335 2243 earum
1362 2200 1420 2242 nun
1443 2184 1608 2243 sufficerent
1630 2182 1720 2239 mini-

79 2271 149 2341 tias,
170 2271 245 2329 sicui
275 2271 395 2342 ipsemet
423 2287 547 2344 sponsus
575 2274 676 2331 asserit
702 2274 815 2331 dicens:
872 2284 972 2344 strare,
996 2284 1103 2348 septem
1123 2276 1193 2333 buic
1217 2276 1310 2333 officio
1339 2275 1484 2345 diaconos,
1508 2273 1537 2330 id
1561 2281 1603 2330 est
1634 2271 1719 2328 mini·

79 2366 200 2432 *purete
214 2365 293 2417 erum
317 2364 492 2417 intruserunt
510 2377 613 2418 comeo
640 2363 678 2417 ud
704 2365 817 2432 nacptios
871 2373 945 2423 atros
983 2365 1195 2437 deputaverint,
1234 2363 1344 2438 quibus
1375 2377 1477 2420 earum
1514 2359 1719 2419 necessitudini

90 2450 195 2522 l0)‚ut
220 2449 290 2506 illuc
312 2451 445 2508 videlieet
469 2452 554 2521 qussi
577 2452 819 2509 uxoresassidua
872 2454 1024 2526 diligenter
1070 2453 1299 2525 providentibus,
1357 2452 1425 2524 ipsae
1462 2451 1585 2522 spiritali
1622 2449 1719 2506 lectuli

79 2539 183 2596 tatione
204 2539 285 2606 bant,
309 2554 376 2610 quae
404 2539 451 2596 bic
474 2540 648 2597 exstiterunt
671 2548 811 2612 tanquam
873 2543 968 2615 quiete
985 2542 1150 2600 fruerentur
1164 2542 1310 2612 ampliore.
1328 2542 1368 2599 De
1383 2555 1511 2614 quorum
1527 2553 1644 2612 quoque
1661 2553 1720 2596 nu-

79 2646 94 2683 ι.
124 2627 169 2684 Ad
196 2641 285 2699 quam
315 2628 431 2699 quidem
474 2629 631 2687 coelestium
656 2630 817 2687 societatem
873 2646 962 2701 mero,
988 2632 1062 2688 sicut
1082 2638 1110 2689 et
1134 2631 1168 2688 de
1184 2638 1260 2689 coelu
1288 2630 1444 2703 apostolice
1459 2628 1600 2685 diabolica
1624 2635 1720 2685 tenta-

79 2731 142 2775 rnm
156 2720 188 2774 et
204 2724 312 2775 aeterna
329 2717 527 2786 tabernacula,
544 2719 612 2790 ipsae
635 2734 686 2777 vos
711 2719 819 2778 meritis
873 2721 950 2778 tione
965 2734 1024 2778 uno
1040 2719 1164 2783 cribrato
1178 2727 1207 2777 et
1216 2720 1366 2789 ventilato,
1394 2723 1575 2775 sextantum
1605 2715 1719 2772 diaconi

79 2807 267 2871 recessionibus
280 2808 341 2864 suis
354 2822 466 2878 sponsae
494 2822 592 2865 seeum
622 2808 817 2877 introducant,
874 2810 962 2883 bujus
975 2810 1031 2868 viri
1054 2809 1212 2867 Salomonis
1237 2808 1334 2865 lectuli
1359 2807 1501 2877 custodes,
1524 2813 1552 2863 et
1575 2809 1718 2875 tanquam

79 2910 147 2968 per
159 2908 210 2952 eas
221 2896 384 2968 percipiatis
398 2905 516 2965 aeterna,
541 2911 608 2967 quac
623 2897 670 2954 bic
692 2911 710 2954 a
737 2899 819 2955 vobis
874 2899 1005 2958 excubiae
1019 2909 1168 2958 nocturnae
1182 2905 1393 2955 remanserunt.
1410 2897 1450 2953 De
1460 2894 1567 2966 quibus
1582 2906 1662 2950 nunc
1678 2892 1720 2948 di·

79 2993 133 3044 unt
150 2986 332 3057 temporatia,
347 2994 501 3057 praestante
515 2987 576 3058 ipso
590 3000 690 3045 earum
715 3002 821 3058 sponso
837 2958 858 3014 C
877 2988 966 3046 citur:
986 2991 1029 3045 En
1053 2988 1353 3053 lectulumsulcmonis,
1377 2992 1431 3042 etc.
1468 2984 1509 3040 Ae
1537 2982 1561 3039 si
1590 2988 1720 3053 patenter

79 3077 173 3134 eiesu
188 3075 309 3144 Christo,
339 3076 387 3132 cui
407 3083 449 3134 est
476 3076 568 3134 bonor
593 3085 622 3134 et
642 3077 745 3151 gloria,
768 3092 818 3149 per
877 3077 1037 3135 diceretur:
1065 3077 1127 3134 lam
1155 3075 1185 3131 in
1205 3075 1259 3132 bac
1285 3073 1428 3132 incarnati
1453 3072 1539 3129 Verbi
1568 3069 1720 3128 manifesta

79 3164 212 3224 iacula.
229 3167 329 3222 Amen.
876 3165 1061 3225 foederatione
1077 3164 1140 3223 veri
1154 3163 1313 3221 Salomonis
1328 3163 1466 3221 lectulum
1488 3160 1641 3232 sexaginta
1664 3157 1722 3216 viri

875 3255 962 3314 fortes
982 3254 1135 3327 diiigenter
1163 3253 1316 3311 ambiendo
1330 3259 1358 3311 et
1377 3249 1634 3322 circumspiciendo
1660 3261 1723 3318 pro·

313 3332 546 3392 SERMOXXX1·
876 3352 988 3417 tegunt,
1023 3358 1059 3402 ne
1098 3358 1157 3417 quc
1198 3342 1347 3402 diabolicae
1382 3340 1546 3399 tentationis
1579 3337 1721 3398 adulterio

876 3433 1010 3498 violetur,
1053 3447 1089 3490 ne
1131 3447 1189 3504 quo
1226 3432 1387 3490 carnalium
1413 3431 1593 3502 voluptatum
1623 3436 1722 3485 eonta-

877 3523 925 3597 gic
940 3521 1112 3592 maculetur,
1134 3530 1186 3579 aut
1200 3536 1279 3580 curm
1303 3520 1461 3579 mundialis
1481 3518 1656 3578 tumultibus
1676 3517 1722 3573 in·

877 3613 1032 3684 quietatur.

913 3699 1126 3773 sexagenarius
1149 3712 1289 3756 numerus
1311 3704 1421 3754 cunstat
1436 3711 1473 3754 ex
1497 3695 1611 3753 senario
1634 3703 1723 3767 atque

79 3790 200 3847 actutum
226 3791 378 3846 salomnis
405 3787 554 3859 sacopenio
580 3790 666 3856 (ortes
698 3789 824 3847 ambiunt
878 3790 1007 3858 denario,
1024 3788 1094 3860 quia
1106 3787 1200 3845 sexies
1209 3787 1304 3845 decem
1321 3787 1474 3859 sexaginta
1489 3785 1574 3842 bunt.
1590 3784 1644 3842 Sex
1672 3798 1723 3840 au·

79 3881 405 3945 tissimisisroel,omnes
440 3883 559 3935 tenentes
588 3878 708 3947 plautas,
733 3884 760 3935 et
785 3880 823 3935 ud
879 3888 934 3938 tem
950 3878 990 3936 ilii
1011 3876 1124 3934 diaconi
1140 3884 1198 3934 tam
1220 3875 1366 3933 senarium
1386 3875 1416 3932 iu
1444 3882 1566 3931 numeru
1588 3886 1641 3928 suo
1667 3870 1721 3929 ha·

79 3969 240 4027 icctbsimi.
271 3969 489 4038 Uniuseujuspue
532 3969 603 4024 ensis
630 3983 713 4039 super
735 3971 825 4037 {emur
879 3969 1017 4039 buerunt,
1037 3980 1126 4038 quam
1141 3967 1171 4024 in
1199 3965 1369 4037 perfectione
1392 3971 1419 4022 et
1444 3960 1574 4021 custodia
1602 3961 1723 4017 manda·

88 4061 205 4130 propter
239 4059 348 4113 timores
390 4062 537 4113 nocturnos
572 4059 688 4125 (Caulo.
723 4073 764 4126 ιιι,
786 4058 822 4128 7).
878 4065 974 4116 torum
996 4057 1055 4120 bei,
1073 4070 1139 4127 quae
1165 4068 1217 4126 per
1239 4052 1412 4124 Decalogum
1428 4049 1499 4123 legis
1522 4050 1722 4131 designantur,

80 4147 226 4221 gloriosus
248 4155 277 4203 et
299 4159 388 4218 quam
406 4147 559 4218 pretiosus,
576 4146 688 4214 iratres,
721 4146 773 4204 iste
789 4148 825 4204 sit
878 4146 1029 4205 denarium
1050 4149 1216 4202 tenuerunt.
1232 4141 1278 4199 Sic
1296 4141 1386 4213 igitur
1401 4141 1430 4198 in
1443 4140 1484 4197 eis
1504 4139 1617 4197 serrano
1635 4146 1724 4210 atque

79 4251 99 4295 s
126 4235 297 4300 Salomonis,
318 4235 365 4292 cui
390 4243 448 4292 tam
475 4233 599 4306 diligens
624 4236 755 4292 custodia
783 4242 825 4293 tot
840 4263 862 4316 D
879 4237 997 4293 denario
1021 4235 1129 4306 pariter
1156 4231 1330 4304 conjunctis,
1355 4239 1430 4289 recte
1457 4229 1609 4302 sexaginta
1635 4227 1725 4285 luisse

79 4338 167 4385 orum
185 4325 227 4384 sie
242 4326 373 4383 virorum
395 4332 637 4395 praeparaturum,
665 4324 707 4381 sic
729 4339 823 4381 arma·
880 4325 1078 4396 perhibentur.
1115 4323 1214 4381 Fortes
1249 4321 1405 4394 precipue,
1434 4335 1487 4378 nee
1506 4321 1537 4378 in
1556 4317 1724 4377 carnalibus

85 4415 257 4487 deputatur,
273 4414 373 4471 mirari
385 4414 478 4486 magis
492 4413 692 4485 quamelcqui
721 4428 822 4485 possu·
877 4415 1010 4473 remissos
1027 4412 1296 4484 voluptatibusesse
1319 4409 1458 4482 oportuit,
1474 4409 1526 4482 qui
1554 4415 1723 4467 sanctarum

79 4503 137 4570 mid
160 4505 191 4560 in
219 4504 352 4562 noctibus
376 4516 429 4562 rex
455 4511 554 4561 tantus
587 4504 743 4571 metuebat,
770 4503 823 4576 qui
877 4503 1052 4561 castimoniae
1074 4501 1250 4560 leminarum
1275 4499 1407 4558 custodes
1431 4498 1584 4571 prepositi.
1601 4498 1726 4569 bequo-

79 4609 87 4652 ι
104 4607 224 4666 qnoque
244 4592 361 4649 numine
388 4607 451 4660 suc,
477 4599 617 4664 quautam
642 4592 679 4648 sit
702 4582 824 4664 adeptus
877 4606 944 4650 rum
959 4590 1077 4663 collegio
1093 4590 1139 4646 ille
1153 4589 1233 4647 solus
1250 4587 1357 4660 expelli
1373 4586 1488 4674 meruit,
1505 4585 1558 4656 qui
1585 4583 1644 4641 zelo
1658 4581 1724 4655 pul·

79 4724 85 4752 ,
114 4681 264 4739 insinuati
283 4681 367 4749 Quid,
384 4682 516 4752 inquam,
533 4682 562 4738 in
578 4680 710 4738 noctibus
730 4682 824 4753 potius
878 4683 955 4738 ebrae
969 4680 1103 4753 coniugis
1121 4694 1180 4737 suae
1196 4679 1325 4736 nimium
1362 4689 1502 4744 ensesue,
1528 4688 1581 4731 nec
1607 4673 1645 4731 ab
1670 4671 1726 4744 bap

79 4771 110 4831 in
126 4771 229 4829 diebus
254 4770 420 4838 verebatur,
441 4776 474 4827 ut
494 4777 578 4844 tanta¹
594 4771 730 4828 custodia
758 4785 823 4842 pro·
878 4769 1118 4841 concupiscentius
1146 4768 1272 4826 earnalis
1300 4766 1465 4824 inilrmitale
1504 4763 1550 4821 vel
1576 4768 1726 4833 correptus

79 4859 256 4920 electurum
269 4873 355 4916 suum
370 4858 513 4917 ambiente
529 4858 676 4916 muniret?
691 4859 750 4917 Cur
764 4860 826 4917 baec
877 4857 993 4927 destitit,
1020 4857 1070 4914 scd
1089 4855 1267 4914 vehementis
1287 4854 1395 4912 doloris
1411 4849 1528 4909 vesania
1551 4855 1724 4915 commotus,

79 4964 102 5010 te
117 4949 201 5022 quies
211 4949 276 5021 ejus
290 4948 396 5006 lectulo
412 4949 504 5021 magis
518 4962 607 5020 quam
623 4948 728 5006 lectulo
748 4963 825 5006 cum·
880 4955 938 5005 tam
966 4944 1045 5004 iilam
1077 4959 1172 5012 suam,
1187 4945 1297 5014 deque
1311 4941 1530 5012 corripiebatur,
1555 4951 1646 5010 quam
1670 4951 1727 4996 cte·

79 5040 119 5098 ri
158 5040 278 5095 Lectum
305 5037 422 5110 quidem
452 5039 483 5094 in
515 5037 673 5110 Evangelio
700 5037 826 5110 legimus
880 5045 955 5095 teras
983 5035 1104 5092 reminas
1132 5033 1274 5104 publicari
1292 5029 1415 5088 censuit.
1441 5029 1531 5099 Quem
1557 5027 1629 5086 adeo
1647 5027 1725 5086 dete·

79 5143 92 5187 ι
112 5142 144 5186 se
168 5127 372 5193 continentem,
401 5139 527 5197 quorum
553 5125 675 5184 alterum
704 5126 824 5195 assumi,
879 5124 1016 5184 standum
1029 5123 1165 5194 apcostuii
1181 5122 1381 5188 decreverunt,
1394 5125 1426 5176 ut
1444 5117 1580 5176 inlocum
1596 5117 1660 5190 ejus
1674 5131 1726 5175 nc·

79 5231 144 5277 rum
158 5216 287 5288 relinqui
302 5215 412 5273 Veritus
434 5222 565 5273 testatur.
588 5217 628 5274 De
648 5216 753 5274 lectulo
772 5230 825 5274 au·
881 5214 986 5270 minem
1009 5211 1175 5284 judicarent
1199 5209 1447 5273 substituendum,
1464 5206 1539 5263 sieut
1565 5206 1595 5264 in
1619 5206 1726 5264 llatbia

79 5306 112 5366 ui
125 5306 156 5364 in
182 5307 237 5364 hcc
252 5306 369 5363 cantico
385 5305 565 5362 canticorum
588 5307 693 5377 sepius
720 5319 826 5365 memo·
879 5305 984 5361 ludam
1008 5307 1248 5359 restauraverunt
1262 5299 1335 5371 (Act.
1352 5313 1372 5368 1,
1396 5295 1453 5370 li).
1470 5295 1595 5353 inomni
1618 5295 1727 5368 quippe

84 5395 161 5456 nihii
178 5395 365 5465 taladicitur3
392 5407 447 5451 nec
461 5395 616 5468 quisquam
638 5394 669 5452 in
691 5409 724 5452 cc
742 5396 823 5469 quie·
879 5392 1027 5467 religionis
1051 5397 1196 5449 conventu
1218 5387 1396 5457 tolerabilior
1410 5385 1535 5444 avaritia
1548 5383 1673 5455 videtur,
1698 5391 1725 5443 et

79 5483 199 5560 elinqni
214 5483 392 5557 perhibetur.
412 5483 514 5543 Lectus
531 5483 630 5558 itaque
657 5482 709 5558 qui
733 5484 826 5559 maior
882 5483 1001 5543 mineris
1014 5479 1150 5549 inlamie,
1173 5491 1262 5554 quam
1290 5477 1440 5553 turpitudo
1459 5473 1596 5545 luxurie,
1625 5478 1653 5532 et
1668 5486 1729 5532 ma·

79 3481 135 3536 rect
164 3490 262 3534 sonunt
294 3489 439 3546 snsentm,
465 3490 521 3534 vnn
542 3490 701 3536 carenouu
731 3493 823 3536 nisce

79 3582 116 3635 ιι,
137 3582 184 3633 unt
217 3581 253 3624 aa
275 3579 416 3625 seosretrs
448 3580 585 3624 nenrvtm
604 3583 673 3626 sum
691 3582 823 3635 csseouro

79 3670 178 3716 τιιιιιιι
198 3670 353 3714 rinusnuu.
