3804 5962
95 249 162 303 'tte'
324 240 326 245 ’
382 246 490 305 PETRI
508 247 694 304 ABAELARDI
713 248 789 305 OPP.
810 248 901 306 PARS
919 249 956 305 11.
975 276 1011 292 -
1031 248 1216 306 subitonus
1234 249 1278 304 ET
1295 248 1417 306 OPUSC.
1438 248 1559 306 ASCET.

93 383 153 431 non
182 368 237 427 bec
256 367 316 426 sola
342 368 530 441 inspiratione
553 370 688 442 Spiritus,
717 379 873 444 acceperat.
896 371 980 430 Adtl
1190 387 1339 430 hunencus
1367 387 1511 429 untorssn
1536 387 1644 430 xxxix.

92 460 271 518 nuncetiam
288 460 407 516 medum
422 461 494 518 illud
522 475 605 532 posse
624 460 696 519 solvi
718 461 842 521 arbitror
864 463 939 520 testi-
1030 462 1194 528 Quaerimus
1222 464 1309 519 etiam
1333 455 1489 533 quomodo
1506 461 1582 520 illud
1610 464 1688 534 quod
1718 464 1741 521 rb

94 550 237 616 monium,
259 549 337 621 quod
367 550 517 607 llatthaeus
536 549 647 608 inducit
671 552 705 608 de
730 552 845 610 duobus
869 566 939 624 pre·
994 561 1083 610 cantu
1099 551 1244 608 Dominus·
1259 551 1340 609 Petro
1364 551 1509 622 praedixit,
1538 560 1596 609 tam
1611 553 1741 610 varicsct

94 641 188 713 phetis
213 639 376 711 collectum,
398 640 702 699 Zachariaseilicetet
724 642 938 712 ieremia,oum
993 641 1030 699 sit
1057 642 1093 699 ab
1118 640 1311 714 evangelistis.
1342 641 1495 698 blatthteus
1521 643 1630 713 quippe
1664 643 1741 700 itast

93 731 154 802 ipse
167 737 259 786 totum
275 729 384 787 tribuat
396 730 536 798 ieremiae,
556 731 675 788 diceus:
693 733 768 786 Tunc
796 732 938 802 impletum
993 732 1042 788 Ait
1057 733 1100 786 itti
1113 733 1206 787 iesca:
1220 731 1308 786 Amen
1323 729 1382 784 dice
1398 731 1465 785 tibi:
1481 735 1545 800 poia
1567 736 1596 787 tn
1611 732 1661 786 bac
1684 739 1741 788 noel

93 823 137 875 est
150 818 224 889 quod
236 819 339 875 dietam
357 824 398 874 est
416 836 466 890 per
488 823 634 876 Jercmtom
661 821 822 892 prophetam
847 821 936 877 dicen-
993 836 1075 887 paam
1093 821 1183 890 patius
1207 827 1297 880 coartet
1316 829 1356 879 ter
1371 836 1411 876 me
1430 821 1541 889 turpabit
1558 821 1669 890 (natat.
1686 836 1741 880 xxi

94 913 166 965 tem:
193 911 229 964 nt
251 914 413 978 acceperunt
436 911 551 977 triptota
572 915 715 979 orpeateos
743 913 865 982 pretium
891 926 938 980 ap
992 910 1107 967 Marcus
1140 925 1218 981 vero,
1246 914 1299 984 qui
1327 911 1520 982 Evangelium
1549 925 1635 967 suum
1669 912 1729 982 ipso

84 999 305 1069 predationem
324 1003 548 1069 appretiaverunt
574 998 671 1069 efitiis
686 1000 784 1066 lsrael,
808 1004 834 1055 ct
856 999 935 1054 dede·
993 1003 1118 1060 dictante
1145 1005 1251 1061 dicitur
1272 1005 1426 1076 scripsisse,
1445 1004 1485 1059 sic
1509 1003 1566 1059 ait:
1594 1004 1681 1058 Amen
1706 1004 1741 1059 di

88 1092 206 1143 runtoos
220 1090 251 1142 in
265 1104 362 1158 aprum
392 1089 481 1159 apuli,
494 1092 567 1144 sicut
585 1093 727 1144 constituit
753 1089 821 1144 milti
842 1091 938 1144 Domi-
993 1094 1060 1162 quia
1078 1092 1156 1147 bodie
1178 1097 1207 1148 in
1222 1100 1297 1150 noete
1310 1094 1368 1149 hoc·
1386 1097 1551 1163 priusquam
1576 1092 1615 1148 bis
1643 1094 1733 1162 pallus

88 1175 382 1247 mustitattlt.1xv11,
399 1177 530 1248 9;Zacb‚
547 1186 576 1246 rt,
607 1177 658 1249 li).
677 1178 749 1236 Cum
775 1178 867 1250 igitur
879 1183 937 1234 tam
993 1180 1108 1249 dederit,
1130 1186 1170 1237 ter
1191 1199 1232 1237 me
1259 1189 1444 1252 esnepaiurus
1461 1183 1555 1252 (Mara.
1584 1196 1649 1250 xlv,
1668 1184 1723 1256 30).

87 1265 216 1337 primum
230 1266 427 1323 testimonium
441 1267 587 1324 Zachariae
602 1281 692 1339 quam
717 1267 937 1325 secundnmie·
992 1283 1060 1327 vero
1094 1271 1152 1327 ita:
1180 1273 1245 1328 Dico
1269 1272 1329 1339 tibi,
1352 1275 1439 1337 Petro,
1463 1286 1517 1325 non
1541 1271 1663 1326 cantabit
1679 1271 1741 1326 bodi

86 1354 197 1423 remiae,
223 1355 254 1412 in
272 1355 372 1412 eadem
397 1355 431 1413 de
460 1356 580 1413 Domine
603 1355 745 1413 sententia
778 1356 835 1412 sint
866 1370 937 1411 ceu·
992 1358 1046 1424 lus,
1075 1359 1221 1415 donanter
1253 1361 1368 1430 abnepes
1399 1376 1477 1416 nosse
1504 1376 1546 1415 me
1574 1360 1741 1432 (buc.ax11

83 1445 196 1516 juncta,
220 1445 351 1509 ieremiae
369 1453 477 1516 tamen,
492 1445 545 1518 qui
559 1446 677 1516 majoris
701 1453 763 1502 erat
777 1446 934 1503 auctorita·
991 1447 1115 1504 ioannes
1131 1463 1198 1505 vero
1212 1449 1253 1506 sic
1271 1450 1377 1519 limem,
1393 1465 1471 1505 auten
1495 1449 1558 1504 dico
1588 1450 1646 1520 tibi,
1664 1466 1717 1505 non

87 1533 133 1604 tis,
150 1542 210 1591 eta
229 1549 289 1606 que
302 1535 455 1593 Zacharias
468 1534 539 1592 illud
551 1535 630 1608 qued
644 1533 717 1592 dixit
733 1533 861 1607 accipere
883 1548 937 1607 po·
992 1536 1032 1592 bit
1057 1539 1158 1606 pallus,
1182 1539 1264 1595 donec
1278 1545 1319 1595 ter
1333 1556 1375 1596 me
1388 1554 1466 1608 nepes
1477 1541 1566 1609 (torta.
1589 1553 1665 1608 mm,
1684 1540 1741 1610 38).

87 1623 154 1694 tuit,
170 1624 323 1685 Matthaeus
336 1633 429 1683 totum
443 1625 572 1682 ieremiae
587 1624 699 1682 tribuit.
991 1640 1060 1698 ergo
1079 1627 1133 1684 sibi
1158 1628 1222 1685 vult
1235 1635 1315 1686 tauta
1339 1629 1495 1687 uerborum
1519 1628 1681 1697 diversitas,
1704 1628 1729 1684 si

283 1755 432 1801 ,nomm
459 1756 598 1799 mom
614 1755 739 1798 mvn„
951 1720 974 1776 D
992 1730 1085 1774 unum
1099 1731 1136 1774 ex
1151 1718 1196 1773 his
1215 1718 1354 1775 Dominus
1371 1719 1451 1775 Petro
1466 1717 1590 1775 dixerit?
1607 1717 1681 1785 Quid
1700 1726 1741 1775 est

991 1806 1069 1878 quod
1082 1807 1161 1865 dicit
1177 1808 1301 1877 Marcus,
1327 1809 1414 1865 Hodie
1426 1812 1456 1863 in
1476 1812 1552 1864 nocte
1570 1807 1630 1875 hoc,
1645 1822 1712 1865 cum
1727 1824 1741 1865 ι

990 1909 1080 1967 quam
1092 1910 1152 1952 nou
1172 1895 1259 1954 indie
1275 1899 1321 1967 sit,
1336 1905 1363 1954 et
1378 1898 1408 1954 iu
1429 1903 1518 1954 cantu
1533 1896 1602 1969 galli
1618 1896 1741 1956 addidet

991 1986 1069 2056 quod
1085 1987 1181 2043 caeteri
1193 1993 1297 2044 tacent.

1264 2091 1381 2134 sucurre
1404 2089 1566 2134 abachum.

1024 2164 1206 2223 Consuetudo
1237 2172 1278 2222 est
1304 2164 1460 2236 Scriptura
1489 2165 1605 2222 nomine
1634 2164 1690 2222 diei
1733 2179 1741 2236 1

988 2252 1063 2309 diem
1081 2261 1110 2310 et
1138 2261 1250 2311 noctem
1278 2254 1531 2325 comprehendere,
1560 2254 1650 2311 ueluti
1676 2268 1741 2311 cum

988 2357 1064 2409 mus,
1084 2342 1154 2414 quia
1170 2343 1216 2399 ille
1242 2343 1326 2411 vixit,
1344 2343 1389 2400 vel
1414 2344 1487 2400 sedit
1514 2351 1554 2400 tot
1568 2343 1653 2399 annis
1677 2350 1741 2416 att

987 2431 1052 2501 bue,
1069 2431 1113 2488 vel
1136 2433 1207 2503 quia
1222 2433 1261 2489 ibi
1288 2434 1342 2490 luit
1358 2447 1407 2504 per
1426 2440 1465 2490 tot
1480 2433 1550 2489 dies.
1572 2432 1617 2489 Sie
1636 2440 1741 2490 etcum

122 1844 199 1904 Illud
230 1860 348 1919 qumque
373 1847 569 1905 testimonium
604 1848 750 1905 Zachariae
779 1847 933 1919 prophete,

86 1936 162 2008 quod
182 1937 320 1994 Dominus
343 1937 372 1993 in
386 1937 516 1994 Malthace
532 1937 643 1994 inducit
657 1937 692 1993 de
711 1937 804 2008 seipse
817 1937 932 1994 dicens:

85 2027 226 2100 Scriptum
247 2031 288 2083 eat
315 2031 405 2083 enim:
430 2029 583 2083 Percuticm
611 2032 758 2099 pastorem,
780 2035 806 2083 et
829 2029 936 2100 disper-

86 2121 186 2184 perrtur
200 2132 260 2172 oues
275 2119 366 2186 propte
381 2117 491 2189 (liciti.
508 2132 589 2185 uxor,
618 2116 674 2188 Sl),
692 2117 864 2175 nonnullam
886 2133 934 2192 ge-

85 2211 169 2261 nerat
182 2206 380 2276 questionem.
404 2207 553 2263 Hoceuim
572 2206 725 2264 Zacharias
751 2207 785 2264 de
814 2207 935 2278 pseudo-

84 2292 335 2363 prophetapetins
363 2308 453 2366 quam
483 2296 517 2352 de
549 2295 670 2352 Domino
698 2295 932 2363 dicereuidetur,

85 2379 131 2436 Sic
160 2382 267 2453 qnippe
294 2383 323 2439 in
348 2397 381 2439 eo
407 2384 547 2455 scriptum
574 2391 626 2441 cst.
650 2387 685 2439 nt
696 2386 758 2450 erit,
784 2400 843 2440 cum
869 2401 931 2455 pro-

81 2467 499 2571 phetaoeritquiapiamutlra:
522 2474 631 2528 diriter·
647 2478 730 2545 pater
744 2473 854 2578 ejunet
877 2490 933 2530 ma
986 2536 1039 2579 cus
1057 2521 1131 2578 dim
1158 2522 1248 2591 hodie,
1278 2530 1390 2585 noctem
1414 2522 1501 2579 etiam
1528 2536 1595 2579 eum
1618 2534 1672 2578 suo
1687 2521 1733 2579 dio

84 2563 204 2704 38ζοίἵῖ
219 2567 560 2709 Αιὲἴᾶἰὲεωὲᾝηὲοᾝθ·
579 2565 848 2709 ἕὲῗῃὶξζυθᾛΐοζ
857 2579 933 2708 minu}
989 2610 1148 2680 prehendit.
1172 2609 1252 2678 Quod
1268 2623 1334 2668 vero
1351 2610 1497 2682 adjunxit,
1512 2612 1542 2665 ia
1557 2615 1634 2667 nocte
1647 2612 1708 2676 boc,
1724 2624 1742 2666 n

84 2753 144 2795 eum
185 2746 213 2794 at
291 2742 296 2753 .
378 2749 389 2798 e
462 2750 472 2798 t
547 2744 551 2754 .
679 2746 696 2797 t
802 2743 807 2753 .
847 2656 885 2724 M
991 2714 1050 2755 uon
1081 2707 1206 2770 tempus,
1234 2700 1282 2756 sed
1307 2700 1485 2756 imminentis
1514 2701 1604 2757 noctis
1632 2700 1741 2757 adversi

165 2754 183 2809 p
216 2756 245 2795 er
269 2758 376 2845 ,ΨΜ
415 2758 503 2845 sm
525 2758 583 2847 ΒΜ.
621 2758 756 2812 mmm
781 2759 849 2812 φας’
872 2759 932 2799 cum
986 2789 1068 2846 dixit.
1086 2790 1121 2846 Ut
1137 2780 1204 2847 vcro
1218 2788 1501 2862 utraquesalramns
1515 2788 1628 2859 degalli
1642 2798 1731 2847 cantu

79 2829 297 2900 Pmphetavem'
322 2834 359 2888 Εἰ
385 2837 436 2887 ‘m
459 2849 489 2887 ²²²
514 2833 559 2887 dle
572 2833 636 2903 ‘Ha’
653 2831 855 2900 mmmmm
866 2847 931 2902 'm'
986 2892 1129 2949 ponamus
1143 2880 1297 2936 Dominum
1309 2880 1349 2935 ita
1365 2886 1518 2949 temperate
1534 2877 1615 2934 Petro
1629 2877 1736 2934 dixisse

82 2918 171 2989 pm
201 2926 390 2989 unusquisque
413 2925 566 2977 wasme
597 2938 649 2978 ⁸¹¹⁰
672 2938 732 2977 mm
754 2921 932 2992 mmmm}
987 2975 1019 3024 ut
1044 2968 1158 3026 blarcus
1178 2923 1261 3025 reiert
1296 2973 1362 3024 aute
1386 2981 1453 3023 uam
1497 2965 1572 3022 allus
1594 2919 1702 3022 scilicet
1732 2967 1742 3024 l

83 3016 187 3068 ritaeo
205 3013 365 3081 operientur
386 3011 598 3080 palliosaccina
622 3015 653 3065 ut
680 3015 862 3066 mentiantur:
884 2994 1050 3113 sedecem
1077 3057 1186 3117 dederit
1218 3065 1246 3114 et
1264 2981 1381 3128 'poste‘aq
1408 2982 1549 3126 tanqffiam
1574 3010 1674 3113 pestus
1701 3071 1741 3112 cm

111 3106 116 3118 ·
170 3120 176 3134 ,
701 3104 706 3113 ·
1190 3101 1196 3125 r
1373 3097 1380 3125 r

84 3103 173 3205 dms
206 3103 266 3160 ΝΜ
288 3117 348 3155 sum
371 3099 515 3169 Pmphem'
539 3100 615 3154 h⁰m⁰
644 3101 766 3168 ‘mmm
784 3115 832 3202 Ψ
860 3116 929 3169 sum’
988 3147 1154 3204 tiamsuam
1186 3146 1375 3218 promitteret,
1404 3145 1551 3216 adjecisse,
1568 3146 1741 3217 quodetiam

84 3206 212 3258 quotttam
229 3189 321 3246 Adam
336 3189 602 3259 eaemplummeum
617 3189 651 3243 ab
667 3189 929 3244 adolescentiamen.
985 3235 1089 3292 moeret
1122 3243 1188 3292 ame
1211 3249 1279 3292 uam
1321 3234 1396 3291 auus
1425 3242 1553 3292 cantaret
1581 3234 1653 3291 Nam
1669 3242 1696 3291 et
1719 3235 1741 3294 Μ

83 3282 119 3335 bt
142 3279 250 3335 dicetur
268 3281 314 3333 et:
341 3277 486 3343 nearent
503 3279 594 3348 pinpo
621 3280 681 3334 istae
704 3281 734 3333 in
753 3279 841 3334 medio
871 3295 930 3333 ma·
985 3276 1102 3381 Petrum
1125 3250 1208 3395 quasqi
1239 3251 1359 3381 nimpgum
1393 3278 1585 3381 confidentem
1610 3324 1741 3394 sepina*

81 3384 169 3424 riuum
184 3365 317 3423 tuarum?
343 3369 380 3422 Et
401 3366 491 3423 dicet:
510 3369 560 3422 llis
578 3368 709 3438 plapntus
725 3384 785 3423 sum
799 3373 828 3423 in
852 3368 930 3422 domo
1240 3381 1241 3384 ’

241 3461 247 3472 .
309 3457 337 3470 ..
757 3460 762 3473 .
984 3412 1098 3469 Domini
1137 3412 1223 3485 quasi
1260 3413 1415 3484 procaciter
1443 3415 1588 3470 contraire
1616 3427 1741 3471 commen

80 3472 172 3515 ‘mm
200 3473 247 3525 qm
284 3457 436 3525 ‘tumebam
464 3473 514 3512 ’Μ’
539 3459 656 3529 meea
690 3465 825 3514 summ
846 3474 931 3528 mm
984 3502 1096 3569 dicens3
1122 3504 1218 3558 Petrus
1244 3509 1335 3558 autem
1369 3506 1424 3559 ait:
1449 3505 1510 3558 Etsi
1535 3518 1625 3558 ornnes
1648 3504 1741 3559 scandi

76 3553 218 3618 pastorem
247 3563 344 3616 meum,
370 3554 394 3602 et
421 3562 503 3618 snper
528 3549 618 3603 uirum
649 3548 825 3604 coherentem
851 3547 929 3615 mibi,
1051 3593 1057 3604 .
1390 3595 1395 3605 .
1426 3596 1431 3606 .
1460 3595 1465 3605 .
1565 3609 1571 3620 ,
1722 3594 1728 3606 .

81 3639 149 3694 dicit
162 3638 292 3693 Dominus
307 3642 486 3693 cancticum:
501 3641 610 3694 Percote
622 3643 762 3709 pastorem
776 3642 802 3694 ct
825 3636 931 3709 disper-
982 3593 1097 3694 ΨΜ
1110 3592 1224 3694 sfdfwn
1240 3609 1298 3661 ‘³⁹⁰‘
1315 3593 1356 3649 Et
1366 3600 1406 3648 ωε
1421 3593 1464 3694 ‘fh
1477 3596 1571 3648 Μ’
1589 3593 1677 3648 Amen
1696 3593 1741 3694 {¹¹⁶

983 3696 1051 3748 quta
1067 3681 1146 3737 hodae
1161 3698 1191 3737 m
1213 3687 1289 3738 noete
1308 3682 1369 3745 hae,
1395 3684 1660 3752 pmuspnampattas
1680 3681 1722 3738 bns

80 3732 181 3798 timu?
194 3743 255 3785 ⁰¹²⁰⁸
274 3727 366 3799 (zm
384 3741 447 3797 '1¹¹¹’
468 3728 537 3794 3'7)·
982 3771 1098 3839 dederit,
1120 3776 1161 3826 ter
1181 3788 1223 3826 me
1239 3787 1265 3826 es
1281 3776 1440 3840 necaturus.
1466 3773 1505 3827 At
1520 3770 1568 3826 itte
1595 3771 1714 3841 amptius

355 3856 472 3900 S⁰LUT¹⁰
492 3855 651 3900 Afflfflffl·
984 3859 1064 3915 batur
1079 3875 1085 3915 :
1098 3863 1134 3915 lit
1154 3861 1180 3914 si
1194 3861 1343 3930 oportuerit
1357 3876 1399 3915 mc
1413 3859 1495 3914 simut
1513 3860 1640 3915 commori
1655 3859 1714 3927 tibi,
1733 3875 1741 3913 ι

114 3949 252 4018 Quamvis
265 3949 418 4007 Zacharias
440 3948 512 4005 illud
539 3963 592 4020 pro
613 3948 863 4020 pseudopropheta
886 3949 927 4006 di·
982 3949 1085 4018 nepabo
1120 3949 1217 4022 (blare.
1243 3962 1309 4016 xrv,
1332 3947 1439 4018 ‘tt-at).
1465 3947 1519 4015 Qui
1551 3948 1632 4019 prius
1655 3948 1741 4005 dixer.

78 4039 166 4106 xerit,
188 4039 329 4096 Dominus
352 4052 422 4096 vero
450 4053 500 4108 pro
520 4052 550 4095 se
564 4037 625 4108 ipso
649 4036 808 4106 induxerit,
831 4043 927 4095 tamen
982 4052 1114 4096 nonesse
1133 4036 1399 4104 scandalizandum,
1422 4037 1487 4107 plus
1512 4036 1622 4107 aliquid
1643 4049 1741 4092 nuuc.

78 4126 134 4185 tale
148 4134 190 4184 est
203 4127 399 4185 illudDamini
420 4127 615 4184 testimouium
631 4141 668 4183 ex
681 4126 820 4184 Zacharia
849 4141 926 4184 sum·
982 4127 1079 4185 dicens
1103 4127 1233 4185 scotiam
1254 4133 1389 4196 paratum
1404 4126 1549 4191 commori,
1561 4133 1717 4196 antequam
1733 4139 1741 4181 r

77 4222 172 4288 ptum,
184 4216 262 4288 qued
281 4225 341 4273 tam
357 4218 432 4274 bono
442 4217 547 4288 pastori
568 4231 656 4289 qnam
672 4215 748 4272 malo
763 4216 924 4274 conveniat.
981 4217 1023 4275 Ad
1041 4229 1130 4288 quam
1146 4216 1283 4287 majorem
1298 4229 1358 4272 suae
1373 4216 1541 4271 constantiae
1565 4213 1741 4285 presumpte

77 4303 143 4361 Sive
158 4304 235 4363 enim
255 4305 349 4363 benus
367 4315 475 4377 pastor,
504 4307 566 4364 sive
584 4306 688 4374 nialus,
709 4305 808 4377 aliqua
823 4305 926 4364 adver·
942 4326 965 4380 p
980 4311 1008 4360 ct
1029 4303 1090 4376 ipse
1112 4305 1250 4360 Dominus
1270 4302 1336 4374 plus
1364 4303 1474 4374 aliquid
1489 4304 1626 4376 adjecisse
1652 4317 1710 4359 uon
1730 4303 1739 4359 i

76 4395 160 4452 sitate
179 4408 376 4466 peremensa
402 4410 472 4452 cura
491 4395 540 4452 illa
564 4393 711 4466 pastorali,
736 4408 825 4465 quam
850 4408 929 4452 aece—
983 4407 1055 4465 grue
1073 4393 1210 4462 creditur,
1238 4393 1357 4449 dicendo
1387 4393 1502 4461 scilicet,
1534 4393 1613 4465 quod
1654 4394 1741 4464 prius

77 4490 168 4554 perat,
200 4484 409 4555 praepediatur3
433 4484 469 4541 ab
482 4486 544 4555 ejus
562 4483 703 4556 regimine
725 4496 808 4554 grex,
839 4488 926 4554 quem
980 4482 1065 4539 etiam
1082 4481 1177 4555 gallus
1198 4489 1303 4552 cantet,
1325 4491 1368 4539 ter
1382 4483 1419 4538 sit
1438 4490 1609 4555 negaturus,
1630 4491 1662 4540 ut
1686 4482 1741 4539 dix.

75 4573 266 4642 adunaverat,
288 4573 473 4646 dispergitur,
502 4573 726 4644 etdisgregatus
752 4572 782 4628 iu
812 4571 926 4630 diversa
980 4571 1034 4629 Sed
1065 4572 1137 4630 illud
1171 4572 1332 4644 plurimum
1377 4573 1544 4644 questionis
1582 4581 1712 4646 generat,

73 4669 209 4733 uagatur,
230 4662 292 4720 sine
317 4671 429 4734 pastore
456 4670 483 4719 et
503 4663 575 4719 duce
607 4660 710 4719 lactus.
745 4661 819 4729 Quia
851 4675 920 4734 ergo
978 4661 1147 4735 negationes
1163 4662 1237 4720 Petri
1263 4670 1424 4721 etcautum
1445 4662 1514 4736 galli
1547 4666 1659 4721 Marcus
1684 4663 1726 4720 sic

74 4752 235 4823 persecutio
264 4751 508 4819 adversariorum,
546 4759 605 4807 tam
640 4751 670 4807 in
706 4750 781 4807 bono
813 4759 925 4822 pastore
978 4757 1163 4822 uat,utpost
1180 4751 1303 4823 primam
1325 4751 1507 4825 negationem
1519 4752 1616 4825 gallus
1636 4753 1730 4824 primo

75 4856 164 4915 quam
181 4842 212 4899 in
226 4840 303 4900 malo
327 4840 404 4898 hane
432 4839 640 4912 dispersionem
656 4838 753 4911 gregis
776 4847 922 4911 operatur,
978 4846 1061 4911 taret,
1076 4847 1103 4896 et
1126 4843 1190 4910 post
1205 4841 1277 4898 duas
1305 4841 1387 4912 allas,
1412 4843 1553 4899 secundo:
1569 4856 1606 4898 ex
1631 4855 1691 4913 quo
1712 4841 1741 4899 ui

74 4945 133 4989 non
159 4930 338 4990 incommode
354 4927 504 4995 Dominus,
521 4929 599 5000 quod
625 4928 799 5001 generaliter
821 4928 856 4986 de
876 4943 925 5000 pa·
977 4943 1165 5002 nequaquam
1196 4939 1368 5000 possestare
1390 4932 1477 5004 qnod,
1509 4932 1584 4988 sicut
1607 4930 1741 4988 dicunt<

73 5019 200 5078 alaribus
229 5021 345 5090 dicitur,
377 5019 413 5076 ad
435 5019 620 5075 suametiam
641 5018 802 5089 passionem
830 5017 920 5090 appli-
977 5007 1180 5090 Evangelistae,
1204 5021 1305 5078 Petrus
1327 5029 1369 5078 ter
1388 5029 1512 5092 negaret,
1540 5028 1698 5092 antequam
1731 5037 1741 5093 p

73 5110 144 5176 cuit,
174 5118 315 5182 tanquam
340 5109 364 5167 si
380 5109 504 5166 diceret:
522 5107 602 5175 Quod
631 5106 803 5179 generaliter
826 5106 860 5164 de
876 5122 922 5179 pa·
976 5115 1114 5175 conteret,
1142 5108 1201 5165 nisi
1215 5107 1288 5166 iorte
1313 5110 1341 5166 in
1364 5109 1460 5166 verbis
1482 5125 1599 5182 quoque
1621 5109 1741 5180 ipsornn

72 5196 200 5255 storibus
226 5213 329 5258 rerum
362 5207 414 5265 est,
440 5199 494 5255 hoc
514 5199 601 5254 etiam
624 5195 654 5253 in
673 5194 921 5267 secomplendum
975 5196 1143 5268 baudiatur,
1172 5199 1221 5265 bis,
1247 5200 1324 5271 quod
1351 5199 1469 5256 Marcus
1490 5199 1621 5271 ponende
1647 5199 1741 5256 subau

71 5299 143 5355 esse,
166 5287 249 5343 etsie
273 5291 360 5346 etiam
386 5289 461 5345 inse
484 5288 627 5355 inturum,
658 5285 734 5343 sicut
764 5284 795 5342 iu
836 5299 921 5356 pseu·
975 5287 1045 5345 dnm
1065 5288 1172 5355 innuit,
1186 5296 1215 5345 et
1239 5289 1317 5360 quod
1333 5289 1472 5354 Dominus
1488 5289 1687 5346 tantummodo
1702 5289 1741 5346 di:

70 5374 223 5446 depastore
238 5375 333 5433 luerat
347 5377 519 5446 praedictum
545 5383 600 5433 :ut
619 5374 650 5432 in
674 5374 728 5431 hoo
751 5374 838 5431 ctiam
852 5388 920 5431 cnm
972 5374 1046 5434 Cum
1062 5376 1259 5448 animaliquid
1278 5392 1334 5436 uuo
1346 5377 1507 5446 locoruagis
1529 5377 1718 5436 determinate
1734 5395 1742 5436 ι

69 5462 408 5538 iniquissitreputatus,
425 5464 558 5539 quodeis
579 5463 667 5522 etiam
692 5463 723 5522 iu
738 5461 792 5522 hoc
811 5463 920 5522 melmi-
973 5464 1004 5522 in
1031 5464 1087 5522 alio
1112 5466 1230 5535 dicitur,
1259 5480 1334 5538 sape
1368 5467 1636 5525 determinationem
1664 5467 1741 5524 suba

68 5550 156 5615 tatus.
971 5560 1092 5629 oportet,
1108 5554 1160 5616 ubi
1174 5555 1264 5618 etiam
1290 5555 1354 5629 ipsu
1368 5571 1427 5618 non
1440 5557 1570 5630 ponitur,
1586 5556 1633 5622 tel
1654 5556 1735 5632 quod
