3736 5962
95 158 146 216 ase
307 162 310 167 ·
394 153 494 211 error
514 153 703 209 abactam
722 152 797 209 ore.
822 151 907 208 rans
925 153 961 208 ιι.
984 181 1020 194 -
1039 150 1219 209 ειιιιιιοιιιε
1238 151 1280 206 nr
1299 150 1422 209 opusc.
1443 151 1564 210 asser.
1793 158 1839 212 ιιι

95 279 228 348 Domino,
247 285 282 336 ut
307 277 389 336 nulla
414 277 454 334 ibi
469 276 622 334 descendat
642 274 749 346 pluvia,
778 288 833 332 nec
854 274 947 332 imber
961 276 985 328 Α
1000 273 1107 332 latione
1121 274 1267 332 conlidens
1279 272 1422 347 virginem
1435 272 1653 345 quoqueillnm,
1667 274 1715 334 cui
1725 282 1753 334 et
1769 278 1844 352 virgo

95 368 239 427 violentus
255 368 429 425 adveniat.»
998 363 1136 431 nubebat,
1164 363 1199 419 ad
1226 362 1402 434 virginitatis
1433 363 1582 421 servande
1619 378 1795 424 consensum
1821 385 1844 426 se

131 457 177 515 Ex
195 458 240 512 his
257 457 355 528 itaque
368 454 499 527 specialis
513 455 565 512 iste
587 454 709 512 dilectus
722 451 836 509 Domini
855 466 943 523 quam
998 454 1112 511 trabere
1140 467 1196 510 non
1224 453 1402 524 desperabat.
1437 453 1492 510 Pro
1519 469 1578 524 quo
1607 454 1735 513 maxime
1759 457 1861 528 impe-r

97 545 274 604 honorabilis
294 546 368 601 inter
393 552 518 613 caeteros,
547 557 637 616 quam
655 550 790 614 acceptus
802 541 944 598 exstiterit
997 543 1100 600 trando
1131 541 1161 598 in
1192 543 1254 613 ipso
1290 542 1518 613 desponsationis
1552 550 1679 614 tempore
1709 557 1847 604 secretum

95 638 164 702 Deo,
191 633 308 706 quantis
325 634 508 705 praemineat
523 633 641 700 meritis,
657 631 775 703 quantis
800 632 837 687 sit
853 630 944 687 extol·
998 631 1139 690 orationis
1158 630 1325 688 cubiculum
1341 638 1437 688 tenere
1453 631 1595 688 credenda
1606 639 1648 688 est
1666 648 1726 704 quo
1741 634 1846 706 ingres·

96 724 199 781 lendus
222 722 383 793 praecontis,
399 730 426 779 et
440 737 503 790 vos,
528 723 585 779 Deo
615 721 724 777 dilectae
739 719 877 792 virgines,
904 726 945 775 at·
999 736 1048 777 sus
1071 719 1159 777 luisse
1186 720 1308 791 angelus
1323 726 1500 777 memoratur
1523 720 1637 777 adeam
1654 723 1772 780 missus.
1789 724 1848 780 lion

97 811 214 881 tendite,
241 817 379 882 tantoque
400 810 531 868 devotius
552 809 615 881 eius
644 807 853 864 solemnitatem
873 806 945 863 cele·
998 810 1076 867 enim
1095 824 1158 867 eam
1174 811 1301 866 exterius
1324 824 1390 865 cum
1402 809 1592 866 saecularibus
1607 809 1722 868 leminis
1736 827 1849 870 moran·

97 901 187 969 brate,
217 907 327 972 quanto
355 899 480 971 amplius
507 901 571 970 ejus
584 897 783 956 excellentiam
816 903 944 954 sanctam
998 906 1054 957 tem
1072 900 1187 969 reperit,
1203 898 1251 955 sed
1270 898 1395 955 abditam
1427 898 1571 968 pudicitiae
1589 907 1617 956 et
1636 901 1766 958 cubiculi
1779 903 1850 959 ostio

98 989 254 1048 imitamini
267 989 401 1058 puritate.
418 991 510 1062 Cujus
530 1003 583 1045 nos
604 987 769 1044 intercessio
789 987 827 1043 ita
840 986 870 1042 in
881 1000 947 1042 san·
999 989 1097 1045 clauso
1112 989 1213 1044 devote
1237 986 1390 1044 bominum
1407 995 1548 1055 orantem,
1568 994 1595 1044 et
1608 989 1728 1047 sincerae
1743 992 1850 1047 oratio-

98 1086 142 1136 cto
162 1079 310 1136 confirmet
335 1079 489 1148 proposito,
518 1086 550 1135 ut
566 1078 601 1134 ad
616 1077 686 1135 illud
703 1090 871 1147 supernum,
888 1090 946 1146 quo
1000 1079 1046 1135 uis
1070 1077 1196 1147 puritate
1222 1077 1358 1148 propositi
1373 1078 1418 1133 sui
1440 1077 1620 1134 concordiam
1643 1078 1764 1137 Domino
1779 1095 1853 1137 com·

97 1167 157 1239 ipse
177 1166 316 1225 invitatus
342 1175 395 1235 est,
426 1167 593 1225 convivium
621 1165 809 1236 perveniatis:
839 1163 947 1220 utillic
1001 1167 1194 1225 mendantem.
1222 1166 1301 1223 Unde
1325 1174 1352 1223 et
1379 1167 1410 1222 in
1436 1166 1536 1224 mediis
1564 1168 1697 1238 precibus
1719 1169 1782 1226 suis
1803 1184 1853 1225 an-

96 1264 222 1315 mentem
236 1256 347 1313 ielicius
371 1271 460 1328 quam
476 1257 522 1312 lrie
541 1270 658 1312 carnem
674 1254 819 1321 ressciatis,
841 1268 947 1324 sponso
1001 1256 1119 1328 gelicam
1136 1256 1275 1312 visionem
1294 1255 1408 1323 meruit,
1431 1269 1489 1328 qua
1504 1256 1546 1312 sic
1568 1257 1603 1312 ad
1620 1257 1766 1329 integrum
1788 1273 1854 1315 con·

98 1353 193 1404 vestro
218 1345 322 1403 coelesti
339 1347 502 1416 perenniter
526 1345 698 1415 conjunctae,
723 1343 948 1415 cujuspraesen-
1001 1351 1166 1414 portaretur,
1196 1351 1228 1402 nt
1264 1352 1291 1401 et
1321 1352 1420 1401 votum
1457 1345 1634 1417 virginitatis
1660 1348 1685 1403 ei
1711 1348 1852 1403 Dominus

99 1435 146 1493 tiae
156 1435 229 1492 visio
244 1435 306 1505 ipsa
320 1441 364 1492 est
379 1448 493 1490 summa
506 1433 661 1491 beatitudo.
1001 1433 1167 1499 custodiret,
1183 1440 1210 1489 et
1229 1447 1246 1489 a
1272 1431 1471 1489 maledictione
1497 1433 1567 1506 legis
1577 1433 1611 1491 de
1629 1434 1691 1505 ipsa
1707 1436 1852 1492 nascendo

408 1522 527 1579 SERllO
541 1520 640 1579 xxvi.
965 1565 985 1618 Β
1003 1523 1028 1581 ei
1042 1524 1148 1593 pariter
1173 1520 1344 1593 provideret.
1362 1528 1389 1578 et
1416 1536 1467 1593 per
1489 1522 1600 1579 camin
1620 1522 1794 1581 mulieribus
1808 1525 1857 1581 be·

294 1625 519 1669 massuunrrorrn
533 1623 632 1667 acerra
646 1624 752 1667 uinta.
1004 1612 1158 1681 nedictam,
1178 1611 1252 1668 sicot
1279 1621 1306 1667 et
1331 1611 1390 1682 ipse
1407 1625 1475 1668 mox
1494 1611 1616 1682 angelus
1639 1621 1855 1679 commemorat,

135 1702 215 1759 Sicut
233 1716 267 1758 ex
294 1701 377 1757 dictis
401 1700 657 1757 ecclesiasticorum
685 1699 833 1754 doctorum
861 1695 949 1753 colle·
1003 1701 1139 1758 universo
1156 1701 1264 1757 mundo
1279 1700 1507 1757 benedictionem
1535 1701 1709 1758 infunderet.
1729 1702 1802 1758 illud
1828 1701 1854 1758 ei

100 1790 205 1864 gimus,
233 1788 353 1845 Domino
381 1789 551 1845 ascendente
566 1788 594 1843 in
620 1786 704 1844 coelos
719 1787 838 1858 quidam
864 1800 950 1858 ange·
1003 1791 1110 1847 scilicet
1136 1804 1230 1846 semen
1255 1789 1414 1861 largiendo,
1439 1790 1474 1846 de
1498 1804 1557 1861 quo
1579 1789 1701 1846 Abrabae
1716 1792 1856 1861 promise·

101 1877 197 1935 lorum
222 1877 399 1944 dubitantes,
424 1877 469 1934 vol
495 1876 591 1947 potius
606 1875 794 1943 admirantes,
814 1875 848 1930 de
869 1881 950 1929 tanta
1005 1886 1059 1946 rar,
1089 1879 1201 1935 dicens:
1227 1879 1263 1933 ιη
1288 1879 1389 1933 semine
1404 1883 1448 1934 mo
1464 1879 1654 1935 benedicentur
1675 1894 1766 1935 omne,
1795 1896 1857 1949 qm.

98 1966 250 2038 glorificati
280 1965 404 2022 bominis
429 1964 652 2037 magnificentia,
678 1971 795 2020 caeteros
809 1963 946 2018 assisten-
1006 1974 1044 2025 ces
1062 1969 1137 2038 (Gen.
1156 1981 1230 2033 χιιι,
1250 1966 1302 2037 ιε).

101 2063 141 2114 tes
164 2070 221 2112 non
245 2055 331 2112 semel
352 2055 583 2126 interrogabaut:
609 2053 660 2119 Qui
688 2058 727 2108 est
745 2055 798 2107 iste
823 2067 873 2107 rear
892 2050 949 2118 qlo-
1042 2058 1107 2113 Haee
1128 2057 1226 2126 itaque
1249 2062 1399 2126 tamquam
1428 2069 1535 2112 aurora
1560 2069 1745 2128 consurgens,
1762 2055 1857 2128 prima

100 2143 172 2201 tid?
188 2145 277 2212 (ΡΜ
306 2159 389 2213 ΠΜ,
415 2143 455 2214 8.)
472 2142 558 2199 Sicci
584 2142 613 2197 in
637 2141 776 2197 h0dierna
796 2140 951 2197 Dominissae
1005 2146 1134 2203 claritate
1171 2145 1315 2201 mundum
1338 2144 1504 2212 illustravit,
1520 2143 1589 2215 quia
1600 2144 1693 2215 prima
1716 2146 1854 2203 castimo-

101 2233 201 2290 Miiiis
227 2233 421 2302 assumptione
443 2231 478 2288 de
503 2238 583 2288 tanta
613 2229 719 2287 infirmi
734 2243 822 2286 sexus
843 2228 952 2285 exalta·
1006 2237 1061 2293 niae
1090 2234 1221 2302 nitorem,
1245 2240 1273 2290 et
1288 2241 1394 2290 sanctae
1420 2232 1598 2306 virginitatis
1619 2234 1799 2305 propositum
1829 2235 1856 2290 in

103 2319 180 2378 tione
206 2320 439 2389 noninonaroe
465 2333 515 2390 per
543 2318 705 2391 angelicam
732 2317 950 2374 admirationem
1006 2322 1171 2394 exemptum
1201 2321 1359 2393 proposuit.
1389 2321 1442 2378 sed
1469 2322 1623 2394 quianon
1651 2323 1792 2380 saisost
1823 2323 1855 2379 aa

102 2409 211 2468 dictum
227 2423 288 2466 csse
315 2409 477 2465 credimus:
499 2409 565 2474 Qua
597 2412 637 2463 est
664 2411 721 2463 ieta
743 2423 803 2477 quae
829 2406 952 2461 ascendit
1006 2411 1122 2469 landem
1137 2411 1228 2481 ipsios
1260 2423 1352 2466 unum
1369 2409 1544 2482 virginitatis
1563 2410 1670 2467 bonum
1690 2410 1716 2466 si
1741 2417 1856 2468 caetero

102 2501 174 2556 sieut
202 2514 304 2553 cucero
330 2512 504 2566 consurgens,
533 2497 650 2567 pulchro
672 2501 703 2551 ut
718 2499 794 2563 luna,
817 2497 903 2551 electo
922 2499 952 2550 ιιι
1008 2516 1073 2559 rum
1099 2508 1193 2573 gratia
1220 2499 1301 2566 desit,
1331 2499 1408 2556 lunae
1443 2513 1560 2570 quoque
1583 2507 1769 2569 comparatur
1796 2502 1857 2572 ejus

102 2589 154 2655 soi,
182 2587 315 2642 terribilis
340 2590 371 2641 ιιι
402 2591 555 2641 castrorum
585 2588 656 2640 scies
684 2583 833 2641 ordinato?
861 2584 950 2655 (Cant.
1007 2589 1205 2663 pulchritudo,
1232 2588 1301 2660 quia
1320 2589 1407 2645 totius
1423 2589 1554 2645 Ecclesiae
1575 2589 1651 2645 dona
1679 2588 1709 2644 in
1728 2603 1763 2646 ea
1791 2597 1857 2648 sunt

102 2693 142 2743 vr,
172 2678 212 2744 il.)
244 2678 358 2732 lturora
373 2675 480 2746 quippe
504 2688 684 2747 consurgens
702 2673 824 2745 primam
841 2673 953 2729 clarita·
1007 2679 1120 2747 collata,
1136 2686 1163 2735 et
1184 2676 1260 2748 quod
1276 2690 1326 2747 per
1350 2685 1445 2746 partes
1468 2676 1575 2733 diversi
1601 2676 1697 2733 fideles
1721 2691 1856 2749 percepe-

103 2775 159 2824 tem
175 2764 334 2822 dieiallert.
350 2763 473 2836 Surgere
488 2772 583 2821 autem
603 2764 758 2820 electorum
774 2770 825 2832 est,
842 2763 895 2819 boc
911 2768 952 2818 est
1007 2774 1092 2838 runt;
1111 2766 1142 2821 in
1155 2780 1218 2823 eam
1235 2764 1412 2822 transiusum
1426 2771 1468 2820 est
1485 2770 1586 2831 totum,
1604 2773 1631 2821 et
1646 2780 1712 2835 quae
1730 2766 1759 2820 ln
1775 2773 1856 2822 caete·

102 2853 138 2908 ad
153 2852 268 2910 culmen
284 2853 437 2920 virtutum,
452 2853 525 2908 etad
547 2852 845 2922 comprehendendum
859 2851 951 2907 Deum
967 2841 989 2898 C
1006 2856 1046 2915 ris
1064 2854 1158 2911 divisa
1173 2861 1241 2911 sunt
1258 2854 1344 2914 dona.
1362 2854 1390 2909 in
1411 2853 1471 2924 ipsa
1491 2853 1676 2924 reperiuntur
1690 2853 1853 2925 conjuncta.

102 2954 162 2998 sese
187 2940 326 3010 attollere,
354 2941 459 2998 sicute
488 2940 632 2999 contrario
656 2941 842 3011 reproborum
866 2940 949 2996 cade·
1005 2946 1041 3001 Et
1060 2943 1195 3017 quoniam
1212 2956 1315 3013 parum
1332 2949 1374 3000 est
1394 2949 1652 3014 quantamcunque
1673 2943 1798 3013 gratiam
1809 2944 1855 2999 do

103 3045 146 3097 re,
179 3038 266 3102 atque
289 3030 320 3085 iu
346 3030 523 3101 protundum
551 3030 688 3087 vitiorum
718 3045 747 3086 se
769 3030 948 3101 immergere.
1005 3046 1110 3091 norum
1132 3032 1249 3098 babere,
1274 3031 1297 3087 si
1314 3031 1386 3089 desit
1405 3030 1487 3087 ineis
1508 3029 1602 3087 virtus
1625 3033 1852 3102 perseverantiae.

102 3119 182 3176 Unde
206 3118 241 3174 ad
263 3125 405 3189 torpentes
418 3132 518 3175 somno
533 3118 728 3190 negligentiae,
743 3126 771 3175 et
785 3118 814 3174 in
839 3132 893 3175 sua
902 3119 948 3190 ja·
1006 3123 1040 3180 de
1052 3121 1258 3193 quasoriptum
1273 3127 1329 3177 est:
1342 3119 1396 3185 Qui
1407 3120 1685 3189 perseveraveritis
1696 3121 1792 3176 salvus
1807 3124 1854 3176 erit

101 3213 197 3264 centes
222 3206 348 3277 ignavia,
376 3219 432 3261 vor
460 3204 510 3260 illa
534 3211 575 3262 est
604 3204 828 3262 exhortationis:
853 3205 948 3275 Surge,
1006 3212 1118 3282 (blattis.
1147 3225 1176 3279 ιι,
1219 3211 1277 3278 ιι),
1313 3208 1483 3279 adjunctum
1520 3216 1577 3265 est:
1617 3209 1710 3265 Electa
1742 3213 1775 3264 ut
1807 3212 1853 3264 sol.

102 3297 151 3366 vui
169 3294 283 3359 dormis,
309 3298 335 3349 ei
356 3309 473 3361 rostitit&
495 3311 513 3348 α
529 3295 654 3361 moluit,
681 3299 706 3349 ei
733 3294 902 3350 illuminabit
928 3299 952 3349 ie
1004 3302 1069 3359 Non
1082 3300 1159 3358 enim
1172 3299 1246 3356 sicut
1273 3298 1351 3356 lunae
1379 3298 1493 3354 claritas
1508 3297 1576 3354 solis
1591 3296 1716 3354 delectui
1737 3297 1855 3354 subdita

10 3424 12 3429 ι
102 3383 229 3440 Christus
252 3382 362 3453 (aptes.
392 3397 419 3446 v.
450 3381 502 3452 ll).
518 3381 952 3454 Surguntqtlidamelper'lloe·
1005 3397 1057 3456 est,
1085 3388 1133 3446 sed
1160 3388 1189 3444 in
1215 3403 1268 3445 suo
1305 3388 1405 3458 vigore
1421 3394 1592 3457 perseverat.
1619 3386 1804 3456 Triaitaque
1829 3386 1855 3441 in

101 3471 284 3530 nitentiama
305 3478 394 3528 morte
409 3470 512 3528 anima
535 3471 618 3543 quasi
639 3470 768 3528 suscitati
784 3477 949 3543 resurgunt,
1005 3479 1092 3537 laude
1113 3478 1204 3549 hujrrs
1229 3477 1350 3549 virginis
1372 3477 1520 3547 praemissa
1538 3483 1617 3532 sunt.
1635 3475 1731 3532 Primo
1746 3475 1855 3546 quippe

102 3560 150 3618 sed
172 3559 304 3617 adtacta
326 3560 468 3617 virtutum
497 3560 599 3617 merita
623 3575 682 3617 non
700 3566 904 3626 excreverunt,
919 3566 952 3616 ιιι
1006 3575 1171 3639 comparata
1196 3572 1238 3623 est
1257 3578 1369 3622 aurora
1384 3579 1435 3635 pro
1458 3564 1589 3635 exemplo
1609 3564 1767 3634 pudicitiae,
1791 3578 1857 3636 quc

77 3651 135 3708 ‘ln
146 3648 313 3719 exemplum
329 3648 510 3720 perfectionis
534 3650 643 3707 assumi
665 3655 785 3721 queant,
800 3663 853 3705 nec
866 3648 951 3721 quasi
1006 3673 1058 3729 per
1089 3671 1153 3714 eam
1182 3656 1291 3713 mundo
1317 3654 1460 3724 innotuit;
1488 3654 1668 3725 postmodnm
1698 3653 1787 3723 lunae,
1808 3667 1856 3725 pro

102 3752 211 3797 aurora
236 3737 396 3794 claritatem
416 3737 562 3806 doctrina,
589 3738 633 3795 bis
660 3738 712 3809 qui
743 3737 779 3794 ad
805 3737 952 3809 perlectic·
1006 3745 1185 3820 plenitudine
1210 3744 1342 3802 omnium
1378 3742 1555 3815 gratiarum;
1584 3742 1687 3799 deinde
1709 3742 1775 3808 soli,
1806 3756 1855 3813 pro

101 3841 168 3885 nem
183 3827 249 3885 vita
260 3842 288 3885 se
306 3828 423 3885 student
438 3827 575 3896 attollere,
594 3825 691 3884 valent
704 3826 850 3885 exbibete.
866 3827 952 3884 Beata
1007 3835 1217 3907 perseverantia
1244 3833 1274 3888 in
1296 3833 1337 3889 eis
1353 3838 1478 3902 accepta.
1495 3831 1607 3899 Quibus
1631 3830 1751 3908 quidem
1774 3831 1857 3887 donis

99 3930 168 3974 vero
183 3916 232 3974 liei
256 3917 509 3988 Genitrixquanto
528 3915 560 3972 in
576 3915 868 3987 virtutibuslescrcvit
883 3931 951 3989 per·
1005 3925 1154 3992 adornata,
1179 3930 1207 3979 et
1237 3923 1321 3993 quasi
1352 3919 1528 3990 quibusdam
1557 3919 1739 3990 spiritalibus
1768 3920 1856 3976 armis

101 4005 212 4074 tectius,
229 4012 308 4063 1³¹110
331 4005 512 4076 liifessiifflliss
525 4019 585 4062 ⁸¹1ae
605 4004 775 4072 claritatem,
795 4019 875 4063 more
888 4020 951 4062 sur·
1006 4013 1129 4080 munita,
1158 4010 1272 4068 tandem
1296 4009 1431 4066 terribilis
1452 4015 1630 4065 memoratur
1648 4015 1681 4066 ut
1694 4016 1854 4067 castrorum

100 4095 194 4167 gentis
208 4109 331 4162 aurorae,
358 4095 484 4165 amplius
509 4094 652 4162 dilatavit,
667 4102 696 4152 et
710 4094 844 4152 candoris
863 4096 951 4168 virgi·
1005 4098 1081 4155 acies
1104 4096 1246 4154 ordinata.
1270 4096 1346 4152 Talis
1362 4096 1470 4173 quippe
1493 4096 1569 4152 acies
1591 4101 1619 4151 et
1636 4093 1696 4151 suis
1710 4101 1753 4152 est
1777 4108 1854 4151 ama·

98 4183 145 4240 nei
175 4183 316 4254 proposito
341 4184 434 4254 prima
461 4197 625 4256 resurgens,
655 4184 744 4257 nujus
770 4183 950 4254 perlectionis
966 4188 989 4242 b
1006 4186 1081 4255 bilis,
1098 4194 1126 4243 ct
1144 4184 1319 4242 adversariis
1335 4184 1481 4254 terribilis,
1496 4183 1520 4240 si
1544 4182 1675 4242 videlicet
1688 4183 1727 4240 ita
1743 4190 1776 4239 nt
1790 4197 1856 4240 con·

99 4272 256 4345 viamque
265 4272 333 4331 solae
341 4272 468 4345 virgines
476 4276 764 4345 Agnumsequuntur
775 4288 953 4346 quocunque
1007 4277 1087 4333 veuit
1105 4275 1238 4333 ordinata
1257 4274 1352 4331 luerit.
1377 4274 1460 4331 Tunc
1481 4287 1549 4330 vero
1565 4273 1637 4330 bene
1656 4276 1698 4330 est
1713 4272 1855 4340 ordinata,

100 4359 175 4431 ierit,
205 4362 321 4434 proprio
345 4361 503 4418 declaravit
531 4362 672 4432 exemplo,
697 4363 773 4419 sicut
794 4369 950 4426 etaurcra.
1006 4379 1075 4422 cum
1101 4365 1241 4422 adversus
1268 4363 1433 4434 singulos...
1459 4362 1602 4418 irruentes
1625 4361 1730 4429 bostes,
1750 4361 1857 4432 provisi

98 4457 133 4508 ut
141 4449 251 4508 dictum
260 4458 313 4518 est,
323 4451 513 4523 primamdiei
525 4452 686 4509 claritatem
698 4450 790 4509 affert.
804 4451 865 4509 Etsi
875 4453 951 4509 enim

101 4538 234 4596 nonnulli
251 4541 377 4612 virgines
403 4555 467 4597 eam
494 4541 672 4612 precessisse
685 4541 852 4610 credantur,
879 4541 952 4599 sicut

101 4627 136 4685 de
163 4627 236 4698 Elia,
263 4630 307 4687 vel
334 4630 465 4695 Jeremia,
498 4630 542 4687 vel
567 4628 693 4697 Daniele,
712 4630 758 4686 vel
775 4629 951 4702 quibusdam

101 4715 331 4788 aliisaestimant,
360 4734 418 4776 non
436 4720 511 4776 banc
534 4733 583 4776 eos
606 4718 744 4775 virtutem
768 4726 826 4776 tarn
840 4734 878 4776 ex
904 4721 951 4778 de·

67 4854 77 4863 .
100 4805 216 4863 votione
241 4809 316 4864 sacri
345 4807 482 4879 propositi
507 4820 596 4878 quam
624 4821 661 4863 ex
687 4807 854 4864 necessitate
882 4822 952 4880 qua·

101 4894 181 4964 dam,
203 4904 291 4969 atque
310 4897 494 4969 oppressione
509 4896 718 4968 persecutionis
738 4897 884 4955 credimus
902 4899 952 4955 ba·

101 4982 199 5042 buisse
215 4988 371 5056 praesertim
397 5001 511 5044 comeo
528 4995 653 5058 tempore
678 4985 871 5045 maledictioni
885 4988 952 5045 snb·

96 5071 270 5144 jacerentex
284 5076 356 5149 lege,
366 5077 520 5148 quisemen
529 5076 560 5134 in
571 5074 659 5134 lsrael
671 5090 729 5132 non
739 5076 949 5149 relinquerent.

100 5167 129 5218 et
144 5161 276 5232 quaedam
294 5162 365 5236 legis
381 5166 540 5224 coactiones
554 5164 591 5222 ad
617 5165 735 5236 nuptias
749 5164 952 5236 compellerent

86 5250 197 5322 -thqoe
209 5250 279 5307 adeo
295 5266 421 5324 namque
441 5254 558 5312 lanista
585 5254 760 5312 matrimonii
777 5254 951 5326 rigabatur

101 5339 165 5411 ipsa
179 5354 297 5412 quoqne
310 5349 405 5400 metm
418 5343 531 5402 Domini
546 5351 603 5401 tam
619 5358 636 5401 a
650 5345 819 5415 parentibus
830 5358 919 5416 quam
934 5358 952 5402 a

101 5426 164 5503 lege
178 5436 276 5489 coacta
287 5429 454 5503 desponsari
469 5420 634 5492 sustineret.
646 5434 856 5495 Divinatamcn
871 5447 950 5493 reve

1006 4460 1075 4510 sunt
1100 4453 1152 4525 qni
1166 4452 1207 4508 eis
1221 4451 1351 4508 resistere
1374 4451 1500 4518 valeant,
1516 4464 1552 4507 ne
1567 4451 1634 4522 quis
1649 4450 1729 4507 locus
1750 4457 1856 4521 pateat,

1005 4555 1064 4614 quo
1093 4541 1253 4610 irrumpere
1268 4541 1303 4596 ad
1329 4538 1488 4596 leniendum
1506 4539 1595 4596 bostis
1621 4544 1719 4610 queat.
1746 4537 1859 4594 Scimus

1005 4631 1144 4701 scriptum
1171 4643 1233 4686 esse
1260 4629 1330 4700 quia
1359 4630 1451 4684 miliia
1477 4632 1517 4684 est
1544 4630 1602 4683 cito
1631 4629 1746 4683 bominis
1776 4642 1859 4698 super

1006 4725 1109 4775 terram
1125 4719 1183 4790 (tob
1207 4717 1313 4789 v11,l);
1338 4724 1366 4773 ot
1393 4718 1490 4791 quiin
1514 4730 1607 4788 agone
1633 4717 1681 4774 illo
1701 4717 1858 4782 contendit,

1005 4807 1040 4866 (lc
1064 4823 1123 4880 quo
1142 4807 1264 4864 dicitur:
1292 4807 1352 4863 Noc
1378 4807 1553 4862 coronabitur
1580 4807 1636 4862 nisi
1666 4811 1716 4878 qui
1740 4806 1860 4875 legitime

1004 4884 1149 4953 certaverit
1178 4897 1216 4968 (ll
1241 4897 1310 4951 Tim.
1336 4911 1366 4964 u,
1398 4896 1438 4966 5),
1464 4895 1500 4951 ab
1526 4895 1661 4953 omnibus
1676 4909 1705 4952 sc
1720 4895 1858 4963 abstinet,

1005 5001 1190 5045 necoronam
1214 4985 1321 5042 scilicet
1346 4982 1473 5042 victorin
1502 4984 1613 5055 perdat.
1639 4984 1739 5041 llostes
1766 4984 1861 5041 tidelis

1005 5077 1110 5134 animae
1124 5083 1151 5133 et
1179 5075 1289 5131 inimici
1318 5074 1464 5143 satellites,
1494 5074 1546 5144 qui
1567 5088 1631 5131 eam
1647 5073 1708 5131 suis
1721 5075 1861 5131 tentatio·

1005 5166 1093 5223 nibus
1107 5171 1333 5237 persequuntur,
1355 5162 1523 5220 demoniaci
1550 5162 1670 5233 spiritus
1688 5170 1767 5231 sunt,
1784 5163 1861 5220 sicut

1004 5261 1048 5312 est
1076 5254 1194 5324 spiritus
1223 5250 1430 5318 fornicationis,
1455 5259 1483 5308 et
1511 5251 1562 5324 qui
1594 5251 1704 5310 ceteris
1728 5260 1862 5324 presunt

1004 5341 1093 5401 vitiis.
1128 5343 1291 5401 Adversum
1312 5353 1386 5413 quos
1408 5339 1553 5412 principes
1580 5348 1608 5398 ot
1638 5348 1799 5412 potestates,
1827 5348 1862 5399 ut

1007 5432 1048 5492 ait
1072 5432 1236 5506 Apostolus,
1264 5428 1429 5491 colluctatio
1444 5429 1527 5490 nobis
1547 5437 1590 5489 est
1616 5430 1726 5503 (aptes.
1747 5445 1788 5499 vr,
1804 5433 1858 5500 ta),
