3804 5962
114 198 167 253 aba
199 184 207 197 ’
261 191 268 207 ’
407 190 511 249 PETRI
530 190 718 248 ABAELARDI
737 191 814 247 OPP.
837 188 926 248 PARS
944 189 980 246 11.
999 187 1233 247 -ὃιιιιιιΟΝΕὸ
1252 188 1296 245 ΕΤ
1315 187 1437 247 OPUSC.
1457 190 1578 248 nsum.
1820 194 1871 247 560

113 327 159 386 ut
183 334 236 379 vos
268 317 379 388 itaque,
411 315 465 386 piae
491 314 631 386 virgines,
662 315 842 372 innocentem
871 313 1075 372 matronsui
1096 314 1223 372 maximo
1244 328 1296 370 nos
1320 314 1487 382 adhortans,
1515 315 1578 371 ait:
1609 315 1700 371 Nolite
1728 319 1823 371 timere
1847 333 1876 371 ιι

113 425 194 477 ιιιιιι,
218 415 245 464 et
272 410 383 462 tantam
425 402 612 460 sustinentem
640 402 776 473 injuriam
814 405 859 474 pio
898 417 961 474 pro·
1019 409 1069 472 qul
1098 406 1225 461 occidam
1253 419 1362 474 corpus,
1383 409 1483 460 aalma
1512 421 1574 461 cero
1604 421 1660 459 uort
1685 405 1785 460 nalem
1810 407 1878 475 quid

113 495 269 571 sequimini
284 494 364 562 ssetu,
387 499 420 549 ut
448 506 507 563 quo
535 491 629 562 maior
656 498 751 548 vestra
775 491 863 549 fuerit
885 507 960 548 com·
1015 495 1148 562 [acicam
1171 494 1220 550 sed
1244 499 1415 564 putrescam
1441 498 1532 549 timete
1547 497 1595 561 qm'
1620 494 1877 564 bobetpotestulem

113 589 218 662 passio,
232 582 391 658 jucundior
417 580 522 637 existat
548 580 710 637 innocentis
731 581 870 637 liberatio.
897 581 959 638 Fiu-
1015 598 1113 654 corpus
1135 588 1161 638 el
1179 584 1301 638 unimam
1325 583 1443 654 perdere
1471 586 1502 638 ιι
1525 585 1681 652 pebruuam
1701 584 1812 654 (lluttb.
1847 599 1875 650 x,

113 678 184 736 bant
197 689 254 732 non
269 671 363 730 solum
379 669 435 735 sui,
460 669 507 726 sed
529 683 629 726 omues
647 669 698 741 qui
712 678 854 727 noverant
876 684 956 739 eam,
1015 671 1071 744 ab).
1087 673 1128 729 Ac
1142 671 1165 727 si
1195 678 1290 742 aperte
1306 671 1403 729 dicat:
1426 673 1487 729 Non
1507 679 1550 729 est
1564 686 1664 729 eornm
1690 687 1798 744 guerra
1815 671 1877 743 piu·

114 780 172 824 non
192 761 308 835 quidem
324 757 489 829 omnesqui
509 757 573 829 eius
587 757 702 815 laudem
717 758 879 827 attdieraut,
894 773 960 831 quae
1021 761 1130 818 rimum
1145 761 1313 826 metuenda,
1329 775 1395 832 quae
1420 762 1448 817 in
1462 775 1523 817 una
1535 768 1647 818 tantum
1663 762 1754 818 nostri
1774 775 1809 818 ae
1823 761 1876 816 mi·

114 854 210 913 nuiios
223 858 274 908 aut
294 861 399 920 pancos
412 847 501 904 latere
515 853 634 916 poterat,
651 847 698 903 sed
715 847 767 918 qui
792 847 832 904 rei
855 849 959 904 verita·
1015 849 1079 908 nori
1095 858 1177 920 parte
1191 858 1242 915 est,
1264 851 1318 907 hoc
1339 856 1381 907 est
1402 851 1574 921 incorpore,
1596 857 1623 907 et
1650 851 1706 907 cito
1727 851 1872 922 praeterit;

114 951 171 1001 tem
184 939 284 998 multis
311 936 424 993 indiciis
442 935 554 1006 experti
569 938 692 992 inerant.
710 936 742 991 ln
759 937 885 994 medium
899 951 959 993 ma·
1027 940 1076 996 sed
1093 953 1128 995 ea
1143 940 1297 1010 precipue,
1320 953 1387 1009 qum
1412 939 1441 995 in
1464 946 1588 1009 utraque
1604 948 1683 1009 parte
1709 939 1871 1010 perenniter

113 1039 198 1090 trona
216 1026 397 1087 sanctissima
419 1024 553 1092 trabitur,
578 1033 605 1080 ct
621 1024 759 1081 innocens
773 1039 824 1095 pro
840 1039 888 1082 rea
903 1033 960 1081 sta·
1025 1028 1226 1093 scribonem
1252 1034 1280 1083 et
1297 1026 1450 1098 Apostolus
1480 1029 1676 1094 considerans,
1696 1026 1870 1100 ingemiscit,

113 1120 217 1179 luitur.
244 1117 359 1173 Anxius
377 1115 511 1180 maritae,
532 1113 613 1169 annii
638 1119 695 1169 tant
721 1121 853 1183 parentes
872 1129 960 1185 quant
1015 1118 1128 1174 dicens:
1163 1118 1338 1173 liberandum
1365 1122 1404 1171 est
1431 1117 1551 1172 incidere
1578 1118 1608 1170 iu
1631 1133 1731 1172 mauras
1758 1119 1807 1171 liet¹
1831 1118 1870 1171 ei-

112 1209 176 1277 iilii,
202 1215 230 1264 et
252 1219 352 1264 omnes
384 1203 434 1275 qui
459 1209 600 1259 noverant
619 1210 820 1273 eamquanto
853 1204 962 1274 pudore
1017 1209 1112 1262 uentis
1129 1205 1224 1277 (Hebe.
1246 1221 1276 1270 x,
1293 1206 1347 1275 ai).
1365 1205 1393 1262 Si
1408 1207 1484 1262 enim
1503 1204 1655 1276 illasque
1674 1213 1768 1262 torum
1784 1205 1871 1261 mari-

112 1297 238 1364 confusi,
254 1294 374 1368 quantis
397 1293 533 1362 lacrymis
548 1290 656 1362 pertusi
677 1292 741 1362 ejns
767 1291 962 1349 innocentiam
1019 1297 1105 1355 tatem
1130 1295 1363 1362 maculaverunt,
1394 1294 1441 1351 icx
1461 1294 1560 1350 divina
1577 1295 1697 1351 senserit
1712 1303 1801 1350 morte
1818 1309 1870 1364 pu-

113 1385 307 1456 deplorarent,
335 1380 401 1452 quis
429 1391 652 1436 commemorare
678 1378 723 1460 vei
746 1379 872 1450 cogitare
905 1395 962 1438 non
1022 1384 1153 1453 utendas,
1179 1383 1251 1455 quid
1274 1398 1322 1440 eas
1339 1391 1435 1440 manet
1458 1397 1524 1454 qua
1540 1383 1635 1455 ipsum
1656 1379 1706 1439 Dei
1727 1383 1868 1454 tempium

112 1471 250 1544 plorando
265 1470 374 1542 queat?
390 1467 447 1524 Soli
464 1474 645 1523 tamnaturae
660 1481 749 1538 quam
774 1468 963 1525 humanitatis
1021 1472 1240 1545 prostituerint?
1260 1471 1400 1544 Numquid
1416 1471 1617 1542 prejudicium
1633 1471 1689 1528 iliis
1707 1470 1781 1538 iecit,
1804 1485 1868 1543 qua

113 1560 294 1618 immemores
307 1572 388 1616 senes
415 1556 446 1613 in
461 1556 524 1627 ejus
542 1554 697 1627 judicium,
719 1557 777 1614 imo
803 1573 888 1615 suunt
917 1573 964 1629 po
983 1600 1003 1655 B
1023 1562 1119 1617 miuus
1141 1561 1338 1632 deiiquerunt,
1357 1559 1379 1617 si
1401 1559 1514 1631 maiora
1545 1559 1677 1628 crimina,
1703 1567 1731 1616 et
1759 1558 1868 1631 proprii

114 1649 172 1706 tius
186 1661 360 1720 consurgere
387 1646 461 1714 ausi,
489 1652 516 1701 et
534 1645 699 1701 immundas
728 1660 833 1703 manus
860 1657 966 1704 sancte
1022 1650 1078 1707 tori
1102 1649 1232 1707 maculas
1260 1648 1420 1719 expiaverit
1440 1651 1550 1705 minore
1576 1647 1723 1705 vindicta?
1751 1646 1868 1704 Certum

113 1738 214 1795 vertici
237 1739 301 1808 eius
328 1736 504 1806 imponentes
527 1741 668 1805 tanquam
695 1737 889 1792 testimoninm
921 1751 966 1793 ac·
1020 1746 1119 1801 estut
1145 1746 1423 1810 supramemoratus
1452 1737 1605 1807 Apostolus
1633 1738 1683 1804 ait,
1709 1737 1738 1792 in
1771 1750 1871 1792 manu.

91 1879 95 1885 .
113 1826 270 1886 cusationis
299 1826 327 1881 in
341 1839 404 1881 eam
422 1819 528 1879 dicturi
545 1838 551 1878 :
567 1823 632 1879 Cum
649 1823 892 1893 deambularemus,
918 1826 965 1882 in·
1022 1828 1104 1885 iactis
1122 1817 1236 1898 tempii's
1249 1841 1437 1899 nequaquam
1454 1827 1543 1883 Deum
1556 1827 1698 1894 habitare,
1709 1825 1757 1881 sed
1776 1824 1868 1894 magis

115 1917 233 1990 quiunt,
253 1919 284 1983 ιι
305 1916 430 1985 pomario
451 1914 512 1982 soli,
530 1920 584 1969 etc.
604 1913 687 1982 Bene,
714 1913 844 1985 inquam,
861 1915 963 1981 dicitis,
1024 1917 1052 1973 in
1070 1917 1198 1986 illisqui
1215 1917 1362 1987 veracius
1382 1915 1487 1984 templa
1499 1915 1640 1986 spiritalia
1661 1922 1729 1971 sunt
1744 1914 1867 1969 dicendi.

112 2005 360 2071 deambularemus,
386 2009 415 2059 et
432 2003 494 2069 soli,
518 2001 569 2074 qui
593 2002 836 2074 concupiscentia
861 2005 962 2061 stimu-
1022 2008 1060 2062 iic
1075 2006 1213 2078 qualibus
1238 2007 1298 2077 ipso
1324 2006 1500 2077 quibusdam
1519 2004 1577 2060 ait:
1593 2006 1709 2060 Nescitis
1739 2006 1805 2070 quia
1820 2005 1869 2057 Dei

115 2095 151 2152 iis
165 2095 310 2166 aguaria
334 2093 390 2149 Deo
409 2092 516 2162 paritor
529 2099 557 2148 et
583 2090 646 2164 iege
675 2091 736 2164 jam
764 2093 849 2150 eratis
869 2092 964 2150 alieni.
1020 2095 1150 2163 templum
1178 2096 1252 2161 estis,
1278 2100 1302 2148 et
1330 2094 1509 2162 spiritualier·
1529 2091 1635 2147 habital
1668 2095 1698 2146 m
1722 2093 1808 2146 uobis.
1839 2091 1868 2146 Si

152 2185 227 2241 Bane
255 2190 352 2239 autem
380 2195 448 2238 cum
479 2181 589 2238 dietum
611 2183 671 2239 sit:
705 2184 907 2250 consumentes
935 2185 965 2236 ιι
1020 2183 1081 2252 quis
1102 2183 1231 2252 templum
1253 2183 1302 2237 Dei
1329 2181 1484 2248 uiolauerit,
1516 2179 1654 2249 disperdet
1678 2182 1756 2235 iilum
1782 2181 1865 2234 Deus.

116 2273 204 2328 medio
216 2271 322 2342 populi,
352 2285 450 2325 mamus
467 2285 531 2325 suas
555 2285 637 2339 super
664 2275 746 2341 capul
774 2286 842 2339 rpus,
869 2271 963 2326 statim
1023 2271 1162 2341 Templum
1175 2272 1221 2326 Dei
1241 2275 1426 2336 sanctumesl,
1450 2269 1524 2336 quod
1551 2272 1616 2324 estis
1635 2285 1681 2324 uos
1697 2269 1721 2337 (i
1736 2271 1796 2326 Cor.
1828 2283 1866 2335 nt,

116 2361 288 2432 adjunctum
317 2365 369 2426 est,
399 2374 459 2428 que
474 2360 678 2427 llemssuspem't
709 2359 746 2412 ud
770 2361 881 2427 coelum3
907 2364 966 2414 erat
1023 2363 1064 2428 ib,
1082 2361 1136 2430 ιι).
1164 2357 1219 2426 (ιιι
1246 2367 1344 2416 antem
1373 2358 1450 2414 intra
1477 2358 1598 2428 parietes
1621 2358 1777 2429 corporalis
1800 2368 1867 2414 tcm-

115 2455 184 2509 euim
207 2467 251 2506 cor
266 2450 325 2519 ejus
348 2449 480 2519 fiduciam
494 2447 595 2502 babens
624 2450 654 2502 in
676 2450 801 2503 Domino.
823 2448 895 2514 Quid
922 2456 965 2506 ost
1021 2450 1060 2520 pii
1081 2449 1178 2506 sordes
1192 2448 1306 2519 aiiquas
1329 2447 1493 2520 corporales
1519 2447 1644 2514 intuens,
1660 2461 1718 2503 non
1739 2461 1788 2503 eas
1811 2455 1866 2503 sta·

117 2541 195 2613 quod
211 2539 365 2609 hucusque
380 2551 447 2594 eunt
471 2536 518 2593 sut
532 2549 594 2593 eam
615 2535 763 2604 deflerent,
778 2546 887 2594 nonest
902 2551 964 2593 me·
1022 2539 1072 2595 tim
1090 2545 1237 2609 asportare
1260 2536 1394 2595 festinet?
1418 2537 1487 2605 Quis
1512 2537 1565 2593 sibi
1591 2536 1725 2593 iurnicari
1741 2550 1799 2592 non
1815 2536 1867 2591 ab·

117 2638 229 2688 morata
247 2628 335 2695 suere,
360 2627 407 2684 sed
434 2633 504 2683 tunc
537 2633 650 2682 tantum
677 2640 744 2683 cnut
773 2627 966 2684 castissimum
1022 2628 1147 2694 horreat,
1172 2641 1205 2683 ιι
1227 2627 1321 2699 magis
1349 2626 1419 2683 iliud
1448 2639 1538 2697 quam
1554 2625 1651 2682 verius
1670 2624 1775 2681 animm
1801 2633 1867 2681 tem·

117 2719 276 2791 ejuseaput
292 2716 490 2789 contingerent
506 2729 611 2773 manus
630 2713 804 2786 impudicae?
823 2715 962 2786 Nunquid
1024 2717 1102 2788 pium
1117 2716 1243 2788 poliuere
1261 2715 1402 2786 trepidet?

117 2816 188 2866 tune
204 2809 296 2880 primo
315 2806 359 2863 vei
380 2806 524 2877 precipue
538 2805 573 2861 de
589 2804 715 2876 periculo
736 2804 855 2861 timebat
878 2805 965 2860 vitre?
1058 2805 1165 2872 Flebat,
1191 2813 1223 2861 ut
1256 2803 1440 2870 dictumest,
1472 2802 1615 2870 Susanna,
1644 2811 1671 2860 et
1696 2803 1780 2859 iictus
1804 2803 1867 2874 ejus

116 2897 197 2966 Quod
214 2897 329 2969 quidem
344 2910 379 2952 ne
391 2895 579 2964 suspicemur,
607 2907 671 2950 mox
685 2892 869 2949 annectitur:
896 2895 964 2948 brut
983 2890 1005 2948 G
1022 2907 1109 2951 cause
1119 2893 1179 2965 jam
1195 2908 1231 2948 cx
1255 2899 1336 2962 parte
1357 2901 1399 2948 cst
1422 2892 1562 2961 suposita,
1581 2905 1631 2962 pro
1657 2900 1793 2948 contactu
1816 2893 1869 2948 sei-

117 2984 441 3054 ettlmcorcyusbducium
457 2981 593 3035 babemus
606 2978 965 3046 Dominoouamvisenim
1021 2983 1086 3041 iicet
1099 2983 1289 3039 obscenarum
1306 2994 1456 3048 ntanuum,
1474 2995 1540 3052 que
1559 2995 1610 3036 neo
1625 2981 1660 3036 ιιι
1673 2980 1772 3037 horam
1801 2995 1867 3037 sus-

117 3075 251 3145 superius
267 3072 387 3129 dixisset
404 3069 451 3125 :Si
467 3074 558 3124 aulem
581 3083 636 3122 uon
648 3083 734 3136 eqero,
758 3083 812 3122 nou
837 3068 967 3137 effupium

117 3179 215 3218 martas
228 3168 343 3228 uestras,
365 3166 392 3216 et
408 3157 588 3229 postmodum
604 3157 697 3213 dicat:
714 3159 750 3212 El
768 3172 826 3212 ecca
854 3160 965 3226 morior,

118 3268 176 3307 cum
191 3250 366 3305 uibllborum
376 3249 487 3314 fecerim
503 3248 583 3312 (Dan.
600 3259 663 3312 ιιιιι,
676 3245 736 3316 ib);
748 3244 860 3300 vconfisa
871 3253 966 3301 tamen

116 3348 252 3396 etsecura
260 3336 294 3391 de
303 3335 394 3391 sainte
403 3331 768 3403 anime,etgioriapaimae,
780 3345 964 3403 nequaquam

117 3426 207 3485 tristis
224 3434 285 3481 erat
299 3423 334 3480 de
361 3422 526 3480 transitoria
541 3429 641 3486 morte,
657 3434 706 3491 per
722 3435 810 3492 quant
827 3435 856 3478 se
874 3428 966 3478 trans·

117 3516 224 3573 ituram
232 3514 340 3572 sciebat
355 3513 390 3570 ad
406 3512 514 3584 gaudia
529 3511 663 3582 perennis
675 3512 753 3568 vitae.
765 3511 845 3568 Unde
856 3520 883 3569 et
894 3512 965 3569 bone

116 3605 262 3677 suspicere
282 3603 318 3660 ad
344 3602 449 3660 eoeium
473 3609 651 3658 memoratur
671 3616 729 3672 qno
753 3601 817 3671 ejus
846 3601 965 3659 intentio

116 3703 175 3753 toto
185 3693 324 3752 desiderio
337 3691 494 3749 terebatur.

1020 3071 1223 3142 tinerepotuit.
1252 3070 1350 3127 Fiebat
1379 3071 1481 3140 utiquo
1504 3071 1538 3126 de
1558 3078 1706 3141 praesente,
1717 3078 1745 3127 et
1767 3070 1790 3125 si
1807 3069 1868 3126 diii-

1021 3161 1136 3232 geutins
1150 3159 1335 3227 attendimus,
1356 3173 1414 3216 non
1435 3159 1529 3216 solum
1545 3160 1672 3230 corporis
1691 3167 1866 3227 contactum,

1020 3251 1068 3307 sed
1083 3258 1110 3306 et
1125 3249 1208 3306 lamae
1235 3249 1369 3306 iuturum
1396 3246 1483 3305 tiebat
1509 3248 1724 3316 detrimentum,
1741 3263 1807 3306 cunt
1828 3250 1868 3305 iiii

1019 3339 1127 3396 seilicet
1155 3338 1191 3394 ad
1220 3338 1430 3395 testificandum
1469 3345 1701 3408 prorumperent,
1739 3352 1866 3409 quorum

1019 3428 1180 3485 testimonio
1220 3427 1378 3498 plurimum
1410 3427 1487 3484 credi
1518 3426 1695 3497 providebat,
1736 3427 1811 3484 sicut
1840 3435 1868 3484 et

1019 3517 1200 3588 postmodum
1217 3516 1366 3586 Scriptura
1388 3523 1602 3579 commemorat,
1627 3515 1745 3572 dicens:
1770 3517 1866 3572 Credi-

1019 3608 1060 3663 dit
1077 3609 1115 3662 eis
1136 3606 1285 3662 mullitudo
1309 3607 1390 3676 quasi
1403 3605 1511 3660 senibus
1535 3606 1639 3675 populi,
1667 3611 1691 3660 el
1710 3605 1866 3674 paelicibus,

1018 3700 1044 3751 ιι
1064 3696 1310 3751 condemnaverunt
1333 3709 1391 3748 enm
1414 3694 1451 3748 ud
1474 3698 1585 3747 mortem
1610 3693 1690 3762 (Dan.
1725 3707 1786 3762 ιιιι,
1809 3693 1865 3765 ιι).

151 3788 210 3843 cur
223 3784 313 3857 igitur
332 3781 418 3839 tiebat
430 3789 501 3838 tunc
515 3786 629 3839 tantum
643 3778 793 3851 camieJus
807 3779 894 3850 capiti
908 3793 968 3866 ma3
1019 3786 1116 3843 Flebat
1131 3785 1317 3856 opprobrium
1340 3784 1443 3840 domus
1456 3797 1526 3850 snae,
1542 3797 1595 3839 nee
1620 3790 1677 3839 tant
1693 3796 1776 3839 suam
1789 3783 1866 3840 caia-

116 3890 174 3935 nns
187 3874 364 3945 imponerent
379 3871 431 3937 illi,
452 3884 486 3927 ac
504 3884 562 3927 ιιοιι
587 3870 683 3941 botius
697 3882 764 3925 cum
793 3868 828 3924 ad
845 3877 963 3925 mortem
1017 3875 1146 3933 mitatem
1166 3888 1254 3946 quam
1270 3887 1389 3930 suorum
1405 3872 1573 3943 deplorabat
1588 3872 1772 3929 anxietatem.
1790 3871 1867 3936 Ouid

116 3966 281 4031 duceretur,
297 3963 353 4018 nisi
369 3960 447 4032 quod
470 3974 592 4031 eaquae
607 3967 727 4016 mortem
753 3973 811 4016 non
833 3960 961 4027 timebat,
1017 3963 1115 4020 enim?
1136 3963 1217 4035 quid,
1240 3962 1386 4033 inquam‘l
1404 3960 1628 4018 circumstantes
1655 3973 1732 4027 suos,
1757 3959 1867 4026 virum,

116 4054 153 4111 ab
168 4052 297 4111 obscenis
314 4050 449 4107 manibus
470 4056 557 4119 caput
579 4063 666 4104 suunt
688 4047 816 4118 contingi
839 4047 962 4114 doiebat,
1016 4058 1160 4122 parentes,
1185 4051 1268 4119 filios,
1288 4057 1438 4121 cognatos,
1455 4057 1488 4106 ιιι
1509 4049 1686 4118 dictumest,
1712 4056 1740 4105 ot
1767 4063 1868 4106 omnes

116 4142 225 4214 quibus
238 4154 290 4198 nec
310 4137 459 4195 interiores
482 4137 610 4207 corporis
633 4144 729 4207 partes
741 4135 819 4205 tangi
843 4149 960 4192 consen·
979 4181 1000 4237 D
1017 4141 1068 4212 qui
1087 4147 1228 4198 noverant
1242 4153 1315 4206 eam,
1342 4139 1370 4194 in
1390 4153 1504 4196 summa
1530 4139 1675 4196 anxietate
1705 4139 1821 4208 positos,
1837 4145 1864 4195 et

115 4229 212 4289 serat?
238 4228 344 4286 Audite
373 4227 444 4292 ιιι,
474 4233 501 4282 et
525 4225 684 4295 intelligite,
709 4223 839 4295 Virgines
861 4238 959 4291 sacre,
1016 4227 1280 4286 taminndcentiam
1312 4229 1375 4300 eius
1392 4242 1479 4299 quam
1494 4243 1577 4286 suam
1606 4227 1746 4284 iniamian
1771 4227 1868 4299 depio

116 4330 313 4391 quecorpora
337 4331 454 4387 quoque
487 4321 582 4371 vestra
603 4321 743 4384 tanquam
764 4315 880 4384 propria
907 4316 962 4371 lieo

115 4407 223 4479 templa
254 4406 453 4474 consecrastis,
482 4412 516 4461 ut
544 4401 624 4459 nuilo
656 4401 781 4459 lasciviae
810 4403 964 4459 tactuhrec

113 4496 204 4568 poiini
220 4493 402 4568 permittatis,
424 4493 505 4550 nniio
528 4491 719 4548 immunditia
744 4491 893 4562 sacrilegio
907 4491 965 4547 vio-

97 4585 179 4644 .iari.
197 4585 229 4642 Si
241 4586 394 4655 peccauerit
407 4584 451 4638 ιιι
474 4584 505 4637 iu
520 4582 621 4648 uirum,
647 4580 760 4637 Samaei
781 4581 831 4648 ait,
856 4581 965 4651 placari

96 4679 140 4731 ,ιι
158 4678 340 4744 Druspolesl.
371 4673 402 4728 Sl
425 4678 516 4728 autem
542 4674 572 4727 ιιι
596 4673 683 4727 Deum
709 4673 872 4744 peccauerit,
901 4672 962 4741 quis

114 4764 205 4822 orabit
217 4779 266 4835 pro
278 4764 329 4818 eo?
345 4763 365 4834 (i
378 4763 444 4832 itaq.
473 4779 503 4832 ιι,
527 4761 585 4834 ιδ.)
612 4761 645 4816 in
676 4761 773 4818 virum
795 4774 881 4816 suunt
897 4774 962 4830 pec-

114 4868 180 4913 care
208 4852 341 4911 Susanna
377 4855 521 4921 timuerat,
551 4853 574 4908 si
610 4852 709 4922 aliquo
741 4850 867 4908 iascivia
903 4863 963 4905 cor-

115 4958 170 5014 pus
180 4958 267 5000 suum
298 4941 324 4999 ei
340 4942 466 4999 dicatum
481 4940 609 5012 contingi
624 4940 805 5011 permitteret.
820 4938 893 5006 Quid
913 4937 963 5008 igi-

114 5038 163 5087 tur
181 5045 293 5100 sponse
311 5031 416 5088 Christi
446 5031 609 5088 iaciendum
625 5036 677 5097 est,
705 5042 772 5085 cum
792 5027 860 5099 quis
888 5026 962 5082 ince-

114 5127 177 5174 stus
194 5119 230 5174 ad
246 5133 308 5175 eant
338 5121 497 5188 ιιιιιιιιιι,
527 5133 670 5177 summam
693 5117 830 5190 injuriam
849 5118 904 5173 Deo
922 5116 963 5172 ia-

114 5213 224 5272 eteros,
239 5207 262 5263 si
290 5208 345 5265 boc
362 5209 425 5280 ejus
447 5209 596 5280 proprium
611 5207 750 5278 tempium
778 5205 895 5277 aliquod
921 5204 961 5262 ia·

96 5295 209 5353 scivias
239 5299 406 5368 contagium
436 5297 674 5372 presumpserit?
708 5295 761 5353 Cui
788 5295 880 5366 judici
903 5293 959 5351 nisi

99 5398 226 5443 ‚summo
240 5384 302 5442 hec
313 5399 427 5443 summa
442 5386 568 5458 injuria;
585 5387 633 5444 cui
658 5385 715 5444 nisi
730 5384 816 5457 cuius
837 5392 879 5442 est
893 5398 960 5455 pru·

112 5470 176 5542 pria
189 5471 364 5530 vindicanda
373 5475 530 5533 servaturi
545 5475 579 5530 Ei
589 5474 756 5546 utique‘qui
770 5473 808 5531 ad
826 5473 959 5532 timorem

1019 4331 1084 4375 rare
1102 4318 1247 4375 cernebat.
1264 4320 1303 4375 De
1314 4331 1439 4389 qnorum
1455 4317 1652 4389 compassione
1667 4317 1761 4389 magis
1774 4330 1863 4389 quam

1017 4406 1053 4463 do
1082 4408 1199 4477 propria
1231 4407 1363 4476 passione
1392 4406 1524 4476 dolebat;
1563 4421 1616 4463 nec
1638 4413 1697 4462 tant
1737 4407 1865 4477 corporis

1018 4504 1137 4552 mortem
1158 4510 1250 4567 quam
1269 4494 1396 4552 inlamiae
1412 4495 1503 4552 labem
1519 4495 1683 4567 plangebat.
1707 4493 1769 4561 Quo
1788 4494 1863 4551 enim

1018 4599 1142 4657 quaeque
1169 4584 1274 4641 castior
1288 4592 1341 4653 est,
1366 4586 1558 4642 verecundior
1579 4599 1640 4642 csse
1668 4583 1861 4656 cognoscitur,

1016 4680 1044 4729 et
1068 4672 1243 4729 castimonia
1283 4686 1432 4730 summum
1456 4673 1533 4730 istud
1565 4680 1608 4730 est
1646 4680 1862 4744 argumentum.

1018 4761 1098 4820 ιιιιιιι
1111 4762 1183 4818 bene
1198 4761 1273 4819 sient
1299 4776 1339 4829 re,
1357 4762 1396 4818 ita
1408 4769 1436 4818 et
1451 4762 1566 4818 nomine
1580 4761 1686 4832 pudor,
1706 4769 1734 4817 et
1751 4761 1862 4832 pudici·

1016 4851 1056 4909 tia
1069 4851 1108 4908 ita
1121 4858 1188 4908 sunt
1215 4851 1363 4922 adjuncta,
1380 4858 1413 4908 ut
1427 4851 1591 4922 frequenter
1613 4851 1730 4906 nomine
1746 4850 1864 4920 pudoris

1016 4941 1078 5013 ipsa
1092 4942 1207 4999 castitas
1220 4940 1398 5013 designetur,
1414 4940 1501 5010 quod,
1516 4947 1548 4998 ut
1563 4941 1670 4997 dictum
1685 4949 1735 5004 est.
1747 4940 1863 5011 sianum

1015 5031 1130 5103 estejus
1145 5030 1325 5101 praecipuum
1353 5038 1569 5102 argumentum.
1598 5029 1678 5096 Quod
1693 5037 1721 5086 et
1748 5030 1865 5100 aposto

1015 5127 1062 5177 tus
1083 5120 1237 5192 diiigenter
1263 5119 1413 5176 attendens
1435 5134 1501 5176 cum
1529 5118 1679 5176 muliebris
1708 5119 1864 5175 honestatis

1015 5207 1341 5275 habitumdescriberet,
1356 5207 1382 5264 id
1407 5208 1437 5263 in
1460 5207 1706 5263 commendatione
1733 5206 1863 5277 ipsarum

1014 5297 1142 5369 primum
1157 5296 1320 5367 assumpsit,
1344 5309 1393 5365 per
1414 5294 1491 5366 quod
1514 5308 1564 5351 eas
1580 5293 1705 5350 manime
1722 5307 1866 5351 commen-

1014 5385 1078 5443 dari
1092 5387 1223 5445 censuit:
1240 5384 1370 5444 Mulieres
1397 5384 1427 5438 ιι
1447 5382 1544 5438 babitu
1570 5387 1676 5451 ornato,
1702 5399 1763 5438 cam
1790 5398 1863 5439 uere·

1013 5474 1115 5534 cundia
1127 5479 1154 5533 et
1174 5475 1320 5533 sobrietate
1331 5472 1358 5547 (ι
1375 5474 1443 5530 iim.
1471 5486 1501 5540 ιι,
1522 5470 1559 5541 ei,
1581 5479 1634 5529 etc.
1666 5472 1770 5529 iiince
1796 5485 1863 5530 con·
