3804 5962
20 176 24 183 ’
74 184 143 240 liar
351 179 453 235 PETRI
472 178 658 234 ABAELARDI
678 178 755 233 OPP.
775 175 865 233 etas
884 174 934 231 III.
951 175 1221 234 -vaaoaosch
1240 177 1283 231 ΕΤ
1302 174 1572 234 Paltosoealca.

71 302 227 361 Christum.
246 299 380 365 Quoniam
403 315 421 353 a
442 299 549 353 dextris
567 303 606 352 est
632 299 709 364 mihi,
744 314 777 352 ne
800 314 917 354 commo-
932 295 958 351 A
972 312 1030 355 non
1044 307 1086 356 est
1110 301 1288 372 jucunditas.
1303 301 1477 369 Artgusiiaas
1491 303 1521 354 in
1541 300 1654 372 psalmo
1676 300 1738 357 axi

65 389 200 448 aeonio
222 389 246 445 si
273 388 348 444 dicat
368 387 411 443 :si
427 394 459 444 tu
474 401 532 443 non
547 386 681 443 luissesa
705 386 828 455 dextris,
857 385 916 444 lar·
971 388 1117 456 najaotsa·
1130 404 1172 444 me
1189 395 1213 443 et
1239 389 1392 444 consolatus
1419 403 1446 444 es
1473 405 1524 444 rna.
1558 388 1738 445 contristata

70 480 147 536 sitan
173 490 378 544 commoverer,
398 475 424 530 id
439 477 490 532 est·
504 475 539 531 de
569 475 675 531 ildead
704 475 916 543 infidelitatem,
972 475 1073 533 beatus
1095 477 1256 548 cyprianus
1283 476 1313 532 in
1353 476 1493 547 passtoae,
1535 476 1621 533 modo
1662 488 1738 532 const

72 568 195 625 debono
214 565 250 621 ad
266 564 554 632 maiumiiregorias,
571 562 685 619 homilia
708 566 918 633 Euangeliorum
972 572 1013 621 est
1029 565 1057 620 ia
1080 579 1196 630 corona,
1228 573 1281 621 etc.
1316 565 1395 620 Idem
1428 580 1510 635 saper
1536 566 1678 620 loannem
1707 579 1738 620 se

71 657 159 713 XVI:
190 657 292 709 Dacius
316 658 355 707 est
381 652 461 707 lesus
479 653 508 706 tn
527 653 672 707 desertum.
697 652 802 709 Tribus
827 652 918 709 modis
973 654 1102 710 CXXIII:
1142 655 1293 721 Extendes,
1324 653 1430 725 inquit,
1459 666 1566 709 manus
1591 660 1672 720 tuas,
1705 652 1738 708 bo

72 744 191 801 tentatio
206 741 314 814 agitur,
334 740 529 813 suggestione,
548 740 744 809 delectatione,
763 755 920 819 consensa..
972 742 1159 815 crucifigeris.
1176 744 1217 799 Ad
1232 744 1286 800 hac
1305 749 1401 798 aulem
1424 749 1456 798 ut
1475 741 1586 809 venias,
1616 740 1699 796 alius
1722 748 1738 797 t

72 834 106 889 Et
126 845 178 888 nos
199 844 266 888 cum
296 837 453 896 tentamur,
486 829 657 900 plerumque
680 829 709 884 in
734 829 918 886 delectatione
973 839 1019 902 got
1037 834 1065 887 et
1081 832 1164 888 ducet
1174 847 1231 903 guo
1245 845 1303 888 nou
1324 831 1378 887 vis.
1394 829 1478 886 Prius
1492 829 1566 885 dixit
1590 828 1675 899 quod
1692 827 1738 884 tier

72 920 222 977 autetiam
237 917 267 974 in
282 931 424 974 consensu
439 916 581 984 labimur;
596 916 666 988 quia
681 917 715 973 da
737 918 835 974 carnis
851 932 917 988 pec·
973 919 1074 975 deinde
1091 919 1163 976 dixit
1188 919 1332 990 quomodo
1354 917 1442 974 lieret.
1473 919 1534 974 Non
1553 917 1634 973 enim
1652 917 1735 972 cruci

71 1016 135 1067 cato
150 1007 300 1078 propagati
317 1005 346 1062 in
362 1006 445 1062 nobis
460 1006 545 1063 etiam
561 1006 697 1077 gerimus,
726 1006 804 1063 unde
824 1013 919 1062 certa·
973 1007 1022 1064 sed
1038 1007 1252 1080 crucifigendus
1265 1023 1324 1078 quo
1347 1006 1435 1063 nollet
1453 1014 1495 1062 est
1522 1006 1631 1062 ductas
1646 1021 1656 1075 ;
1674 1018 1738 1061 nam

72 1096 152 1153 mina
172 1095 334 1151 toleremus.
352 1095 427 1150 Deus
451 1107 531 1163 vero,
547 1094 598 1165 qui
615 1093 677 1150 sine
701 1101 815 1164 peccato
829 1108 919 1150 vene·
973 1095 1077 1152 citisus
1092 1096 1233 1168 abiitque
1248 1095 1371 1153 volebat.
1389 1094 1506 1151 Solutus
1533 1095 1644 1166 quippe
1662 1108 1681 1149 a
1711 1108 1738 1149 cr

71 1189 126 1252 rat,
156 1182 227 1240 nihil
254 1181 487 1238 contradictionis
511 1181 540 1237 ia
582 1181 734 1252 semetipsa
769 1181 917 1238 tolerabat.
973 1183 1087 1240 volebat
1107 1199 1248 1242 esseoum
1269 1184 1389 1251 Christo,
1405 1183 1492 1240 scdsi
1515 1183 1577 1239 lieri
1608 1189 1738 1254 possetp

72 1272 187 1329 tentari
215 1285 285 1343 argo
314 1284 366 1341 per
398 1270 612 1342 suggestionem
647 1269 750 1340 potuit,
780 1268 827 1327 sed
856 1270 920 1341 ejus
973 1273 1073 1330 mortis
1085 1273 1255 1343 molestiam,
1272 1274 1308 1330 ad
1324 1286 1413 1344 quam
1432 1272 1532 1329 nolens
1558 1271 1671 1328 dactus
1687 1279 1738 1327 est.

74 1368 198 1418 mentem
210 1359 316 1430 peccati
335 1358 483 1415 delectatio
503 1373 560 1415 non
574 1357 844 1429 memorialique
858 1358 919 1414 ideo
973 1361 1035 1419 lens
1048 1360 1158 1418 adeam
1174 1363 1262 1431 venit,
1279 1361 1327 1418 sed
1342 1361 1441 1417 volens
1455 1375 1519 1418 cam
1549 1360 1633 1427 vicit,
1656 1366 1687 1416 et
1708 1374 1738 1417 re

74 1449 170 1507 omnis
183 1447 324 1505 diabolica
338 1447 387 1504 illa
403 1449 521 1504 tentatio
535 1446 616 1513 ioris,
633 1461 691 1503 non
709 1447 786 1504 intus
800 1447 865 1504 luit.
973 1450 1053 1506 hunc
1081 1449 1257 1506 infirmitatis
1280 1449 1424 1517 affectum,
1454 1463 1512 1518 quo
1535 1463 1622 1505 nemo
1648 1447 1717 1505 vult

417 1535 565 1591 LXXXIII.
975 1553 1068 1610 usque
1093 1540 1163 1596 adeo
1180 1538 1388 1604 naturalem,ut
1409 1552 1476 1594 eam
1505 1537 1590 1593 beato
1603 1538 1692 1593 Petro
1708 1551 1738 1592 ne

73 1625 152 1694 Quod
173 1625 294 1682 Christus
318 1625 360 1680 aet
387 1628 476 1680 saneti
502 1627 572 1680 mort
603 1626 749 1692 coluerint,
772 1629 797 1680 et
812 1629 915 1680 contra.
934 1632 956 1688 Β
974 1633 1075 1682 nectus
1099 1626 1213 1683 auterre
1236 1626 1369 1697 patuerit,
1394 1625 1440 1681 cui
1458 1625 1569 1681 dietum
1596 1633 1661 1681 est:
1694 1626 1738 1681 Gur

110 1716 202 1770 isaias
224 1714 361 1786 propheta
390 1715 460 1783 (aru,
475 1714 502 1784 7)
519 1729 526 1767 ι
546 1711 668 1770 Oblatas
693 1720 746 1783 est,
764 1712 835 1785 quia
860 1712 920 1782 ipse
975 1717 1075 1777 nanis,
1100 1714 1205 1769 duceris
1234 1729 1287 1784 quo
1314 1718 1343 1768 ta
1360 1716 1470 1768 nonois
1489 1714 1581 1782 (ioan.
1598 1726 1665 1780 xxi,
1685 1711 1738 1782 ts).

73 1802 176 1860 voluit.
207 1805 271 1873 ipre
296 1804 426 1857 Domitius
453 1802 483 1855 tn
506 1803 655 1869 Evangelio
683 1801 770 1871 (loon.
795 1814 825 1866 x,
849 1800 918 1870 lii:
975 1810 1038 1874 pter
1052 1803 1305 1859 nosconsolandos
1319 1801 1404 1858 etlam
1421 1801 1643 1872 transfiguravit
1665 1815 1697 1856 ru
1713 1815 1738 1857 se

75 1895 160 1949 Nemo
185 1891 257 1949 tollit
280 1891 408 1947 animant
450 1904 542 1946 meam
567 1904 584 1946 a
608 1904 663 1946 me.
687 1890 734 1946 sed
766 1904 817 1961 ego
844 1903 920 1960 pono
975 1899 1057 1948 rator
1079 1892 1177 1947 dicens
1197 1907 1203 1946 :
1221 1895 1311 1958 Pater,
1337 1892 1362 1944 si
1387 1892 1449 1958 aeri
1471 1893 1574 1959 potest,
1604 1893 1738 1956 transcat,

73 1982 257 2039 earnium:
278 1978 531 2036 Nonveniiacere
550 1977 728 2034 voluntatem
751 1978 920 2043 meam,sed
974 1979 1155 2051 paruaque
1180 1979 1406 2046 nroriveaerat,
1438 1992 1490 2034 nec
1521 1977 1609 2032 babet
1651 1978 1736 2034 morti

74 2068 138 2141 ejus
163 2067 214 2139 qui
237 2067 314 2124 misit
343 2080 396 2123 me.
418 2068 490 2122 ltcm
515 2084 521 2122 :
546 2068 638 2134 Pater,
662 2068 684 2122 si
714 2067 845 2135 possibile
867 2074 919 2129 est,
975 2067 1145 2133 cessitatem,
1178 2066 1226 2122 sed
1271 2065 1460 2126 voluntatem,
1502 2072 1642 2134 potestate
1679 2063 1737 2134 posi

76 2145 235 2213 transacta
264 2171 310 2212 me
331 2155 408 2212 calix
444 2156 505 2211 iste.
532 2155 736 2212 Verumtamen
761 2170 818 2211 aon
847 2155 921 2212 sicut
975 2157 1104 2212 animam
1127 2169 1209 2211 suam
1239 2162 1266 2211 et
1295 2168 1398 2210 rursus
1424 2167 1488 2208 eam
1518 2159 1704 2222 sumpturus.
1732 2155 1738 2207 i

74 2259 127 2315 ego
139 2243 212 2312 valo,
227 2243 275 2299 sed
293 2243 368 2299 stcat
384 2251 426 2299 tu.
443 2244 478 2299 Et
506 2257 629 2300 rursus:
658 2257 714 2299 non
731 2258 794 2300 mea
816 2243 918 2300 volun·
974 2246 1045 2300 Nem
1066 2244 1087 2300 si
1104 2243 1187 2300 nulla
1202 2243 1304 2300 mortis
1318 2250 1390 2299 esset
1404 2241 1449 2297 vel
1466 2254 1556 2311 parva
1585 2240 1729 2306 molestia,

76 2331 197 2398 lassad
220 2335 271 2385 tua
290 2330 347 2386 ilat.
377 2332 480 2385 Paulus
504 2332 541 2385 ad
566 2330 752 2401 Philippenses
778 2331 808 2402 (v,
841 2333 918 2402 ihi:
975 2340 1140 2390 essettanta
1162 2329 1438 2402 martyramgloria.
1472 2330 1621 2397 Gregorius
1647 2344 1736 2396 erana

75 2418 321 2477 Coarctoraatem
345 2418 499 2486 oduobas,
530 2418 703 2475 desiderium
732 2419 841 2477 habens
863 2419 918 2476 dis·
974 2423 1052 2477 milia
1078 2422 1128 2487 ΙΙΙ,
1158 2419 1190 2474 de
1214 2423 1308 2474 sancta
1340 2420 1479 2473 Felicitate
1514 2433 1625 2473 monere
1653 2417 1738 2472 adnee

75 2507 146 2564 solvi
166 2513 194 2563 et
213 2520 280 2562 eam
309 2505 424 2562 Christo
440 2522 510 2576 esse,
534 2517 589 2563 etc.
619 2508 696 2562 ldart
717 2508 755 2562 ad
772 2508 919 2563 Laodicen-
976 2510 1092 2580 optavit
1107 2508 1219 2565 nullum
1236 2513 1298 2578 post
1315 2521 1344 2563 se
1359 2506 1532 2577 relinquere,
1557 2520 1606 2571 ne,
1633 2506 1658 2562 si
1672 2520 1738 2576 quer

77 2611 118 2652 ses
146 2595 260 2665 (Philip.
291 2611 310 2661 1,
339 2597 406 2662 ili:
428 2594 477 2651 Est
507 2596 585 2650 enirn
612 2595 682 2650 mihi
709 2610 778 2652 vera
802 2596 862 2653 vita
890 2595 919 2651 in
975 2599 1053 2656 beret
1081 2596 1279 2668 superstitem,
1303 2609 1364 2651 nau
1386 2602 1479 2665 posset
1512 2595 1621 2651 habere
1650 2607 1737 2650 conso

75 2683 225 2742 Christoet
245 2683 318 2739 mori
336 2683 580 2754 gaudiumldem
609 2687 639 2738 in
666 2685 786 2740 secanda
810 2684 849 2739 ad
873 2685 920 2741 co·
975 2688 1062 2745 Nema
1091 2701 1159 2757 erga
1184 2684 1326 2741 existimat
1350 2683 1428 2754 aaod
1460 2683 1524 2754 ejas
1551 2698 1601 2739 cor
1632 2682 1738 2739 morien

73 2775 191 2828 riathios
214 2772 313 2843 (v,i):
343 2771 416 2829 Nam
440 2773 536 2843 etqui
559 2787 660 2830 sumus
684 2774 712 2829 in
737 2772 921 2830 tabernaculo
976 2775 1053 2843 siliis,
1069 2775 1156 2830 etiam
1185 2771 1310 2828 earnalis
1325 2770 1445 2828 abactas
1459 2771 1576 2827 minime
1605 2768 1738 2841 pulsarit.

74 2860 139 2928 isto,
160 2861 377 2932 ingemiscimus
405 2860 542 2931 gravati3
563 2875 597 2916 eo
628 2861 705 2932 quod
721 2862 920 2918 nolumuscx·
937 2893 959 2950 C
976 2878 1034 2936 que
1048 2863 1123 2920 enim
1148 2861 1230 2929 lilios,
1254 2875 1327 2931 quas
1356 2873 1470 2915 carnem
1494 2873 1576 2915 suam
1601 2872 1664 2916 esse
1691 2871 1738 2915 nov

78 2950 206 3021 spoliari
236 2949 284 3005 sed
313 2949 525 3018 supervestiri,
560 2957 593 3005 ut
620 2950 810 3006 absorbeatur
842 2948 920 3020 quod
975 2953 1038 3009 sine
1059 2951 1154 3007 dolore
1177 2949 1454 3019 poteratmorientes
1481 2947 1596 3016 videre3
1627 2946 1676 3002 sed
1705 2958 1738 3002 er,

76 3037 195 3095 mortale
207 3045 247 3093 est
262 3051 279 3093 a
304 3037 375 3103 vita,
391 3038 570 3106 Hieronymus
595 3037 629 3092 de
643 3053 734 3092 amore
760 3036 809 3092 Dei
829 3041 855 3092 et
872 3052 921 3091 se·
974 3040 1079 3096 amoris
1097 3039 1225 3105 interior,
1241 3051 1307 3108 qua
1325 3036 1451 3092 dolorem
1472 3036 1600 3091 vinceret
1621 3035 1728 3090 carnis.

73 3126 138 3182 oali.
161 3124 277 3182 cruciat
300 3133 326 3181 ta
349 3138 431 3181 amor
456 3125 561 3181 camis.
596 3125 672 3182 Tolle
694 3140 807 3182 crucem
840 3133 920 3183 tuam
973 3135 1134 3199 etpassuro
1155 3126 1238 3182 Petro
1265 3125 1394 3181 dicitur:
1424 3125 1503 3179 Alius
1534 3126 1670 3190 lacinget
1695 3127 1720 3177 et

75 3221 162 3285 atque
182 3226 303 3284 sequere
317 3212 471 3268 Dominum
488 3227 496 3281 ;
516 3221 543 3268 et
569 3213 628 3281 ipsa
649 3213 702 3268 tibi
726 3213 866 3269 bonanus
893 3220 920 3269 et
975 3233 1027 3288 qao
1046 3232 1099 3272 non
1113 3220 1166 3271 cis.
1180 3215 1279 3285 Neque
1292 3214 1367 3271 enim
1398 3212 1560 3282 plenissime
1587 3214 1702 3278 Petrus,
1720 3225 1738 3266 s:

74 3301 206 3358 Salvator
228 3308 306 3367 tuus,
327 3298 463 3370 quamvis
487 3299 517 3354 in
541 3312 626 3355 carne
654 3301 728 3355 Deus
756 3299 919 3357 hamanum
972 3303 1019 3374 let,
1044 3309 1101 3375 pra
1126 3302 1237 3361 Christo
1270 3302 1329 3372 pati
1366 3300 1527 3371 potuissat;
1565 3300 1616 3356 sed
1642 3307 1735 3369 marty

73 3395 169 3446 tamen
194 3386 401 3444 demonstravit
428 3386 649 3454 allectum‚ubi
675 3389 737 3444 ait:
775 3392 865 3456 Pater,
896 3390 921 3444 si
975 3393 1052 3464 quod
1069 3406 1119 3463 per
1140 3391 1337 3447 infirmitatem
1365 3388 1460 3445 carnis
1474 3387 1579 3455 noluit,
1608 3401 1658 3458 per
1684 3387 1738 3444 virt

74 3480 133 3549 iteri
149 3482 250 3547 potest,
281 3480 405 3531 transeat
430 3477 586 3531 amecolta
613 3479 673 3532 iste.
690 3477 815 3534 Noverat
842 3477 920 3549 quod
975 3481 1094 3552 spiritus
1122 3480 1239 3536 amavit.
1263 3479 1318 3544 Qui
1346 3478 1489 3546 damper
1516 3489 1635 3532 carnem
1661 3475 1738 3546 adp

75 3564 152 3622 calix
168 3563 220 3622 ista
244 3563 366 3620 transire
390 3578 447 3620 noa
469 3572 579 3634 poterat
608 3565 643 3621 ad
667 3580 733 3621 eum
751 3565 919 3633 bibendum,
977 3570 1109 3640 trepidat,
1126 3567 1327 3639 perspiritum
1354 3565 1389 3621 ad
1403 3565 1524 3637 gloriam
1544 3564 1683 3628 exsultat.
1712 3576 1738 3619 at

74 3660 195 3711 noverat
215 3652 375 3720 voluntate,
405 3668 463 3709 non
488 3653 664 3710 necessitate.
689 3656 742 3711 Pro
769 3663 795 3711 te
821 3667 920 3712 vocem
976 3671 1032 3728 que
1046 3665 1088 3712 est
1114 3665 1146 3711 at
1165 3655 1327 3711 cruciatum
1356 3654 1485 3724 martyrii
1523 3653 1647 3709 nolendo
1674 3650 1738 3708 volu

75 3742 211 3808 bominis,
237 3730 337 3799 vocem
363 3741 459 3797 carnis
479 3741 599 3814 emisit;
630 3751 656 3799 to
679 3743 708 3798 in
733 3758 762 3799 se
784 3742 922 3815 dIgnatus
976 3744 1021 3801 Sic
1050 3759 1103 3800 nos
1125 3758 1243 3815 qaoque
1271 3757 1336 3799 cum
1360 3742 1502 3813 gaudium
1522 3740 1686 3810 querimus
1710 3752 1738 3796 sa

74 3832 349 3902 esttransllgurare.
369 3830 550 3887 Voluntatem
565 3831 699 3899 ostendit,
729 3845 789 3902 qua
816 3830 920 3887 tentari
976 3846 1110 3889 amarum
1129 3830 1262 3901 poculum
1288 3832 1432 3887 sumimus
1443 3829 1634 3900 purgationis.
1646 3832 1738 3885 'Amat

74 3925 178 3988 posset,
201 3918 340 3975 continua
362 3918 459 3974 docuit
480 3932 569 3988 qaam
594 3920 774 3976 voluntatem
797 3918 846 3975 cai
868 3932 919 3974 vo·
976 3921 1095 3992 quidem
1118 3921 1147 3975 in
1177 3920 1280 3989 pocula
1314 3919 1457 3989 displicet,
1491 3917 1540 3973 sed
1568 3917 1738 3973 restituenda

74 4006 180 4063 luntati
205 4006 331 4076 praeterit
362 4005 488 4063 deberes.
510 4009 601 4069 Pater,
628 4007 774 4078 inquit,si
788 4009 849 4078 iteri
876 4023 922 4076 po
976 4008 1200 4065 amaritudinem
1224 4007 1303 4063 salus
1328 4007 1431 4077 placet.
1456 4009 1500 4061 Ec
1522 4006 1591 4060 libro
1620 4007 1738 4062 Senteali

74 4099 135 4162 test,
145 4100 267 4151 transeat
293 4111 311 4149 a
337 4110 378 4150 me
400 4095 474 4150 calin
501 4096 641 4161 istc;voa
655 4097 763 4162 carnis,
786 4106 843 4151 uon
864 4096 920 4166 spi·
976 4100 1113 4166 Prospcrt.
1138 4112 1197 4165 cap.
1224 4095 1363 4151 CLXXXII
1378 4109 1384 4149 :
1401 4094 1490 4150 Nemo
1510 4093 1588 4163 quud
1603 4093 1707 4149 tolerat
1729 4105 1738 4146 t

73 4185 159 4252 ritus,
188 4198 245 4240 vox
267 4183 453 4250 infirmitatis,
475 4197 534 4239 non
558 4183 728 4240 divinitatis.
744 4183 775 4239 Si
795 4185 855 4254 iteri
873 4199 921 4253 po
936 4148 959 4205 ⁰
975 4185 1088 4243 etiamsi
1103 4184 1221 4242 tolerare
1244 4191 1331 4248 amat,
1349 4180 1508 4253 quinaliud
1534 4189 1577 4236 est
1605 4180 1688 4236 sortis
1711 4192 1738 4250 pe

76 4275 138 4338 test,
164 4275 287 4326 transeat
300 4272 375 4325 cotta
389 4273 449 4325 istc.
467 4270 520 4326 illa
538 4278 581 4326 est
592 4271 737 4338 voluutas,
765 4271 800 4326 de
824 4283 882 4342 qua
894 4277 921 4326 et
975 4274 1024 4341 tia,
1040 4273 1119 4329 aliud
1147 4285 1249 4328 secura
1266 4272 1396 4327 leticitas.
1411 4269 1469 4327 Nec
1482 4268 1615 4339 ejusdem
1641 4275 1685 4324 est
1712 4275 1738 4324 te

74 4359 301 4416 Petrodicitur:
329 4359 394 4415 Cam
414 4364 504 4413 autem
533 4360 653 4414 senueris
681 4360 752 4414 alias
782 4364 808 4414 te
832 4361 922 4427 cinget
974 4361 1014 4419 ris
1030 4360 1110 4416 labar
1123 4374 1228 4431 pugnae
1242 4366 1268 4414 et
1284 4357 1430 4414 beatitudo
1455 4356 1592 4413 victoria.

74 4452 100 4503 et
118 4447 197 4503 ducet
217 4463 269 4518 qao
288 4448 319 4502 lu
340 4448 454 4502 nonnis
473 4446 564 4517 (loon.
590 4461 655 4513 xxv,
672 4446 727 4518 li).
743 4447 825 4506 Unde
851 4461 920 4518 ergo
1327 4445 1472 4502 LXXXIV.

73 4536 209 4594 vicerunt
223 4535 391 4605 martyres?
418 4536 488 4606 quia
502 4535 646 4592 voluntati
661 4535 757 4592 earnis
786 4535 922 4592 volunta·
975 4538 1051 4604 Quod
1071 4537 1193 4594 chrislus
1217 4535 1380 4591 descendens
1401 4535 1457 4605 (48)
1484 4533 1521 4588 ad
1543 4534 1649 4600 inferos
1676 4548 1738 4588 omn

74 4631 135 4681 tem
146 4623 265 4695 spiritus
287 4630 517 4693 preposuerunt.
549 4624 692 4681 Amabant
718 4624 794 4681 hanc
819 4625 919 4691 vitam,
1202 4626 1336 4681 amovent
1358 4624 1434 4690 inde,
1450 4627 1476 4677 el
1490 4626 1596 4685 contra,

75 4712 180 4770 etideo
209 4711 416 4783 ponderabant.
445 4712 514 4768 Inde
542 4713 922 4783 considerabaatquantum
1010 4716 1138 4784 origenes
1165 4728 1246 4784 saper
1271 4716 1393 4771 Genesim
1420 4711 1533 4766 homilia
1559 4711 1684 4765 ultima:
1708 4712 1738 4766 ct

74 4802 200 4858 amanda
227 4808 301 4857 esset
318 4809 436 4868 telerna,
451 4802 474 4858 si
496 4802 537 4858 sia
560 4810 675 4859 amatur
702 4803 757 4859 ista
781 4800 919 4873 peritura.
976 4805 1060 4861 ieonis
1087 4804 1169 4871 lado,
1204 4806 1257 4858 etc.
1278 4803 1354 4859 Mors
1378 4799 1483 4860 Christi
1498 4798 1648 4868 oppressio
1670 4805 1698 4854 et
1725 4806 1736 4854 t

75 4890 234 4972 biaritarus
253 4889 327 4946 mori
351 4906 409 4947 non
424 4892 540 4956 vaitei
566 4892 620 4948 erit
642 4892 804 4949 necessario
831 4893 920 4949 mori·
976 4893 1050 4965 phas
1075 4893 1237 4948 alemonam
1275 4889 1338 4947 luit.
1380 4889 1499 4947 Omnem
1532 4901 1662 4957 namque
1686 4901 1738 4957 pra

76 4985 170 5036 turus.
186 4980 265 5034 idern
279 4982 309 5034 ia
328 4981 436 5050 psalmo
465 4981 611 5048 CXXXli;
628 4982 695 5038 ane
727 4997 809 5053 qaam
824 4980 922 5038 bonurn
977 4994 1066 5052 qaam
1082 4979 1125 5036 leo
1141 4980 1192 5034 istc
1207 4977 1370 5033 contrarius
1385 4976 1538 5039 invaserat,
1556 4982 1700 5043 prostrato
1717 4975 1738 5030 b

76 5072 101 5122 et
130 5083 212 5135 quarn
221 5067 386 5137 jucundam.
403 5071 515 5126 Bonum
526 5078 567 5126 est
592 5070 775 5140 martyrium,
799 5069 922 5132 sednon
976 5077 1002 5126 et
1024 5069 1143 5138 dejecto,
1165 5066 1213 5122 hic
1240 5065 1282 5121 leo
1306 5064 1423 5136 ertpuit.
1451 5064 1613 5119 Arabrosias
1641 5066 1672 5116 in
1702 5065 1738 5132 Ep

77 5164 120 5212 est
138 5156 330 5228 jucundam3
353 5158 439 5214 habet
462 5159 538 5214 enim
568 5158 709 5229 supplicia
735 5167 762 5216 ct
776 5172 875 5229 poeaas
896 5165 924 5214 ct
976 5160 1057 5215 Pauli
1071 5157 1252 5212 adhumanas
1269 5155 1425 5210 :Ilamines
1448 5152 1526 5208 anim
1543 5165 1734 5220 peccaveram

76 5256 189 5329 semper
204 5247 233 5303 in
248 5247 426 5306 cruciatibus
437 5247 565 5306 dolorem
579 5264 588 5316 ·,
603 5255 630 5304 ot
651 5248 754 5319 utique
776 5247 806 5303 in
827 5247 924 5304 dolore
976 5246 1069 5305 iudai
1083 5259 1173 5317 quam
1186 5243 1287 5313 Graeci,
1304 5256 1394 5314 quam
1409 5242 1444 5299 cb
1464 5255 1526 5298 rem
1543 5237 1651 5296 Christi
1674 5253 1738 5295 mor

112 5415 168 5490 (48)
183 5421 267 5492 Apud
281 5423 365 5480 Cous.
383 5423 467 5487 deest,
481 5425 519 5479 ad
528 5426 641 5492 interm.
