3804 5962
78 196 83 207 .
155 157 225 216 that

421 156 523 212 verni
541 154 733 212 remunito}
748 155 826 212 OPP.
847 155 937 212 vlits
951 157 1044 213 lll.-
1066 157 1291 215 illiciuntur
1310 157 1352 212 ΕΤ
1369 156 1639 215 PullosovlllCA.
1840 159 1900 215 ιιιι

152 277 225 351 quid
239 277 275 334 de
289 276 437 349 magistris
450 276 512 333 suis
527 284 671 345 censeant,
690 277 743 348 qui
758 276 813 334 boc
828 276 999 344 docuerunt,
1014 281 1039 334 a
1054 292 1105 335 nes
1130 278 1270 337 animales
1285 282 1343 339 sint
1371 281 1463 338 bomi-
1534 279 1591 352 (76)
1618 279 1673 348 Qui
1699 287 1727 338 et
1755 279 1827 339 alibi
1854 295 1898 339 sno

150 381 204 426 nec
222 367 295 424 ielsa
315 381 375 423 esse
409 365 667 435 deprehenderunt.
702 365 812 423 Scimus
835 366 993 437 quideme
1049 382 1110 436 nes,
1133 382 1167 425 ac
1197 370 1361 440 paucissimi
1376 370 1459 440 spiri·
1495 369 1613 426 instruit
1628 369 1764 440 exemplo
1773 383 1897 428 nonnun-

149 454 462 515 sololtoetioomninm
477 455 775 524 argumentationum,
793 454 996 526 quibusnunc
1049 457 1149 514 tuales.
1171 457 1392 516 Suilieiteutem
1408 472 1458 515 no·
1496 471 1587 529 quam
1609 458 1646 515 ad
1675 458 1817 527 rationes,
1840 473 1895 517 cun

149 546 262 605 utimur
274 543 413 602 traditum
437 555 498 599 esse
509 542 724 612 documentum,
745 551 772 600 et
795 544 927 600 omnium
951 556 996 599 ar·
1049 546 1459 618 hisqnoounqnemodosum-
1496 546 1532 604 de
1550 546 1657 604 divinis
1680 546 1794 618 agitur,
1815 554 1893 605 trans

149 632 440 708 gumentornmvires
455 630 491 687 ab
1050 648 1164 691 morum
1193 635 1377 692 inimicorum
1410 650 1459 693 no-
1496 648 1600 702 meare,
1621 635 1669 692 ubi
1686 635 1823 692 videlicet
1840 650 1894 692 cun

148 727 210 799 ipso
239 738 293 781 nos
329 722 470 781 didicisse.
496 719 555 777 Sci·
590 719 770 790 Augustinus
835 720 909 778 libro
976 736 997 780 u
1049 731 1178 790 strorum
1200 725 1292 781 robur
1306 725 1455 794 dissipare,
1479 722 1552 781 'illis
1575 723 1763 792 conterimus,
1786 723 1839 796 qni
1860 737 1894 782 ιι·

146 827 214 873 mus
245 820 273 871 et
305 813 400 883 ipsum
427 811 462 867 de
498 809 554 867 lide
590 817 690 866 contra
710 809 867 866 llaximum
889 826 897 865 ι
916 831 930 861 n
953 809 997 867 ui·
1050 815 1211 884 praesertim
1231 828 1298 870 cum
1323 813 1380 871 alio
1399 828 1459 870 mo·
1495 827 1559 870 oras
1589 827 1647 870 non
1671 813 1833 871 admittunt
1855 827 1896 870 ao·

146 903 299 963 Trinitatis
322 900 476 972 diligenter
520 912 554 954 ae
589 898 736 969 stinguere
760 898 834 955 inter
856 898 995 970 iliamge·
1050 900 1087 957 do
1125 916 1183 958 non
1210 903 1365 973 possimus,
1404 901 1460 958 nisi
1497 902 1650 959 ctoritates.
1675 900 1759 958 Unde
1786 900 1817 958 in
1834 901 1896 959 libro

147 990 441 1065 philosophicojurta
456 988 553 1044 decem
590 988 769 1044 nerationem
792 995 819 1044 et
835 988 911 1044 banc
932 1001 995 1059 pro·
1051 990 1104 1046 has
1130 1004 1203 1060 quas
1218 997 1362 1047 noverunt
1381 990 1464 1046 ratio
1498 991 1538 1045 lie
1552 989 1682 1046 moribus
1695 988 1833 1048 Ecclesia
1843 1004 1899 1048 con·

145 1079 436 1153 predicamentornm
456 1076 555 1132 distin
592 1075 749 1133 cessionem
790 1069 897 1146 nescio,
939 1089 997 1132 non
1051 1092 1103 1135 nes
1130 1078 1319 1148 exipsorum
1348 1078 1459 1135 artibus
1497 1086 1542 1135 tra
1564 1079 1749 1147 manichaeos,
1776 1080 1894 1167 capit

145 1169 269 1243 ctionem
295 1164 471 1223 disseruisse.
501 1165 552 1221 Αι-
588 1164 681 1230 ιιιιο,
697 1178 755 1221 ιιι
779 1163 902 1233 ιιιιιιο,
925 1163 998 1236 quia
1051 1165 1216 1223 alienamus.
1261 1168 1344 1224 Absit
1384 1167 1463 1223 enim
1500 1167 1563 1224 ait:
1585 1188 1600 1218 ι
1616 1167 1696 1225 Unde
1711 1168 1895 1245 igiturorirr

146 1263 236 1330 guent
262 1256 436 1328 magistrum
461 1253 555 1324 ipsum
591 1259 618 1309 et
643 1252 692 1309 illa
709 1259 737 1310 ιι
761 1252 815 1309 ista
837 1261 880 1310 est
899 1252 997 1309 inella·
1052 1255 1107 1312 boc
1129 1264 1161 1314 ut
1182 1257 1333 1313 credamus
1357 1258 1459 1324 Deum,
1498 1257 1534 1313 ab
1556 1257 1737 1325 anctoritate,
1762 1271 1802 1315 an
1822 1271 1840 1315 a
1860 1270 1896 1314 ιι·

145 1345 303 1413 rationum,
327 1350 356 1401 et
369 1343 466 1399 dicent
487 1356 555 1398 enm
591 1341 674 1410 bilis,
703 1341 777 1398 sicut
806 1343 944 1413 propbeta
965 1341 999 1398 de
1055 1343 1106 1414 qui
1135 1344 1218 1401 malis
1245 1359 1362 1416 quoque
1391 1345 1460 1415 ipsis
1497 1344 1573 1402 tione
1596 1344 1610 1398 l
1636 1346 1757 1403 Naturae
1789 1344 1894 1418 quiden

147 1433 178 1491 in
206 1433 369 1491 rationibus
395 1432 552 1500 oberrasse,
591 1431 660 1487 Filio
689 1429 729 1486 ait
757 1444 764 1485 :
792 1431 998 1487 desiccationem
1054 1432 1126 1489 hene
1154 1434 1258 1501 utitur,
1295 1448 1354 1491 non
1391 1434 1462 1490 bene
1498 1432 1664 1490 ordoitase
1681 1433 1780 1502 habet,
1795 1441 1893 1493 utcoo

147 1536 221 1595 quas
239 1530 338 1581 tamen
359 1535 421 1578 sese
448 1521 485 1577 ab
515 1520 556 1577 eis
591 1519 650 1588 ejus
665 1520 726 1585 qais
745 1518 993 1590 ιιαιναιιιιῌιι.
1054 1521 1140 1577 ιιιιιι
1157 1535 1256 1578 omnes
1284 1531 1368 1590 artes,
1396 1535 1462 1591 ιιι
1497 1520 1610 1592 aliquid
1635 1521 1789 1591 discimus,
1819 1522 1892 1581 ratio·

146 1612 311 1685 gloriantur
330 1610 472 1668 didicisse.
493 1608 557 1666 Non
594 1622 654 1678 ιιι,
682 1607 721 1680 8.)
759 1608 802 1664 lta
829 1609 864 1664 de
891 1607 999 1678 Spiritu
1053 1609 1204 1681 eiusdona
1222 1619 1298 1674 sunt,
1313 1611 1458 1679 ordinare,
1496 1624 1562 1666 nem
1580 1610 1722 1680 procedat
1740 1611 1892 1671 auctoritas.

145 1700 352 1758 animadvertit
418 1699 554 1770 magister
589 1703 688 1753 sancto
730 1696 877 1754 verissimo
922 1697 997 1753 dice·
1052 1706 1085 1754 nt
1104 1700 1148 1756 ιι
1171 1714 1289 1771 quoque
1309 1701 1373 1771 ejus
1395 1713 1459 1755 ma·
1496 1700 1567 1755 Nam
1583 1698 1700 1755 infirma
1721 1699 1891 1757 videriralio

146 1788 224 1862 quod
243 1787 479 1847 animadvertunt
507 1785 555 1840 di-
591 1792 660 1842 tur:
690 1785 903 1841 processionem
934 1783 998 1857 ejus
1049 1786 1145 1857 jestati
1160 1787 1335 1853 deserviant,
1353 1801 1458 1859 qnam·
1496 1794 1680 1859 potestque
1700 1802 1770 1844 cunr
1794 1787 1889 1846 reddita

145 1879 269 1952 scipuli,
305 1878 414 1951 quihus
444 1874 551 1932 scilicet
588 1875 655 1946 quis
669 1873 817 1932 enarrabit
831 1871 875 1928 ιι
1051 1875 1461 1947 tumcunqnemalehisabu-
1497 1874 1593 1943 luerit,
1609 1876 1813 1933 auctoritatem
1824 1881 1888 1948 pott-

144 1967 308 2026 ratlonibus
333 1966 362 2024 id
397 1964 475 2038 quod
504 1977 554 2020 ar·
1051 1965 1150 2015 tantur
1164 1961 1291 2029 perversi
1307 1959 1313 2014 l
1337 1960 1417 2016 Unde
1432 1966 1459 2015 et
1495 1973 1528 2015 ea
1543 1973 1696 2029 perquam
1711 1959 1842 2019 drmetnr
1852 1972 1888 2016 ιι

144 2057 250 2128 guabat
266 2055 413 2128 impugari
430 2052 688 2126 possettlgnosco
704 2057 762 2107 tam
776 2049 938 2108 manifeste
953 2056 993 2106 ta·
1049 2046 1151 2105 beatus
1171 2048 1369 2119 Augustinus.
1392 2090 1399 2102 .
1421 2088 1456 2103 ..
1493 2048 1591 2104 sumit.
1608 2046 1661 2104 Sed
1680 2048 1891 2120 qnoniameuu

144 2143 219 2202 lium
232 2144 428 2216 impudentiae,
445 2139 734 2214 quantumlibetjam
749 2139 903 2197 detrahant
913 2138 996 2194 nobis
1050 2174 1088 2192 ..
1117 2176 1124 2191 .
1153 2177 1160 2192 .
1200 2137 1333 2193 Doctores
1368 2135 1458 2192 eccle·
1494 2135 1541 2192 his
1567 2135 1650 2192 nobis
1675 2150 1722 2194 res
1760 2145 1814 2206 est,
1848 2134 1892 2208 qui

145 2232 200 2302 qui
216 2246 270 2289 nec
285 2244 403 2303 parcere
418 2236 563 2301 noverunt
582 2229 653 2296 suis,
677 2228 833 2284 dummodo
857 2226 996 2297 simplici·
1048 2223 1155 2281 siastici
1170 2227 1323 2281 saeculares
1340 2238 1457 2294 quoque
1493 2223 1591 2279 omnia
1611 2231 1712 2281 eontra
1730 2224 1891 2283 ordinemel

144 2324 233 2374 tatem
256 2316 386 2373 bdelium
405 2330 464 2371 non
490 2314 671 2385 perturbent,
696 2320 724 2370 ιι
754 2314 861 2370 ιιιιιιι
883 2313 995 2383 laqueis
1048 2319 1135 2379 artes,
1176 2313 1269 2382 ipsam
1311 2313 1454 2382 precipue
1490 2311 1629 2380 sentiunt,
1644 2312 1890 2384 etloantutnr,et

144 2404 366 2477 sophismatum,
398 2403 507 2474 quibus
529 2402 589 2473 jam
614 2399 669 2473 ipsi
693 2401 831 2458 abstracti
855 2409 932 2464 sunt,
963 2401 993 2458 in
1047 2400 1238 2468 dialecticam,
1264 2414 1352 2457 sacrm
1380 2400 1454 2456 Seri·
1491 2407 1596 2472 gerunt
1623 2417 1631 2468 ς
1659 2400 1797 2474 nihilque
1823 2399 1888 2459 aliud

143 2505 227 2551 suam
249 2492 319 2550 alios
352 2490 468 2549 foveam
498 2503 558 2546 non
590 2489 722 2546 trabant.
752 2489 834 2556 Quod
862 2504 898 2544 no
922 2489 993 2545 lorte
1047 2497 1141 2560 pturae
1170 2490 1326 2545 admodum
1360 2502 1455 2544 neces
1492 2489 1618 2545 maxime
1640 2489 1756 2561 dicunt,
1775 2490 1830 2548 nisi
1851 2501 1887 2546 rt·

143 2581 268 2650 eveniat,
290 2593 384 2638 unum
411 2585 544 2652 superest
570 2577 710 2634 adversus
734 2579 810 2634 hanc
838 2584 945 2646 pestem
974 2590 992 2632 a
1046 2579 1137 2635 sarias
1152 2576 1310 2647 perbibent.
1324 2577 1374 2632 llis
1388 2590 1453 2632 eon·
1489 2577 1596 2635 tionem
1624 2577 1708 2649 prius
1732 2587 1810 2637 esset
1833 2576 1885 2637 ιιι·

144 2669 266 2727 Domino
286 2675 382 2740 petere
403 2667 705 2733 medicamentum,ui
723 2678 825 2722 eornm
847 2664 906 2734 ipse
930 2677 991 2720 ma·
1045 2675 1091 2724 ιιι
1114 2666 1294 2724 adversarios
1326 2665 1456 2737 praeliba·
1491 2667 1625 2735 dendam,
1645 2681 1759 2725 morem
1783 2667 1885 2740 tltiage

143 2759 329 2816 obinamenta
359 2756 485 2827 dissipet,
527 2755 580 2827 qui
609 2755 710 2811 crebro
751 2760 990 2824 argumentorum
1046 2756 1081 2812 tis
1109 2756 1146 2813 ad
1175 2755 1354 2826 propositum
1384 2755 1450 2811 lesi·
1488 2756 1672 2827 ran1;quod
1695 2757 1789 2815 lateor
1810 2757 1885 2815 indi

117 2861 264 2928 ‘suorum
279 2847 368 2905 ariete
386 2860 490 2905 verum
505 2844 597 2916 ipsius
611 2843 752 2914 templum
766 2843 921 2900 dissolvere
944 2856 992 2898 co·
1009 2846 1031 2903 c
1047 2857 1159 2908 nemus,
1180 2842 1228 2899 illo
1243 2843 1455 2913 priusanobis
1490 2845 1634 2914 spotando
1665 2843 1806 2903 vitiosum
1835 2858 1884 2903 ιιιι

142 2945 261 2994 ιιιιιι.
1046 2941 1268 2991 commemorato
1283 2941 1371 3004 atque
1389 2949 1455 2989 oon·
1490 2934 1658 3004 suscipiam.
1680 2935 1831 2993 Rationem
1840 2934 1883 3007 igi·

178 3026 251 3084 Cum
271 3024 370 3095 itaque
394 3022 497 3079 talium
520 3020 723 3091 importunitas
749 3018 990 3084 corrixariorum,
1046 3023 1155 3089 stituto,
1170 3022 1242 3078 nesi
1259 3022 1289 3077 in
1305 3028 1386 3077 tanta
1405 3021 1453 3078 oh-
1488 3029 1537 3078 tur
1565 3037 1733 3093 quaeramus
1761 3023 1882 3096 quemad

142 3128 238 3187 neque
250 3120 427 3177 sanctornm,
444 3123 540 3181 neque
559 3108 798 3182 pbilosophorum
820 3105 990 3163 anctoritate
1044 3105 1180 3162 scuritate
1208 3107 1282 3163 ratio
1312 3106 1453 3178 onligave·
1489 3109 1606 3166 modum
1620 3108 1657 3166 sit
1671 3108 1838 3169 bominibus
1848 3108 1881 3167 ιι·
1901 3128 1902 3144 ¹

142 3216 285 3274 compesci
300 3199 399 3270 possit,
416 3213 473 3253 nisi
489 3197 626 3253 humanis
642 3195 856 3251 rationibusets
871 3195 989 3251 resista
1044 3194 1091 3260 rit,
1107 3208 1173 3265 quac
1192 3208 1285 3265 magis
1299 3195 1448 3267 religione,
1487 3198 1625 3265 vendum,
1637 3207 1722 3257 sete.

112 3316 115 3321 ·
143 3297 199 3355 tur,
213 3304 267 3361 qur
259 3286 415 3345 humanis
428 3285 589 3342 rationibus
603 3284 792 3352 invehuntur,
808 3283 990 3340 decrevimus
1043 3295 1133 3353 quam
1173 3281 1289 3354 ingenio
1317 3285 1453 3355 conspici·

140 3385 169 3435 et
182 3391 234 3434 nos
249 3376 344 3433 stultis
359 3374 520 3431 secundum
541 3370 693 3430 stultitiam
707 3385 791 3428 suam
806 3372 989 3443 respondere,
1043 3376 1101 3438 tur,
1125 3377 1177 3427 aut
1207 3378 1247 3428 tot
1268 3380 1295 3428 et
1314 3375 1402 3430 tantis
1427 3373 1627 3432 subtilissimis
1654 3375 1877 3448 inquisitionibus

140 3471 168 3524 et
181 3478 283 3522 eorum
296 3462 530 3534 impugnationes
541 3475 578 3518 ex
594 3461 664 3531 ipsis
679 3461 801 3530 artibus,
816 3461 923 3532 quibus
937 3474 989 3517 nos
1043 3457 1173 3527 parvitas
1197 3469 1295 3517 nostra
1319 3475 1377 3517 non
1395 3461 1546 3529 suffecerit,
1562 3471 1612 3521 aut
1635 3464 1726 3522 etiam
1741 3466 1817 3523 victa
1828 3477 1877 3522 ιιι

141 3553 325 3624 impugnant,
335 3564 538 3623 conquassare.
550 3550 623 3608 Nam
633 3550 766 3607 etdtvrno
777 3550 867 3606 fretus
877 3549 988 3605 auxilio
1042 3547 1184 3616 cubuerit,
1208 3563 1244 3604 ne
1267 3549 1303 3606 ob
1323 3550 1392 3618 id,
1385 3566 1516 3621 inquam,
1540 3551 1659 3623 culpare
1674 3560 1727 3609 aut
1742 3553 1875 3626 repreber

139 3640 280 3713 parvulus
293 3639 386 3698 liavid
401 3639 575 3696 immensum
591 3653 624 3695 ιι
640 3639 786 3696 tumidum
801 3638 911 3694 Goliam
927 3652 988 3708 pro·
1042 3637 1108 3693 dere
1127 3637 1212 3693 iidem
1236 3646 1364 3696 nostram
1386 3648 1573 3711 praesumant,
1593 3656 1659 3712 quae
1686 3640 1788 3701 minus
1808 3643 1873 3700 ine

140 3729 204 3801 prio
222 3728 286 3800 ejus
296 3727 399 3800 gladio
418 3726 566 3800 jugulavit
584 3741 593 3794 ;
608 3735 635 3782 et
651 3741 702 3782 nos
716 3725 815 3782 eodem
835 3725 989 3783 dialecticae
1042 3741 1100 3783 non
1115 3728 1199 3794 valet,
1217 3728 1242 3784 si
1256 3729 1324 3800 quis
1337 3731 1367 3786 in
1386 3731 1551 3788 disserendo
1574 3746 1638 3788 eam
1651 3731 1777 3790 deficiat.
1800 3733 1872 3792 hem
1894 3730 1899 3809 ξ

138 3817 245 3891 gladio,
271 3831 331 3891 quo
355 3816 396 3873 iili
411 3815 532 3873 animati
554 3815 767 3884 simplicitatem
782 3820 912 3871 nostram
935 3815 987 3869 im·
1041 3816 1127 3873 etiam
1152 3815 1222 3872 mibi
1238 3819 1455 3888 praesumptioni
1480 3819 1611 3890 imputet,
1636 3821 1661 3877 si
1686 3822 1765 3892 quod
1780 3814 1899 3894 ιιιιιιΙ

137 3920 269 3981 pugnare
291 3906 437 3975 nituntur,
453 3904 484 3960 in
506 3904 582 3975 ipsos
606 3919 753 3971 converso,
776 3904 866 3961 robur
887 3916 986 3959 eorum
1040 3917 1170 3961 sussum
1192 3919 1250 3960 non
1271 3905 1435 3978 perlecero;
1461 3908 1509 3963 scd
1525 3909 1577 3977 pia
1594 3907 1725 3980 ignoscat
1736 3907 1875 3974 volonno.

136 3993 269 4065 ariesque
292 4000 535 4066 argumentorum
557 4006 678 4049 suorum
706 3991 737 4047 in
761 3991 882 4048 liomino
907 3990 987 4047 dissi·
1040 4007 1106 4064 ιιι
1119 3993 1196 4064 apud
1213 3994 1303 4050 Deum
1318 3995 1434 4064 sullielt,
1460 3995 1482 4052 si
1499 3996 1620 4054 incultas
1641 3998 1725 4055 desit.
1742 3995 1876 4071 Quidquid

136 4094 249 4152 pemus,
265 4082 366 4151 utiam
380 4079 851 4151 minussimplicitatemsidelium
867 4077 986 4150 aggredi
1040 4079 1139 4150 itaque
1162 4081 1196 4137 de
1219 4080 1274 4138 bac
1310 4082 1448 4139 altissima
1487 4083 1667 4156 philosophia
1704 4085 1875 4147 disseremus.

134 4177 322 4240 praesnmant,
336 4183 404 4226 cum
418 4169 453 4225 de
468 4168 513 4224 bis
534 4167 674 4224 contutati
694 4166 812 4235 luerint,
828 4167 985 4237 dequibus
1039 4168 1184 4237 umbram,
1213 4183 1271 4226 non
1291 4170 1442 4228 veritatem
1465 4186 1526 4229 esse
1539 4174 1722 4244 profitemur,
1751 4183 1781 4233 et
1804 4173 1876 4249 quasi

134 4258 281 4328 prtecipue
308 4257 484 4327 impossibile
502 4256 545 4313 eis
569 4256 687 4313 videtur
701 4255 877 4325 responderi,
894 4255 928 4311 de
943 4254 984 4310 di·
1038 4254 1256 4313 similitudinem
1278 4261 1446 4328 quamdam,
1461 4266 1520 4318 uon'
1534 4276 1604 4318 rem.
1627 4260 1703 4328 Quid
1718 4278 1822 4321 verum
1840 4262 1874 4328 sii,

133 4346 270 4404 versitate
293 4345 404 4402 scilicet
424 4357 614 4416 personarum
637 4343 668 4400 in
700 4357 760 4400 una
784 4351 812 4400 ιι
831 4343 983 4400 individua

134 4434 249 4504 penitus
261 4447 295 4491 ac
317 4432 444 4504 simplici
459 4432 557 4489 divina
579 4432 752 4500 substantia,
767 4433 843 4488 etde
862 4445 980 4502 genera-

133 4521 210 4581 tione
234 4523 327 4592 verbi,
345 4536 397 4579 sen
419 4521 597 4592 processione
613 4520 748 4589 Spiritus.
770 4520 810 4576 Do
833 4533 892 4589 quo
916 4518 982 4589 qui·

133 4611 273 4669 domnos
304 4612 406 4669 docere
438 4610 589 4667 veritatem
629 4622 686 4664 non
715 4607 919 4678 promittimus,
944 4607 979 4662 ad

133 4713 223 4772 quam
244 4714 339 4772 neque
363 4713 416 4756 nos
443 4698 569 4768 aliquem
588 4695 720 4752 sullicere
742 4696 909 4765 credimus;
930 4695 980 4752 scd

131 4789 233 4847 saltem
261 4789 382 4860 aliquod
407 4785 576 4853 verisimile,
604 4792 691 4855 atqua
713 4785 850 4841 humanm
873 4784 979 4841 rationi

130 4877 277 4944 ricinum,
300 4892 352 4934 nec
367 4890 455 4933 sacrm
470 4875 536 4932 lidei
554 4873 742 4942 contrarium,
768 4887 924 4944 proponere
941 4872 979 4928 li-

81 4974 84 4979 ·
130 4964 179 5023 bet
193 4966 331 5024 adversus
350 4979 399 5022 eos
420 4963 473 5036 qui
501 4962 638 5019 humanis
657 4961 820 5019 rationibus
843 4962 929 5018 iidem
949 4975 978 5018 se

131 5053 303 5126 impugnare
322 5053 493 5126 gloriantur,
510 5065 563 5107 nec
585 5049 641 5106 nisi
656 5049 801 5107 humanas
815 5056 919 5107 curant
934 5063 978 5105 ra-

129 5142 223 5202 tiones
236 5156 312 5215 quas
326 5148 479 5206 noverunt,
503 5140 669 5213 multosque
691 5138 773 5196 lacile
787 5144 977 5197 assentatores

129 5228 294 5302 inveniunt,
308 5244 376 5288 eum
387 5229 447 5289 iere
461 5243 520 5287 om·

1039 4345 1151 4402 noverit
1166 4346 1305 4404 Dominus
1324 4363 1333 4418 3
1349 4348 1420 4418 quid
1431 4356 1526 4406 autem
1541 4349 1698 4411 verisimile
1712 4365 1747 4408 ac
1763 4352 1873 4410 maxim

1039 4432 1244 4504 philosophicis
1268 4445 1493 4494 consentaneum
1508 4439 1680 4505 rationibus,
1698 4440 1812 4513 quibus
1831 4440 1873 4498 in·

1038 4520 1154 4592 petitur,
1183 4522 1329 4581 dicturum
1357 4541 1403 4582 nio
1426 4526 1560 4583 arbitror.
1577 4530 1610 4584 ln
1638 4543 1698 4600 quo
1719 4525 1873 4601 quidemst

1037 4607 1129 4678 culpis
1155 4609 1226 4667 meis
1249 4611 1432 4683 exigentibus
1458 4629 1475 4670 a
1501 4616 1652 4680 catholica,
1680 4618 1762 4689 quod
1788 4612 1872 4677 absitl

1035 4696 1236 4754 exorbitavero
1274 4699 1463 4773 intelligentia
1482 4703 1528 4760 vel
1561 4704 1718 4774 locutione,
1757 4707 1874 4781 ignoscat

1036 4784 1083 4841 ille
1103 4785 1173 4841 mibi
1189 4787 1241 4858 qui
1264 4802 1301 4845 ex
1316 4788 1474 4848 intentione
1492 4807 1581 4862 opera
1608 4794 1763 4866 dijudicat,
1787 4800 1873 4869 parato

1034 4887 1146 4944 semper
1169 4875 1206 4932 ad
1230 4891 1344 4935 omnem
1365 4878 1588 4938 satisfactionem
1603 4882 1638 4939 de
1653 4883 1821 4943 maledictis
1840 4878 1873 4940 vei

1034 4963 1212 5034 corrigendis
1225 4965 1270 5021 vel
1295 4965 1429 5036 delendis,
1453 4984 1521 5025 cum
1537 4971 1604 5040 quis
1619 4971 1752 5031 fidelium
1769 4974 1816 5033 vel
1830 4972 1873 5030 tic

1033 5059 1093 5108 tute
1115 5052 1235 5111 rationis
1262 5054 1308 5111 vel
1337 5058 1505 5114 auctoritate
1531 5059 1688 5129 scripture
1714 5062 1871 5122 corrozani

1031 5140 1095 5198 Scio
1119 5155 1246 5213 namque
1259 5144 1337 5214 quod
1352 5144 1569 5215 scriptumest:
1585 5148 1723 5220 Corripiet
1737 5154 1871 5225 coiectis

1031 5230 1263 5288 inmisericordio
1276 5237 1302 5288 ot
1324 5233 1479 5306 increpabit
1493 5251 1544 5306 me,
1566 5237 1654 5295 oleum
1677 5247 1870 5318 orttempeece·
1894 5288 1898 5331 t

164 5387 221 5460 tio)
236 5390 280 5447 lta
292 5388 325 5448 in
337 5401 391 5446 ms.
407 5387 458 5446 sed
467 5385 529 5445 ιιι
539 5384 722 5458 subjicienda
730 5383 868 5444 videntur
880 5385 978 5445 verbis
993 5385 1153 5458 Augustini
1166 5389 1378 5463 suprarelatis.
