3804 5962
483 247 680 315 runcinum
699 255 918 314 cunlsuarvs.
934 287 969 298 -
983 257 1048 314 uls.
1069 257 1117 313 lli.
1603 262 1671 320 less

79 383 206 456 prosequi
235 383 359 440 velimus
389 383 461 455 quid
483 392 563 440 sonet
586 396 707 454 persona
730 382 760 438 in
776 383 800 436 A
815 397 874 439 non
889 390 917 440 et
935 383 1050 440 tertiam
1065 396 1132 441 cum
1148 381 1184 439 de
1205 383 1267 454 ipso
1284 382 1357 440 alter
1378 384 1415 442 ad
1435 385 1560 444 alterurn
1576 387 1671 461 loqui-

79 473 192 529 umdem
218 473 305 541 valet,
330 480 473 545 quantum
500 473 524 528 si
549 472 680 530 dicamus
699 486 767 529 eum
825 477 883 528 tur.
907 470 1036 538 Quarum
1062 471 1180 542 quidem
1202 485 1393 542 personarum
1421 474 1574 534 diversitas
1603 493 1671 536 cum

79 563 193 628 utrem,
211 561 265 617 hoc
287 569 328 618 est
348 560 479 618 divinam
499 562 656 631 potentiam
680 576 770 632 gene·
824 559 923 616 cadem
939 561 977 617 sit
1000 562 1128 630 ipsarum
1152 559 1325 630 substantia,
1344 575 1402 618 non
1424 562 1507 620 aliter
1530 564 1671 640 distingui

82 651 128 707 vel
151 650 268 718 Filium,
291 649 346 706 hoc
375 657 418 706 est
441 649 570 706 divinam
592 648 769 720 Sapientiam
825 655 954 719 possunt,
978 663 1069 720 quam
1087 651 1247 706 secundum
1262 650 1379 720 propria
1401 664 1502 709 eorum
1517 655 1669 724 000111111-

87 739 166 810 ;vel
188 739 329 809 Spiritum
354 747 498 808 sanctum,
519 738 573 795 hoc
597 745 640 795 est
664 737 770 793 divinae
824 736 985 794 ultionibus
1018 737 1237 808 exprimuntur,
1270 752 1337 795 cnm
1363 738 1494 798 videlicet
1528 741 1610 800 aliud
1635 744 1672 800 sit

79 829 108 884 :is
132 840 306 898 processum.
329 829 364 884 Et
377 828 469 884 Deum
480 841 542 884 esse
556 834 611 883 tres
634 839 771 896 personas
824 825 974 896 proprium
1012 825 1166 896 loquentis,
1196 826 1227 881 in
1248 840 1282 883 eo
1312 826 1418 885 scilicet
1449 830 1502 901 qul
1530 830 1671 903 loquitur,

79 932 101 974 m
125 916 210 982 valet,
231 916 303 972 acsi
327 916 458 973 dicamus
480 931 548 972 eum
571 930 632 972 esse
656 905 770 972 Patrem
824 912 904 970 aliud
919 914 1073 983 audientis,
1097 914 1144 971 vel
1159 914 1194 972 de
1209 929 1268 986 quo
1292 913 1470 974 locutionem
1493 917 1566 976 alter
1585 920 1672 979 babet

111 1005 217 1062 Filium
239 1013 268 1060 et
290 1004 429 1075 Spiritum
454 1013 598 1061 sanctum.
624 1004 692 1060 'lale
728 1010 771 1059 est
823 1000 859 1056 ad
875 1001 1008 1070 alterum,
1031 1003 1105 1058 sicut
1126 1011 1154 1059 et
1178 1002 1344 1060 divinarum
1364 1019 1554 1076 personarum
1573 1009 1671 1067 diver·

79 1101 196 1151 :rem-et
213 1093 318 1149 Filium
342 1101 370 1148 et
394 1092 533 1163 Spiritum
557 1101 690 1149 sanctum
711 1105 770 1148 esse
823 1089 893 1146 sitas
915 1092 1074 1148 secundum
1098 1091 1230 1162 proprias
1257 1091 1387 1163 ipsarum
1409 1094 1597 1154 diillnitlones
1630 1106 1673 1156 est

79 1197 130 1238 nas
152 1182 189 1238 ab
213 1182 336 1238 invicem
355 1181 503 1243 discretas,
529 1189 670 1252 tanquam
687 1179 710 1236 11
730 1179 771 1235 di·
824 1178 860 1234 ad
890 1179 1060 1251 significata.
1085 1180 1140 1246 Qui
1173 1181 1198 1236 si
1222 1181 1276 1237 boc
1297 1181 1358 1239 loco
1381 1181 1511 1241 diversas
1536 1200 1674 1256 personas

79 1286 103 1328 es
136 1284 273 1341 personas
309 1284 346 1326 ex
378 1270 544 1326 diversitate
560 1269 770 1340 proprietatum
824 1266 918 1324 dicere
944 1283 1002 1325 non
1027 1269 1173 1337 abhorres,
1206 1277 1322 1342 propter
1346 1271 1542 1331 diversitatem
1565 1276 1673 1335 scilicet

80 1368 109 1416 ta
131 1361 167 1416 ab
188 1360 309 1416 invicem
333 1372 382 1429 per
405 1359 638 1427 praedicationem
657 1356 770 1427 disjun·
823 1355 1044 1426 proprietatum,
1067 1372 1133 1413 cnm
1162 1361 1260 1414 tamen
1282 1358 1326 1414 bas
1349 1373 1478 1430 persone
1493 1376 1552 1418 non
1573 1363 1633 1421 sint
1655 1378 1674 1422 a

79 1449 153 1504 nulla
167 1462 268 1505 earum
283 1447 320 1503 sit
340 1446 440 1510 altera,
455 1461 551 1517 neque
565 1446 672 1502 scilicet
687 1445 770 1501 Pater
824 1457 854 1500 se
877 1457 929 1513 per
950 1445 1183 1514 praedicationem
1206 1445 1368 1517 disiunctae,
1401 1455 1433 1506 ut
1458 1463 1516 1506 non
1541 1451 1675 1511 videlicet
1757 1486 1760 1490 -

108 1544 160 1594 aut
184 1535 306 1606 Spiritus
327 1543 445 1591 sanctus
467 1550 475 1602 ;
496 1549 591 1606 neque
615 1535 705 1590 Filius
732 1534 771 1590 sit
824 1530 879 1587 dici
893 1530 980 1589 liceat
1004 1534 1127 1604 primam
1149 1548 1301 1604 personam
1316 1549 1375 1593 esse
1393 1538 1561 1609 secundam,
1587 1547 1615 1598 et
1629 1555 1673 1599 se·

80 1633 207 1682 sanctus.
246 1625 286 1680 De
318 1638 377 1694 qua
405 1623 523 1694 quidem
557 1619 950 1716 praedicationissscundam
971 1622 1094 1678 tertiam.
1121 1622 1233 1694 Quippe
1260 1623 1389 1681 Socrates
1411 1626 1472 1696 ipse
1503 1629 1672 1700 grammati-

79 1713 160 1786 plene
183 1713 266 1770 nobis
290 1712 489 1769 disserendum
522 1713 551 1768 in
581 1711 771 1783 sequentibus
825 1708 868 1764 cis
881 1709 975 1765 omnis
990 1724 1112 1782 persona
1133 1711 1398 1770 esse’conceditur:
1419 1715 1622 1790 multomagis
1643 1718 1675 1775 in

79 1811 173 1860 rtasse
195 1817 261 1858 cum
286 1801 411 1857 dicimus
435 1802 464 1855 in
489 1802 545 1856 Deo
567 1813 704 1870 personas
723 1797 771 1855 di·
824 1796 883 1854 Deo
908 1797 1038 1855 diversas
1061 1813 1121 1856 esse
1147 1813 1285 1869 personas
1306 1803 1423 1859 concedi
1455 1812 1576 1876 oportet,
1600 1821 1675 1880 quas

79 1906 93 1948 a
122 1891 228 1948 scilicet
249 1898 358 1947 utnon
390 1889 483 1946 solum
507 1889 565 1945 sint
595 1888 771 1945 diffinitione
825 1885 1028 1955 praedicatione
1051 1903 1168 1959 quoque
1189 1903 1206 1945 a
1228 1904 1258 1946 se
1278 1890 1437 1963 disjunctas
1461 1895 1673 1966 cognoscimus.

79 1995 172 2039 rerum
195 1980 282 2036 etiam
304 1978 508 2049 predicatione
523 1978 559 2034 ab
574 1977 699 2034 invicem
714 1977 769 2034 dis·
826 1976 965 2033 Praeterea
991 1976 1066 2033 sicut
1089 1977 1120 2034 in
1147 1979 1337 2050 grammatica
1367 1994 1436 2038 cum
1463 1981 1586 2043 dicimus
1617 1992 1675 2044 tres

79 2084 134 2128 :um
155 2069 217 2125 baec
237 2082 296 2123 non
322 2068 358 2123 sit
376 2066 425 2122 illa
440 2083 447 2120 ε
463 2081 521 2123 000
545 2073 587 2124 011
608 2081 723 2123 necesse
737 2073 771 2122 ut
827 2077 972 2134 personas,
991 2065 1179 2124 determinate
1203 2067 1391 2140 intelligimus
1405 2068 1582 2142 loquentem,
1594 2081 1622 2131 et
1636 2075 1674 2132 ad

79 2171 107 2214 sn
139 2157 276 2211 diversum
301 2168 350 2226 per
380 2169 410 2211 se
434 2155 508 2211 banc
532 2153 771 2226 significationem
826 2166 913 2225 quem
928 2152 1069 2224 loquitur,
1084 2163 1112 2212 et
1135 2156 1170 2212 de
1185 2171 1244 2229 quo
1259 2156 1400 2228 loquitur,
1418 2168 1451 2217 ut
1465 2176 1555 2233 supra
1569 2164 1674 2220 memi-

78 2246 143 2303 lex
167 2245 302 2315 adjuncto
326 2244 405 2314 quod
425 2251 477 2310 est,
503 2257 625 2313 persona
652 2243 680 2299 id
704 2257 770 2299 con·
826 2240 948 2297 nimus:
975 2242 1014 2297 111
1037 2257 1104 2300 cum
1128 2243 1253 2301 dicimus
1272 2245 1301 2302 in
1324 2246 1479 2306 Divinitate
1499 2256 1557 2307 tres
1576 2264 1672 2322 perso·

79 2346 179 2391 ersona
202 2334 312 2403 itaque,
327 2332 381 2388 boc
395 2346 500 2388 nomen
526 2346 593 2388 curn
615 2332 645 2413 in
661 2331 772 2388 bivini·
826 2340 889 2393 nas,
903 2328 1093 2387 determinate
1106 2330 1229 2404 intelligi
1243 2333 1379 2391 convenit
1397 2337 1511 2393 Patrem
1525 2344 1554 2395 et
1568 2338 1673 2396 Filium

79 2429 151 2489 rtur,
166 2431 193 2478 et
214 2421 394 2478 tantumdem
409 2427 499 2487 sonat,
522 2428 668 2491 quantum
680 2421 704 2476 si
717 2421 772 2478 sub
826 2422 854 2471 et
876 2415 1013 2486 Spiritum
1032 2428 1175 2488 sanctum,
1193 2427 1226 2477 ut
1246 2435 1334 2491 supra
1348 2436 1467 2496 quoque
1481 2428 1673 2486 astruximus.

79 2526 120 2568 me
142 2511 297 2578 diceretur,
314 2510 390 2566 Deus
408 2511 504 2576 Pater,
520 2509 565 2566 vel
582 2511 657 2565 [leus
670 2509 771 2578 Filius,
826 2502 965 2575 Alioquin
987 2504 1108 2564 fortasse
1124 2508 1221 2578 plures
1241 2524 1379 2581 personas
1394 2527 1483 2585 quarn
1497 2522 1555 2573 tres
1567 2515 1673 2574 videli-

86 2599 209 2672 Spiritus
229 2606 347 2656 sanctus
359 2613 368 2668 3
393 2598 605 2669 qrrodammodo
626 2613 684 2655 non
705 2598 772 2655 sub·
827 2601 870 2650 cet
884 2593 1014 2652 confiteri
1023 2610 1202 2668 cogeremur.

79 2703 99 2744 0
130 2688 178 2745 sed
201 2687 321 2744 relative
351 2687 468 2754 dicitur,
501 2702 621 2743 cumea
641 2687 774 2744 videlicet
864 2681 1002 2740 Rhetores
1029 2698 1147 2757 quoque
1170 2686 1226 2744 alio
1249 2689 1333 2746 modo
1359 2704 1449 2761 quam
1472 2692 1597 2767 theologi
1615 2695 1676 2752 sive

83 2776 129 2834 ive
143 2776 288 2843 dicantur,
313 2776 368 2832 snb
384 2774 575 2846 disjunctione
594 2777 706 2833 denotet
722 2778 772 2833 Pa·
829 2771 1011 2843 grammatici
1050 2787 1203 2843 personam
1240 2777 1396 2847 accipiunt,
1432 2793 1484 2849 pro
1514 2781 1677 2839 substantia

79 2873 136 2933 001,
164 2864 267 2922 Filium
292 2872 320 2922 ct
343 2864 482 2935 Spiritum
502 2874 644 2935 sanctum,
670 2878 771 2936 quam·
829 2859 936 2916 scilicet
950 2861 1094 2930 rationali,
1110 2863 1160 2919 ubi
1183 2864 1317 2922 videlicet
1331 2866 1366 2923 de
1384 2881 1507 2938 persona
1521 2876 1549 2926 et
1562 2871 1677 2944 negotio

79 2953 258 3012 nstructione
279 2968 337 3009 non
363 2953 467 3009 babeat
484 2946 528 3010 'ad
552 2955 630 3025 quod
655 2953 775 3011 relative
789 2929 814 2991 (ἶ
830 2956 933 3021 agunt,
957 2957 984 3005 et
1005 2948 1081 3007 locos
1101 2951 1258 3009 rhetoricos
1273 2967 1325 3024 per
1344 2956 1486 3014 attributa
1501 2972 1630 3029 persona
1649 2967 1678 3018 et

79 3041 211 3112 blioquin
227 3055 294 3097 cum
317 3054 453 3110 personas
469 3040 621 3111 pluraliter
635 3040 774 3108 dicamne,
831 3037 970 3095 attributa
992 3039 1106 3111 negotio
1128 3040 1322 3113 distinguunt·
1347 3042 1439 3110 Quam
1454 3046 1572 3116 quidem
1586 3047 1677 3120 signi-

79 3130 236 3187 robandum
260 3129 377 3185 videtur
391 3130 469 3199 quod
495 3129 612 3186 beatum
635 3130 776 3201 Augusti·
831 3125 992 3183 ficationem
1020 3127 1136 3185 Boetius
1165 3138 1321 3189 exsecutus
1354 3131 1384 3188 in
1422 3142 1526 3204 quarto
1566 3139 1679 3207 Topico-

79 3219 217 3277 radixisse
233 3218 556 3276 commemoravimusv
581 3222 619 3274 De
644 3221 777 3275 1111111010
830 3231 892 3270 rum
911 3215 950 3272 111
966 3232 972 3270 :
990 3236 1001 3264 ι
1020 3216 1132 3288 Purgas
1154 3232 1221 3274 curn
1246 3218 1313 3276 lacti
1337 3220 1423 3292 culpa
1444 3221 1492 3280 his
1510 3225 1677 3295 ascribitur,

79 3308 125 3364 tite
152 3294 777 3378 11110110]1110110011110011001011001
832 3302 939 3374 quibus
960 3304 1060 3361 obsisti
1083 3305 1256 3378 obviarique
1279 3323 1337 3365 uon
1369 3311 1468 3383 possit,
1502 3327 1555 3371 nec
1582 3322 1680 3372 110100

79 3410 100 3453 e
122 3396 152 3452 10
173 3395 257 3451 Patre
282 3402 310 3451 01
336 3394 404 3450 Filio
427 3401 454 3451 et
478 3394 587 3464 Spiritu
610 3403 721 3464 sancto,
745 3403 777 3452 ut
831 3406 961 3463 persona
976 3401 1053 3451 sunt.
1077 3394 1108 3450 ld
1123 3394 1201 3451 enim
1219 3395 1250 3452 in
1269 3396 1356 3454 aliam
1375 3401 1610 3462 constitutionem
1633 3418 1680 3462 cc·

92 3485 128 3542 de
150 3482 274 3555 singulis
292 3484 328 3539 ad
344 3483 580 3553 seipsosdicitur,
601 3498 659 3540 non
682 3482 779 3554 plura·
831 3481 884 3538 dit.
906 3480 1096 3548 »0010111ιο
1120 3484 1197 3542 banc
1218 3486 1412 3557 acceptionem
1433 3503 1563 3560 personae
1577 3500 1679 3550 contra

81 3587 205 3638 summa,
227 3572 283 3629 sed
303 3571 490 3644 singulariter
520 3572 692 3645 accipiatur.
721 3573 776 3640 Qui
832 3569 1005 3640 Euthycben
1025 3578 1053 3627 et
1074 3571 1239 3629 Nestorium
1258 3573 1412 3644 disputans
1431 3576 1467 3633 de
1491 3579 1604 3638 unitate
1618 3595 1681 3652 per-

79 3676 103 3717 m
120 3661 225 3718 ibidem
241 3661 271 3717 in
293 3660 349 3718 1100
369 3660 557 3731 precedentis
571 3661 692 3731 capituli
706 3661 779 3717 sub·
833 3672 909 3714 sonu
930 3657 979 3714 Dei
1000 3666 1028 3715 et
1047 3659 1174 3716 hominis
1196 3659 1226 3716 in
1240 3660 1364 3730 cbristo,
1381 3663 1430 3719 tali
1455 3675 1625 3736 prosecutus
1638 3676 1681 3727 est

91 3749 405 3823 qulasicutdiliusad
422 3750 547 3817 Patrem,
567 3756 667 3806 elnon
689 3749 780 3805 Filius
833 3745 1015 3803 dillinitione.
1041 3766 1052 3796 ι
1078 3749 1202 3804 Persona
1217 3755 1300 3816 est,»
1327 3748 1433 3822 inquit,
1461 3771 1476 3805 c
1499 3762 1612 3813 naturae
1636 3771 1682 3814 ra·

79 3841 189 3896 Patrem
210 3839 342 3908 retertur,
360 3839 399 3895 ita
423 3839 539 3910 genitus
562 3839 598 3894 ad
618 3838 779 3907 genitorem
833 3835 981 3893 tionabilis
1002 3834 1154 3892 individua
1174 3835 1349 3894 substantia.
1366 3860 1381 3888 »
1403 3838 1472 3906 Quae
1491 3842 1609 3913 quidem
1631 3860 1682 3903 ne.

79 3930 168 3986 initus
184 3928 220 3985 ad
240 3943 299 3984 non
314 3929 472 3999 genitorem
500 3926 643 3984 referetur
666 3941 780 3985 necesse
835 3937 986 3995 quaquam
1001 3921 1135 3980 dillinitio
1149 3924 1271 3982 dicenda
1285 3933 1327 3982 est
1341 3927 1431 3983 trium
1447 3943 1635 4000 personarum
1652 3934 1681 3990 in
1712 3931 1723 3995 l

79 4033 104 4090 pe
122 4018 206 4074 aliter
223 4031 311 4088 quam
331 4031 383 4073 nos
401 4015 543 4072 soleamus
557 4016 679 4073 relativa
694 4016 778 4084 dixit,
834 4013 991 4071 divinitate
1013 4012 1148 4083 superius
1170 4027 1187 4069 a
1215 4015 1298 4072 nobis
1330 4014 1544 4088 distinctarum,
1569 4021 1624 4079 boc
1641 4029 1684 4080 est

79 4105 780 4175 0001οοοΡ110001,01000000110100οο0
835 4100 926 4159 Patris
955 4108 983 4157 et
1015 4099 1079 4156 Filii
1103 4108 1132 4158 et
1165 4101 1289 4173 Spiritus
1316 4105 1418 4160 sancti.
1448 4105 1586 4179 Alioquin
1616 4124 1684 4168 cum

79 4211 105 4265 n,
121 4210 187 4252 cum
204 4196 234 4250 in
250 4195 295 4251 bis
315 4193 483 4250 nominibus
494 4194 671 4266 abnegativis
688 4194 821 4265 magisn
838 4191 894 4248 sint
918 4198 976 4247 tres
994 4203 1131 4260 persona,
1158 4199 1252 4248 essem
1275 4199 1330 4249 tres
1353 4191 1512 4254 individuae
1529 4197 1685 4258 rationales

79 4291 312 4350 tremoveantur,
328 4297 416 4353 quam
437 4282 634 4351 conserantur,
655 4296 709 4340 nec
728 4297 778 4338 na·
834 4279 1013 4338 substantia.

79 4373 134 4431 ista
153 4371 240 4429 simul
261 4371 386 4427 babeant
399 4384 470 4438 esse,
495 4370 571 4426 sicut
594 4370 629 4427 de
652 4371 781 4428 relativis
870 4367 1012 4425 Personas
1030 4367 1117 4425 etiam
1138 4368 1347 4426 comoediarum
1370 4369 1497 4430 dicimus
1511 4373 1588 4445 ipsos
1608 4376 1686 4434 vide-

79 4461 137 4521 uon
159 4460 235 4517 enim
261 4473 375 4516 necesse
400 4466 442 4515 est
465 4465 498 4516 ut
512 4459 538 4515 si
563 4459 662 4530 aliqua
681 4475 728 4517 res
745 4460 782 4516 sit
835 4456 903 4515 licet
923 4457 1065 4524 homines,
1091 4457 1143 4528 qui
1159 4472 1209 4528 per
1222 4465 1319 4530 gestus
1343 4473 1411 4516 suos
1425 4460 1528 4532 aliqua
1548 4464 1633 4522 nobis
1646 4465 1687 4523 la·

79 4563 163 4618 trans,
178 4550 215 4606 sit
229 4548 328 4619 aliqua
347 4561 405 4603 non
422 4546 520 4618 genita
537 4547 582 4604 vel
601 4562 780 4606 econverso.
836 4552 883 4602 cta
905 4545 952 4603 vel
979 4544 1056 4602 dicta
1080 4554 1305 4616 representans*
1325 4546 1406 4612 Quas
1427 4555 1455 4605 et
1483 4549 1542 4621 ipse
1571 4552 1688 4612 Boetius

87 4639 185 4709 itaque
201 4636 283 4694 modo
303 4635 423 4694 abusive
449 4635 511 4691 brec
524 4649 642 4708 quoque
662 4637 784 4694 relativa
839 4634 946 4691 ibidem
961 4633 1094 4692 distinxit
1117 4634 1215 4692 dicens
1231 4652 1238 4690 ε
1252 4656 1267 4686 «
1292 4635 1402 4694 Nomen
1423 4651 1550 4708 personas
1571 4641 1689 4700 videtur

79 4728 202 4785 :undum
232 4726 311 4782 illam
339 4725 512 4782 relationum
544 4725 783 4797 significationem
838 4723 956 4780 aliunde
979 4729 1113 4793 tractum,
1137 4737 1174 4781 ex
1196 4723 1242 4781 bis
1271 4724 1380 4782 scilieet
1410 4729 1550 4796 personis,
1570 4745 1637 4802 qnae
1657 4732 1689 4789 in

79 4815 180 4873 motive
200 4818 296 4871 tenent
315 4814 435 4871 sioutet
459 4827 516 4869 000
534 4813 784 4871 bomohominem
839 4811 986 4869 comoediis
1012 4811 1219 4884 tragoediisque
1233 4826 1281 4870 eos
1314 4827 1388 4885 quos
1422 4815 1539 4874 interest
1560 4817 1691 4878 homines

79 4906 101 4961 lo
114 4903 279 4976 signillcare
300 4902 417 4970 dicitur,
432 4910 460 4959 et
473 4902 622 4973 quodlibet
636 4902 785 4960 inlinitum
840 4901 1093 4973 repraesentabant.
1112 4920 1126 4954 o
1145 4900 1248 4958 Tribus
1272 4903 1370 4973 itaque
1385 4917 1435 4960 seu
1450 4911 1579 4975 quatuor
1599 4908 1691 4966 modis

79 4993 167 5051 itum.
840 5005 874 5048 ac
897 4990 1032 5061 pluribus
1055 4989 1184 5046 fortassis
1204 4990 1259 5046 boc
1273 5004 1378 5047 nomen
1394 5005 1517 5062 persona
1539 4995 1692 5068 sumitur;

79 5082 145 5140 reris
160 5082 190 5139 in
210 5082 310 5139 eadem
331 5081 432 5138 divina
454 5080 619 5138 substantia
643 5088 701 5137 tres
724 5093 786 5151 per·
840 5080 925 5136 aliter
949 5077 1081 5135 videlicet
1104 5091 1121 5133 1
1147 5077 1300 5150 tbeologis,
1325 5078 1408 5136 aliter
1435 5094 1453 5136 a
1476 5083 1692 5153 grammaticis,

79 5170 178 5243 tingui
192 5170 352 5228 secundnm
376 5171 536 5240 expositam
552 5169 704 5234 rationem,
720 5182 787 5225 cum
842 5168 925 5225 aliter
948 5182 966 5224 a
985 5165 1161 5234 rhetoribus,
1182 5166 1227 5224 vel
1252 5167 1283 5224 in
1305 5168 1463 5236 comoediis,
1481 5174 1517 5228 ut
1540 5185 1628 5245 supra
1642 5174 1694 5232 de·

79 5261 206 5318 cundum
230 5260 451 5331 grammaticam
474 5258 683 5314 institutionem
704 5270 787 5314 eum·
842 5257 1029 5315 terminatum
1048 5263 1099 5312 est.
1120 5254 1193 5312 Cum
1215 5264 1313 5314 autem
1333 5257 1408 5315 sicut
1421 5258 1452 5315 in
1469 5260 1614 5334 principio
1628 5277 1693 5335 cpe·

79 5349 163 5407 linem
186 5356 242 5405 tres
262 5363 399 5418 personas
422 5361 483 5404 esse
498 5347 699 5404 concedamus.
723 5348 788 5404 Pri·
842 5347 884 5404 ris
903 5343 1126 5415 assignavimus,
1148 5344 1179 5401 in
1204 5345 1298 5403 tribus
1324 5342 1432 5404 divinis
1447 5346 1591 5421 personis,
1612 5352 1697 5411 Patre

79 5437 169 5495 lelicet
190 5437 351 5494 secundum
369 5438 425 5494 boc
447 5436 524 5508 quod
548 5435 730 5508 loquitur,et
744 5451 786 5495 se·
841 5435 984 5502 videlieet,
1007 5433 1089 5502 Filio,
1113 5432 1223 5504 Spiritu
1249 5442 1358 5501 sancto,
1381 5441 1442 5494 tota
1468 5437 1538 5496 boni
1562 5439 1696 5512 perlectio

81 5524 113 5584 in
135 5539 168 5583 eo
187 5526 266 5598 quod
281 5525 317 5582 ad
339 5526 437 5597 ipsum
452 5539 546 5586 serrno
560 5524 709 5600 dirigitur,
725 5539 789 5585 nec-
844 5522 987 5596 consistit,
1009 5529 1038 5582 et
1062 5522 1240 5598 omniaque
1260 5524 1298 5586 ad
1316 5525 1386 5586 boni
1407 5527 1610 5603 perlectionem
1631 5543 1695 5604 per·

79 5615 201 5690 Parnes.
226 5611 407 5687 clxxvul
1446 5619 1492 5687 lb
