3804 5962
121 186 190 242 tals
387 181 488 238 sarm
507 178 692 236 hommum
710 177 788 237 OPP.
808 178 898 236 PARS
915 179 963 236 111.
983 207 1020 270 ξ-
1035 177 1253 236 rasolosldlt
1272 176 1318 235 sl·
1336 177 1600 237 philosophice.
1754 223 1758 232 .
1804 180 1867 235 {att

718 557 926 655 LIBER
964 546 1281 674 QUINTUS.

153 911 304 988 Expeditie
317 910 364 970 his
377 925 445 984 que
466 911 503 969 ad
524 910 704 983 singularem
719 908 885 967 christiana
897 907 964 965 fidei
978 907 1005 964 Δ
1020 908 1213 983 intelligibilia
1233 908 1408 968 duceremur
1427 911 1479 982 (8⁶)
1494 909 1576 969 facile
1595 909 1625 970 id
1638 911 1730 969 etiam
1747 919 1825 982 erat,
1838 918 1867 972 ut

115 1003 322 1078 professionem
350 1000 472 1058 uiuere
490 999 639 1066 ridentur,
665 998 700 1056 de
725 998 895 1057 discretione
917 997 960 1054 vi·
1016 999 1143 1071 optimus
1155 998 1288 1056 omnium
1302 998 1437 1057 Conditor
1451 1006 1540 1072 atque
1553 999 1710 1072 dispositor
1723 1000 1807 1059 Deus
1821 1014 1868 1074 prs

114 1093 217 1152 delicet
237 1090 327 1149 trium
353 1102 544 1160 personarum
567 1087 597 1144 iu
620 1101 681 1145 nna
701 1086 860 1158 eademqne
883 1086 962 1157 peni·
1015 1101 1049 1145 ea
1071 1102 1137 1159 quae
1152 1095 1212 1144 tam
1227 1086 1399 1145 mirabiliter
1417 1094 1445 1145 et
1467 1086 1536 1145 iacit
1550 1095 1578 1145 et
1593 1087 1726 1156 ordinat,
1740 1102 1780 1146 ex
1802 1088 1867 1162 ipsis

115 1189 163 1240 tus
178 1193 213 1239 ac
236 1177 361 1250 simplici
382 1176 542 1235 divinitatis
570 1175 733 1234 substantia
745 1176 830 1248 jurat
856 1175 887 1233 iu
906 1175 960 1232 hu·
1014 1175 1076 1233 suis
1100 1183 1229 1248 quantus
1248 1175 1285 1232 sit
1304 1174 1441 1247 operibns
1464 1173 1620 1246 indicarot;
1644 1175 1718 1247 quia
1753 1181 1784 1232 et
1819 1186 1866 1247 prs

111 1271 162 1345 jus
186 1267 294 1327 summi
320 1265 393 1325 Boni
413 1266 587 1337 perfectione
611 1263 832 1335 contemplanda
857 1265 962 1322 mentis
1015 1263 1156 1336 qualitate
1169 1277 1291 1334 operum
1305 1278 1371 1336 quae
1386 1263 1525 1322 ridentur
1538 1264 1666 1322 absentis
1681 1262 1807 1322 artilieis
1827 1264 1867 1322 br·

113 1359 206 1418 aciem
220 1357 307 1416 altius
329 1355 512 1427 imprimere:
538 1367 573 1410 ac
595 1352 763 1424 diligentius
778 1351 897 1425 singula
911 1366 956 1410 re·
1014 1352 1156 1411 dustriam
1185 1351 1389 1423 dijudicamus.
1414 1353 1474 1410 lloc
1500 1352 1618 1424 quidem
1640 1352 1730 1409 modo
1755 1359 1786 1410 et
1808 1351 1864 1425 ipss

112 1446 262 1506 ucomndo
285 1446 346 1517 (Τ),
372 1455 558 1515 quaecuuque
580 1439 692 1512 aliquid
719 1440 887 1511 questionis
910 1439 949 1497 ha
1015 1441 1146 1513 perhibet
1159 1440 1315 1513 apostotus
1328 1439 1477 1499 lieumsui
1497 1439 1629 1498 notitiam
1643 1438 1782 1512 reprobis
1796 1453 1864 1512 uuo·

114 1536 181 1594 bere
206 1534 352 1601 ridentur,
378 1530 583 1589 verisimilibus
610 1536 637 1587 et
674 1528 883 1586 honestissimis
910 1542 961 1586 ra·
998 1524 1073 1602 'que
1098 1529 1273 1588 contulisse:
1296 1529 1382 1601 juxta
1400 1530 1481 1602 quod
1507 1528 1544 1586 ad
1562 1529 1710 1586 llomanos
1725 1527 1861 1597 scribens.

114 1625 241 1683 tionibus
261 1621 392 1689 definire,
414 1628 447 1679 ut
470 1634 529 1692 quo
544 1617 670 1691 amplius
691 1617 850 1675 innotuerit
871 1617 961 1689 hujus
1015 1618 1244 1677 inexcusabilem
1267 1632 1383 1676 omnem
1407 1617 1554 1676 bominem
1577 1631 1639 1674 csso
1660 1616 1861 1675 couriueitst

113 1713 222 1772 summi
250 1710 320 1770 Boni
348 1709 494 1782 profectio,
526 1705 629 1777 majori
655 1719 898 1777 unumquemque
924 1705 960 1762 ad
1014 1708 1049 1765 de
1068 1711 1233 1779 contemptu
1247 1707 1294 1766 sui
1311 1706 1692 1780 conditorisarguendum,
1712 1720 1785 1764 cum
1803 1705 1861 1779 ejus

112 1816 143 1860 se
167 1803 262 1860 trabat
288 1797 439 1858 desiderio.
466 1796 509 1854 Ac
538 1796 633 1867 primo
654 1795 689 1853 do
713 1795 824 1852 unitate
852 1795 959 1852 divine
1014 1796 1146 1855 notitiam
1161 1795 1208 1854 ier
1222 1795 1285 1868 ipsa
1299 1795 1534 1869 naturalisque
1548 1796 1579 1854 in
1595 1794 1860 1863 mdcuecouslstit,

113 1890 292 1959 substantie,
320 1887 502 1960 postmodum
530 1886 565 1943 de
596 1897 787 1956 personarum
814 1884 960 1954 recapitu·
1013 1885 1100 1943 otiam
1115 1884 1178 1942 sine
1191 1884 1297 1955 scripto
1320 1885 1350 1941 in
1374 1885 1437 1956 ipsa
1457 1898 1580 1956 operum
1600 1882 1861 1956 ejnsexhibtttcns

112 1978 235 2038 landum
258 1984 300 2035 est
319 1975 456 2033 trinitate.
472 1975 506 2030 ln
521 1971 720 2044 superioribus
743 1970 841 2040 itaque
855 1968 959 2027 libellis
1012 1973 1148 2031 omuibus
1170 1973 1294 2032 aflerret.
1317 1970 1365 2030 bit
1379 1973 1486 2044 qnippe
1500 1972 1561 2030 sio:
1578 1972 1729 2030 Revelato»-
1746 1975 1796 2030 iss
1816 1973 1863 2031 lta·

113 2067 150 2125 ad
185 2074 290 2125 nostre
328 2062 513 2137 professionis
546 2059 740 2118 defensionem
776 2057 957 2114 elaboratum
1012 2062 1122 2118 desub
1147 2077 1349 2133 superuacuam
1371 2064 1538 2132 impietatem
1564 2066 1591 2119 et
1614 2062 1789 2132 tnjmsetnss
1810 2061 1860 2119 bs·

113 2163 165 2224 est,
189 2155 237 2216 hic
262 2168 331 2213 vero
360 2152 397 2210 ad
423 2150 515 2222 ipsius
535 2146 787 2219 amplificationem
809 2144 958 2202 elaborau-
973 2191 995 2247 B
1011 2153 1117 2207 minam
1131 2166 1223 2206 eorum
1237 2152 1285 2218 pua·
1298 2152 1442 2208 umentem
1454 2152 1504 2206 liei
1516 2152 1547 2206 ie
1562 2149 1704 2220 injustitia
1718 2150 1861 2223 Μίνωα
1882 2144 1893 2173 ·“

113 2244 194 2302 dum.
1014 2242 1081 2311 quia
1099 2240 1173 2310 quod
1190 2247 1284 2296 cotum
1312 2247 1352 2296 est
1372 2243 1422 2298 Dei
1444 2241 1622 2309 menifestum
1649 2245 1691 2296 est
1714 2238 1768 2315 [isal
1793 2240 1861 2298 illis.

149 2331 245 2389 Prima
268 2329 360 2401 igitur
386 2328 421 2386 de
445 2327 556 2385 ratione
584 2323 719 2382 credendi
746 2336 842 2380 unum
867 2323 958 2379 Deum
1014 2331 1084 2385 pens
1104 2331 1175 2385 nnn
1199 2329 1256 2386 tun
1274 2332 1472 2397 manifestavit,
1497 2328 1655 2388 inuisibilia
1678 2330 1752 2385 nnn„
1773 2330 1862 2400 ‘W

113 2418 262 2488 discussio,
280 2424 307 2476 et
322 2417 400 2488 quod
423 2429 518 2473 unum
541 2412 635 2485 magis
657 2412 862 2485 quamplures
881 2410 958 2469 credi
1013 2434 1032 2473 o
1050 2424 1178 2474 sectura
1200 2419 1300 2475 moedi
1320 2434 1370 2490 per
1397 2433 1429 2475 eo
1457 2435 1517 2490 pua
1538 2420 1615 2486 facta
1635 2422 1701 2475 saut
1722 2419 1861 2476 mdeste

113 2507 244 2576 attineat,
268 2504 319 2564 ubi
340 2514 368 2563 ei
392 2504 483 2578 prima
508 2517 538 2561 so
557 2502 663 2575 ingerit
686 2500 819 2574 questio,
843 2513 881 2557 au
902 2500 957 2558 hu·
1013 2510 1233 2579 conspicientem
1259 2511 1426 2579 sempiterno
1449 2524 1556 2580 qaoque
1575 2508 1634 2578 ejrts
1655 2510 1746 2565 obius
1772 2513 1801 2565 et
1822 2507 1860 2565 de
1885 2504 1888 2509 '

113 2608 200 2655 mana
222 2596 309 2653 etiam
330 2593 441 2652 ratione
464 2592 565 2650 divina
584 2589 723 2649 celsitudo
751 2589 885 2662 indagari
908 2604 955 2661 po·
1012 2598 1170 2654 otnitcsiic
1184 2599 1285 2652 etsist
1299 2596 1509 2654 inaccusabiles.
1534 2598 1615 2667 οιιίιι,
1637 2612 1700 2653 sam
1714 2599 1859 2666 memsu-

112 2685 210 2754 tuerit‚
232 2697 267 2741 ac
288 2696 340 2755 per
361 2682 437 2740 hauc
460 2696 477 2739 a
508 2687 641 2738 creatura
663 2691 718 2736 sua
741 2679 857 2736 creator
879 2692 957 2735 reco-
1012 2690 1073 2742 sent
1084 2688 1179 2754 hmm,
1195 2701 1249 2742 non
1270 2688 1341 2742 aaut
1361 2689 1447 2742 heum
1472 2686 1706 2756 glomeraverunt,
1729 2691 1781 2742 eat
1795 2700 1860 2756 gre·

112 2776 223 2848 gnossi,
244 2786 283 2830 an
305 2787 335 2830 se
360 2772 455 2844 potius
477 2772 538 2842 ipse
562 2768 733 2840 lioussiguo
754 2767 853 2839 aliquo
872 2765 958 2823 sensi·
1014 2777 1355 2848 immanissimos,
1386 2774 1441 2847 ld).
1469 2776 1582 2847 lltpost
1605 2775 1724 2846 aliqua:
1745 2776 1860 2848 Proptae

111 2863 260 2922 bilisuam
283 2863 310 2921 ei
334 2861 466 2920 notitiam
488 2861 614 2932 primum
637 2856 812 2924 exhibuerit,
832 2854 957 2912 velutin
1011 2862 1085 2933 qnod
1113 2862 1307 2919 meensabitts
1336 2878 1374 2931 es,
1405 2879 1421 2918 o
1448 2861 1526 2918 hemo
1555 2864 1644 2918 omas
1667 2866 1719 2932 par·
1745 2862 1859 2933 judiees

111 2953 214 3026 angelo
236 2958 287 3009 aut
308 2951 339 3008 in
358 2962 534 3022 quamnmm
557 2947 583 3004 ei
606 2947 698 3017 specie
716 2944 851 3016 primitus
870 2956 957 3015 alda·
1013 2950 1099 3021 (Rom.
1116 2967 1146 3021 n,
1171 2952 1207 3023 l),
1229 2951 1347 3009 horest
1368 2950 1420 3024 qui
1444 2949 1564 3009 rationis
1584 2949 1676 3008 uteris
1695 2950 1810 3024 indicio
1827 2950 1857 3009 in

111 3055 188 3110 rens,
203 3041 278 3098 sicut
295 3040 331 3097 de
352 3037 454 3111 primis
475 3036 582 3108 legitur
596 3033 776 3108 parentibus,
796 3033 904 3104 quibus
924 3031 956 3088 in
1011 3038 1135 3098 honines
1153 3039 1237 3097 malin
1260 3039 1450 3109 (troarnensis,
1471 3033 1559 3111 'nenne
1575 3038 1606 3097 in
1631 3039 1702 3110 ipsis
1715 3038 1858 3098 emron-ts

110 3130 244 3204 paladiw
265 3128 379 3187 lollius
398 3127 486 3183 iuissffl
509 3123 686 3195 lssfhlbitssr·
709 3123 745 3179 Εῑ
767 3121 895 3180 10ri²⁸⁸i³
914 3120 956 3178 iia
1010 3136 1038 3186 et
1057 3135 1257 3186 creaturarum
1283 3126 1479 3185 discernendis
1498 3125 1621 3185 naturis.
1647 3127 1730 3185 Unde
1753 3134 1783 3184 et
1805 3126 1857 3185 Ss-

109 3221 203 3292 primo
217 3217 326 3275 factum
345 3223 397 3285 est,
421 3222 454 3272 ut
477 3215 508 3271 in
523 3212 630 3286 aliqua,
646 3209 753 3270 scilicet
770 3209 879 3268 visibili
892 3224 956 3282 spe·
1010 3216 1108 3273 lomcn
1133 3215 1288 3274 nonnullos
1316 3216 1419 3274 mundi
1449 3214 1589 3287 sapientes
1613 3228 1644 3273 so
1670 3215 1857 3275 vehementer
1884 3246 1887 3251 ·

110 3308 153 3365 cie
175 3305 330 3365 invisibilis
343 3303 461 3361 Creator
483 3303 543 3374 ipso
564 3300 674 3359 bomini
699 3315 729 3357 se
747 3299 898 3357 revelaret.
925 3298 954 3355 Si
1010 3303 1110 3361 mirari
1126 3303 1265 3374 insinuat,
1289 3305 1433 3376 quomodo
1447 3303 1555 3362 scilicet
1577 3304 1724 3363 mundum
1747 3305 1857 3365 ratium

109 3403 207 3455 tamon
231 3395 322 3465 ipsam
346 3393 406 3449 rim
430 3389 550 3449 rationis
569 3388 738 3460 diligentius
760 3387 968 3455 attendamus„
1008 3392 1186 3465 vestigarent
1211 3400 1408 3465 naturamque
1435 3393 1526 3464 ἱρείης
1551 3406 1606 3466 pne
1634 3393 1770 3466 ningntnn
1796 3393 1856 3467 njnn

109 3485 195 3556 enjus
218 3481 367 3553 proprium
392 3487 435 3537 est
453 3491 567 3535 omnem
595 3476 798 3534 transcendere
825 3490 953 3546 tonsum,
1006 3489 1105 3553 wpartes
1129 3482 1269 3540 disserere
1297 3482 1392 3539 conati
1424 3489 1504 3551 sunt,
1528 3481 1660 3540 noudum
1694 3483 1855 3541 Creatorem
1889 3490 1892 3499 ·

107 3580 136 3631 nt
159 3585 193 3630 ea
217 3569 360 3642 vestigare
388 3581 455 3640 qun
483 3564 584 3624 sen'sus
611 3580 670 3622 non
695 3564 773 3622 valet
801 3565 952 3637 attingere,
1008 3569 1100 3643 ipsius
1114 3571 1388 3638 animadvertentes,
1412 3584 1499 3642 quem
1524 3570 1638 3628 facilius
1658 3571 1773 3630 ratione
1793 3583 1855 3644 per·

107 3660 233 3734 profecto
247 3665 357 3732 quanto
380 3670 506 3729 qnaeque
519 3669 565 3713 res
587 3653 746 3713 subtilioris
768 3660 811 3712 est
829 3661 952 3721 naturae,
1007 3659 1102 3731 cipere
1126 3667 1267 3732 poterant.
1295 3660 1327 3715 si
1341 3661 1422 3730 enim,
1443 3658 1550 3732 inquit,
1575 3664 1683 3716 tantum
1708 3658 1749 3733 (d)
1762 3663 1854 3734 mise

107 3757 137 3810 et
181 3764 199 3806 a
244 3762 331 3806 sensu
373 3746 528 3813 remotior,
570 3751 648 3802 tanto
686 3744 794 3801 rectius
832 3742 953 3801 rationis
1006 3751 1072 3804 rant
1100 3751 1181 3816 seire,
1210 3753 1242 3803 ut
1268 3753 1382 3819 possent
1407 3751 1543 3805 estimare
1567 3747 1697 3805 seculum
1724 3747 1854 3820 quondo

107 3855 138 3898 se
170 3837 322 3898 committit
353 3834 464 3908 jndicio
503 3841 531 3890 et
565 3834 661 3904 majus
696 3833 727 3890 iu
764 3847 794 3890 se
832 3832 953 3890 rationis
1008 3836 1103 3908 ipsius
1122 3837 1222 3894 mundi
1242 3839 1335 3896 iteum
1349 3845 1377 3894 et
1398 3837 1560 3896 Creatorem
1574 3852 1629 3893 nou
1651 3837 1767 3906 suediae
1781 3839 1855 3895 isse·
1889 3864 1893 3869 ·

106 3925 238 3987 studium
263 3937 419 3998 provocare
443 3921 536 3979 debet.
563 3919 785 3979 verumetiam
812 3932 879 3979 cum
903 3931 952 3989 per
1005 3924 1131 3983 nerum?
1147 3927 1225 4000 (Sep.
1248 3941 1311 3991 rur,
1329 3925 1368 4000 9.)
1390 3927 1450 3984 lloc
1463 3935 1491 3984 et
1515 3925 1563 3983 ille
1576 3926 1749 3984 latinorum
1764 3925 1855 3985 maxi·
1890 3918 1893 3953 ³

107 4014 220 4088 insigne
243 4013 364 4071 rationis
385 4010 505 4083 imagini
534 4008 585 4080 (8),
609 4009 660 4067 liei
683 4007 844 4079 specialiter
865 4008 951 4066 homo
1006 4029 1074 4072 mus
1088 4013 1329 4087 pbilosophorum
1343 4014 1622 4088 l'ulliusdiligenter
1636 4014 1775 4086 intuitus,
1789 4027 1857 4077 oum

106 4110 297 4179 comparetur,
313 4101 344 4159 iu
355 4100 428 4159 nihil
448 4098 527 4157 aliud
540 4098 625 4155 homo
643 4098 769 4169 previos
785 4109 848 4154 eam
863 4095 952 4169 figere
1004 4117 1064 4161 nou
1077 4102 1170 4160 solum
1189 4103 1297 4176 optime
1314 4103 1435 4172 factum,
1460 4103 1668 4162 verumetiam
1689 4105 1801 4176 optime
1814 4103 1858 4162 dl·

105 4191 256 4260 debuerat,
272 4203 361 4264 quam
381 4189 412 4246 in
431 4188 527 4261 ipsum
542 4187 627 4259 cnjus
647 4185 815 4258 imaginem.
830 4184 885 4242 11⁰0
909 4191 952 4242 est
1004 4190 1087 4263 sponi
1113 4192 1257 4250 mundum
1279 4192 1465 4264 conspiceret,
1493 4192 1675 4264 providentia
1698 4192 1730 4251 id
1760 4192 1858 4267 potius

105 4280 315 4354 expressiorem
329 4277 549 4336 similitudinem
574 4289 626 4347 per
649 4274 727 4332 hauc
744 4273 902 4342 obtinebat,
923 4280 951 4331 et
1004 4281 1053 4354 agi
1074 4293 1164 4354 qnam
1180 4281 1303 4341 fortuitu
1326 4281 1478 4340 confirmat
1493 4281 1563 4356 (io),
1589 4288 1649 4341 tam
1662 4282 1757 4356 lenam
1772 4282 1859 4342 uobis
1890 4302 1894 4313 ·

105 4369 137 4428 iu
159 4368 272 4428 unllam
291 4368 412 4427 fortasse
434 4379 495 4424 rem
520 4363 734 4438 percipiendam
758 4363 877 4435 pronior
891 4375 952 4420 esse
1005 4368 1036 4427 iu
1058 4370 1113 4427 hoc
1127 4383 1217 4442 quam
1233 4378 1403 4428 ceterorum
1430 4371 1570 4429 rationem
1584 4369 1721 4443 exposuit
1734 4371 1860 4443 philoso·
1890 4390 1893 4395 ·

105 4458 249 4518 emesena
275 4465 327 4526 est
355 4471 445 4529 qnam
473 4455 504 4512 rn
531 4468 596 4511 ann
622 4454 708 4526 eujus
734 4450 798 4525 insa
825 4450 952 4524 annum
1004 4456 1140 4529 pronun.
1157 4456 1238 4517 onds
1251 4457 1325 4517 irrue
1341 4458 1371 4517 tn
1384 4459 1664 4530 permaneamus:
1682 4479 1693 4510 ι
1710 4459 1856 4528 aerim.

106 4546 210 4619 adopts
234 4547 271 4605 sit
298 4545 529 4604 similitudinem.
557 4542 651 4601 Facile
682 4541 789 4614 qnippe
814 4555 851 4598 ex
878 4540 952 4598 simi·
1004 4545 1111 4619 inquit,
1132 4568 1147 4599 ι
1162 4554 1339 4605 accurantur
1360 4562 1427 4620 quer
1442 4547 1560 4606 consilio
1580 4554 1738 4621 geruntur,
1763 4560 1858 4622 quam

104 4639 183 4700 libus
209 4640 316 4698 similia
344 4638 457 4711 conjici,
496 4644 525 4695 ct
552 4637 678 4709 quisque
714 4633 797 4692 alteri
830 4632 951 4691 similior
1004 4649 1071 4708 quae
1094 4635 1156 4693 sine
1174 4635 1293 4694 consilio
1309 4634 1550 4695 administrantur
1571 4637 1639 4709 (ll),
1664 4636 1856 4696 Exercitusis

103 4738 157 4800 est,
178 4729 344 4789 facilinsex
368 4727 460 4799 seipso
482 4725 519 4783 ad
546 4727 611 4798 ejus
630 4724 763 4783 notitiam
787 4721 949 4794 pertingere
1004 4723 1052 4782 oui
1076 4723 1245 4796 prepositus
1267 4731 1310 4782 est
1335 4725 1449 4796 sapiens
1477 4731 1506 4783 et
1535 4725 1658 4783 callidus
1682 4724 1854 4798 imperator,

104 4820 189 4886 valet,
206 4819 255 4878 cui
268 4826 311 4877 est
325 4817 385 4890 ipse
400 4819 602 4889 permaturum
622 4813 754 4872 vicinior.
779 4810 903 4877 Quodsi
921 4817 949 4868 et
964 4813 989 4871 h
1003 4811 1138 4871 omnibus
1159 4812 1291 4885 partibus
1316 4814 1495 4871 commodius
1514 4814 1633 4887 regitur·
1650 4828 1742 4887 quam
1759 4816 1784 4873 is
1803 4813 1856 4888 qni

103 4911 135 4969 ln
156 4909 212 4969 boc
233 4911 294 4982 ipsa
310 4921 428 4981 quoque
442 4919 581 4964 sensuum
604 4903 801 4977 experimenta
823 4914 953 4959 necessa·
1005 4901 1165 4960 temeritate
1184 4909 1235 4960 aut
1261 4901 1382 4961 stultitia
1405 4902 1531 4974 alicujus
1555 4903 1790 4964 administratur.
1805 4903 1855 4963 Ba·

102 4997 149 5058 ria
164 4998 253 5058 fuisse
266 4997 434 5064 rideantur,
456 5002 491 5055 ut
508 4993 685 5065 videtisne
707 4990 892 5052 sensibilibus
914 4989 952 5048 ad
1004 4987 1071 5047 dem
1085 4989 1198 5063 navigii
1213 4989 1287 5049 ratio
1312 4998 1364 5050 est.
1389 4990 1450 5048 lloc
1471 4990 1571 5066 itaque
1596 4992 1744 5067 proposito
1769 4992 1853 5054 cole

151 5176 491 5253 interessendum.
1040 5170 1087 5241 (lo
1112 5170 1233 5255 introd,
1246 5169 1426 5255 frondescens.
1670 5245 1676 5260 Ι

152 5250 498 5379 ⁸²¹lillr‘iliib.
1004 5242 1853 5387 ,sindili-stilistas{timitem

150 5323 405 5461 3))1u¹=rod.⁸'addit
428 5389 545 5460 rotiooe,
560 5386 610 5448 sed
630 5400 690 5448 uon
712 5391 807 5449 exsut
820 5384 851 5446 lu
873 5384 951 5445 scri·
1003 5398 1066 5456 pue
1079 5388 1176 5443 unm
1188 5389 1215 5444 et
1223 5385 1299 5444 nouo
1311 5386 1423 5444 musitio
1433 5386 1660 5447 odmimtrctas.
1687 5359 1696 5390 ⁹
1716 5333 1736 5392 q

101 5466 201 5534 piun-
