3804 5962
1579 28 1826 41 ἡ

633 214 867 274 PROBLEMATA
885 212 1075 274 nemisse.
1254 230 1261 237 “
1676 220 1730 277 b'ld

79 338 139 407 dot,
165 355 200 396 me
218 341 269 396 etsi
295 340 400 410 iniuste
422 339 526 410 ligatus
553 344 603 407 est,
631 355 668 396 ee
692 340 756 410 ipso
786 342 827 395 iu
840 342 865 399 Α
880 339 917 396 ab
946 337 1076 411 ipsorum
1105 337 1307 396 communione
1322 339 1488 411 privantur,
1502 355 1569 399 cum
1585 341 1730 413 subjectos

81 430 301 502 reprehensionis
328 428 457 501 superbio
484 429 574 498 culpo,
600 445 661 501 qun
685 444 739 485 non
757 433 826 498 erat,
882 427 990 501 iniuste
1018 442 1036 485 a
1057 427 1259 485 communione
1271 441 1325 485 sua
1349 428 1464 500 privare
1486 430 1728 502 presumpserint.

883 518 962 576 Unde
997 518 1168 575 Airlcanum
1194 517 1348 575 concilium
1382 533 1459 574 ccx:
1478 520 1512 574 lit
1543 536 1597 576 uon
1632 526 1730 578 temere

79 607 114 665 tis
133 608 263 679 Gregorii
277 606 361 664 dietis
375 615 403 665 et
417 606 523 664 divinas
538 606 718 665 auctoritatis
732 619 828 663 exem·
882 622 1044 678 quemquem
1066 607 1250 662 communione
1275 610 1365 676 privet
1386 610 1526 676 episcopus
1538 624 1550 671 ;
1560 613 1585 662 et
1603 608 1729 679 quandiu

78 696 202 769 quidum
226 703 267 752 est
284 696 357 752 nihil
372 696 572 767 episcoporum
592 696 764 754 sententiam
778 707 827 752 va·
880 700 1109 752 excommunicato
1149 711 1213 752 suus
1248 710 1303 751 non
1335 696 1543 751 communicaret
1575 698 1728 767 episcopus,

79 785 105 842 sl
127 784 165 841 ab
188 784 325 855 aequitate
349 785 492 857 discrepat
515 783 825 856 divina,1'uxtaillnd
879 785 965 840 eidem
990 788 1114 856 episcopo
1141 785 1175 839 ab
1198 784 1262 839 aliis
1282 800 1335 839 non
1349 786 1559 840 communicetur
1580 787 1726 857 episcopis;

79 873 177 932 tticum
202 872 375 930 mortificare
389 874 434 930 vel
450 875 599 931 vivificare
614 875 825 944 volentesqnos
876 878 909 929 ut
931 877 1019 943 magis
1044 873 1186 944 episcopus
1216 878 1319 942 covent,
1350 889 1384 929 ne
1407 873 1533 929 dicatio
1557 889 1729 946 quemquem,

79 972 200 1021 meunt.
224 962 278 1030 Qui
301 964 502 1035 episcoporum
531 978 653 1036 quoque
681 964 824 1020 sententia
879 964 951 1031 quod
968 965 1033 1019 eliis
1043 963 1209 1019 documentis
1224 963 1379 1018 convincere
1391 978 1445 1019 non
1455 967 1554 1033 potest.

621 1227 1089 1373 HELOISSAE

450 1500 889 1589 eaedentrausts
923 1499 1278 1617 DIACONISSAE

591 1716 1102 1828 PROBLEMATA

513 1943 584 2000 cult
602 1942 704 1999 PETRI
723 1940 910 1998 tentarint
931 1941 1194 2001 SOLUTIONIBUS.

79 2227 375 2323 tersione
417 2226 754 2322 HELOISSAE
792 2227 879 2318 ΑΙ)
917 2229 1181 2322 PETRUM
1216 2231 1649 2329 ABAELARDUM.

80 2430 117 2473 us
145 2415 338 2486 Hieronymus
364 2420 471 2473 sanctae
508 2414 649 2472 Marcella
681 2413 821 2483 studium,
838 2413 860 2468 B
878 2427 935 2471 non
959 2413 1114 2485 pigriteris.
1132 2415 1258 2473 Ancillas
1284 2416 1402 2489 Christi,
1430 2433 1464 2476 ec
1487 2419 1630 2491 spiritales
1657 2422 1732 2482 fllias

79 2510 124 2563 ota
145 2503 275 2561 terrebat
298 2506 375 2561 circa
398 2503 569 2574 questiones
587 2516 737 2560 sacrarum
752 2502 823 2560 litte-
878 2509 944 2560 tuas
980 2502 1011 2560 in
1046 2505 1172 2561 oratorio
1205 2505 1322 2577 proprio
1352 2508 1545 2581 congregasti,
1571 2523 1607 2566 ac
1634 2510 1732 2570 divino

105 2593 234 2650 maxime
266 2592 472 2650 commendans
509 2605 542 2648 ae
565 2592 750 2648 vehementer
774 2605 824 2662 ap
877 2589 1047 2659 mancipasti
1074 2590 1235 2661 obsequio;
1253 2594 1360 2651 divinis
1383 2609 1435 2652 nos
1450 2597 1599 2656 intendere
1620 2599 1729 2669 verbis,

78 2696 113 2753 ts,
137 2682 256 2752 quantis
276 2694 341 2738 eam
367 2693 454 2751 super
469 2679 522 2736 boe
536 2680 688 2751 praeconiis
702 2679 824 2737 leudam
877 2690 911 2734 ao
933 2678 1023 2736 sacris
1035 2679 1205 2738 lectionibus
1228 2696 1344 2752 operam
1372 2685 1451 2753 dare,
1476 2687 1634 2756 plurimum
1655 2701 1730 2744 sena·

79 2770 123 2840 rit,
151 2778 248 2828 vestra
270 2770 374 2827 melius
399 2769 552 2840 prudentio
573 2783 662 2840 quam
677 2782 740 2825 mea
754 2768 823 2825 sim·
879 2779 929 2836 per
955 2767 1103 2825 exhortari
1129 2770 1313 2827 consuevisti.
1329 2771 1440 2839 Quibus
1463 2775 1570 2845 sapius
1584 2775 1731 2833 intantum

79 2873 89 2916 ι
118 2860 208 2917 novit.
233 2861 273 2916 De
297 2873 367 2930 qna,
383 2872 450 2915 cum
475 2856 772 2928 inepistotampaull
787 2856 825 2913 ad
878 2852 1034 2926 scripture
1065 2869 1155 2914 saera
1182 2858 1342 2917 doctrinam
1367 2862 1584 2933 commendasti,
1606 2872 1639 2921 nt
1666 2877 1731 2922 eant

78 2946 92 3005 ι’
118 2949 344 3006 commentarios
362 2946 511 3015 scriberet,
537 2945 578 3002 ita
606 2946 636 3002 in
661 2947 755 3016 primo
768 2957 825 3001 me·
878 2943 982 3000 anima
1006 2941 1156 3016 speculum
1180 2947 1288 3017 dicens,
1320 2964 1379 3020 qno
1393 2949 1478 3007 decor
1500 2951 1622 3024 eiussei
1638 2952 1731 3011 defor-

83 3037 159 3095 ilbro
176 3037 229 3108 (eil
247 3054 254 3094 :
272 3056 288 3091 ι
303 3037 365 3095 Scio
389 3037 505 3107 quidem
521 3035 653 3092 ardorem
677 3034 749 3106 rius,
765 3035 823 3092 scio
878 3033 963 3090 mites
986 3043 1189 3107 cognoscatur,
1205 3037 1316 3094 nullam
1335 3037 1442 3097 Cbristi
1456 3053 1591 3112 sponsam
1605 3042 1660 3100 hoc
1681 3055 1730 3100 cs·

103 3138 193 3197 quam
218 3124 366 3181 dammam
382 3124 486 3180 habeat
501 3124 530 3179 in
547 3132 669 3194 pectore,
686 3136 824 3194 superare
878 3135 941 3180 rere
962 3121 1077 3195 speculo
1100 3125 1295 3195 permittebas,
1317 3127 1341 3183 si
1355 3128 1381 3184 ei
1395 3128 1441 3185 oui
1456 3142 1485 3186 se
1499 3130 1648 3189 devoverit
1664 3130 1728 3203 pia·

83 3256 91 3284 ,
108 3214 238 3277 oblivisci
252 3214 393 3279 homines,
413 3219 441 3269 et
459 3211 625 3267 divinorum
639 3211 824 3268 voluminum
877 3224 942 3269 cere
969 3211 1122 3269 studuerit.
1149 3213 1281 3271 Addebas
1302 3215 1423 3287 insuper
1439 3218 1475 3274 ad
1498 3218 1731 3278 exhortationem

79 3317 115 3361 no
139 3317 322 3374 concrepare,
348 3302 482 3360 Rubrum
500 3300 554 3357 boc
583 3299 680 3356 saeeuli
704 3299 825 3371 pelagus
879 3307 1008 3356 nostram
1041 3300 1133 3370 ipsam
1161 3300 1317 3374 Scriptnrae
1346 3304 1498 3364 lectionem
1531 3321 1591 3365 non
1622 3308 1732 3367 intelle-

79 3399 174 3451 ·etare.
189 3391 270 3448 Certe
284 3405 350 3448 cum
367 3391 465 3448 iiomae
478 3403 579 3456 essem,
600 3402 753 3459 nunquam
765 3396 825 3445 tam
878 3396 954 3446 ctam
971 3401 1033 3446 esse
1055 3388 1139 3458 quasi
1167 3392 1316 3460 speculum
1342 3395 1434 3451 oculis
1456 3409 1514 3452 non
1534 3396 1658 3455 ridentis
1677 3411 1724 3470 ap·

79 3494 155 3538 ‚me
170 3480 253 3548 sidit,
268 3487 301 3537 ut
311 3480 345 3536 de
364 3479 519 3549 scripturis
542 3476 653 3549 aliquid
668 3479 826 3549 interroga·
880 3477 1019 3548 positum.
1051 3477 1163 3545 Quibus
1187 3479 1306 3550 quidem
1335 3483 1451 3568 monitis
1479 3490 1605 3557 tamcgo
1641 3501 1730 3559 qnam

79 3569 156 3642 'eque
179 3583 257 3637 vero,
286 3582 363 3624 more
390 3568 592 3639 Pythagorico,
617 3566 762 3638 quidquid
776 3580 826 3623 rc·
881 3577 994 3621 sorores
1031 3573 1137 3624 nostrae
1175 3567 1334 3636 plurimum
1367 3569 1603 3643 incitatae3tuam
1627 3575 1657 3631 in
1675 3575 1731 3634 boc

79 3672 144 3716 rem
169 3666 278 3714 rectum
295 3656 415 3727 putabat
427 3670 435 3725 ;
448 3669 501 3712 nec
514 3654 575 3712 sine
591 3654 701 3711 ratione
716 3653 827 3726 prejn-
844 3702 866 3759 c
882 3666 1000 3725 quoqne
1034 3653 1132 3724 quoad
1161 3668 1314 3725 possumus
1340 3657 1491 3729 implentes
1517 3661 1728 3732 obedientiam,

93 3746 173 3818 apud
198 3760 262 3803 eam
282 3745 396 3802 valebat
414 3744 572 3800 auctoritas
588 3759 596 3811 3
612 3741 661 3800 sed
681 3743 829 3799 examina·
882 3741 952 3798 dnm
967 3741 1040 3800 baio
1061 3754 1178 3813 operam
1201 3742 1296 3800 studio
1308 3743 1423 3813 damus,
1437 3760 1471 3803 oo
1485 3747 1616 3806 videlicet
1630 3763 1730 3808 amore

79 3835 151 3904 onia,
167 3842 194 3892 et
207 3835 303 3906 sagaci
328 3840 423 3890 mente
452 3832 590 3889 universa
619 3832 767 3903 pensabat,
795 3838 828 3888 nt
882 3830 1043 3888 litterarum
1070 3838 1219 3901 correpta,
1248 3832 1283 3888 de
1297 3846 1356 3903 quo
1373 3834 1528 3905 praedictus
1542 3835 1640 3895 doctor
1658 3853 1730 3911 qno·

79 3923 184 3981 ntirem
208 3938 267 3980 non
290 3924 348 3979 tam
364 3921 535 3993 discipulam
550 3920 658 3977 babere
672 3933 762 3991 quam
780 3919 828 3992 ju·
881 3920 948 3976 dam
968 3918 1028 3976 loco
1041 3919 1194 3977 meminit:
1213 3940 1224 3970 ι
1240 3921 1315 3976 Ama
1330 3920 1479 3979 scientiam
1501 3923 1729 3996 seripturarum,

93 4035 109 4061 ι.
126 4011 170 4068 Ex
197 4026 256 4084 qno
280 4012 382 4082 utique
402 4009 497 4066 studio
516 4010 663 4067 intantum
676 4022 742 4065 eam
757 4022 826 4079 pro·
881 4015 909 4065 et
944 4008 1040 4065 carnis
1062 4009 1133 4065 vitia
1155 4021 1213 4065 non
1236 4008 1359 4080 eusebis,
1377 4031 1388 4060 ι
1407 4011 1505 4068 multis
1519 4013 1729 4084 questionibus

88 4108 221 4168 noverat,
249 4107 280 4156 ut
306 4099 398 4170 ipsam
424 4097 535 4155 ceteris
548 4098 647 4158 eodem
667 4097 763 4155 studio
778 4097 826 4155 di·
882 4096 1066 4167 perturbate,
1093 4097 1233 4169 pigriores
1247 4097 1390 4157 eillcimur
1405 4099 1436 4156 in
1452 4099 1582 4170 lectione,
1609 4110 1636 4160 et
1650 4105 1730 4176 quod

98 4187 279 4247 terrentibus
296 4187 465 4260 magistram
478 4195 665 4258 preponeret.
689 4187 769 4244 Unde
797 4192 825 4243 et
880 4184 912 4242 in
940 4185 1030 4243 saeris
1055 4185 1152 4243 verbis
1176 4188 1268 4260 magis
1294 4187 1473 4261 ignoramus,
1496 4189 1595 4248 minus
1609 4190 1730 4265 diligere

79 4278 217 4349 incipiam
243 4276 387 4349 virginem
413 4276 550 4342 scribens,
575 4275 650 4333 inter
670 4283 772 4333 cetera
786 4276 828 4333 sic
880 4275 1023 4347 cogimur,
1051 4275 1122 4332 dum
1138 4275 1352 4334 infructuosum
1367 4277 1498 4335 laborem
1511 4281 1661 4352 sentimus,
1682 4282 1732 4342 cui

79 4370 107 4425 ιιι
132 4366 304 4446 documenta
331 4365 389 4437 (85)
415 4381 422 4420 :
444 4383 458 4417 e
484 4365 579 4422 Habes
606 4364 646 4421 ibi
674 4364 703 4420 in
731 4364 827 4422 studio
880 4377 998 4434 operam
1035 4363 1149 4422 damus.
1186 4364 1308 4422 Proinde
1331 4368 1560 4437 questiunculas
1587 4372 1730 4443 quasdam

79 4470 194 4515 irarum
216 4463 244 4512 et
267 4454 297 4511 in
319 4454 510 4512 sanctimonia
536 4453 640 4511 mentis
654 4461 682 4511 et
697 4453 827 4525 corporis
880 4452 1028 4524 discipule
1060 4453 1179 4523 doctori,
1209 4453 1275 4511 llliae
1300 4454 1377 4513 Patri
1403 4457 1589 4524 destinantes,
1617 4461 1730 4532 suppli-

79 4546 141 4603 lam
162 4553 190 4602 et
217 4543 361 4612 Asellam3
378 4555 504 4614 quarum
529 4542 622 4600 altera
636 4549 661 4600 te
678 4557 729 4614 per
742 4549 825 4614 prata
880 4541 972 4598 cando
1008 4554 1156 4613 rogamus,
1192 4543 1321 4614 rogando
1345 4544 1553 4615 supplicamus,
1585 4557 1731 4620 quatenns

80 4648 100 4692 a
120 4640 150 4692 et
166 4633 263 4692 varios
274 4632 443 4688 divinorum
460 4630 646 4689 voluminum
662 4631 749 4689 dores
769 4632 826 4690 du·
880 4630 926 4687 bis
954 4628 1099 4688 solvendis
1122 4630 1269 4687 intendere
1293 4644 1353 4687 non
1368 4631 1542 4705 dedigneris,
1557 4636 1643 4707 cnjus
1663 4636 1729 4697 bor·

85 4724 168 4792 enm,
195 4722 247 4793 qui
272 4720 340 4778 dicit
368 4720 398 4775 in
424 4721 540 4778 cantico
556 4735 563 4776 :
580 4723 637 4792 ligo
662 4724 710 4791 llos
724 4722 824 4792 compi,
881 4725 954 4789 tatu,
979 4717 1037 4776 imo
1064 4726 1092 4777 et
1112 4719 1197 4792 jussu
1212 4719 1266 4776 boc
1278 4719 1421 4791 precipue
1432 4720 1562 4779 studium
1586 4736 1731 4798 aggressa

79 4828 120 4870 um
146 4809 312 4867 convallium
333 4807 423 4878 (dont.
439 4824 470 4876 ιι,
493 4809 537 4879 i).
555 4808 653 4866 altera
681 4808 744 4881 ipsa
772 4808 825 4865 ilos
880 4820 992 4865 snmus.
1021 4809 1054 4865 in
1087 4808 1195 4880 quibus
1219 4806 1344 4878 prolecto
1372 4810 1589 4881 questionibus,
1613 4828 1731 4887 nequa·

79 4902 210 4960 itanum
234 4905 379 4955 mereatur
406 4897 528 4953 audire:
547 4897 684 4953 betilium
712 4900 743 4953 in
769 4911 823 4952 me·
881 4911 971 4969 quem
1006 4897 1138 4955 ordinem
1175 4896 1332 4968 Scriptura
1371 4903 1508 4965 tenentes,
1541 4909 1629 4971 prout
1652 4918 1730 4976 qno·

79 4997 197 5061 lacrum,
226 4993 267 5046 sie
291 4990 420 5058 proximo
444 5001 505 5042 meo
531 4989 562 5043 in
585 4987 674 5044 medio
701 4989 823 5058 tiliorum
842 4955 864 5010 ⁰
882 4985 950 5044 tidie
963 4987 1047 5045 nobis
1069 4993 1238 5055 occurrunt,
1264 4999 1312 5043 eas
1326 4985 1463 5055 ponimus
1476 4995 1504 5046 et
1519 4989 1674 5050 solvendas
1688 4992 1731 5051 di·

91 5083 133 5155 2).
146 5104 160 5133 n
880 5075 1011 5149 rigimus.

79 5180 262 5232 sumentem
288 5175 352 5241 ista,
374 5174 475 5232 dilecte
497 5169 605 5240 multis,
627 5168 676 5227 sed
698 5166 823 5225 dilectis·
1136 5180 1284 5224 rnonnaua
1298 5181 1435 5225 nnnorssa
1448 5183 1467 5225 ι.

79 5261 164 5320 nbis?
178 5263 242 5320 Non
257 5265 400 5322 suntbaec
428 5264 609 5327 documenta,
633 5258 682 5314 sed
703 5255 822 5325 monita,
917 5254 991 5322 Quid
1018 5261 1061 5312 est
1087 5255 1164 5326 quod
1193 5257 1333 5314 Dominus
1348 5259 1378 5314 in
1393 5258 1551 5332 Evangelio
1564 5262 1682 5321 loannis
1695 5263 1731 5322 da

79 5351 120 5411 bis
134 5352 207 5426 quid
222 5348 327 5412 debeas
340 5353 509 5423 recorderis,
526 5359 553 5410 et
568 5350 698 5408 debitum
712 5346 825 5407 solvere
881 5345 990 5417 Spiritu
1012 5357 1100 5416 quem
1114 5344 1260 5410 missurus
1287 5354 1349 5406 erat
1378 5346 1530 5421 promittit,
1559 5350 1656 5412 dicens
1671 5367 1679 5411 :
1695 5355 1732 5412 iit

79 5496 192 5559 ιιιιι.
206 5504 280 5558 tom.
298 5490 403 5570 xxvi,
419 5495 476 5559 eol.
490 5496 553 5554 eor.
705 5518 708 5524 -
915 5487 976 5563 (ιι)
993 5486 1099 5549 enimi.
1116 5493 1185 5552 tom.
1198 5487 1364 5563 amoni.
1383 5491 1446 5551 eat.
