3736 5962
514 208 751 272 lsmobucmo
769 211 817 268 ab
835 209 1068 270 rasotoslall.
1085 240 1121 254 ·-
1131 210 1196 270 LlB.
1216 213 1239 270 l.
1411 203 1419 218 ³
1698 220 1752 281 994

91 341 208 399 rotantia
230 340 292 409 bei,
324 340 441 397 nomine
468 339 603 411 Spiritus,
640 354 756 400 summa
779 340 1007 412 ejusapoteus
1035 340 1062 397 id
1077 347 1120 398 est
1135 341 1255 413 perboc
1275 341 1488 414 quodenmslt
1504 345 1642 415 usuam
1658 346 1748 407 arian

91 430 428 488 uitasoommemoratur.
454 428 527 486 Cum
541 436 638 487 summ
653 437 682 487 et
696 428 845 502 sapientiae
899 429 1059 502 ingenitus,
1084 429 1133 486 illa
1162 443 1280 502 quoque
1301 429 1418 501 propria
1433 431 1526 489 Patris
1541 435 1668 504 patentia
1688 449 1751 508 qua

91 520 353 579 ncommemoralio
382 519 510 584 additur.
526 533 593 591 qum
607 519 715 577 seilicet
729 519 845 577 nomine
899 519 979 576 solus
1005 520 1065 590 ipse
1084 533 1102 576 a
1120 532 1151 576 se
1179 533 1237 577 uon
1259 520 1296 577 ab
1320 518 1377 577 alio
1400 520 1542 590 subsistit,
1567 523 1645 581 unde
1668 524 1749 583 solus

91 611 261 680 :xprimitum
289 622 339 679 per
353 623 443 680 quam
468 610 498 666 iu
512 607 649 666 omuibus
668 623 735 683 qum
756 607 845 666 ellicit
899 607 961 678 ipse
976 605 1125 680 ingenitus
1149 607 1267 677 dieitur,
1285 608 1316 665 in
1330 609 1540 680 omnipotentia
1557 614 1748 685 comproben-

91 712 116 754 m
132 707 227 756 tenere
257 698 381 769 nouerit,
403 698 539 770 egregius
551 695 671 756 edoctus
684 697 845 756 ostenditur
898 695 990 764 ditur,
1013 703 1042 753 et
1055 697 1097 754 sic
1121 710 1188 754 eum
1204 697 1346 755 intellexit
1359 699 1596 769 omnipotentem,
1611 708 1642 760 ut
1663 703 1748 775 quid·

91 801 102 844 a
129 786 340 858 coproreniat,
365 789 415 858 qui
449 787 638 859 omniaque
662 785 733 844 uelit
751 786 845 845 lacere
899 785 971 856 quid
989 786 1025 842 ad
1042 786 1198 857 potentiam
1217 787 1330 854 attinet,
1357 802 1416 846 non
1440 789 1534 847 solum
1550 792 1749 861 quantumst

91 883 140 945 ,et
159 876 189 933 in
203 873 487 933 omuibuslaciendis
498 875 616 933 modum
627 876 702 934 sciat
716 888 846 943 serrare,
899 873 1073 945 operationis
1086 873 1232 942 edoctum,
1247 890 1351 934 rerum
1365 875 1451 935 etiam
1468 884 1612 950 quantum
1628 880 1666 939 ad
1680 880 1748 941 sub·

91 966 145 1022 ime
159 973 264 1022 cuncta
274 963 348 1022 uelit
363 965 436 1021 lieri.
454 967 487 1021 lt
502 979 571 1022 vero
582 978 649 1022 oum
660 978 845 1037 unaquaque
899 963 1017 1021 sistendi
1051 965 1182 1032 modum,
1200 964 1227 1023 ei
1246 974 1388 1038 tauquam
1411 969 1557 1039 propriam
1584 969 1750 1040 atribuerit,

107 1067 297 1126 personarum
327 1052 394 1110 inde
412 1053 594 1124 omnipotens
617 1053 741 1121 dicatur,
765 1054 845 1126 quod
898 1062 932 1112 ut
944 1053 1000 1111 tale
1010 1055 1047 1112 sit
1058 1055 1256 1128 scilicetquod
1272 1056 1378 1114 dixerit
1392 1070 1443 1129 per
1469 1057 1628 1131 ingenitam
1659 1060 1748 1119 deita-

91 1141 141 1197 uid
176 1155 278 1200 earum
298 1155 482 1214 quacunque
512 1141 582 1199 velit
605 1141 719 1201 elicere
756 1142 846 1214 possit
899 1150 957 1200 tem
979 1142 1171 1217 omnipotens,
1187 1157 1221 1202 ac
1234 1144 1259 1202 si
1271 1153 1370 1217 aperto
1392 1147 1515 1205 diceret:
1533 1150 1586 1206 Per
1600 1149 1655 1208 boe
1669 1151 1750 1222 quod

91 1244 147 1295 ere,
175 1238 349 1288 nontamen
381 1245 495 1289 neeesse
510 1238 553 1289 est
576 1231 678 1289 eodem
702 1232 787 1289 modo
802 1246 843 1297 ‚se
899 1232 976 1289 beas
990 1240 1033 1290 est
1046 1239 1075 1289 et
1089 1233 1247 1305 ingenitus,
1274 1242 1484 1307 cumutroque
1506 1237 1603 1308 modo,
1619 1247 1653 1297 ut
1671 1239 1749 1297 dixi·

91 1318 233 1376 rehabere
248 1333 337 1378 uuam
350 1334 409 1393 quo
422 1319 554 1388 alteram,
568 1335 636 1379 cum
651 1320 681 1378 in
699 1321 760 1378 suis
781 1334 843 1392 pro·
898 1333 975 1389 mus,
992 1321 1107 1392 proprie
1120 1322 1345 1394 omnipotentem
1360 1338 1431 1382 esse.
1459 1324 1506 1383 Sic
1519 1333 1547 1384 et
1568 1341 1635 1385 cum
1650 1329 1750 1388 statim

91 1408 166 1467 tibus
184 1409 305 1467 dirersae
324 1409 392 1467 sint.
416 1408 500 1468 Solus
518 1410 627 1483 quippe
649 1409 734 1468 Pater
754 1417 846 1481 potest
898 1408 1096 1480 subjunxerit,
1121 1417 1149 1467 et
1168 1424 1221 1483 per
1247 1413 1487 1485 omnipotentiam
1508 1414 1604 1485 Pater,
1632 1416 1690 1477 tale
1704 1424 1749 1478 est

91 1498 164 1556 later
186 1497 248 1555 sire
270 1498 428 1571 ingenitus,
443 1508 472 1558 et
496 1501 575 1557 solus
604 1499 696 1558 Filius
716 1499 843 1573 genitus,
899 1509 933 1556 ac
946 1497 972 1554 si
993 1497 1068 1555 bano
1087 1512 1177 1571 quam
1197 1500 1369 1559 intellexerit
1395 1503 1633 1577 omnipotentiam
1651 1506 1749 1577 ipsum

91 1593 113 1643 rt
126 1585 206 1644 solus
222 1587 346 1658 spiritus
376 1594 497 1645 sauctus
513 1587 679 1659 procedens.
695 1585 844 1658 Quidquid
899 1586 1017 1658 proprie
1041 1587 1146 1645 babere
1160 1588 1314 1648 fateamur.
1332 1591 1464 1650 Fortasse
1485 1602 1584 1652 autem
1597 1600 1625 1653 et
1649 1595 1679 1652 in
1692 1594 1749 1653 boo

91 1689 166 1733 ruua
190 1690 312 1746 persona
328 1676 420 1734 lacere
444 1683 545 1749 potest,
559 1685 588 1734 et
601 1676 659 1734 alia
684 1683 796 1748 potest,
815 1684 843 1733 et
860 1695 883 1752 g
899 1675 1069 1749 diligentius
1096 1676 1190 1749 accipi
1209 1687 1301 1749 potest
1320 1694 1374 1752 por
1398 1683 1636 1754 omnipotentiam
1652 1685 1749 1754 Pater,

91 1778 259 1838 ‚uacuaque
272 1765 456 1837 omnipotens
470 1765 593 1835 dicitnr;
614 1766 664 1824 sed
678 1780 737 1823 nou
752 1764 836 1837 quid·
898 1778 933 1821 uc
946 1764 971 1822 si
995 1764 1128 1824 dicamus
1147 1780 1216 1824 eum
1243 1781 1294 1840 per
1307 1768 1556 1843 omnipotentiam,
1579 1786 1646 1846 que
1659 1773 1697 1842 el,
1711 1780 1745 1834 ut

91 1868 145 1912 una
158 1870 219 1913 esse
246 1863 348 1926 potest,
375 1856 421 1913 uel
438 1855 523 1928 ouius
538 1855 621 1913 modo
641 1869 702 1914 una
715 1869 775 1914 esse
796 1869 845 1927 po-
898 1854 1008 1912 dictnm
1033 1863 1085 1924 est,
1099 1856 1260 1927 specialiter
1276 1858 1425 1930 tribuitur,
1442 1860 1477 1919 de
1491 1861 1552 1933 ipso
1570 1862 1748 1934 sapientiam

91 1959 197 2003 recessa
209 1952 252 2003 est
274 1945 396 2002 alteram
412 1960 483 2003 esse.
500 1945 558 2003 lloc
573 1952 671 2004 autem
687 1952 757 2003 teste
776 1944 843 2002 Hie·
897 1958 981 2002 suam
1002 1951 1143 2017 tanquam
1170 1944 1277 2005 Filium
1294 1963 1444 2020 generare,
1468 1965 1537 2009 cum
1561 1951 1624 2023 ipsa
1640 1950 1749 2013 scilicet

91 2047 116 2090 ιο
143 2033 210 2106 plus
233 2034 339 2092 babere
355 2035 437 2091 Pater
456 2047 474 2091 a
500 2034 573 2091 Filio
586 2033 744 2103 iuvenitur,
766 2032 844 2105 quod
897 2031 1156 2104 divinasapientia
1170 2034 1282 2107 aliquid
1296 2038 1334 2094 sit
1348 2038 1383 2097 de
1406 2039 1509 2097 diuina
1523 2042 1745 2114 omnipotentia,

100 2137 118 2180 a
143 2123 239 2194 seipso
253 2131 313 2191 est;
343 2123 550 2181 Filiusvema
571 2137 602 2181 se
620 2137 678 2181 nou
693 2131 746 2192 est,
762 2122 845 2181 seda
897 2133 965 2178 oum
993 2121 1031 2179 sit
1057 2122 1119 2193 ipsa
1132 2137 1250 2197 quoque
1273 2125 1375 2198 aliqua
1403 2129 1542 2198 potentia.
1567 2130 1744 2201 Sapientiam

92 2219 232 2284 uuquam
255 2212 379 2285 genitus.
405 2213 451 2270 Sic
467 2213 575 2285 quippe
598 2215 639 2271 ait
663 2212 761 2271 Niceni
777 2226 843 2269 con·
897 2222 1025 2281 namque
1043 2210 1169 2269 dicimus
1185 2213 1340 2283 potentiam
1364 2215 1560 2290 discernendi,
1583 2220 1643 2278 sivo
1659 2233 1677 2277 a
1696 2219 1744 2279 do·

91 2301 239 2372 xponeudo
261 2302 357 2372 iidem,
372 2302 553 2372 symbolum:
565 2301 650 2358 ausu
664 2317 729 2371 erpo
751 2304 783 2357 ia
795 2301 843 2355 lii-
897 2296 1126 2368 ceptiouesivea
1145 2299 1261 2359 lallacia
1279 2304 1461 2376 providendi,
1481 2320 1519 2364 ne
1532 2307 1562 2365 in
1577 2308 1678 2381 aliquo
1694 2308 1745 2367 dc·

91 2393 170 2463 ipius
186 2390 265 2447 uliud
291 2393 423 2455 minusue,
441 2396 489 2446 aut
511 2393 542 2446 in
564 2391 620 2447 loeo
653 2394 702 2446 aut
729 2391 757 2445 ia
777 2394 842 2446 tem·
897 2385 955 2457 cipi
968 2387 1064 2457 possit,
1075 2387 1121 2446 vel
1134 2388 1215 2447 aliud
1224 2404 1292 2449 eum
1302 2390 1391 2450 latere
1406 2401 1505 2465 queat.

91 2484 136 2535 aul
160 2483 191 2536 ia
199 2479 335 2552 potentio,
350 2486 400 2536 out
420 2482 451 2535 in
470 2482 594 2549 scieritis,
617 2484 665 2536 uui
687 2482 717 2535 ia
731 2480 845 2547 aquati·
936 2475 989 2532 Est
1003 2476 1103 2548 itaque
1116 2477 1218 2537 diviua
1231 2479 1375 2552 sapientia
1389 2484 1525 2554 quedam
1539 2483 1640 2543 divina
1652 2492 1752 2558 poien-

91 2574 135 2627 aui
161 2571 193 2626 ia
206 2570 381 2640 subjectione,
396 2585 457 2626 eum
472 2569 576 2626 dicitur
594 2569 643 2625 boc
657 2574 688 2625 ut
702 2570 845 2625 diuinitati
898 2564 948 2632 tia,
959 2577 1010 2636 per
1024 2579 1114 2637 quam
1127 2566 1259 2626 videlicet
1279 2569 1356 2629 Deus
1376 2580 1483 2630 cuncta
1501 2574 1624 2645 periente
1639 2574 1747 2634 discer-

91 2658 256 2729 scribantur,
283 2674 338 2715 aaa
366 2660 444 2716 aurai
458 2661 468 2714 ι
481 2658 513 2715 si
527 2661 599 2714 euim
630 2660 694 2730 ptus
721 2660 845 2715 minusca
898 2666 966 2712 uere
996 2661 1086 2726 atque
1113 2670 1287 2728 cognoscere
1311 2659 1408 2730 babet,
1424 2675 1460 2719 ne
1474 2663 1505 2719 in
1529 2661 1628 2735 aliquo
1650 2678 1750 2725 errare

101 2750 250 2817 iaseairur,
288 2753 399 2819 eccepto
426 2747 475 2804 boe
504 2747 577 2815 quod
591 2749 686 2817 pessit
698 2750 781 2805 Pater
797 2749 842 2804 lii·
898 2742 1140 2815 perlascieutiam
1158 2748 1254 2817 possit,
1270 2748 1430 2807 metandum
1446 2749 1525 2822 quod
1539 2752 1649 2810 scillcet
1677 2752 1747 2813 Ver·

91 2843 115 2894 et
135 2844 248 2910 eccepto
277 2838 326 2895 boc
346 2837 420 2910 prad
447 2837 534 2893 Filius
562 2852 617 2892 aaa
639 2852 673 2893 ec
701 2839 845 2909 seraetipro
898 2832 969 2891 bum
984 2833 1079 2905 ipsum
1094 2834 1146 2892 Dei
1158 2835 1193 2892 de
1215 2834 1279 2907 ipsa
1304 2838 1396 2895 larris
1414 2839 1579 2898 substantia
1596 2856 1658 2900 esse
1681 2843 1752 2901 dici·

102 2933 152 2997 est,
183 2928 216 2982 de
237 2929 316 2984 Patre
343 2933 426 2983 natus
454 2931 504 2995 esi,
541 2928 655 2997 proprie
696 2933 746 2982 aut
775 2927 846 2983 irrui·
902 2929 961 2989 tur,
977 2923 1056 2994 quod
1081 2930 1124 2981 est
1151 2924 1256 2982 Filium
1271 2940 1307 2984 ex
1330 2925 1559 3001 Patregeuitum
1585 2932 1748 3003 esse,siout

91 3021 134 3072 aut
159 3019 292 3087 impotens
320 3017 444 3087 Pater,
433 3031 546 3088 insuper
578 3017 660 3073 etiam
679 3018 849 3088 temporalis-
864 2992 886 3048 C
902 3011 1159 3085 postmodumipso
1175 3023 1321 3073 aunuente
1345 3016 1461 3090 plenius
1475 3019 1661 3091 disseremus,
1680 3035 1750 3080 cum

90 3107 164 3162 mr,
900 3100 937 3157 ari
952 3100 1042 3172 hujus
1069 3100 1178 3160 scilicet
1192 3104 1385 3175 generationis
1412 3107 1530 3166 modum
1541 3111 1750 3180 exponendum

91 3194 135 3252 bis
151 3195 269 3268 quidem
292 3194 390 3253 uerbis
406 3195 584 3267 Hieronymi,
600 3209 667 3252 oum
692 3193 845 3267 profitetur
899 3193 1022 3249 ventum
1036 3189 1135 3248 luerit.
1146 3191 1232 3250 Nunc
1245 3207 1314 3252 vero
1332 3197 1482 3266 presentis
1506 3206 1549 3256 est
1574 3212 1669 3271 operm
1690 3213 1748 3258 au·

91 3283 168 3343 usin
190 3286 273 3343 Patre
288 3298 377 3356 quam
395 3285 424 3341 in
449 3284 533 3352 Filio,
545 3283 593 3342 vel
609 3285 707 3342 minus
729 3284 758 3341 in
774 3283 847 3343 Filio
899 3278 1046 3338 ctoritates
1073 3280 1219 3347 iuducere,
1246 3282 1357 3355 quibus
1384 3285 1527 3345 vocabulo
1546 3287 1588 3347 Pa
1601 3289 1643 3347 ris
1671 3289 1748 3348 diri·

100 3373 130 3431 in
158 3373 243 3431 Patre
268 3373 399 3445 reperiri,
415 3380 534 3444 excepto
550 3372 629 3445 quod
654 3372 745 3429 Filius
764 3385 781 3429 a
799 3385 846 3430 se-
899 3382 969 3427 nam
990 3368 1118 3428 maxime
1136 3377 1303 3429 astruamus
1332 3374 1488 3445 potentiam
1504 3376 1640 3449 exprimi.
1666 3376 1748 3446 Quod

91 3475 140 3519 rou
167 3468 219 3529 est,
235 3460 311 3519 siout
325 3469 352 3518 et
368 3461 450 3517 Pater
465 3461 599 3531 prolecto,
624 3459 740 3518 videtur
760 3461 847 3533 juxta
899 3458 924 3514 si
948 3460 1035 3516 etiam
1048 3466 1108 3518 tam
1133 3461 1299 3533 euangelica
1322 3476 1411 3535 quam
1425 3465 1583 3539 apostolica
1609 3466 1749 3525 discutia-

91 3563 134 3608 tm
170 3549 213 3608 rel
250 3549 368 3607 modum
395 3549 560 3619 existentiae,
589 3563 647 3606 non
670 3549 846 3621 operationis
899 3561 965 3605 mus
977 3547 1066 3619 dicta,
1082 3549 1280 3623 intelligimus,
1302 3551 1389 3623 juxta
1399 3553 1491 3625 ipsius
1507 3555 1661 3615 locutionis
1680 3571 1747 3630 pro·

100 3640 184 3712 quasi
217 3639 364 3710 propriam
397 3638 475 3695 Patri
506 3638 649 3696 ascribere
677 3639 844 3710 potentiam,
898 3636 1063 3708 prietatem,
1087 3650 1122 3693 ea
1149 3651 1216 3709 quae
1237 3638 1273 3695 ad
1301 3641 1460 3709 potentiam
1487 3643 1641 3714 pertinent.
1669 3643 1749 3704 Patri

96 3728 177 3787 solus
202 3727 327 3800 ipseper
346 3742 376 3785 se
394 3727 552 3785 subsistere
565 3735 663 3800 queat,
689 3727 735 3785 vel
760 3742 777 3784 a
801 3743 846 3786 se·
897 3726 1060 3797 specialiter
1071 3726 1188 3794 ascribi,
1205 3734 1237 3785 ut
1253 3728 1299 3785 bic
1317 3742 1435 3801 quoque
1458 3739 1556 3802 aperte
1571 3732 1668 3806 colligi
1679 3747 1746 3806 pos·

91 3817 193 3875 xistere
217 3816 337 3874 babeat:
366 3816 421 3872 boc
448 3824 490 3874 est
510 3831 568 3874 non
592 3815 629 3873 ab
644 3814 710 3885 alio,
729 3824 846 3875 caeteras
897 3814 935 3872 sit
950 3815 1093 3873 vocabulo
1108 3815 1200 3873 Patris
1214 3815 1304 3886 ipsam
1319 3819 1484 3890 specialiter
1503 3821 1746 3894 omnipotentiam

91 3907 150 3965 luas
163 3907 194 3964 in
217 3907 357 3965 Trinitate
381 3919 517 3976 personas
532 3905 569 3964 ab
596 3906 657 3977 ipso
680 3907 845 3967 accessesit
897 3904 1056 3976 designari.
1084 3904 1132 3961 Ait
1157 3904 1265 3977 quippe
1280 3906 1385 3964 Filius:
1412 3908 1476 3975 Qua
1495 3910 1579 3965 Pater
1594 3913 1690 3981 paruit
1716 3914 1749 3968 ia

100 4009 154 4052 noc
185 4009 236 4066 per
258 4009 288 4052 se
312 3994 439 4052 babeant
462 3994 626 4052 subsistere.
654 3993 708 4051 Cui
720 4002 749 4051 et
772 3993 845 4052 illud
896 4008 949 4049 sua
961 3997 1095 4065 potestate
1110 3993 1215 4065 (Aeta,
1233 3999 1270 4065 7),
1289 4009 1345 4052 nou
1359 4011 1425 4069 quae
1440 3997 1503 4069 ipse
1518 3997 1609 4055 Filius
1624 3999 1667 4057 rel
1683 3999 1747 4072 spi·

101 4091 240 4142 consonat
258 4083 414 4152 Ambrosii,
443 4083 495 4155 qui
512 4084 542 4141 in
558 4083 685 4155 Epistola
710 4083 792 4141 Pauli
808 4083 845 4142 ad
898 4083 973 4140 ritus
995 4091 1124 4150 sauctus,
1155 4082 1222 4141 licet
1244 4084 1343 4142 eadem
1373 4086 1410 4143 sit
1438 4089 1527 4145 trium
1557 4101 1748 4160 personarum

91 4172 146 4241 ios,
176 4175 226 4232 ubl
258 4174 400 4245 scriptum
424 4180 480 4230 est:
515 4174 589 4230 Unus
613 4177 684 4229 Deus
708 4178 735 4230 et
762 4176 845 4230 Pater
897 4177 1031 4243 potestus.
1063 4172 1096 4228 Et
1111 4171 1190 4241 alibi,
1220 4174 1291 4229 sicui
1314 4173 1462 4246 disposuit,
1485 4176 1673 4249 inquitatis·
1690 4181 1741 4236 Po·

91 4279 124 4332 ar,
146 4267 195 4335 pai
218 4278 301 4334 super
323 4278 425 4328 omnes,
451 4270 503 4320 eta.
541 4263 650 4333 (lipbes.
668 4277 709 4330 ru,
736 4261 783 4335 dl:
813 4263 845 4320 Si
859 4287 883 4342 ὓ
899 4261 1030 4330 tertiae.
1055 4272 1128 4330 xxa,
1155 4259 1212 4331 ιι).
1230 4261 1285 4330 Qui
1305 4264 1393 4322 etiam
1409 4265 1540 4324 videlicet
1555 4267 1645 4326 Filius
1676 4283 1750 4341 quo-

102 4356 253 4424 poteatiam
280 4359 336 4409 tam
351 4353 389 4409 ad
405 4357 535 4408 acturam
551 4351 729 4418 subsistendi,
760 4366 845 4418 quam
899 4349 952 4406 ties
974 4350 1219 4423 numanitasejus
1240 4365 1323 4423 opem
1346 4354 1501 4412 uuitrssibi
1516 4355 1678 4416 divinitatis
1692 4358 1748 4417 im·

91 4446 211 4514 muciam
233 4445 399 4514 operationis
423 4443 589 4511 reseramus,
610 4443 780 4497 inveniemus
807 4439 846 4496 ad
898 4436 1002 4509 plorat,
1022 4444 1073 4495 aut
1088 4452 1280 4512 quascunque
1295 4442 1322 4498 ei
1337 4455 1436 4513 preces
1450 4442 1557 4513 lundit,
1572 4445 1633 4504 solo
1649 4446 1745 4506 Patris

91 4532 192 4591 etatem
213 4549 336 4604 perseam
358 4534 450 4589 Patris
476 4533 589 4603 proprie
616 4532 659 4586 uel
688 4531 846 4601 specialiter
899 4526 995 4585 utitur
1017 4527 1171 4597 vocabulo,
1201 4529 1292 4601 ipsam
1308 4531 1415 4588 scilicet
1429 4535 1682 4593 commemorando
1696 4550 1747 4608 po·

91 4627 220 4681 atentiam
244 4625 370 4691 attinere,
401 4621 450 4690 pai
471 4638 527 4677 aaa
552 4620 640 4677 solum
662 4635 723 4676 earm
741 4619 845 4677 aalma
900 4615 1090 4688 teutiamqua
1104 4625 1259 4689 potensest
1284 4619 1398 4678 elilcere
1412 4622 1490 4693 quod
1506 4631 1638 4696 rogatur,
1657 4622 1750 4684 ueluti

91 4728 103 4769 s
127 4715 255 4785 personis
276 4715 344 4768 beas
372 4713 464 4768 omnia
491 4712 598 4781 esricrre
620 4713 730 4782 polest,
752 4724 846 4766 serum
899 4719 965 4762 cum
981 4705 1067 4763 dicit:
1095 4708 1178 4763 Pater
1199 4714 1303 4779 scaete,
1332 4725 1412 4766 seraa
1427 4727 1470 4768 eos
1495 4711 1748 4788 (tesaurum).

102 4805 163 4874 ipse
190 4803 266 4859 solus
281 4819 298 4856 a
314 4817 341 4856 se
358 4817 412 4857 aaa
433 4801 468 4857 ab
494 4801 548 4856 aiio
563 4802 681 4855 raisiere
705 4797 797 4866 babet,
820 4805 847 4855 et
898 4792 994 4865 Pater,
1018 4795 1158 4853 immamus
1173 4801 1234 4854 iaus
1260 4800 1417 4857 commendo
1432 4805 1563 4873 spiritum
1572 4802 1748 4876 meumlbrrc.

91 4908 160 4949 aare
174 4891 254 4947 babet
268 4895 392 4959 eaistere,
407 4892 448 4946 ila
471 4890 553 4946 eliam
568 4905 603 4945 ea
625 4904 653 4944 se
662 4889 743 4944 babet
752 4901 844 4960 posse.
898 4898 982 4953 nul,
1014 4883 1073 4956 46),
1089 4884 1239 4943 etsImilia
1262 4903 1328 4960 quae
1348 4890 1384 4948 ad
1417 4894 1577 4950 orationem
1591 4894 1749 4965 pertinent.

91 4995 111 5039 a
132 4995 201 5038 uero
218 4994 346 5053 personae
370 4979 445 5037 sicut
460 4978 497 5037 ab
518 4979 581 5050 ipso
600 4977 791 5048 babentesse,
806 4977 847 5033 ita
900 4973 981 5039 Quod
996 4981 1025 5030 et
1039 4974 1135 5032 adbuc
1147 4975 1274 5034 maxime
1289 4991 1351 5036 mos
1378 4980 1589 5041 ecclesiasticus
1602 4983 1748 5056 observat,

92 5071 152 5145 ipso
165 5070 274 5128 babent
290 5083 370 5140 posse
388 5068 467 5140 quod
492 5067 594 5125 volunt
619 5064 743 5133 eilicero,
768 5065 846 5124 unde
899 5062 973 5122 utin
988 5062 1046 5120 illis
1060 5063 1236 5135 specialibus
1254 5067 1436 5127 orationibus
1450 5084 1517 5142 qum
1530 5071 1561 5130 iu
1579 5071 1748 5131 celebratio·

90 5174 104 5217 r
126 5159 315 5230 semetipsum
344 5157 433 5215 lilius
452 5155 534 5213 dicit:
560 5157 620 5212 Noa
633 5170 745 5226 possam
758 5170 806 5224 epo
828 5171 846 5211 a
899 5151 988 5210 uibus
1018 5151 1172 5212 missarum
1187 5154 1225 5211 ad
1249 5155 1342 5215 altare
1357 5156 1446 5225 liunt;
1472 5174 1538 5232 quae
1560 5161 1669 5220 scilicet
1683 5174 1750 5221 ora·

91 5250 212 5317 esocem
233 5246 385 5319 quidquam
421 5248 508 5314 (ioca.
525 5258 555 5312 r,
579 5243 640 5317 ³0);
665 5243 794 5301 etalibi:
809 5245 846 5300 dl
899 5241 993 5299 tiones
1025 5242 1061 5297 ad
1082 5240 1177 5300 saalum
1192 5243 1305 5303 Patrem
1332 5245 1506 5306 locutionem
1522 5250 1680 5324 dirigentes
1697 5249 1747 5309 ln·

91 5338 218 5408 proruero
238 5338 381 5405 ailitem.
399 5332 528 5406 umas),
553 5334 611 5401 vel,
635 5333 769 5404 ameipso
791 5347 846 5389 aaa
900 5329 1032 5387 tendunt.
1063 5329 1115 5387 Sed
1139 5338 1167 5388 et
1192 5346 1260 5389 cum
1283 5335 1324 5391 ait
1339 5335 1492 5407 Apostolus
1513 5337 1657 5398 Christum
1681 5351 1749 5397 sur·

91 5427 201 5499 iicon.
228 5440 290 5495 xrr,
306 5427 360 5497 lo).
378 5423 451 5482 cum
467 5424 565 5496 itaque
587 5422 622 5482 de
645 5421 729 5480 Patre
748 5421 846 5482 blaxi-
899 5419 1036 5478 rexisset
1061 5421 1185 5480 mortuis
1213 5436 1264 5494 per
1283 5422 1406 5494 pluriam
1419 5425 1469 5485 bei
1488 5427 1583 5488 Patris
1600 5428 1688 5502 (liora
1705 5442 1748 5499 rr,

91 5516 345 5591 lixsritquodper
358 5512 519 5586 ingenitam
534 5510 670 5573 deitatem
691 5510 728 5570 sit
750 5511 846 5574 omui·
900 5507 940 5584 ι),
957 5508 986 5568 id
1000 5515 1108 5585 estper
1130 5511 1269 5575 uirtutem
1283 5512 1392 5575 mame
1404 5516 1548 5594 pomaria,
1573 5517 1621 5580 rel
1634 5516 1752 5583 Patron
