3736 5962
14 1 64 54 599
284 1 384 57 PETRI
403 1 483 55 ABAE
507 2 590 56 aubi
610 1 685 59 ben.
706 2 795 58 PARS
814 2 851 59 11.
870 32 905 45 -

10 124 92 193 Quod
115 138 184 181 cum
202 125 340 193 evenerit,
368 139 558 197 nequaquam
588 127 612 183 is
634 129 687 199 qui
706 127 896 200 ιριιιοριιιιι

11 214 166 282 laetusest,
184 213 320 285 quentvis
339 214 510 286 religionem
530 216 653 286 minuat,
671 217 803 274 habitum
820 225 859 273 ιι-

11 317 79 359 men
98 302 249 374 religionis
267 316 325 358 non
350 311 451 360 mutat.
470 304 512 360 Ad
540 319 629 376 qrvam
652 306 771 377 atridem
791 306 857 361 reli·

14 392 128 465 glanem
148 406 215 447 cum
231 390 283 447 lilii
301 406 418 463 qnoque
433 394 614 450 sacerdotum
637 402 788 451 transeunt
806 394 858 465 qtri

12 480 48 537 de
66 478 209 536 adulterio
240 486 395 550 parentum
411 486 521 537 tantam
537 481 663 537 inlamiae
682 482 774 539 labem
799 490 859 538 tra-

14 568 100 632 hunt,
120 574 153 624 ut
168 581 221 624 nec
235 574 383 624 tonsuram
404 568 626 627 ecclesiasticam
645 571 790 641 suscipere
801 585 861 642 per-

13 657 177 725 mittantur,
194 663 348 729 postquam
363 658 499 713 monachi
515 657 633 727 luerint,
651 667 707 716 tota
721 659 770 715 illa
782 658 861 716 labos

14 746 177 805 sanctitatis
199 744 314 803 lavacro
336 746 456 815 deletur,
473 755 507 804 ιιι
526 748 660 818 deinceps
685 763 737 820 por
757 749 861 821 singu-

13 834 58 893 los
89 834 348 893 ecclesiasticorum
384 835 521 892 ordinum
553 838 661 908 gradus
695 852 790 908 usque
825 838 861 893 ad

15 923 205 996 episcopalem
248 925 440 981 conscendant
480 925 674 982 altitudinem.
714 928 862 991 οιιιιιιιιιιι

15 1013 142 1085 denique
157 1012 291 1070 monachi
311 1012 424 1070 clericis
446 1015 651 1084 praeemineant
677 1015 706 1071 in
739 1016 861 1083 meritis,

17 1100 78 1173 ipsa
101 1100 293 1159 ecclesiastica
323 1103 500 1159 consuetudo
535 1110 668 1172 testatur,
693 1119 761 1160 cum
786 1105 864 1161 vide-

15 1190 83 1248 lieet
107 1191 137 1249 in
151 1191 364 1263 supplicatione
382 1190 492 1248 litania
510 1191 627 1250 dicatur
649 1192 685 1248 ab
709 1193 860 1249 erunibus:

17 1280 113 1337 Omnes
148 1283 236 1336 suncti
262 1280 389 1336 rnortuclu'
409 1285 436 1336 et
459 1284 683 1348 ercammarum
704 1298 756 1352 pro
775 1283 861 1337 nobe.

19 1367 109 1424 nullis
124 1375 221 1427 autem
235 1369 293 1426 dici
310 1368 517 1440 praesumitur:
532 1366 637 1427 omncs
653 1372 744 1427 sancti
755 1370 861 1438 clerici,

16 1456 64 1514 vel
76 1456 213 1529 episcopi,
234 1472 284 1515 seu
304 1459 448 1528 canonici,
474 1466 553 1515 orate
569 1474 620 1532 pro
642 1461 731 1518 nobis.
753 1463 862 1517 llorvuu
879 1475 900 1530 B

18 1545 128 1617 quippe
146 1547 267 1603 nomina
280 1561 332 1604 seu
350 1548 411 1604 vita
433 1561 491 1605 non
509 1549 549 1605 ita
564 1557 597 1605 ut
619 1549 734 1607 illorum
755 1551 862 1606 saneti·

16 1641 75 1691 tate
95 1635 292 1705 praeeminent.

54 1722 83 1780 Si
108 1722 200 1795 igitur
218 1724 260 1781 sic
285 1732 337 1789 est,
364 1724 421 1782 imo
436 1725 507 1797 qtria
529 1728 572 1782 sio
594 1734 646 1796 est,
675 1734 708 1785 ut
730 1727 864 1785 videlicet

17 1811 80 1868 vita
123 1804 283 1869 monastica
312 1814 467 1870 sanctitate
505 1816 673 1886 praenrineat
706 1817 864 1888 episcopali

18 1900 277 1971 administrationi,
306 1904 416 1959 sicute
440 1917 577 1961 converso
603 1904 658 1962 ista
687 1906 729 1961 illi
750 1907 864 1977 praemi-

19 1999 67 2048 net
77 1990 218 2062 dignitate
234 1991 420 2063 praelationis,
431 2007 515 2049 nenio
533 1994 657 2065 prolecto
672 2002 713 2050 est
727 1996 792 2066 plus
803 2009 866 2051 san-

19 2079 146 2136 ctitatem
166 2093 256 2150 quam
270 2080 441 2152 dignitatem
461 2090 608 2152 appetens,
622 2083 673 2153 oiri
700 2084 863 2139 bancdcre·

19 2166 162 2240 linquere,
184 2168 230 2224 vel
245 2169 378 2226 minuere
399 2177 516 2241 propter
536 2170 615 2225 illam
639 2171 718 2227 velit.
737 2172 790 2227 Sed
812 2172 866 2228 lor·

24 2257 118 2323 lassis,
137 2257 261 2328 inquies,
278 2258 350 2329 quia
370 2258 423 2314 hoc
442 2259 670 2316 invitimonacbi
683 2276 757 2317 ontis
771 2263 865 2318 susci-

18 2347 116 2418 piunt,
145 2347 295 2404 constricti
320 2346 454 2404 videlicet
478 2347 642 2405 obedientia
665 2351 862 2420 praelatoruu··‚

20 2443 48 2493 et
63 2435 191 2494 inaximo
202 2449 252 2507 pro
270 2434 351 2492 lucro
366 2436 489 2493 aliorum
501 2451 560 2494 suae
579 2439 729 2510 religionis
744 2440 867 2497 tolerant

22 2525 221 2597 dispendium,
250 2525 389 2597 eligentes
430 2527 524 2598 rrragis
559 2528 701 2585 mediocre
731 2531 865 2585 meritum

22 2628 88 2670 cum
117 2614 217 2672 multis
238 2614 343 2671 habere
362 2628 524 2685 corurruruo,
549 2631 639 2686 quiam
655 2631 792 2687 teregnum
813 2618 867 2673 ba-

22 2705 90 2762 bere
107 2704 265 2775 singulare.
281 2703 378 2775 Atqrre
387 2703 501 2760 utinam
519 2704 558 2759 ιιι
577 2706 623 2773 sit,
645 2714 676 2760 ut
695 2705 776 2761 inviti
793 2706 869 2762 seili-

22 2800 66 2850 cet
76 2793 242 2862 trahantur,
253 2799 280 2848 et
293 2792 348 2849 hac
360 2792 465 2849 saltem
478 2793 634 2849 intentione
649 2808 708 2864 qua
727 2795 868 2863 diximus,
886 2774 908 2831 (ἶ

23 2882 58 2939 de
86 2881 235 2938 monacbis
253 2880 325 2938 fiant
340 2881 465 2952 episcopi
488 2895 538 2952 pro
552 2881 645 2937 salute
669 2883 778 2939 scilicet
797 2885 869 2941 alio·

22 2982 104 3040 rum3
124 2968 200 3025 sicut
221 2982 385 3036 econverso,
410 2974 443 3023 ut
471 2968 580 3023 dictum
602 2974 652 3032 est,
678 2968 711 3024 de
730 2971 870 3042 episcopis

23 3071 236 3130 nonnunquam
260 3056 395 3115 monachi
415 3056 499 3125 liunt,
530 3057 582 3127 qui
611 3059 735 3128 propriu>
753 3061 869 3116 student

23 3147 121 3204 saluti.
155 3146 209 3205 Sed
237 3147 364 3219 prolecto
394 3146 484 3216 sicut¹
500 3144 637 3202 credibile
664 3155 707 3203 est
733 3162 790 3214 coo,
812 3150 864 3220 qrvi

23 3246 123 3310 sponte
138 3237 173 3295 de
192 3237 304 3295 divitiis
326 3236 363 3293 ad
383 3242 580 3308 paupertatem
598 3243 758 3300 transeunt,
780 3252 868 3295 caiisa

22 3328 174 3400 religionis
199 3328 226 3384 id
247 3326 357 3396 lacere;
386 3325 424 3381 ita
460 3324 619 3380 verisimile
653 3325 815 3396 judicatur,
845 3329 869 3384 si

23 3430 179 3475 econverso
203 3416 262 3483 bat,
291 3413 467 3470 'aurbitiouis
497 3426 585 3469 carisa
610 3416 737 3471 rriaximo
757 3417 865 3488 peragi.

23 3505 105 3574 Quod
115 3505 234 3577 quidem
254 3516 312 3573 qua
338 3501 494 3558 intentione
509 3504 656 3572 ceperint,
670 3504 731 3560 vita
746 3519 870 3577 seruiens

25 3595 151 3665 indicat3
167 3608 235 3652 aum
249 3589 385 3649 videlicet
404 3591 555 3647 remissius
571 3605 604 3647 ac
630 3593 745 3649 mollius
768 3596 868 3651 vivant

23 3684 158 3754 episcopi,
181 3693 270 3753 guam
293 3677 418 3736 lecerant
446 3681 590 3748 ιιιοιιιιιιι,
617 3688 644 3738 et
667 3682 818 3739 delicatius
840 3698 869 3739 sc

24 3779 83 3830 tam
100 3772 129 3828 in
144 3770 216 3827 cibis
235 3782 324 3842 quiam
345 3768 570 3826 investimentis
591 3778 701 3842 gerant.
716 3772 795 3839 Qtrod
816 3774 868 3843 qrri

24 3874 82 3919 non
103 3859 199 3925 iaciat,
221 3857 523 3926 neritinernvidemus,
547 3865 573 3915 et
595 3859 620 3914 si
637 3860 705 3931 utris
734 3862 786 3917 boc
811 3876 867 3917 non

24 3950 132 4018 lecerit,
154 3956 188 4006 ut
214 3946 348 4004 videlicet
374 3946 485 4004 deliciis
513 3946 627 4016 ιιιιιιιι,
652 3962 776 4006 neceas
802 3965 867 4006 scu-

23 4039 86 4107 ιιιι,
101 4050 191 4108 supra
213 4037 360 4093 bominem
376 4050 443 4092 carru
460 4037 653 4106 aestiruamus3
672 4046 699 4094 et
717 4038 783 4094 lorti
803 4042 866 4097 ani·
885 4065 908 4120 Ι)

24 4142 70 4185 mn
84 4141 113 4184 se
132 4127 290 4199 pradicant
305 4140 374 4196 esse,
396 4127 492 4198 urtica
512 4141 577 4198 qum
595 4126 728 4199 religioni
742 4131 868 4188 rrraxime

24 4219 229 4286 adversantur,
249 4226 276 4275 et
300 4230 367 4288 qvam
392 4216 442 4273 alii
467 4229 518 4295 pro
543 4218 682 4289 religione
707 4218 867 4291 dimittunt,

23 4322 91 4365 oum
112 4307 253 4381 religione
280 4306 424 4377 possidere
452 4305 672 4364 corrudunmtec
695 4310 869 4382 oviicunguc

23 4399 94 4457 tales
108 4405 186 4467 sunt,
202 4411 220 4454 a
236 4396 392 4454 tentatione
407 4396 457 4452 bei
475 4394 606 4452 recedere
628 4396 773 4454 videntur.
795 4401 867 4465 braid

22 4489 99 4546 enirn
113 4496 155 4547 est
177 4486 258 4544 aliud
274 4490 383 4543 tentare
403 4484 495 4539 [lavuu
511 4497 599 4556 otram
619 4494 718 4555 sponte
739 4489 868 4558 periculo

22 4577 154 4651 ingerere
174 4577 251 4648 guod
274 4574 362 4646 possit
381 4572 499 4630 vitare?
525 4573 610 4632 Verbi
631 4576 735 4648 gratia,
761 4579 785 4632 si
802 4579 869 4649 orris

19 4666 148 4722 ssanrruis
163 4679 193 4721 se
208 4665 329 4736 injiciat,
346 4662 494 4720 conlidens
504 4678 533 4720 se
549 4664 615 4719 indo
631 4665 733 4721 divina
746 4668 752 4723 l
763 4666 867 4726 lberali

16 4751 138 4814 virtulo,
169 4763 263 4819 aquo
290 4758 387 4806 tamon
411 4749 540 4818 periculo
569 4749 623 4805 sibi
648 4762 749 4805 cavere
778 4757 868 4818 potest

10 4837 127 4906 absque
142 4836 251 4893 animae
269 4854 329 4895 sure
346 4837 527 4907 detrimento,
549 4838 575 4894 id
598 4839 701 4910 urique
718 4844 760 4895 est
776 4839 865 4895 Derim

4 4927 133 4975 tentare.
160 4925 236 4989 Quid
258 4937 354 4985 autem
370 4928 490 4996 divitia,
510 4926 555 4984 vel
568 4928 664 4984 saculi
684 4936 752 4985 sunt
773 4927 864 4984 illece-

2 5020 60 5072 rm,
73 5006 151 5066 nisi
160 5014 426 5082 quaedamtlammze
436 5017 479 5075 vel
493 5018 866 5088 incentivavitiorum,qrttu

3 5092 165 5154 sideriis
184 5106 357 5165 carnalibus
375 5109 504 5164 animam
524 5115 646 5164 aestuare
665 5108 864 5178 covrrpellunt‘?

0 5179 121 5237 ¹¹¹0d
148 5184 173 5239 si
202 5184 279 5250 torte
303 5199 484 5269 respondeas,
509 5207 534 5255 te
568 5199 602 5254 ad
629 5199 682 5254 boc
710 5213 784 5253 ontis
815 5213 864 5268 per

2 5334 21 5371 ²
43 5324 73 5397 )
112 5339 224 5402 Paitoi.
238 5350 314 5410 totu.
333 5360 456 5428 XL,col.
472 5361 532 5415 lla.
