3804 5962
57 214 124 268 titt
826 215 881 273 SIC
899 215 945 273 ET
961 216 1045 276 Non.
1739 224 1808 279 titt

55 351 124 393 nem
150 342 278 393 nostram
302 336 349 393 illo
376 338 544 408 susciperet,
577 337 714 409 quisine
748 338 906 411 majestatis
920 341 944 393 Α
959 347 1002 396 est
1017 339 1111 396 tactus
1124 337 1382 412 [predestinatum]
1398 341 1510 413 dieons;
1534 355 1603 400 oum
1617 356 1697 411 roro,
1718 357 1807 416 quom

57 440 118 482 sue
131 425 236 482 damno
250 439 340 483 renus
365 427 449 484 bomo
466 426 556 495 deret,
577 433 605 484 et
631 426 710 485 solus
735 428 904 499 masagium
958 427 1066 483 i'ilium
1095 429 1141 484 bei
1170 427 1199 483 in
1228 429 1336 486 virtute
1351 429 1512 486 meandum
1530 429 1667 502 spirltum
1680 432 1804 489 sanotid-

57 516 167 587 peecati
182 529 240 572 non
256 515 384 572 baberet.
959 516 1080 573 cationis
1108 515 1247 582 nominat,
1266 515 1452 575 destinatum.
1481 518 1543 575 Non
1565 517 1714 589 superduc
1727 520 1808 578 addit

424 604 543 664 LllVlll.
958 607 1116 673 luntrium,
1142 605 1274 661 indicans
1295 620 1347 677 par
1360 606 1424 675 boa,
1448 607 1526 678 quod
1540 606 1808 667 substantialibus

58 693 136 761 Quod
178 694 304 752 cbristus
344 694 493 750 secundam
532 710 640 753 carnem
666 697 759 763 sactus
798 699 846 763 sit,
879 699 905 750 el
959 693 996 749 sit
1023 693 1185 752 meandum
1222 694 1356 764 spiritum
1386 694 1634 754 sanctificationis.
1674 697 1807 756 Christus

433 771 539 822 cimita-
960 781 1037 838 enim
1052 780 1103 838 nei
1116 781 1211 839 virtus
1231 789 1259 838 et
1282 782 1425 853 sapientia
1453 783 1569 852 dieitur,
1598 783 1649 854 (ιυί
1675 791 1703 840 et
1716 797 1807 855 sapor

94 854 198 910 Pauli&
212 856 242 908 in
267 853 391 925 Eiil'iwlss
406 855 443 908 “d
455 856 589 910 R⁰m⁴¹⁷¹⁰⁸
605 852 636 925 (Ι,
657 854 707 924 3l²
734 853 791 920 01¹5
812 851 906 911 f⁸⁰²11⁵
959 871 1078 927 virtutis
1093 870 1143 927 liei
1171 877 1199 927 et
1215 871 1342 929 manatio
1370 871 1468 943 glorie
1485 872 1694 943 omnipotentis
1712 871 1807 943 puris-

54 953 99 1001 est
111 945 137 1001 ei
152 958 189 1001 ex
203 943 313 1000 semine
327 944 421 1000 David
437 943 598 1000 secundum
613 956 741 999 carnem.
768 943 905 1011 dupusts'-
960 959 1043 1016 sima,

55 1037 213 1089 nusaonlra
241 1033 394 1088 Faustum:
423 1031 565 1098 Christus,
596 1033 627 1088 in
655 1039 800 1103 quantum
830 1033 907 1089 Deus
1345 1049 1427 1105 Lxx,

54 1129 109 1190 est,
126 1121 226 1178 omnia
238 1134 288 1191 per
303 1121 396 1190 ipsum
421 1120 588 1177 factasunt.
604 1121 637 1177 ln
658 1127 802 1190 quantum
822 1120 906 1177 bomo
1050 1137 1127 1206 Quod
1141 1139 1212 1193 pens
1228 1140 1362 1192 minorari
1384 1138 1438 1209 (³7)
1454 1141 1554 1208 possse,
1570 1144 1595 1194 er
1613 1142 1718 1194 eontra.

53 1211 227 1313 est,etipso
255 1211 348 1268 lactus
364 1217 416 1266 est.
446 1210 629 1310 ldeminltl.
656 1207 907 1274 Questueleriset
998 1246 1102 1313 Moyses
1131 1245 1264 1314 propbeta
1283 1245 1376 1315 (Dm.
1398 1257 1437 1313 vl,
1465 1245 1514 1314 ψ
1531 1245 1618 1314 Audi,
1639 1242 1735 1309 lsrael,
1755 1245 1806 1302 Do·

54 1317 131 1356 none
154 1301 232 1368 lepis,
256 1315 318 1370 cap.
335 1299 425 1355 Lxx:
451 1299 638 1357 llanrlestum
664 1307 707 1355 est
730 1298 907 1356 salvatorem
962 1331 1060 1388 minus
1075 1332 1150 1388 Deus
1166 1339 1235 1388 mus
1253 1345 1332 1389 unus
1357 1338 1410 1400 est,
1439 1345 1497 1388 non
1525 1339 1690 1403 potestesse
1704 1330 1809 1407 major*

55 1404 115 1448 non
142 1391 257 1461 eguisse
287 1389 438 1459 baptismo,
465 1388 536 1459 quia
571 1387 703 1444 Christus
728 1401 788 1445 non
814 1387 908 1445 lactus
963 1434 1021 1476 non
1048 1427 1220 1491 potestesse
1246 1420 1350 1478 minor·
1380 1421 1527 1477 Psalmisla
1545 1422 1618 1494 (vm,
1634 1421 1687 1492 Q:
1717 1420 1808 1480 Mino·

56 1478 109 1535 sed
123 1487 209 1535 natus
224 1485 277 1544 est,
293 1477 405 1533 dicente
428 1476 532 1548 angelo
547 1476 733 1546 pastoribus:
762 1478 830 1533 Erae
852 1492 907 1531 na·
962 1509 1033 1566 mu
1048 1523 1115 1566 eum
1136 1507 1222 1580 paulo
1240 1509 1338 1566 minus
1347 1510 1384 1566 ab
1404 1509 1524 1582 angelis·

56 1574 102 1622 tus
116 1564 243 1623 estradis
258 1567 337 1621 bodie
351 1567 484 1635 salvalor,
515 1568 563 1632 qui
586 1571 628 1621 est
655 1566 781 1622 Gltrlstus
811 1569 906 1622 Domi·

56 1670 109 1709 nus
123 1654 200 1724 (Luc.
216 1670 245 1722 rr,
264 1653 318 1724 to).
347 1654 421 1708 Beda
453 1668 536 1725 super
555 1654 667 1721 Lucum,
694 1652 808 1710 bomilia
829 1655 907 1710 illius
1336 1615 1430 1675 LXXI·

58 1744 207 1799 lectionis:
234 1745 303 1798 Erat
335 1741 415 1798 lesus
451 1744 562 1813 ejiciens
602 1743 794 1800 demonium:
832 1693 946 1801 blisilB
1000 1719 1077 1788 0¹¹⁰d
1108 1722 1191 1777 ‘fiam
1219 1720 1368 1777 ⁸⁶⁰²de
1394 1722 1567 1777 divini‘atem
1594 1722 1684 1778 mm
1721 1723 1810 1780 mim?

59 1835 137 1890 Deus
160 1831 267 1888 Filium
280 1846 368 1889 suum
384 1831 496 1889 iactum
523 1845 560 1888 ex
575 1832 707 1902 muliere,
730 1833 838 1890 iactum
852 1832 909 1889 sub
1190 1794 1272 1847 Pam
1285 1793 1424 1861 '’wem'’
1439 1798 1464 1849 θ’
1478 1797 1583 1849 ⁶⁰mr‘2·

58 1920 121 1993 pege
136 1920 208 1991 (Gap
225 1936 264 1987 tr,
287 1921 327 1993 4).
356 1922 454 1992 Neque
483 1920 562 1977 enim
587 1920 724 1978 audiendi
747 1930 827 1990 sum,
856 1921 909 1994 qui
999 1899 1179 1969 Hieronymus
1194 1899 1228 1954 de
1255 1899 1374 1969 symbolo
1405 1901 1510 1958 ll'ieena'
1539 1901 1663 1956 concilii:
1683 1899 1764 1959 Absit
1779 1901 1810 1958 in

59 2009 215 2081 legendum
232 2017 334 2080 putant
354 2015 449 2064 „amm
474 2025 507 2064 ω
520 2011 644 2080 mulum,
668 2010 741 2081 quia
755 2018 909 2081 wnoepms
964 1985 1038 2043 Filio
1050 1986 1101 2043 liei
1111 1986 1223 2058 aliquid
1235 1986 1440 2058 plusminnsre
1455 1998 1506 2047 aut
1519 1989 1549 2046 in
1560 1988 1622 2046 loco
1636 1995 1688 2049 aut
1699 1989 1730 2046 in
1740 1997 1810 2048 tem·

60 2098 91 2154 in
112 2105 195 2155 utero
214 2098 353 2170 virginali
367 2112 485 2156 manem
501 2113 559 2155 non
575 2099 610 2156 de
625 2098 725 2166 nihilo,
741 2112 800 2156 non
812 2098 907 2156 aliun·
962 2088 1042 2146 lmen
1058 2084 1109 2174 Ψ
1123 2075 1154 2132 ῘΠ
1170 2076 1306 2174 mimia·
1323 2084 1373 2134 ³¹¹¹
1388 2077 1417 2134 ⁵¹¹
1437 2077 1567 2146 ⁵⁰¹0¹¹²¹³s
1583 2087 1635 2135 ³¹¹¹
1646 2079 1676 2135 ¹¹¹
1688 2077 1811 2150 ‘fllium‘

58 2187 104 2255 (ιθ,
120 2186 170 2244 sed
185 2195 318 2245 matema
332 2187 422 2244 gram
436 2201 473 2244 ex
491 2201 588 2244 mmo,
964 2171 1060 2232 te‚aut
1074 2163 1298 2236 insubjectrone,
1310 2179 1378 2222 cum
1388 2164 1567 2223 diciturboc.
1583 2172 1616 2221 ut
1626 2165 1725 2223 deitati
1735 2163 1810 2237 elus,

443 2293 526 2350 LXIX
963 2265 1022 2308 non
1037 2251 1119 2309 carni
1135 2252 1301 2310 ascribitur.
1330 2251 1359 2309 Si
1377 2252 1456 2309 enim
1474 2252 1539 2324 plns
1552 2251 1685 2309 minusve
1699 2251 1811 2324 aliquid

529 2333 536 2347 '
963 2338 1124 2407 invenitur,
1139 2347 1258 2410 excepto
1268 2339 1322 2397 boo
1337 2340 1414 2410 quod
1428 2339 1520 2397 Filius
1534 2355 1592 2398 non
1604 2354 1641 2398 ex
1658 2339 1810 2412 semetipso

964 2434 1117 2498 natusest,
1133 2427 1225 2485 sedde
1240 2428 1322 2485 Patre
1334 2434 1421 2485 natus
1434 2435 1476 2485 est
1487 2429 1612 2501 proprie,
1628 2435 1679 2486 aut
1694 2427 1811 2487 invidus

964 2523 1015 2572 aut
1043 2517 1183 2585 impotens
1222 2516 1316 2582 Pater,
1358 2516 1480 2587 insuper
1524 2515 1611 2574 otiam
1647 2514 1812 2588 temporalis

964 2605 1140 2677 agnoscitur.
1156 2604 1282 2660 Hilarius
1304 2607 1344 2660 lte
1367 2605 1514 2674 Trinitate,
1530 2606 1577 2661 lib.
1594 2605 1635 2662 tx
1650 2605 1689 2676 (p.
1708 2605 1786 2677 1011)
1802 2619 1809 2660 ;

965 2693 1002 2750 Ut
1016 2703 1231 2751 sacramentum
1253 2693 1413 2750 nativitatis
1440 2701 1468 2751 et
1496 2693 1666 2764 mysterium
1691 2693 1746 2765 (38)
1764 2705 1809 2749 as·

965 2782 1074 2852 sumpti
1093 2781 1220 2853 corporis
1248 2780 1455 2849 manifestaret,
1480 2782 1618 2851 siliquis
1648 2785 1728 2852 poter
1752 2796 1808 2836 ma·

961 2869 1009 2940 ior
1026 2886 1068 2926 me
1090 2876 1171 2938 est‚a
1195 2884 1253 2942 qno
1282 2869 1391 2927 scilicet
1404 2876 1477 2926 esset
1500 2868 1622 2942 gloriam
1642 2877 1810 2942 resumptu-

926 2972 1027 3039 (grus,
1058 2959 1136 3030 apud
1161 2973 1249 3030 quem
1266 2966 1294 3015 et
1321 2957 1351 3015 in
1383 2972 1443 3031 quo
1470 2965 1544 3016 esset
1590 2957 1808 3030 glorificandus.

962 3048 1058 3103 Item:
1081 3047 1300 3105 Gloriticaturus
1315 3047 1421 3106 Filium
1439 3050 1532 3116 Pater,
1549 3047 1642 3119 major
1662 3054 1706 3104 est
1721 3063 1729 3116 3
1743 3045 1808 3119 glo-

964 3135 1094 3193 rillcatus
1109 3136 1139 3191 in
1158 3134 1243 3192 Patre
1258 3135 1361 3205 Filius,
1390 3135 1486 3193 rninor
1509 3150 1568 3193 non
1590 3143 1643 3193 est.
1657 3136 1716 3193 dut
1735 3148 1808 3207 quo·

963 3224 1047 3281 modo
1070 3224 1167 3282 minor
1192 3230 1235 3281 est
1259 3224 1312 3296 qai
1328 3225 1358 3281 in
1374 3223 1466 3297 gloria
1491 3226 1542 3282 liei
1564 3224 1659 3282 Patris
1681 3222 1809 3282 estland

963 3313 1099 3384 nunquid
1120 3312 1204 3371 Pater
1222 3315 1315 3386 major
1331 3313 1392 3370 esti
1414 3313 1505 3386 major
1532 3313 1631 3386 itaque
1651 3312 1808 3383 Pataram,

962 3402 1201 3474 dumPaterest;
1230 3402 1279 3460 sed
1295 3401 1396 3471 Filius,
1426 3403 1496 3460 dum
1525 3403 1616 3460 Filius
1642 3409 1695 3471 est,
1714 3395 1810 3460 minu

963 3497 1085 3547 nonest.
1099 3488 1242 3547 Nativitas
1257 3489 1322 3547 Filii
1346 3491 1459 3549 Patrem
1477 3489 1625 3548 constituit
1651 3489 1807 3562 majorem

963 3577 1103 3634 minorem
1127 3591 1195 3634 vero
1225 3577 1330 3635 Filium
1358 3591 1419 3636 esse
1447 3579 1606 3637 nativitatis
1629 3586 1809 3637 naturanon

964 3665 1082 3735 patitur.
1110 3664 1204 3738 llajor
1229 3666 1313 3723 Pater
1337 3672 1389 3734 est,
1419 3665 1491 3723 dum
1512 3666 1635 3738 gloriam
1659 3672 1808 3738 assumpto

963 3752 1075 3808 bomini
1098 3761 1219 3826 rogatur
1247 3759 1279 3809 ut
1303 3752 1418 3821 reddam
1440 3752 1531 3810 Filius
1559 3754 1655 3812 minor
1669 3769 1728 3812 non
1753 3757 1807 3822 est,

963 3840 1034 3897 dum
1049 3840 1172 3912 gloriam
1196 3840 1317 3898 resumit
1337 3842 1416 3912 apud
1434 3841 1569 3914 Patrem;
1603 3851 1692 3916 atque
1714 3842 1756 3900 ita
1782 3851 1811 3899 et

963 3936 1178 3986 sacramentum
1199 3929 1360 3986 nativitatis
1385 3938 1413 3987 et
1436 3930 1609 4001 dispensatio
1635 3929 1810 4002 corporatio·

963 4019 1011 4075 nis
1021 4017 1169 4089 impletur.
1184 4016 1257 4075 Nam
1272 4026 1300 4075 et
1312 4017 1406 4086 Pater,
1422 4019 1492 4076 dum
1506 4019 1591 4076 Pater
1613 4026 1657 4077 est
1680 4026 1709 4078 et
1723 4017 1808 4091 glori·

964 4107 1030 4164 doat
1049 4106 1157 4164 Filium
1182 4105 1319 4175 bominis,
1338 4105 1505 4179 maJores13
1533 4116 1561 4165 et
1586 4108 1670 4165 Pater
1682 4115 1709 4166 et
1718 4106 1809 4165 Filius

964 4209 1058 4253 unum
1073 4202 1152 4264 sunt,
1169 4195 1240 4253 dum
1252 4209 1290 4252 ex
1304 4194 1387 4252 Patro
1407 4204 1494 4253 natus
1513 4195 1605 4253 Filius
1618 4202 1680 4267 post
1692 4208 1810 4255 assum-

134 2381 212 2448 Quod
224 2383 312 2438 Filius
336 2385 388 2438 liei
398 2383 613 2453 predestinatus
627 2384 674 2449 sit,
690 2387 717 2438 et
733 2387 837 2438 contra.

94 2471 282 2540 Aupustinus,
323 2476 444 2527 tractatu
489 2471 538 2528 ct
569 2487 652 2541 super
686 2474 840 2527 Joannsm:
876 2472 910 2529 El

59 2573 140 2616 nnno
156 2559 283 2617 claridoa
309 2573 364 2628 me,
391 2560 485 2628 Pater,
511 2559 590 2629 apud
616 2560 809 2631 temetipsum.
826 2560 910 2617 Recte

59 2648 169 2706 dicitur
189 2664 251 2706 non
280 2649 503 2720 predestinatus
532 2649 693 2705 secundum
718 2649 747 2706 id
767 2650 845 2720 quod
869 2656 911 2707 est

58 2737 185 2795 Verbum
203 2738 263 2805 Dei,
283 2738 360 2796 Deus
373 2737 452 2808 apud
478 2737 580 2794 Deum.
605 2738 640 2792 Ut
655 2737 820 2808 quodenim
836 2751 911 2809 pre-

58 2825 265 2890 destinaretur,
282 2841 348 2884 cum
360 2828 422 2898 jam
442 2832 524 2894 esset,
541 2826 703 2896 quoderat,
719 2826 781 2882 sine
805 2826 911 2888 initio?

59 2912 136 2969 illud
165 2919 262 2968 autem
291 2912 557 2983 praedestinandum
572 2918 645 2979 erat,
661 2919 693 2968 ut
715 2911 757 2968 sio
773 2919 908 2968 suotem·

59 3016 130 3073 pore
159 3000 248 3070 deret,
279 3001 525 3072 quemadmodum
551 3007 617 3056 ante
652 3001 751 3057 omnia
779 3007 909 3071 tempora

59 3089 297 3161 praedestinatum
324 3093 394 3155 erat,
423 3096 454 3146 ut
482 3088 572 3146 deret.
590 3088 731 3159 Quisquis
752 3088 843 3161 igitur
857 3088 908 3145 Dei

61 3179 170 3235 liiliurn
186 3179 422 3249 predestinatum
439 3186 537 3249 negat,
562 3177 641 3235 bunc
665 3177 798 3234 eumdem
813 3176 909 3234 iillum

59 3267 189 3324 bominis
217 3274 314 3339 negat.
351 3266 403 3323 Sed
442 3274 558 3337 propter
591 3266 781 3323 contentiosos
821 3267 908 3324 etism

60 3356 130 3412 bino
156 3355 313 3413 audiamus
336 3355 529 3426 Apostolum:
559 3354 636 3422 Quod
655 3361 718 3410 ante
744 3359 908 3425 promiserat

60 3444 172 3500 deFilio
186 3459 245 3512 suo,
276 3447 325 3515 qui
338 3447 429 3512 (aolus
454 3448 494 3499 est
521 3446 548 3497 ei
575 3447 728 3498 essentne
755 3443 845 3499 Dauid
867 3459 906 3499 se·

60 3535 182 3588 eundum
206 3549 324 3601 carnem,
350 3535 399 3603 qui
419 3532 633 3602 predestinatus
654 3536 694 3586 est
708 3531 799 3588 Filius
813 3532 908 3586 Dedin

60 3624 173 3687 uirtute,
200 3629 256 3678 eto.
285 3621 372 3692 (llam.
405 3637 426 3689 1,
453 3621 501 3692 2);
531 3618 693 3676 secundum
727 3619 803 3675 bano
839 3632 908 3691 ergo

60 3709 340 3780 predestinationem
367 3709 454 3766 etiam
484 3707 661 3764 clarificatus
679 3711 729 3772 est,
752 3712 908 3776 antequam

59 3798 189 3854 mundus
211 3806 294 3865 esset,
320 3797 366 3870 [ut
393 3794 478 3867 osset]
506 3795 623 3851 claritas
637 3795 701 3866 ejus
723 3806 760 3850 ex
775 3807 908 3850 resurre-

59 3885 156 3942 ctione
183 3893 375 3942 mortuorum.
404 3886 531 3954 Oripsnes
558 3898 642 3955 super
667 3884 784 3953 Epistol.
827 3882 909 3938 Pauli

59 3974 97 4030 ad
113 3976 246 4030 Romanos
270 3975 300 4045 (r,
322 3975 369 4046 ²l²
402 3975 457 4040 Qut
478 3973 694 4044 predestinatus
721 3976 763 4028 est
790 3972 863 4041 pilius
878 3972 908 4026 in

58 4066 172 4130 uirtute,
188 4070 241 4119 eta.
259 4063 399 4127 Quamvis
414 4063 443 4118 in
469 4060 579 4118 Latinis
603 4059 819 4131 exemplaribus
831 4075 909 4129 pre·

59 4151 214 4207 destinatus
237 4152 325 4208 soleat
341 4151 478 4218 inveniri,
506 4157 602 4207 tamen
632 4149 710 4221 quod
736 4148 905 4219 interpreta-

60 4239 149 4296 tionis
162 4239 268 4295 veritas
295 4239 391 4307 babet,
420 4240 572 4294 destinatus
598 4245 643 4295 est
669 4237 821 4308 scriptum,
850 4249 947 4314 non„

56 4330 283 4402 predestinatus.
316 4330 481 4388 Destinatus
503 4331 582 4387 enim
608 4329 654 4386 ille
681 4330 733 4400 (ιυί
758 4336 811 4397 est,
837 4340 907 4399 praa-

60 4419 221 4476 destinatus
251 4419 303 4490 (ιυί
334 4427 470 4477 nonest.
500 4419 629 4477 Pressiri
656 4426 685 4475 et
712 4417 909 4489 predestinati
1332 4391 1439 4450 mn·

964 4287 1091 4357 ptionem
1101 4284 1209 4343 terreni
1223 4285 1351 4359 corporis
1365 4284 1545 4358 glorificatur
1557 4285 1588 4342 in
1599 4284 1724 4344 Patrem.

59 4515 183 4580 possunt
202 4507 243 4565 illi
258 4509 310 4580 qui
339 4508 469 4564 nondum
495 4514 574 4565 sunt.
604 4506 655 4564 Ille
671 4515 780 4573 autem,
796 4507 849 4579 qui
867 4512 910 4563 ost
964 4498 1041 4566 Quod
1060 4499 1182 4557 Glitiam
1205 4499 1353 4556 secandum
1380 4515 1476 4570 corpus
1504 4504 1587 4557 etiam
1610 4516 1667 4557 non
1684 4501 1807 4565 emant»

59 4602 88 4652 et
121 4609 232 4666 semper
258 4604 309 4660 est,
340 4610 398 4653 non
422 4595 652 4667 praedestinatur,
669 4595 718 4652 sed
737 4594 909 4652 destinatur.
1318 4575 1458 4627 alaontra.

59 4683 256 4741 Haeoanobis
283 4683 360 4740 diota
387 4690 456 4740 sunt
480 4690 597 4761 propter
621 4695 669 4739 eos
699 4680 752 4752 qui
777 4681 909 4754 unigeni·
999 4677 1112 4732 Hieron
1144 4691 1227 4747 super
1264 4679 1420 4744 teremiam,
1455 4677 1503 4733 lib.
1534 4677 1570 4732 vt
1599 4692 1606 4733 ε
1645 4676 1810 4750 Quodquod

60 4779 125 4828 tam
138 4771 246 4828 Filium
271 4772 322 4828 liei
339 4771 513 4842 impietatem
537 4771 710 4843 loquuntur,
733 4777 761 4826 et
774 4769 909 4842 ignoran·
962 4779 1117 4837 nunquam
1145 4774 1231 4823 antea
1257 4778 1446 4837 cognoveras,
1472 4779 1579 4822 novam
1610 4779 1671 4823 rem
1698 4763 1811 4824 creabit

58 4867 103 4918 tes
130 4859 321 4918 differentiam
361 4861 498 4918 destinati
520 4869 548 4919 et
585 4857 782 4930 predestinati
806 4866 909 4929 putant
963 4854 1104 4911 Dominus
1126 4867 1214 4925 super
1240 4861 1370 4924 terram;
1393 4853 1505 4924 absque
1524 4853 1582 4911 viri
1603 4854 1723 4922 semino·
1747 4851 1811 4909 ²¹³⁸·

56 4961 128 5006 eum
143 4949 278 5006 intereos
293 4949 342 5020 (ιυί
369 4955 435 5006 ante
455 4962 514 5005 non
542 4947 651 5005 luerint
683 4946 907 5018 numerandum.
963 4956 1021 5013 que
1048 4943 1137 5010 coitu,
1174 4940 1285 5012 absque
1315 4949 1457 5013 conceptu
1483 4941 1593 4998 lomina
1617 4938 1811 5000 cbeumdabit

56 5039 133 5093 Item
149 5051 156 5091 τ
172 5036 226 5104 Qui
241 5051 310 5109 ergo
334 5050 448 5108 semper
466 5043 519 5105 est,
550 5035 722 5092 destinatur.
741 5032 795 5101 Qui
810 5041 908 5091 autom
962 5029 1062 5087 virum
1087 5028 1198 5101 gremio
1230 5029 1306 5086 uteri
1333 5029 1390 5096 sui,
1425 5030 1477 5101 qui
1510 5029 1599 5101 juxta
1631 5030 1811 5088 incrementa

57 5123 293 5196 predestinatnr,
316 5124 447 5181 nondum
466 5131 529 5181 erat
547 5128 698 5179 tuncrum
721 5119 908 5191 predestina·
963 5119 1080 5190 quidem
1099 5119 1192 5175 etatis
1214 5131 1265 5188 per
1287 5118 1404 5191 vagitus
1425 5125 1453 5175 et
1484 5117 1639 5177 infantiam
1673 5116 1812 5190 pronaeae
1870 5138 1873 5143 >

57 5218 152 5272 retur.
168 5212 335 5271 Necessaria
358 5211 449 5286 igitur
473 5209 657 5269 distinctione
672 5207 829 5280 Apostolus
850 5208 908 5266 nti·
962 5209 1112 5267 ridebitur
1138 5206 1280 5278 sapientis
1314 5215 1342 5265 et
1375 5212 1468 5277 etate,
1507 5209 1557 5265 sed
1592 5207 1736 5279 perlectus
1765 5207 1811 5266 rir

56 5308 120 5369 tur,
149 5315 217 5360 eum
239 5301 290 5374 qui
313 5314 351 5358 ex
378 5300 493 5374 semine,
507 5299 599 5357 David
615 5297 777 5356 secundum
791 5309 909 5355 carnem
962 5298 994 5357 in
1030 5305 1130 5357 ventre
1157 5296 1249 5355 solitis
1292 5297 1444 5356 mensibus
1471 5297 1677 5355 continebitur.
1717 5297 1809 5354 lum:

112 5405 158 5480 37)
174 5408 259 5466 Cous.
273 5422 281 5464 ε
293 5422 348 5463 non
360 5409 459 5478 possit.

109 5479 155 5550 38)
166 5477 251 5540 Cous·
264 5497 276 5539 .·
286 5483 487 5540 sacromentum
501 5478 656 5539 arduitatis
671 5478 702 5536 s‘n
714 5475 907 5538 minorentur.
