3804 5962
129 205 181 260 847
397 205 500 261 Puriii
521 204 713 260 ussmiiuiii
732 203 808 260 OPP.
831 203 919 260 Puris
936 204 984 260 iii.
998 203 1266 276 -gtiiitoiodice
1285 205 1327 260 ΒΤ
1345 204 1610 263 ΡΗΙΙιθὸθΡΗΙΕΑ.
1826 206 1877 261 sis

113 330 207 399 ¹(den.
224 343 296 399 xvii,
312 324 351 400 7).
367 327 434 386 Tale
450 327 556 399 quippe
571 331 622 396 est,
638 329 668 383 in
683 329 902 397 venerationibus
917 330 974 383 suis
989 330 1015 384 ii
1028 344 1133 400 cunque
1148 344 1201 384 non
1216 330 1304 397 suerit
1320 329 1353 384 de
1374 330 1460 398 stirpe
1473 334 1575 397 oestro,
1595 330 1636 386 ita
1656 336 1698 386 est
1711 328 1877 399 intelligen-

128 418 230 487 tumre
244 419 418 488 sempiterno,
441 423 471 472 ut
482 421 533 472 stne
545 419 617 473 Deus
632 421 706 486 tuus,
727 424 794 485 etc,
808 431 842 473 ac
857 417 881 472 si
897 416 977 473 dicc-
1024 418 1113 488 dum,
1135 424 1167 474 ut
1196 417 1231 474 de
1255 418 1421 474 vernaculis
1444 418 1490 474 vel
1516 417 1653 488 emptitiis
1676 431 1788 484 corum,
1819 418 1877 473 sive

129 507 238 564 retain
262 506 382 578 posteris
397 505 454 564 tuis
477 506 549 563 milii
570 506 707 565 continue
723 520 773 577 per
783 506 977 563 obedientiam
1031 504 1140 564 luerint
1155 505 1279 576 Hebraei,
1300 505 1386 564 idest
1404 507 1439 563 de
1461 507 1550 578 stirpe
1572 520 1635 572 sua,
1660 506 1720 562 sive
1740 520 1809 572 uon,
1826 506 1877 563 boc

129 595 285 664 ioederatis,
302 610 386 652 neca
401 595 482 652 cultu
497 609 559 652 meo
586 609 636 666 per
652 595 895 665 interpositionem
915 594 978 649 inii·
1032 596 1180 666 praecipiat
1208 594 1357 661 Dominus,
1377 610 1435 651 nou
1461 596 1496 653 de
1522 595 1586 651 aliis
1612 595 1788 652 nationibus.
1813 595 1876 650 Tale

130 684 241 741 delium
254 691 369 754 patruni
386 683 549 754 disjunctis.
572 682 643 738 Hoc.
655 689 752 738 autem
779 682 863 738 niodo
884 695 978 752 neque
1031 699 1117 756 ergo:
1135 687 1200 739 Tum
1213 686 1472 754 oernueutusquum
1500 689 1639 754 emptitius
1657 685 1874 751 circumcidetur,

129 772 182 829 tob
204 787 299 844 neque
317 772 413 829 caeteri
434 771 554 844 gentiles
577 770 614 827 ab
641 769 743 827 ismael
765 770 811 827 vei
834 771 913 827 Esau
929 770 977 827 de·
1031 775 1221 843 etquicunque
1238 788 1293 827 non
1307 774 1405 840 suerit,
1428 782 1492 838 eie..
1518 787 1552 829 ac
1573 773 1598 829 si
1618 774 1734 840 diceret,
1761 772 1796 829 de
1811 786 1874 827 ver-

129 861 298 919 scendentes
319 860 348 917 in
368 859 477 917 semine
495 859 620 916 Abrabae
643 866 713 915 sunt
734 858 906 927 resumendi,
925 871 978 913 nec
1031 862 1145 918 naculis
1163 869 1190 918 et
1204 861 1546 932 emptitiisetiamomues
1562 861 1614 929 iili,
1631 862 1682 932 qui
1698 875 1756 916 non
1772 859 1877 917 inerint

130 950 228 1008 adeos
242 949 405 1020 quidquam
430 947 476 1005 vel
503 945 683 1004 circumcisio
709 946 754 1004 vel
781 955 883 1003 eaetera
907 944 977 1018 legis
1031 949 1066 1006 de
1081 950 1169 1020 stirpe
1187 957 1292 1006 vestra.
1321 949 1384 1005 Non
1406 957 1449 1005 est
1468 949 1558 1021 igitur
1584 947 1813 1005 circumcisionis
1828 963 1876 1019 ge-

128 1037 266 1111 figuralia
283 1044 424 1108 praecepta
444 1037 598 1108 pertinent,
621 1049 688 1092 cum
712 1035 773 1090 liter
797 1034 977 1091 solummodo
1030 1040 1128 1097 uerale
1145 1045 1330 1110 preceptum,
1352 1039 1427 1096 sicut
1441 1047 1483 1095 cst
1511 1038 1656 1109 baptismi,
1677 1038 1753 1095 sicut
1781 1037 1877 1092 Evan-

129 1127 253 1184 ilhrabae
266 1133 294 1184 et
314 1126 418 1182 semini
443 1126 517 1197 ejus,
541 1132 574 1181 ut
598 1138 688 1195 supra
706 1124 975 1191 determinavimus,
1032 1129 1109 1200 gelli,
1125 1129 1174 1184 sed
1194 1127 1300 1199 populo
1316 1135 1429 1184 tautum
1451 1127 1539 1184 lsrael
1558 1141 1621 1184 eam
1644 1141 1705 1182 esse
1729 1126 1875 1190 traditam,

129 1215 260 1289 injuncta
277 1215 345 1272 sint.
371 1215 516 1286 scriptum
539 1209 646 1285 quippe
667 1219 709 1270 est
725 1213 759 1269 de
780 1211 976 1268 circumcisio·
1031 1231 1090 1273 non
1110 1217 1278 1288 gentilibus.
1309 1216 1391 1281 Quot
1412 1216 1564 1287 diiigenter
1586 1216 1726 1286 Origenes
1739 1215 1771 1271 in
1784 1222 1875 1286 poste

128 1318 174 1373 ne,
205 1304 327 1362 Domino
352 1303 476 1361 siccam
511 1302 636 1359 Abrahae
663 1301 754 1372 primu
774 1300 975 1372 precipiente:
1032 1306 1159 1362 rioribus
1174 1304 1309 1371 ostendit,
1323 1304 1513 1376 piistinguens
1533 1319 1568 1360 ex
1592 1303 1660 1374 ipsis
1679 1303 1782 1360 liitecae
1800 1304 1876 1360 testi·

129 1394 257 1450 Statuam
268 1396 383 1462 pectunt
397 1406 486 1446 meum
496 1394 569 1445 inter
582 1406 624 1445 me
646 1395 672 1444 et
686 1392 722 1457 te,
740 1394 766 1444 et
783 1404 874 1444 semen
888 1405 977 1443 meum
1032 1395 1136 1451 moniis
1157 1409 1223 1466 quae
1252 1401 1394 1465 precepta
1416 1394 1487 1465 legis
1513 1394 1570 1450 sint
1593 1393 1758 1465 generalia,
1767 1401 1826 1448 tam
1843 1393 1877 1447 ad

126 1482 279 1553 posticio
299 1479 520 1550 generationibus
548 1479 606 1533 suis
626 1478 727 1546 sedere
750 1480 924 1547 sempiterno,
947 1481 978 1531 ui
1031 1484 1144 1541 tudaeos
1166 1483 1274 1539 scilicet
1292 1497 1383 1554 quam
1405 1484 1442 1539 ad
1464 1482 1584 1555 gentiles
1603 1482 1787 1552 pertinentia,
1813 1496 1876 1552 quae

130 1571 183 1625 sim
197 1571 268 1624 Deus
284 1572 347 1623 ttius
368 1573 394 1623 et
419 1568 529 1622 seminet
552 1568 594 1622 toi
614 1569 677 1635 rosi
691 1569 727 1635 ie,
745 1564 870 1630 0000000
888 1565 939 1620 tibi
953 1566 978 1617 ti
995 1609 1017 1665 B
1034 1587 1102 1628 uon.
1125 1570 1204 1628 ltnde
1218 1572 1305 1628 etiam
1326 1579 1435 1628 constat
1455 1586 1508 1628 neo
1532 1571 1715 1628 traditionem
1735 1571 1805 1642 legis
1818 1584 1876 1627 esse

131 1659 230 1714 semini
243 1661 289 1712 tuo
305 1660 405 1712 terrum
418 1654 648 1727 perepieoutiouts
665 1657 729 1720 tue,
751 1667 855 1708 omnent
876 1657 979 1707 terrum
1035 1659 1207 1732 generalem,
1246 1661 1329 1725 0110p
1361 1661 1421 1731 ipgg
1445 1674 1562 1730 <1110qu
1590 1660 1701 1729 Moyses
1724 1659 1877 1731 diiigenter

131 1747 270 1804 00000000
297 1748 327 1801 in
364 1747 561 1815 0000000000οι
592 1747 732 1809 00000οι0,
768 1756 865 1807 eroque
904 1742 977 1796 100οδ
1034 1750 1224 1821 distinguens,
1255 1749 1285 1803 in
1311 1749 1533 1804 Deuteronomio
1555 1748 1666 1802 ait:Et
1683 1762 1767 1815 nunc,
1783 1746 1874 1811 lsroet,

130 1851 232 1892 eorum.
247 1835 288 1890 Et
310 1840 339 1890 tu
360 1849 423 1902 erpo
440 1833 575 1888 custodies
590 1835 704 1902 pactum
727 1845 815 1884 meunt
840 1834 865 1883 et
889 1843 979 1883 semen
1034 1837 1102 1893 audi
1114 1841 1253 1907 praeceptc
1274 1840 1300 1891 et
1315 1836 1424 1906 judicic
1447 1851 1506 1901 quar
1530 1851 1577 1903 epo
1607 1835 1715 1889 doceam
1737 1838 1772 1898 te,
1790 1837 1876 1900 utiu-

131 1929 207 1981 tuum
230 1928 291 1994 post
313 1928 337 1978 tc
362 1925 392 1977 in
407 1921 628 1991 persecutionibus
650 1922 719 1975 suis.
740 1921 796 1974 Hoc
813 1923 854 1974 est
866 1924 979 1988 puctum
1034 1931 1105 1982 ciens
1126 1942 1158 1980 ga
1181 1928 1269 1992 einos,
1291 1932 1316 1980 ei
1332 1925 1488 1993 ingrediens
1511 1923 1654 1992 possideas
1674 1929 1776 1978 terrum
1799 1939 1874 1993 quun

130 2030 219 2070 000000
247 2013 323 2093 inid,
340 2012 517 2067 0030000000
548 2014 621 2066 inter
647 2026 690 2064 000
712 2014 737 2064 ei
763 2024 809 2064 008
840 2012 865 2062 el
891 2022 980 2062 semen
1033 2017 1165 2071 Dominus
1185 2015 1301 2070 daturus
1317 2020 1356 2069 cst
1379 2015 1453 2069 uobis
1469 2015 1560 2084 (Dent.
1576 2028 1615 2079 iv,
1641 2012 1677 2083 i).
1699 2012 1794 2069 item:
1815 2012 1875 2078 Qua

133 2108 210 2157 luunt
231 2107 294 2172 post
312 2108 345 2156 te.
370 2100 584 2159 circumcidetur
605 2115 640 2153 en
661 2099 736 2153 uobis
752 2112 830 2152 omne
852 2095 980 2151 musculi·
1034 2111 1073 2160 esp
1088 2107 1159 2160 enim
1173 2106 1231 2159 pipp
1250 2120 1315 2172 pens
1337 2106 1376 2159 gio
1391 2105 1503 2172 incipio,
1527 2107 1556 2156 ut
1572 2101 1670 2156 babeat
1693 2104 1892 2169 oppugnemus

131 2207 208 2256 num,
224 2194 249 2245 et
264 2190 465 2245 circumcidetis
489 2204 597 2243 curnem
622 2189 758 2257 praeputii
778 2189 873 2252 uestri,
893 2188 925 2238 ut
943 2187 981 2240 sit
1029 2195 1162 2264 justaque
1171 2194 1292 2263 judicia,
1312 2199 1338 2246 pp
1352 2195 1509 2247 uniuersam
1539 2192 1624 2258 reygm
1650 2207 1733 2256 quam
1747 2206 1796 2259 ³9⁰
1809 2207 1873 2260 pro.

132 2280 163 2332 00
180 2280 290 2345 sipnum
309 2278 420 2345 loedett't
440 2282 513 2331 inter
531 2293 572 2331 me
593 2282 618 2329 00
644 2291 699 2330 000·
721 2277 818 2341 insons
842 2279 900 2329 0000
919 2273 975 2327 dfe·
1008 2299 1009 2303 ¹
1033 2299 1133 2353 penum
1148 2283 1227 2338 toute
1242 2288 1305 2336 unte
1320 2284 1409 2336 oculu
1423 2279 1625 2351 oestrcsiibid,
1639 2279 1678 2350 8).
1694 2280 1729 2334 Et
1750 2280 1872 2335 iterum:

132 2381 195 2420 eunt
225 2366 434 2420 circumcidetur
465 2369 495 2419 iu
526 2365 613 2418 uobis.
639 2365 722 2418 Onine
740 2364 920 2417 muscutinam
948 2363 979 2414 in
1034 2372 1144 2427 pppgppg
1159 2388 1217 2426 gam
1240 2373 1309 2441 ppos
1327 2375 1385 2426 ppos
1410 2386 1440 2425 pp
1459 2375 1568 2437 nepotes
1594 2368 1682 2439 (pipp,
1704 2368 1742 2438 9),
1762 2369 1798 2424 [qq
1818 2377 1873 2438 posi

131 2453 352 2524 perunctionibus
366 2456 465 2508 vestiis
481 2458 536 2507 tum
550 2453 711 2507 vernaculus
734 2466 817 2516 quoin
841 2452 978 2520 emptitius
1035 2461 1149 2532 aliqum
1167 2464 1201 2516 Tg
1218 2461 1297 2527 gpeyp
1312 2463 1443 2514 pommus
1459 2461 1531 2513 pepp
1549 2463 1621 2523 epus,
1640 2462 1671 2512 pp
1693 2460 1731 2512 sps
1750 2461 1777 2512 α·
1785 2474 1872 2527 popu.

132 2543 351 2610 circumcidetur,
375 2549 400 2599 ti
420 2545 573 2612 0000000000
598 2544 754 2608 00010000
770 2540 803 2594 00
829 2542 914 2609 0000100
934 2555 977 2594 00·
1036 2552 1078 2604 lus
1097 2551 1245 2620 peculiaris
1275 2549 1308 2604 dc
1333 2552 1436 2603 cunctis
1449 2550 1560 2618 populis
1581 2549 1629 2613 qui
1646 2552 1710 2602 sunt
1728 2562 1813 2616 super
1826 2553 1873 2601 ter·

131 2639 201 2702 atra,
218 2635 323 2703 critque
346 2637 457 2702 pactum
481 2646 569 2686 meum
591 2632 621 2684 in
639 2646 721 2685 corne
736 2633 827 2684 uestro
845 2631 876 2682 in
890 2628 978 2695 fuctus
1033 2655 1093 2693 ram
1118 2640 1207 2708 (pepp,
1230 2651 1281 2705 pq,
1310 2638 1349 2707 6),
1380 2638 1414 2693 Eg
1444 2636 1621 2692 psalmista:
1648 2638 1702 2701 Qui
1729 2640 1873 2690 ppnpgpai

131 2728 272 2778 00000000·
298 2721 446 2787 00000οῙ0οι
473 2720 551 2788 witti
577 2720 709 2788 itiaeitmii'
737 2733 799 2772 0000
821 2717 979 2771 0000000οῑ00
1033 2727 1144 2782 uerbum
1172 2743 1251 2781 suunt
1271 2726 1364 2793 Jacob,
1383 2728 1511 2796 justitias
1538 2732 1564 2780 et
1578 2725 1691 2795 judicie
1711 2740 1764 2780 suu
1783 2725 1872 2780 israel.

119 2799 186 2867 ’000
210 2812 309 2878 stimi,
331 2807 433 2878 peribit
454 2811 548 2862 amma
571 2807 621 2861 5²²⁰
647 2807 680 2861 00
702 2806 803 2876 100Ροἶο
826 2820 888 2874 00οι
913 2806 979 2874 quic
1034 2819 1094 2874 Non
1120 2818 1186 2884 secti
1211 2817 1302 2870 taliter
1329 2820 1403 2870 omni
1430 2818 1547 2881 notioni,
1569 2820 1596 2870 et
1613 2815 1720 2885 judicto
1743 2829 1797 2869 suu
1824 2831 1873 2868 non

118 2905 241 2983 ⁴illicitam
275 2914 364 2953 000000
392 2900 504 2952 tritium
528 2899 596 2963 [0000
618 2895 707 2966 (ibid,
732 2892 825 2963 7·¹4)·
850 2894 885 2950 Ei
917 2900 977 2962 0030
996 2881 1222 2972 Crreunifcsturu't
1248 2910 1288 2959 ets
1314 2905 1396 2975 (Psoi.
1425 2919 1531 2971 cxnvu,
1568 2907 1609 2971 ie,
1637 2905 1695 2974 ab).
1724 2903 1876 2974 Apostolus

131 2989 247 3060 0000οῑ
275 2987 365 3056 Super
382 2987 480 3040 1300000
504 2999 609 3053 quoque
631 2983 761 3037 enoudtui
785 2988 819 3050 00,
839 2987 865 3036 00
885 2982 977 3036 mulii·
1033 3009 1151 3067 qnoque
1174 3002 1303 3063 patenter
1330 2994 1420 3064 legem
1450 3007 1508 3048 non
1540 2991 1676 3048 omuibus
1709 2993 1803 3064 loqui,
1832 2991 1874 3047 vel

129 3078 236 3147 1000000
270 3092 330 3130 eum
352 3074 441 3129 ualde.
467 3076 582 3128 Ρο0000
602 3088 664 3127 000
683 3087 770 3125 meum
798 3075 918 3126 00000000
941 3071 978 3125 00
1032 3081 1129 3139 datam
1155 3095 1216 3137 esse
1250 3095 1339 3151 snpra
1368 3080 1512 3150 prolessns
1533 3086 1585 3146 est,
1616 3079 1737 3136 dicens:
1770 3081 1874 3137 Scimus

116 3167 308 3235 .1suucquem
337 3163 429 3232 pariet
450 3161 504 3217 tibi
522 3161 594 3216 Suru
614 3159 704 3230 (ibit,
721 3158 769 3226 29,
790 3161 848 3228 ai).
874 3162 975 3231 Augu·
1032 3167 1121 3218 autern
1141 3164 1269 3227 quonium
1296 3177 1461 3230 quacunque
1486 3163 1528 3215 teu
1556 3163 1689 3231 loquitur,
1717 3165 1759 3218 bis
1780 3167 1876 3235 quein

131 3254 226 3310 stiuns
244 3255 283 3308 De
302 3251 412 3321 nuptiis
430 3258 458 3306 et
481 3248 727 3319 concupiscentia,
742 3248 793 3304 lib.
818 3265 838 3315 i,
864 3249 898 3304 de
917 3250 976 3304 cir·
1032 3253 1088 3321 iepe
1102 3258 1166 3306 sunt
1181 3252 1304 3320 loquitur
1317 3252 1403 3322 (lton.
1420 3267 1461 3318 ιιι,
1482 3253 1534 3322 ie).

130 3340 328 3399 cumcidendis
345 3340 424 3410 (bblz
446 3360 456 3388 ι
484 3338 561 3394 Deus
577 3338 617 3394 sic
641 3337 832 3394 manifestavit
856 3336 976 3392 intanti·
1068 3340 1118 3394 llis
1142 3347 1237 3396 autem
1257 3354 1273 3394 a
1292 3340 1375 3396 nobis
1402 3341 1437 3396 de
1468 3341 1685 3397 circumcisione
1709 3341 1873 3411 prelibatis,

129 3432 202 3489 hus:
226 3431 363 3486 bibaculus
394 3431 443 3498 qui
467 3445 521 3483 non
548 3428 756 3482 urcumcideiur
776 3428 909 3496 praeputii
931 3429 976 3481 sut
1030 3426 1097 3483 licet
1116 3428 1260 3484 succincte
1276 3429 1465 3498 antiquorum
1481 3429 1557 3484 dicia
1576 3429 1688 3484 adeam
1703 3429 1873 3499 pertinentia

128 3536 210 3576 conte
224 3523 316 3593 octuoo
338 3519 392 3586 die,
408 3518 542 3588 disperiet
561 3518 652 3572 citima
675 3517 734 3586 ejus
749 3515 783 3569 de
799 3531 895 3582 penece
913 3530 970 3579 scio,
1031 3531 1088 3572 non
1100 3517 1256 3585 praeterire.
1273 3517 1504 3588 Origencssuper
1520 3519 1594 3573 lianc
1617 3517 1772 3587 Epistulam
1793 3519 1873 3575 Pauli

128 3614 197 3681 quic
216 3611 405 3663 testamentum
437 3622 525 3661 meum
548 3607 695 3675 dissipauit
729 3604 818 3674 (ibid,
849 3603 902 3673 il).
928 3605 973 3659 Di·
1030 3605 1407 3675 verbissuperiuscitaiis:
1430 3604 1458 3660 Si
1487 3606 1576 3677 igitur
1602 3607 1788 3675 preputium,
1817 3614 1872 3662 etc.

127 3698 247 3766 caliste,
265 3698 288 3753 si
311 3704 412 3767 potest,
437 3694 582 3766 quomodo
605 3707 678 3764 puer
699 3693 745 3748 ille
771 3699 833 3748 octo
861 3692 973 3748 dierum
1032 3695 1137 3747 «Dicit
1160 3697 1230 3750 Deus
1254 3694 1291 3748 ud
1315 3693 1473 3749 Abi-utum:
1494 3696 1533 3748 Tu
1560 3699 1651 3748 ouicm
1682 3698 1872 3749 testamcutum

127 3795 332 3846 testamentum
351 3785 509 3855 dissipavit.
532 3783 679 3854 Quantum
693 3782 728 3838 ad
747 3782 840 3852 ipsum
861 3780 973 3852 proprie
1028 3783 1259 3852 meumseroubts,
1275 3788 1299 3838 et
1323 3798 1398 3838 omne
1414 3799 1502 3838 senen
1528 3787 1604 3837 tuum
1622 3789 1686 3853 post
1707 3788 1731 3837 te
1745 3788 1776 3837 in
1792 3800 1872 3852 pcae-

126 3875 238 3942 atiinet,
250 3876 389 3932 innocens
404 3873 510 3930 inians.
529 3873 610 3928 Tunc
630 3886 698 3943 ergo
722 3870 870 3940 dissipavit
889 3877 972 3927 lesia·
1026 3874 1146 3928 rutioues
1170 3888 1244 3927 suus.
1271 3874 1305 3928 iit
1328 3873 1375 3927 boc
1403 3879 1442 3927 est
1466 3876 1653 3926 testamentum
1682 3875 1753 3926 inter
1773 3889 1819 3927 eos
1847 3879 1872 3927 ct

125 3973 257 4023 mentum
276 3965 337 4030 Dei,
358 3978 412 4019 nec
439 3963 491 4019 icoc
515 3961 550 4017 de
576 3962 716 4031 imperata
740 3959 970 4027 circumcisione,
1026 3975 1078 4027 me,
1094 3965 1119 4015 et
1138 3965 1209 4016 inter
1229 3977 1270 4015 nte
1285 3967 1309 4015 et
1329 3960 1533 4015 intermedium
1557 3963 1671 4016 seminis
1687 3963 1729 4014 tui
1744 3966 1810 4029 post
1825 3966 1870 4016 te:

125 4055 175 4111 sed
204 4053 276 4110 illud
301 4053 335 4109 de
355 4051 427 4122 ligni
456 4050 660 4121 prohibitione,
680 4048 798 4120 quando
820 4063 869 4117 pec
886 4064 971 4102 unum
1027 4049 1242 4106 dereoomeidotur
1274 4065 1348 4105 omne
1385 4051 1565 4103 masculinum
1594 4055 1723 4110 oestrum,
1752 4055 1778 4103 et
1802 4066 1873 4119 puer

125 4143 261 4198 bominem
274 4145 426 4212 peecatum,
454 4146 477 4193 ct
497 4154 548 4208 per
568 4144 710 4214 peccatum
728 4152 814 4202 mors,
831 4142 856 4190 et
874 4139 916 4191 itu
941 4140 971 4191 c'rt
1026 4143 1122 4191 octuuu
1138 4137 1190 4191 die.
1216 4136 1432 4192 circumcidetur
1454 4140 1483 4189 tu
1503 4135 1577 4189 uobis
1600 4137 1686 4190 ominis
1703 4137 1870 4191 muscutinus

124 4246 214 4287 omues
241 4231 360 4285 domines
389 4231 512 4296 transiit,
543 4231 573 4282 in
602 4243 654 4293 quo
681 4242 772 4282 omues
792 4230 971 4295 peccaverunt
987 4219 1009 4273 D
1026 4227 1055 4280 tu
1067 4227 1288 4294 penerotionibus
1302 4227 1399 4280 vestris
1419 4225 1737 4293 ocrnucutisetpecuniu
1750 4234 1868 4295 enipius.

124 4320 212 4391 (Doni.
224 4333 253 4388 v,
273 4320 323 4389 ia).
336 4340 350 4368 ιι
978 4340 981 4341 ⁷
1027 4314 1222 4370 Discuiiamus
1243 4322 1342 4371 utrum
1361 4313 1530 4368 mandatum
1558 4312 1647 4368 etiam
1670 4327 1728 4380 eos,
1753 4313 1806 4383 qui
1835 4327 1870 4368 eu

159 4411 230 4466 Ecce
245 4410 327 4467 beato
351 4413 510 4479 exponente
536 4405 704 4478 Augustino
724 4405 869 4476 quomodo
885 4417 972 4459 unus·
1026 4400 1164 4474 gentibus
1186 4400 1370 4457 crediderunt
1397 4399 1586 4471 constringat.
1617 4399 1776 4470 Nunquam
1805 4398 1870 4456 iecit

122 4499 249 4571 quisque
262 4498 292 4553 iu
308 4496 409 4568 primis
425 4495 594 4566 parentibus
612 4502 813 4551 testamentum
838 4492 899 4549 sive
921 4506 970 4562 pa·
1025 4489 1161 4560 proselyti
1177 4489 1361 4557 mentionem,
1379 4488 1407 4544 id
1426 4495 1468 4546 est
1491 4488 1620 4557 advena,
1646 4489 1694 4544 sed
1724 4502 1870 4545 vernacu-

122 4595 201 4645 ctum
218 4586 343 4657 Domini,
357 4584 386 4641 id
411 4592 453 4641 est
471 4585 596 4654 primam
614 4583 678 4654 eius
697 4595 714 4637 a
739 4580 860 4638 Domino
878 4579 968 4652 legem
1024 4577 1085 4635 lum
1097 4591 1214 4634 servum
1232 4576 1276 4634 vel
1292 4578 1383 4648 pretio
1409 4586 1569 4635 mercatum
1585 4577 1753 4634 circumcidi
1776 4577 1867 4649 jubet,

121 4677 218 4735 datam
235 4677 265 4732 iu
287 4675 421 4747 paradiso
443 4663 616 4745 transgressi
635 4679 713 4738 sunt,
741 4677 774 4726 ut
789 4670 890 4726 saltem
913 4669 969 4725 ori·
1023 4681 1081 4723 non
1109 4666 1245 4723 liberum.
1270 4666 1487 4724 perscrutemur
1504 4668 1591 4724 eiiam
1621 4665 1740 4723 Levitici
1765 4667 1867 4738 legem.

121 4762 227 4836 ginalis
254 4762 362 4834 peccati
382 4758 499 4816 viuculo
518 4765 651 4815 teneatur
668 4765 696 4814 et
720 4755 872 4827 parvidus,
900 4770 967 4812 oum
1021 4758 1155 4827 Loquere,
1173 4756 1277 4827 inquii,
1297 4759 1364 4827 pitis
1378 4757 1474 4823 isruet,
1497 4762 1522 4812 et
1543 4757 1670 4812 ditescit
1692 4771 1752 4812 eos:
1770 4758 1870 4812 Mulier

111 4851 155 4923 yde
173 4851 321 4909 Abraham
344 4851 514 4919 ceterisque
534 4846 668 4904 iideiibus
690 4854 777 4902 natus
797 4845 968 4916 parentibus
1022 4849 1047 4902 si
1055 4847 1192 4916 pepererit
1214 4847 1375 4913 musculum,
1401 4842 1502 4902 octono¹
1519 4847 1729 4901 circumcidetur
1743 4846 1789 4902 dte
1814 4849 1869 4917 (Le-

119 4940 155 4998 de
176 4941 280 5011 populo
296 4955 357 5004 suo,
375 4940 401 4995 id
418 4945 461 4997 est
475 4953 492 4995 a
504 4946 579 4995 sorte
599 4944 626 4993 ει
643 4935 823 4993 beatitudine
838 4935 966 4992 ildeiium
1021 4938 1071 4991 uit.
1089 4950 1141 5003 ιιι,
1155 4937 1180 5001 t,
1198 4934 1234 5007 3).
1259 4936 1375 4991 intuere
1391 4935 1478 4991 etiam
1501 4935 1548 4991 bic
1572 4936 1820 5006 quemadmodum
1837 4936 1869 4991 de

109 5037 236 5105 'patrum
251 5044 372 5088 snorum
391 5027 427 5085 sit
447 5026 659 5097 excludendus,
680 5025 736 5081 nisi
750 5025 786 5094 ei,
808 5032 841 5081 ut
856 5024 965 5080 dictum
1021 5025 1082 5096 lege
1094 5023 1322 5080 circumcisionis
1347 5030 1462 5081 tautum
1485 5024 1521 5079 ad
1545 5023 1618 5079 lilios
1645 5022 1735 5080 lsrael
1758 5025 1869 5096 bloyscs

117 5124 169 5186 est,
185 5116 415 5176 circumcisionis
435 5116 562 5174 remedio
580 5114 755 5172 subventum
772 5113 866 5171 luerit.
884 5112 965 5180 Quod
1020 5113 1099 5184 loqui
1119 5114 1249 5185 jubetur,
1271 5120 1299 5169 et
1326 5112 1557 5185 alienigenarum
1577 5113 1660 5169 nulla
1688 5112 1717 5168 iii
1748 5116 1866 5180 mentio,

105 5217 187 5275 ,vero
208 5207 239 5265 in
259 5216 396 5278 praecepto
423 5204 651 5270 circumcisionis
675 5205 808 5261 additum
833 5210 886 5273 est,
907 5207 964 5257 tum
1019 5216 1086 5259 cnm
1102 5201 1132 5256 iu
1147 5201 1323 5273 quibusdam
1343 5201 1488 5257 mandatis
1504 5216 1562 5257 nun
1578 5202 1672 5257 solum
1685 5200 1752 5257 tiliis
1769 5203 1867 5267 lsrael,

106 5298 278 5381 ‘emeatus
311 5312 393 5364 quum
420 5297 566 5368 emptitius
596 5293 814 5362 circumcidetur,
840 5298 865 5348 et
898 5293 963 5363 qui·
1018 5292 1067 5349 sed
1086 5291 1246 5363 proselytis,
1268 5290 1355 5348 idest
1383 5290 1504 5349 advenis
1525 5290 1674 5364 loquatur.
1704 5291 1869 5350 Necessarie

130 5439 348 5566 respectui,
365 5470 771 5565 iom.xnrv,eoi·.ue,iso.
804 5561 806 5565 ‚
858 5468 895 5564 Ἀ
945 5458 950 5469 ’
