<?xml version="1.0" encoding="UTF-8"?>
<!DOCTYPE html PUBLIC "-//W3C//DTD XHTML 1.0 Transitional//EN"
    "http://www.w3.org/TR/xhtml1/DTD/xhtml1-transitional.dtd">
<html xmlns="http://www.w3.org/1999/xhtml" xml:lang="en" lang="en">
 <head>
  <title>
</title>
<meta http-equiv="Content-Type" content="text/html;charset=utf-8" />
  <meta name='ocr-system' content='tesseract 3.04.00' />
  <meta name='ocr-capabilities' content='ocr_page ocr_carea ocr_par ocr_line ocrx_word'/>
</head>
<body>
  <div class='ocr_page' id='page_1' title='image "./patrologiaecurs53unkngoog_0846.png"; bbox 0 0 3804 5962; ppageno 0'>
   <div class='ocr_carea' id='block_1_1' title="bbox 347 260 1694 336">
    <p class='ocr_par' dir='ltr' id='par_1_1' title="bbox 347 260 1694 336">
     <span class='ocr_line' id='line_1_1' title="bbox 347 260 1694 336; baseline -0.001 -16"><span class='ocrx_word' id='word_1_1' title='bbox 347 262 487 321; x_wconf 77' lang='lat' dir='ltr'><strong>uilloc.</strong></span> <span class='ocrx_word' id='word_1_2' title='bbox 508 265 611 322; x_wconf 79' lang='lat' dir='ltr'>INTER</span> <span class='ocrx_word' id='word_1_3' title='bbox 630 265 850 336; x_wconf 77' lang='lat' dir='ltr'><strong>rnlnosorfl,</strong></span> <span class='ocrx_word' id='word_1_4' title='bbox 869 265 1015 324; x_wconf 72' lang='lat' dir='ltr'><strong>JUDAEUM</strong></span> <span class='ocrx_word' id='word_1_5' title='bbox 1033 265 1076 321; x_wconf 86' lang='lat' dir='ltr'><strong>ET</strong></span> <span class='ocrx_word' id='word_1_6' title='bbox 1094 260 1290 322; x_wconf 78' lang='lat' dir='ltr'><strong>cunisrlnu.</strong></span> <span class='ocrx_word' id='word_1_7' title='bbox 1626 263 1694 318; x_wconf 77' lang='lat' dir='ltr'><strong>ldie</strong></span> 
     </span>
    </p>
   </div>
   <div class='ocr_carea' id='block_1_2' title="bbox 78 384 1778 5536">
    <p class='ocr_par' dir='ltr' id='par_1_2' title="bbox 78 384 1778 5536">
     <span class='ocr_line' id='line_1_2' title="bbox 83 384 1772 461; baseline 0 -18"><span class='ocrx_word' id='word_1_8' title='bbox 83 387 199 458; x_wconf 83' lang='lat' dir='ltr'>aliquod</span> <span class='ocrx_word' id='word_1_9' title='bbox 226 388 419 454; x_wconf 72' lang='lat' dir='ltr'><strong>bonumesse</strong></span> <span class='ocrx_word' id='word_1_10' title='bbox 448 390 525 461; x_wconf 91' lang='lat' dir='ltr'><strong>quod</strong></span> <span class='ocrx_word' id='word_1_11' title='bbox 553 405 612 447; x_wconf 92' lang='lat' dir='ltr'><strong>non</strong></span> <span class='ocrx_word' id='word_1_12' title='bbox 635 399 735 448; x_wconf 90' lang='lat' dir='ltr'><strong>noceat</strong></span> <span class='ocrx_word' id='word_1_13' title='bbox 764 391 831 446; x_wconf 86' lang='lat' dir='ltr'><strong>etA</strong></span> <span class='ocrx_word' id='word_1_14' title='bbox 847 387 1072 457; x_wconf 85' lang='lat' dir='ltr'><strong>ludveniamus,</strong></span> <span class='ocrx_word' id='word_1_15' title='bbox 1088 386 1166 459; x_wconf 94' lang='lat' dir='ltr'><strong>quod</strong></span> <span class='ocrx_word' id='word_1_16' title='bbox 1181 384 1410 443; x_wconf 86' lang='lat' dir='ltr'><strong>Christianorum</strong></span> <span class='ocrx_word' id='word_1_17' title='bbox 1433 391 1543 443; x_wconf 80' lang='lat' dir='ltr'>mentes</span> <span class='ocrx_word' id='word_1_18' title='bbox 1574 385 1694 443; x_wconf 90' lang='lat' dir='ltr'><strong>cbarius</strong></span> <span class='ocrx_word' id='word_1_19' title='bbox 1768 384 1772 389; x_wconf 85' lang='lat'>&#39;</span> 
     </span>
     <span class='ocr_line' id='line_1_3' title="bbox 87 472 1696 558; baseline -0.001 -25"><span class='ocrx_word' id='word_1_20' title='bbox 87 477 164 549; x_wconf 90' lang='lat' dir='ltr'><strong>quod</strong></span> <span class='ocrx_word' id='word_1_21' title='bbox 179 491 237 533; x_wconf 90' lang='lat' dir='ltr'><strong>non</strong></span> <span class='ocrx_word' id='word_1_22' title='bbox 263 479 360 549; x_wconf 81' lang='lat' dir='ltr'>prosit.</span> <span class='ocrx_word' id='word_1_23' title='bbox 378 478 467 537; x_wconf 85' lang='lat' dir='ltr'><strong>Verbi</strong></span> <span class='ocrx_word' id='word_1_24' title='bbox 484 480 600 551; x_wconf 83' lang='lat' dir='ltr'><strong>gratia:</strong></span> <span class='ocrx_word' id='word_1_25' title='bbox 624 481 698 536; x_wconf 83' lang='lat' dir='ltr'><strong>Ecce</strong></span> <span class='ocrx_word' id='word_1_26' title='bbox 718 481 796 552; x_wconf 90' lang='lat' dir='ltr'><strong>jam·</strong></span> <span class='ocrx_word' id='word_1_27' title='bbox 852 479 1077 549; x_wconf 89' lang='lat' dir='ltr'><strong>amplectuntur,</strong></span> <span class='ocrx_word' id='word_1_28' title='bbox 1094 475 1147 533; x_wconf 90' lang='lat' dir='ltr'><strong>etsi</strong></span> <span class='ocrx_word' id='word_1_29' title='bbox 1169 475 1220 532; x_wconf 90' lang='lat' dir='ltr'><strong>tibi</strong></span> <span class='ocrx_word' id='word_1_30' title='bbox 1244 473 1290 558; x_wconf 84' lang='lat' dir='ltr'><strong>vel</strong></span> <span class='ocrx_word' id='word_1_31' title='bbox 1304 473 1357 530; x_wconf 92' lang='lat' dir='ltr'><strong>tibi</strong></span> <span class='ocrx_word' id='word_1_32' title='bbox 1380 472 1523 530; x_wconf 84' lang='lat' dir='ltr'><strong>similibus</strong></span> <span class='ocrx_word' id='word_1_33' title='bbox 1538 473 1696 531; x_wconf 90' lang='lat' dir='ltr'><strong>ridiculum</strong></span> 
     </span>
     <span class='ocr_line' id='line_1_4' title="bbox 79 561 1697 640; baseline 0.001 -20"><span class='ocrx_word' id='word_1_34' title='bbox 79 565 183 637; x_wconf 90' lang='lat' dir='ltr'><strong>aliquis</strong></span> <span class='ocrx_word' id='word_1_35' title='bbox 198 566 227 622; x_wconf 94' lang='lat' dir='ltr'><strong>in</strong></span> <span class='ocrx_word' id='word_1_36' title='bbox 252 566 334 623; x_wconf 90' lang='lat' dir='ltr'><strong>bonis</strong></span> <span class='ocrx_word' id='word_1_37' title='bbox 347 567 485 638; x_wconf 93' lang='lat' dir='ltr'><strong>operibus</strong></span> <span class='ocrx_word' id='word_1_38' title='bbox 500 583 529 624; x_wconf 90' lang='lat' dir='ltr'><strong>se</strong></span> <span class='ocrx_word' id='word_1_39' title='bbox 556 568 626 626; x_wconf 90' lang='lat' dir='ltr'><strong>adeo</strong></span> <span class='ocrx_word' id='word_1_40' title='bbox 655 570 795 640; x_wconf 79' lang='lat' dir='ltr'><strong>exercuit,</strong></span> <span class='ocrx_word' id='word_1_41' title='bbox 851 568 994 625; x_wconf 88' lang='lat' dir='ltr'><strong>videatur.</strong></span> <span class='ocrx_word' id='word_1_42' title='bbox 1017 565 1144 623; x_wconf 79' lang='lat' dir='ltr'><strong>Traditio</strong></span> <span class='ocrx_word' id='word_1_43' title='bbox 1169 563 1284 622; x_wconf 86' lang='lat' dir='ltr'><strong>Domini</strong></span> <span class='ocrx_word' id='word_1_44' title='bbox 1311 564 1379 620; x_wconf 87' lang='lat' dir='ltr'><strong>lesu</strong></span> <span class='ocrx_word' id='word_1_45' title='bbox 1402 561 1432 618; x_wconf 92' lang='lat' dir='ltr'><strong>in</strong></span> <span class='ocrx_word' id='word_1_46' title='bbox 1460 576 1565 620; x_wconf 88' lang='lat' dir='ltr'><strong>manns</strong></span> <span class='ocrx_word' id='word_1_47' title='bbox 1584 563 1697 622; x_wconf 77' lang='lat' dir='ltr'><strong>ludaeo-</strong></span> 
     </span>
     <span class='ocr_line' id='line_1_5' title="bbox 79 651 1698 725; baseline -0.002 -13"><span class='ocrx_word' id='word_1_48' title='bbox 79 655 180 725; x_wconf 83' lang='lat' dir='ltr'><strong>saepius</strong></span> <span class='ocrx_word' id='word_1_49' title='bbox 193 655 338 721; x_wconf 88' lang='lat' dir='ltr'><strong>laudatus,</strong></span> <span class='ocrx_word' id='word_1_50' title='bbox 368 656 463 714; x_wconf 83' lang='lat' dir='ltr'><strong>uelde</strong></span> <span class='ocrx_word' id='word_1_51' title='bbox 479 657 682 715; x_wconf 86' lang='lat' dir='ltr'><strong>suisconsrsus</strong></span> <span class='ocrx_word' id='word_1_52' title='bbox 703 659 797 717; x_wconf 87' lang='lat' dir='ltr'><strong>virtu·</strong></span> <span class='ocrx_word' id='word_1_53' title='bbox 852 671 930 723; x_wconf 88' lang='lat' dir='ltr'><strong>rum,</strong></span> <span class='ocrx_word' id='word_1_54' title='bbox 947 664 1006 713; x_wconf 88' lang='lat' dir='ltr'><strong>tam</strong></span> <span class='ocrx_word' id='word_1_55' title='bbox 1030 655 1142 725; x_wconf 89' lang='lat' dir='ltr'><strong>abipso</strong></span> <span class='ocrx_word' id='word_1_56' title='bbox 1166 654 1235 710; x_wconf 84' lang='lat' dir='ltr'><strong>iesu</strong></span> <span class='ocrx_word' id='word_1_57' title='bbox 1263 665 1387 724; x_wconf 89' lang='lat' dir='ltr'><strong>quama</strong></span> <span class='ocrx_word' id='word_1_58' title='bbox 1419 652 1476 709; x_wconf 92' lang='lat' dir='ltr'><strong>Deo</strong></span> <span class='ocrx_word' id='word_1_59' title='bbox 1502 651 1596 718; x_wconf 88' lang='lat' dir='ltr'><strong>Patre,</strong></span> <span class='ocrx_word' id='word_1_60' title='bbox 1620 651 1698 709; x_wconf 87' lang='lat' dir='ltr'><strong>vela</strong></span> 
     </span>
     <span class='ocr_line' id='line_1_6' title="bbox 86 740 1698 816; baseline -0.002 -14"><span class='ocrx_word' id='word_1_61' title='bbox 86 745 252 816; x_wconf 87' lang='lat' dir='ltr'><strong>superbiam</strong></span> <span class='ocrx_word' id='word_1_62' title='bbox 271 745 435 815; x_wconf 78' lang='lat' dir='ltr'><strong>extollatur,</strong></span> <span class='ocrx_word' id='word_1_63' title='bbox 450 745 495 803; x_wconf 85' lang='lat' dir='ltr'><strong>vel</strong></span> <span class='ocrx_word' id='word_1_64' title='bbox 510 747 586 803; x_wconf 90' lang='lat' dir='ltr'><strong>alius</strong></span> <span class='ocrx_word' id='word_1_65' title='bbox 601 747 711 804; x_wconf 87' lang='lat' dir='ltr'><strong>invidia</strong></span> <span class='ocrx_word' id='word_1_66' title='bbox 730 748 798 806; x_wconf 89' lang='lat' dir='ltr'><strong>binc</strong></span> <span class='ocrx_word' id='word_1_67' title='bbox 851 745 926 802; x_wconf 85' lang='lat' dir='ltr'><strong>iuda</strong></span> <span class='ocrx_word' id='word_1_68' title='bbox 940 745 1078 802; x_wconf 78' lang='lat' dir='ltr'><strong>traditore</strong></span> <span class='ocrx_word' id='word_1_69' title='bbox 1092 742 1154 801; x_wconf 87' lang='lat' dir='ltr'><strong>deri</strong></span> <span class='ocrx_word' id='word_1_70' title='bbox 1169 750 1355 811; x_wconf 91' lang='lat' dir='ltr'><strong>memoratus,</strong></span> <span class='ocrx_word' id='word_1_71' title='bbox 1372 755 1440 798; x_wconf 87' lang='lat' dir='ltr'><strong>nam</strong></span> <span class='ocrx_word' id='word_1_72' title='bbox 1451 748 1479 798; x_wconf 92' lang='lat' dir='ltr'><strong>et</strong></span> <span class='ocrx_word' id='word_1_73' title='bbox 1495 743 1578 798; x_wconf 87' lang='lat' dir='ltr'><strong>Pater</strong></span> <span class='ocrx_word' id='word_1_74' title='bbox 1592 740 1698 799; x_wconf 82' lang='lat' dir='ltr'><strong>Filium</strong></span> 
     </span>
     <span class='ocr_line' id='line_1_7' title="bbox 79 828 1698 907; baseline -0.002 -18"><span class='ocrx_word' id='word_1_75' title='bbox 79 841 135 890; x_wconf 91' lang='lat' dir='ltr'><strong>tur.</strong></span> <span class='ocrx_word' id='word_1_76' title='bbox 151 833 197 890; x_wconf 89' lang='lat' dir='ltr'><strong>Sic</strong></span> <span class='ocrx_word' id='word_1_77' title='bbox 210 834 307 904; x_wconf 90' lang='lat' dir='ltr'><strong>itaque</strong></span> <span class='ocrx_word' id='word_1_78' title='bbox 320 834 429 890; x_wconf 91' lang='lat' dir='ltr'><strong>malum</strong></span> <span class='ocrx_word' id='word_1_79' title='bbox 454 835 488 890; x_wconf 93' lang='lat' dir='ltr'><strong>de</strong></span> <span class='ocrx_word' id='word_1_80' title='bbox 507 835 582 892; x_wconf 90' lang='lat' dir='ltr'><strong>bono</strong></span> <span class='ocrx_word' id='word_1_81' title='bbox 610 844 722 894; x_wconf 89' lang='lat' dir='ltr'><strong>constat</strong></span> <span class='ocrx_word' id='word_1_82' title='bbox 736 851 799 907; x_wconf 93' lang='lat' dir='ltr'><strong>pro·</strong></span> <span class='ocrx_word' id='word_1_83' title='bbox 852 842 880 891; x_wconf 90' lang='lat' dir='ltr'><strong>et</strong></span> <span class='ocrx_word' id='word_1_84' title='bbox 903 834 994 892; x_wconf 87' lang='lat' dir='ltr'><strong>Filius</strong></span> <span class='ocrx_word' id='word_1_85' title='bbox 1008 833 1136 904; x_wconf 89' lang='lat' dir='ltr'><strong>seipsum</strong></span> <span class='ocrx_word' id='word_1_86' title='bbox 1150 839 1178 889; x_wconf 92' lang='lat' dir='ltr'><strong>et</strong></span> <span class='ocrx_word' id='word_1_87' title='bbox 1196 831 1284 888; x_wconf 86' lang='lat' dir='ltr'><strong>indas</strong></span> <span class='ocrx_word' id='word_1_88' title='bbox 1300 830 1433 889; x_wconf 91' lang='lat' dir='ltr'><strong>eumdem</strong></span> <span class='ocrx_word' id='word_1_89' title='bbox 1457 829 1610 887; x_wconf 83' lang='lat' dir='ltr'><strong>tradidisse</strong></span> <span class='ocrx_word' id='word_1_90' title='bbox 1628 828 1698 887; x_wconf 90' lang='lat' dir='ltr'><strong>dici·</strong></span> 
     </span>
     <span class='ocr_line' id='line_1_8' title="bbox 79 920 1700 1007; baseline -0.002 -27"><span class='ocrx_word' id='word_1_91' title='bbox 79 930 98 980; x_wconf 80' lang='lat' dir='ltr'><strong>st</strong></span> <span class='ocrx_word' id='word_1_92' title='bbox 112 922 278 994; x_wconf 81' lang='lat' dir='ltr'><strong>frequenter</strong></span> <span class='ocrx_word' id='word_1_93' title='bbox 290 923 358 980; x_wconf 90' lang='lat' dir='ltr'><strong>mali</strong></span> <span class='ocrx_word' id='word_1_94' title='bbox 378 923 463 1007; x_wconf 68' lang='lat' dir='ltr'><strong>etiam</strong></span> <span class='ocrx_word' id='word_1_95' title='bbox 474 939 578 996; x_wconf 88' lang='lat' dir='ltr'><strong>ponam</strong></span> <span class='ocrx_word' id='word_1_96' title='bbox 594 939 711 982; x_wconf 91' lang='lat' dir='ltr'><strong>causam</strong></span> <span class='ocrx_word' id='word_1_97' title='bbox 726 942 797 984; x_wconf 89' lang='lat' dir='ltr'><strong>esse.</strong></span> <span class='ocrx_word' id='word_1_98' title='bbox 853 931 909 993; x_wconf 89' lang='lat' dir='ltr'><strong>tur,</strong></span> <span class='ocrx_word' id='word_1_99' title='bbox 926 939 994 981; x_wconf 92' lang='lat' dir='ltr'><strong>oum</strong></span> <span class='ocrx_word' id='word_1_100' title='bbox 1019 931 1116 981; x_wconf 89' lang='lat' dir='ltr'><strong>tamen</strong></span> <span class='ocrx_word' id='word_1_101' title='bbox 1132 923 1162 979; x_wconf 92' lang='lat' dir='ltr'><strong>in</strong></span> <span class='ocrx_word' id='word_1_102' title='bbox 1175 921 1291 987; x_wconf 86' lang='lat' dir='ltr'><strong>talibus,</strong></span> <span class='ocrx_word' id='word_1_103' title='bbox 1318 922 1364 979; x_wconf 84' lang='lat' dir='ltr'><strong>vel</strong></span> <span class='ocrx_word' id='word_1_104' title='bbox 1378 920 1523 988; x_wconf 89' lang='lat' dir='ltr'><strong>diabolus,</strong></span> <span class='ocrx_word' id='word_1_105' title='bbox 1548 920 1594 978; x_wconf 82' lang='lat' dir='ltr'><strong>rel</strong></span> <span class='ocrx_word' id='word_1_106' title='bbox 1610 921 1700 978; x_wconf 84' lang='lat' dir='ltr'><strong>ludas</strong></span> 
     </span>
     <span class='ocr_line' id='line_1_9' title="bbox 79 1009 1700 1088; baseline -0.001 -20"><span class='ocrx_word' id='word_1_107' title='bbox 79 1011 150 1068; x_wconf 86' lang='lat' dir='ltr'><strong>vitia</strong></span> <span class='ocrx_word' id='word_1_108' title='bbox 163 1019 262 1068; x_wconf 88' lang='lat' dir='ltr'><strong>nostra</strong></span> <span class='ocrx_word' id='word_1_109' title='bbox 284 1010 330 1069; x_wconf 85' lang='lat' dir='ltr'><strong>vel</strong></span> <span class='ocrx_word' id='word_1_110' title='bbox 351 1021 564 1084; x_wconf 72' lang='lat' dir='ltr'><strong>peccataque</strong></span> <span class='ocrx_word' id='word_1_111' title='bbox 590 1022 660 1072; x_wconf 89' lang='lat' dir='ltr'><strong>sunt</strong></span> <span class='ocrx_word' id='word_1_112' title='bbox 684 1017 799 1088; x_wconf 85' lang='lat' dir='ltr'><strong>proprie</strong></span> <span class='ocrx_word' id='word_1_113' title='bbox 852 1010 991 1083; x_wconf 92' lang='lat' dir='ltr'><strong>idipsum</strong></span> <span class='ocrx_word' id='word_1_114' title='bbox 1012 1011 1110 1069; x_wconf 88' lang='lat' dir='ltr'><strong>lecerit</strong></span> <span class='ocrx_word' id='word_1_115' title='bbox 1124 1012 1203 1084; x_wconf 92' lang='lat' dir='ltr'><strong>quod</strong></span> <span class='ocrx_word' id='word_1_116' title='bbox 1226 1012 1312 1068; x_wconf 87' lang='lat' dir='ltr'><strong>Deus.</strong></span> <span class='ocrx_word' id='word_1_117' title='bbox 1329 1009 1487 1068; x_wconf 79' lang='grc'><strong>1111110110</strong></span> <span class='ocrx_word' id='word_1_118' title='bbox 1503 1009 1565 1067; x_wconf 90' lang='lat' dir='ltr'><strong>ideo</strong></span> <span class='ocrx_word' id='word_1_119' title='bbox 1588 1009 1700 1067; x_wconf 91' lang='lat' dir='ltr'><strong>bonnm</strong></span> 
     </span>
     <span class='ocr_line' id='line_1_10' title="bbox 79 1099 1700 1173; baseline 0.001 -16"><span class='ocrx_word' id='word_1_120' title='bbox 79 1100 172 1167; x_wconf 74' lang='lat' dir='ltr'><strong>reuda,</strong></span> <span class='ocrx_word' id='word_1_121' title='bbox 202 1101 318 1158; x_wconf 92' lang='lat' dir='ltr'><strong>nonnisi</strong></span> <span class='ocrx_word' id='word_1_122' title='bbox 334 1101 363 1157; x_wconf 93' lang='lat' dir='ltr'><strong>in</strong></span> <span class='ocrx_word' id='word_1_123' title='bbox 391 1102 490 1158; x_wconf 89' lang='lat' dir='ltr'><strong>anima</strong></span> <span class='ocrx_word' id='word_1_124' title='bbox 517 1103 563 1160; x_wconf 86' lang='lat' dir='ltr'><strong>vel</strong></span> <span class='ocrx_word' id='word_1_125' title='bbox 589 1103 671 1161; x_wconf 91' lang='lat' dir='ltr'><strong>bonis</strong></span> <span class='ocrx_word' id='word_1_126' title='bbox 692 1104 799 1162; x_wconf 87' lang='lat' dir='ltr'><strong>babent</strong></span> <span class='ocrx_word' id='word_1_127' title='bbox 853 1100 972 1173; x_wconf 84' lang='lat' dir='ltr'><strong>aliquod</strong></span> <span class='ocrx_word' id='word_1_128' title='bbox 1005 1101 1161 1159; x_wconf 85' lang='lat' dir='ltr'><strong>videantur</strong></span> <span class='ocrx_word' id='word_1_129' title='bbox 1183 1101 1292 1168; x_wconf 89' lang='lat' dir='ltr'><strong>iecisse,</strong></span> <span class='ocrx_word' id='word_1_130' title='bbox 1307 1115 1366 1157; x_wconf 91' lang='lat' dir='ltr'><strong>non</strong></span> <span class='ocrx_word' id='word_1_131' title='bbox 1390 1107 1487 1157; x_wconf 89' lang='lat' dir='ltr'><strong>tamen</strong></span> <span class='ocrx_word' id='word_1_132' title='bbox 1499 1099 1616 1157; x_wconf 93' lang='lat' dir='ltr'><strong>dicendi</strong></span> <span class='ocrx_word' id='word_1_133' title='bbox 1631 1108 1700 1159; x_wconf 91' lang='lat' dir='ltr'><strong>sunt</strong></span> 
     </span>
     <span class='ocr_line' id='line_1_11' title="bbox 79 1188 1701 1265; baseline 0.001 -20"><span class='ocrx_word' id='word_1_134' title='bbox 79 1204 104 1246; x_wconf 92' lang='lat' dir='ltr'><strong>re</strong></span> <span class='ocrx_word' id='word_1_135' title='bbox 123 1189 274 1258; x_wconf 89' lang='lat' dir='ltr'><strong>creaturis,</strong></span> <span class='ocrx_word' id='word_1_136' title='bbox 298 1205 350 1246; x_wconf 91' lang='lat' dir='ltr'><strong>nec</strong></span> <span class='ocrx_word' id='word_1_137' title='bbox 364 1190 418 1246; x_wconf 92' lang='lat' dir='ltr'><strong>nisi</strong></span> <span class='ocrx_word' id='word_1_138' title='bbox 439 1204 456 1247; x_wconf 92' lang='lat' dir='ltr'><strong>a</strong></span> <span class='ocrx_word' id='word_1_139' title='bbox 480 1191 556 1249; x_wconf 94' lang='lat' dir='ltr'><strong>bono</strong></span> <span class='ocrx_word' id='word_1_140' title='bbox 578 1207 696 1265; x_wconf 77' lang='lat' dir='ltr'><strong>surgere</strong></span> <span class='ocrx_word' id='word_1_141' title='bbox 711 1194 799 1265; x_wconf 90' lang='lat' dir='ltr'><strong>possit</strong></span> <span class='ocrx_word' id='word_1_142' title='bbox 853 1190 926 1247; x_wconf 91' lang='lat' dir='ltr'><strong>bene</strong></span> <span class='ocrx_word' id='word_1_143' title='bbox 939 1189 1047 1248; x_wconf 88' lang='lat' dir='ltr'><strong>iecisse.</strong></span> <span class='ocrx_word' id='word_1_144' title='bbox 1065 1194 1123 1248; x_wconf 80' lang='lat' dir='ltr'><strong>Aut</strong></span> <span class='ocrx_word' id='word_1_145' title='bbox 1148 1190 1174 1247; x_wconf 92' lang='lat' dir='ltr'><strong>si</strong></span> <span class='ocrx_word' id='word_1_146' title='bbox 1185 1189 1305 1248; x_wconf 86' lang='lat' dir='ltr'><strong>iecerint</strong></span> <span class='ocrx_word' id='word_1_147' title='bbox 1321 1189 1361 1257; x_wconf 94' lang='lat' dir='ltr'><strong>id,</strong></span> <span class='ocrx_word' id='word_1_148' title='bbox 1390 1188 1437 1247; x_wconf 80' lang='lat' dir='ltr'><strong>vel</strong></span> <span class='ocrx_word' id='word_1_149' title='bbox 1460 1189 1521 1246; x_wconf 86' lang='lat' dir='ltr'><strong>lieri</strong></span> <span class='ocrx_word' id='word_1_150' title='bbox 1544 1189 1701 1261; x_wconf 86' lang='lat' dir='ltr'><strong>voluerint,</strong></span> 
     </span>
     <span class='ocr_line' id='line_1_12' title="bbox 79 1276 1702 1353; baseline 0.001 -20"><span class='ocrx_word' id='word_1_151' title='bbox 79 1293 116 1350; x_wconf 91' lang='lat' dir='ltr'><strong>o;</strong></span> <span class='ocrx_word' id='word_1_152' title='bbox 148 1279 247 1349; x_wconf 89' lang='lat' dir='ltr'><strong>quise</strong></span> <span class='ocrx_word' id='word_1_153' title='bbox 274 1279 419 1336; x_wconf 86' lang='lat' dir='ltr'><strong>contrario</strong></span> <span class='ocrx_word' id='word_1_154' title='bbox 439 1294 498 1336; x_wconf 94' lang='lat' dir='ltr'><strong>non</strong></span> <span class='ocrx_word' id='word_1_155' title='bbox 524 1280 630 1350; x_wconf 81' lang='lat' dir='ltr'><strong>rideat,</strong></span> <span class='ocrx_word' id='word_1_156' title='bbox 661 1283 800 1353; x_wconf 76' lang='grc'><strong>0000110-</strong></span> <span class='ocrx_word' id='word_1_157' title='bbox 854 1278 1087 1350; x_wconf 84' lang='lat' dir='ltr'><strong>quodvultderi</strong></span> <span class='ocrx_word' id='word_1_158' title='bbox 1117 1278 1265 1347; x_wconf 87' lang='lat' dir='ltr'><strong>Dens,vel</strong></span> <span class='ocrx_word' id='word_1_159' title='bbox 1292 1277 1422 1334; x_wconf 90' lang='lat' dir='ltr'><strong>eamdem</strong></span> <span class='ocrx_word' id='word_1_160' title='bbox 1438 1276 1567 1336; x_wconf 87' lang='lat' dir='ltr'><strong>iaciendo</strong></span> <span class='ocrx_word' id='word_1_161' title='bbox 1588 1277 1702 1350; x_wconf 89' lang='lat' dir='ltr'><strong>aliquid</strong></span> 
     </span>
     <span class='ocr_line' id='line_1_13' title="bbox 79 1366 1701 1445; baseline 0.001 -23"><span class='ocrx_word' id='word_1_162' title='bbox 79 1374 119 1423; x_wconf 87' lang='lat' dir='ltr'><strong>ost</strong></span> <span class='ocrx_word' id='word_1_163' title='bbox 135 1381 256 1439; x_wconf 91' lang='lat' dir='ltr'><strong>magnas</strong></span> <span class='ocrx_word' id='word_1_164' title='bbox 272 1375 454 1439; x_wconf 91' lang='lat' dir='ltr'><strong>peccatorum</strong></span> <span class='ocrx_word' id='word_1_165' title='bbox 474 1369 575 1426; x_wconf 92' lang='lat' dir='ltr'><strong>ruinas</strong></span> <span class='ocrx_word' id='word_1_166' title='bbox 594 1370 725 1428; x_wconf 83' lang='lat' dir='ltr'><strong>tortiores</strong></span> <span class='ocrx_word' id='word_1_167' title='bbox 749 1378 800 1429; x_wconf 91' lang='lat' dir='ltr'><strong>aut</strong></span> <span class='ocrx_word' id='word_1_168' title='bbox 852 1368 1032 1445; x_wconf 82' lang='lat' dir='ltr'><strong>voluntatem</strong></span> <span class='ocrx_word' id='word_1_169' title='bbox 1061 1368 1197 1438; x_wconf 90' lang='lat' dir='ltr'><strong>babeant,</strong></span> <span class='ocrx_word' id='word_1_170' title='bbox 1220 1380 1310 1439; x_wconf 92' lang='lat' dir='ltr'><strong>quam</strong></span> <span class='ocrx_word' id='word_1_171' title='bbox 1338 1368 1414 1424; x_wconf 90' lang='lat' dir='ltr'><strong>Deus</strong></span> <span class='ocrx_word' id='word_1_172' title='bbox 1439 1366 1534 1430; x_wconf 91' lang='lat' dir='ltr'><strong>babet,</strong></span> <span class='ocrx_word' id='word_1_173' title='bbox 1565 1367 1701 1438; x_wconf 92' lang='lat' dir='ltr'><strong>nunquid</strong></span> 
     </span>
     <span class='ocr_line' id='line_1_14' title="bbox 79 1455 1702 1531; baseline 0 -17"><span class='ocrx_word' id='word_1_174' title='bbox 79 1470 150 1527; x_wconf 66' lang='lat' dir='ltr'><strong>¹sper</strong></span> <span class='ocrx_word' id='word_1_175' title='bbox 166 1456 361 1514; x_wconf 84' lang='lat' dir='ltr'><strong>humilitatem</strong></span> <span class='ocrx_word' id='word_1_176' title='bbox 380 1457 424 1515; x_wconf 80' lang='lat' dir='ltr'><strong>vel</strong></span> <span class='ocrx_word' id='word_1_177' title='bbox 455 1457 653 1529; x_wconf 69' lang='lat' dir='ltr'><strong>poenitentiam</strong></span> <span class='ocrx_word' id='word_1_178' title='bbox 668 1474 798 1531; x_wconf 82' lang='lat' dir='ltr'><strong>surgere,</strong></span> <span class='ocrx_word' id='word_1_179' title='bbox 854 1456 916 1514; x_wconf 90' lang='lat' dir='ltr'><strong>ideo</strong></span> <span class='ocrx_word' id='word_1_180' title='bbox 945 1457 1111 1515; x_wconf 74' lang='lat' dir='ltr'><strong>benefacere</strong></span> <span class='ocrx_word' id='word_1_181' title='bbox 1139 1457 1253 1515; x_wconf 89' lang='lat' dir='ltr'><strong>dicendi</strong></span> <span class='ocrx_word' id='word_1_182' title='bbox 1269 1464 1338 1514; x_wconf 91' lang='lat' dir='ltr'><strong>sunt</strong></span> <span class='ocrx_word' id='word_1_183' title='bbox 1360 1456 1431 1528; x_wconf 91' lang='lat' dir='ltr'><strong>quia</strong></span> <span class='ocrx_word' id='word_1_184' title='bbox 1459 1456 1566 1513; x_wconf 92' lang='lat' dir='ltr'><strong>scilicet</strong></span> <span class='ocrx_word' id='word_1_185' title='bbox 1589 1455 1702 1514; x_wconf 91' lang='lat' dir='ltr'><strong>lacinnt</strong></span> 
     </span>
     <span class='ocr_line' id='line_1_15' title="bbox 79 1543 1701 1619; baseline 0.001 -19"><span class='ocrx_word' id='word_1_186' title='bbox 79 1553 151 1602; x_wconf 72' lang='lat' dir='ltr'><strong>lutea</strong></span> <span class='ocrx_word' id='word_1_187' title='bbox 167 1543 312 1603; x_wconf 78' lang='lat' dir='ltr'><strong>&#39;iuer-inti</strong></span> <span class='ocrx_word' id='word_1_188' title='bbox 338 1547 433 1617; x_wconf 86' lang='lat' dir='ltr'><strong>Ipsam</strong></span> <span class='ocrx_word' id='word_1_189' title='bbox 463 1548 588 1618; x_wconf 91' lang='lat' dir='ltr'><strong>denique</strong></span> <span class='ocrx_word' id='word_1_190' title='bbox 604 1549 800 1619; x_wconf 76' lang='lat' dir='ltr'><strong>penitentiam</strong></span> <span class='ocrx_word' id='word_1_191' title='bbox 855 1546 932 1618; x_wconf 92' lang='lat' dir='ltr'><strong>quod</strong></span> <span class='ocrx_word' id='word_1_192' title='bbox 946 1548 1022 1603; x_wconf 91' lang='lat' dir='ltr'><strong>Deus</strong></span> <span class='ocrx_word' id='word_1_193' title='bbox 1035 1546 1098 1604; x_wconf 85' lang='lat' dir='ltr'><strong>vult</strong></span> <span class='ocrx_word' id='word_1_194' title='bbox 1109 1546 1182 1615; x_wconf 88' lang='lat' dir='ltr'><strong>lieri,</strong></span> <span class='ocrx_word' id='word_1_195' title='bbox 1198 1554 1249 1604; x_wconf 91' lang='lat' dir='ltr'><strong>aut</strong></span> <span class='ocrx_word' id='word_1_196' title='bbox 1279 1546 1342 1603; x_wconf 93' lang='lat' dir='ltr'><strong>ideo</strong></span> <span class='ocrx_word' id='word_1_197' title='bbox 1356 1547 1462 1603; x_wconf 91' lang='lat' dir='ltr'><strong>bonam</strong></span> <span class='ocrx_word' id='word_1_198' title='bbox 1477 1546 1583 1604; x_wconf 91' lang='lat' dir='ltr'><strong>babent</strong></span> <span class='ocrx_word' id='word_1_199' title='bbox 1599 1545 1701 1603; x_wconf 88' lang='lat' dir='ltr'><strong>volun·</strong></span> 
     </span>
     <span class='ocr_line' id='line_1_16' title="bbox 89 1633 1701 1708; baseline 0.001 -18"><span class='ocrx_word' id='word_1_200' title='bbox 89 1634 160 1706; x_wconf 91' lang='lat' dir='ltr'><strong>quia</strong></span> <span class='ocrx_word' id='word_1_201' title='bbox 175 1635 405 1693; x_wconf 86' lang='lat' dir='ltr'><strong>mentisalllictio</strong></span> <span class='ocrx_word' id='word_1_202' title='bbox 419 1643 471 1702; x_wconf 88' lang='lat' dir='ltr'><strong>est,</strong></span> <span class='ocrx_word' id='word_1_203' title='bbox 485 1651 615 1694; x_wconf 85' lang='lat' dir='ltr'><strong>naccum</strong></span> <span class='ocrx_word' id='word_1_204' title='bbox 630 1637 799 1695; x_wconf 90' lang='lat' dir='ltr'><strong>beatitutine</strong></span> <span class='ocrx_word' id='word_1_205' title='bbox 854 1642 952 1704; x_wconf 88' lang='lat' dir='ltr'><strong>tatem,</strong></span> <span class='ocrx_word' id='word_1_206' title='bbox 965 1636 1036 1708; x_wconf 87' lang='lat' dir='ltr'><strong>quia</strong></span> <span class='ocrx_word' id='word_1_207' title='bbox 1050 1636 1151 1693; x_wconf 84' lang='lat' dir='ltr'><strong>volunt</strong></span> <span class='ocrx_word' id='word_1_208' title='bbox 1166 1635 1194 1693; x_wconf 92' lang='lat' dir='ltr'><strong>id</strong></span> <span class='ocrx_word' id='word_1_209' title='bbox 1210 1635 1289 1708; x_wconf 94' lang='lat' dir='ltr'><strong>qnod</strong></span> <span class='ocrx_word' id='word_1_210' title='bbox 1304 1633 1408 1693; x_wconf 81' lang='lat' dir='ltr'><strong>Densi</strong></span> <span class='ocrx_word' id='word_1_211' title='bbox 1437 1633 1501 1691; x_wconf 85' lang='lat' dir='ltr'><strong>Non</strong></span> <span class='ocrx_word' id='word_1_212' title='bbox 1514 1633 1626 1706; x_wconf 79' lang='lat' dir='ltr'><strong>ntique.</strong></span> <span class='ocrx_word' id='word_1_213' title='bbox 1641 1634 1701 1693; x_wconf 82' lang='lat' dir='ltr'><strong>Etsi</strong></span> 
     </span>
     <span class='ocr_line' id='line_1_17' title="bbox 80 1722 1700 1798; baseline -0.001 -17"><span class='ocrx_word' id='word_1_214' title='bbox 80 1764 88 1791; x_wconf 92' lang='lat'><strong>,</strong></span> <span class='ocrx_word' id='word_1_215' title='bbox 119 1725 189 1794; x_wconf 89' lang='lat' dir='ltr'><strong>quia</strong></span> <span class='ocrx_word' id='word_1_216' title='bbox 215 1725 340 1782; x_wconf 92' lang='lat' dir='ltr'><strong>dolorem</strong></span> <span class='ocrx_word' id='word_1_217' title='bbox 370 1725 486 1796; x_wconf 79' lang='lat' dir='ltr'><strong>ingerit,</strong></span> <span class='ocrx_word' id='word_1_218' title='bbox 516 1727 670 1784; x_wconf 80' lang='lat' dir='ltr'><strong>convenire</strong></span> <span class='ocrx_word' id='word_1_219' title='bbox 696 1735 797 1798; x_wconf 90' lang='lat' dir='ltr'><strong>potest,</strong></span> <span class='ocrx_word' id='word_1_220' title='bbox 815 1732 837 1789; x_wconf 90' lang='grc'><strong>11</strong></span> <span class='ocrx_word' id='word_1_221' title='bbox 854 1725 932 1781; x_wconf 88' lang='lat' dir='ltr'><strong>enim</strong></span> <span class='ocrx_word' id='word_1_222' title='bbox 947 1725 1040 1789; x_wconf 88' lang='lat' dir='ltr'><strong>iaciat,</strong></span> <span class='ocrx_word' id='word_1_223' title='bbox 1056 1724 1102 1782; x_wconf 84' lang='lat' dir='ltr'><strong>vel</strong></span> <span class='ocrx_word' id='word_1_224' title='bbox 1117 1723 1315 1782; x_wconf 84' lang='lat' dir='ltr'><strong>facerevelint</strong></span> <span class='ocrx_word' id='word_1_225' title='bbox 1347 1724 1425 1796; x_wconf 92' lang='lat' dir='ltr'><strong>quod</strong></span> <span class='ocrx_word' id='word_1_226' title='bbox 1439 1723 1518 1780; x_wconf 91' lang='lat' dir='ltr'><strong>Deus</strong></span> <span class='ocrx_word' id='word_1_227' title='bbox 1541 1722 1605 1780; x_wconf 85' lang='lat' dir='ltr'><strong>vult</strong></span> <span class='ocrx_word' id='word_1_228' title='bbox 1629 1723 1700 1793; x_wconf 86' lang='lat' dir='ltr'><strong>lieri,</strong></span> 
     </span>
     <span class='ocr_line' id='line_1_18' title="bbox 80 1811 1703 1885; baseline 0.001 -17"><span class='ocrx_word' id='word_1_229' title='bbox 80 1827 140 1869; x_wconf 91' lang='lat' dir='ltr'><strong>esse</strong></span> <span class='ocrx_word' id='word_1_230' title='bbox 161 1814 266 1884; x_wconf 90' lang='lat' dir='ltr'><strong>potius,</strong></span> <span class='ocrx_word' id='word_1_231' title='bbox 298 1828 387 1885; x_wconf 92' lang='lat' dir='ltr'><strong>quam</strong></span> <span class='ocrx_word' id='word_1_232' title='bbox 403 1814 513 1871; x_wconf 92' lang='lat' dir='ltr'><strong>bonum</strong></span> <span class='ocrx_word' id='word_1_233' title='bbox 527 1824 649 1885; x_wconf 88' lang='lat' dir='ltr'><strong>constat,</strong></span> <span class='ocrx_word' id='word_1_234' title='bbox 665 1824 800 1874; x_wconf 87' lang='lat' dir='ltr'><strong>ettamen</strong></span> <span class='ocrx_word' id='word_1_235' title='bbox 855 1828 914 1870; x_wconf 91' lang='lat' dir='ltr'><strong>non</strong></span> <span class='ocrx_word' id='word_1_236' title='bbox 930 1821 1025 1871; x_wconf 92' lang='lat' dir='ltr'><strong>tamen</strong></span> <span class='ocrx_word' id='word_1_237' title='bbox 1038 1813 1068 1870; x_wconf 94' lang='lat' dir='ltr'><strong>id</strong></span> <span class='ocrx_word' id='word_1_238' title='bbox 1091 1813 1213 1883; x_wconf 84' lang='lat' dir='ltr'><strong>iaciunt,</strong></span> <span class='ocrx_word' id='word_1_239' title='bbox 1231 1812 1276 1871; x_wconf 85' lang='lat' dir='ltr'><strong>vel</strong></span> <span class='ocrx_word' id='word_1_240' title='bbox 1291 1814 1384 1870; x_wconf 87' lang='lat' dir='ltr'><strong>lacere</strong></span> <span class='ocrx_word' id='word_1_241' title='bbox 1411 1812 1523 1880; x_wconf 83' lang='lat' dir='ltr'><strong>volunt,</strong></span> <span class='ocrx_word' id='word_1_242' title='bbox 1546 1811 1618 1883; x_wconf 88' lang='lat' dir='ltr'><strong>quia</strong></span> <span class='ocrx_word' id='word_1_243' title='bbox 1637 1826 1703 1870; x_wconf 90' lang='lat' dir='ltr'><strong>cre·</strong></span> 
     </span>
     <span class='ocr_line' id='line_1_19' title="bbox 79 1901 1703 1973; baseline 0 -15"><span class='ocrx_word' id='word_1_244' title='bbox 79 1901 95 1958; x_wconf 92' lang='lat' dir='ltr'><strong>d</strong></span> <span class='ocrx_word' id='word_1_245' title='bbox 121 1901 330 1973; x_wconf 79' lang='lat' dir='ltr'><strong>indulgentiam</strong></span> <span class='ocrx_word' id='word_1_246' title='bbox 358 1910 541 1972; x_wconf 89' lang='lat' dir='ltr'><strong>peccatorum</strong></span> <span class='ocrx_word' id='word_1_247' title='bbox 564 1918 648 1960; x_wconf 89' lang='lat' dir='ltr'><strong>nemo</strong></span> <span class='ocrx_word' id='word_1_248' title='bbox 670 1918 801 1960; x_wconf 88' lang='lat' dir='ltr'><strong>necessa·</strong></span> <span class='ocrx_word' id='word_1_249' title='bbox 857 1902 1027 1960; x_wconf 88' lang='lat' dir='ltr'><strong>dautDeum</strong></span> <span class='ocrx_word' id='word_1_250' title='bbox 1043 1903 1072 1960; x_wconf 94' lang='lat' dir='ltr'><strong>id</strong></span> <span class='ocrx_word' id='word_1_251' title='bbox 1087 1902 1160 1960; x_wconf 83' lang='lat' dir='ltr'><strong>velle</strong></span> <span class='ocrx_word' id='word_1_252' title='bbox 1176 1903 1247 1971; x_wconf 88' lang='lat' dir='ltr'><strong>lieri,</strong></span> <span class='ocrx_word' id='word_1_253' title='bbox 1274 1916 1327 1959; x_wconf 92' lang='lat' dir='ltr'><strong>nec</strong></span> <span class='ocrx_word' id='word_1_254' title='bbox 1350 1902 1450 1959; x_wconf 92' lang='lat' dir='ltr'><strong>eadem</strong></span> <span class='ocrx_word' id='word_1_255' title='bbox 1479 1902 1600 1958; x_wconf 76' lang='lat' dir='ltr'><strong>intentio</strong></span> <span class='ocrx_word' id='word_1_256' title='bbox 1614 1908 1657 1958; x_wconf 89' lang='lat' dir='ltr'><strong>est</strong></span> <span class='ocrx_word' id='word_1_257' title='bbox 1672 1901 1703 1958; x_wconf 92' lang='lat' dir='ltr'><strong>in</strong></span> 
     </span>
     <span class='ocr_line' id='line_1_20' title="bbox 79 1990 1704 2063; baseline 0.001 -17"><span class='ocrx_word' id='word_1_258' title='bbox 79 1990 106 2046; x_wconf 85' lang='grc'><strong>11.</strong></span> <span class='ocrx_word' id='word_1_259' title='bbox 122 1993 165 2045; x_wconf 84' lang='lat'><strong>56.</strong></span> <span class='ocrx_word' id='word_1_260' title='bbox 190 1990 464 2062; x_wconf 78' lang='grc'><strong>11.)00001111111101.</strong></span> <span class='ocrx_word' id='word_1_261' title='bbox 491 1991 562 2056; x_wconf 86' lang='lat' dir='ltr'><strong>Quis</strong></span> <span class='ocrx_word' id='word_1_262' title='bbox 591 1993 803 2049; x_wconf 84' lang='lat' dir='ltr'><strong>etiamnesoiat</strong></span> <span class='ocrx_word' id='word_1_263' title='bbox 857 1992 955 2049; x_wconf 91' lang='lat' dir='ltr'><strong>eodem</strong></span> <span class='ocrx_word' id='word_1_264' title='bbox 980 1992 1054 2048; x_wconf 86' lang='lat' dir='ltr'><strong>lacto</strong></span> <span class='ocrx_word' id='word_1_265' title='bbox 1084 1991 1211 2059; x_wconf 91' lang='lat' dir='ltr'><strong>illorum,</strong></span> <span class='ocrx_word' id='word_1_266' title='bbox 1239 2005 1329 2063; x_wconf 91' lang='lat' dir='ltr'><strong>quam</strong></span> <span class='ocrx_word' id='word_1_267' title='bbox 1342 1991 1395 2047; x_wconf 93' lang='lat' dir='ltr'><strong>Dei</strong></span> <span class='ocrx_word' id='word_1_268' title='bbox 1418 1998 1446 2047; x_wconf 93' lang='lat' dir='ltr'><strong>et</strong></span> <span class='ocrx_word' id='word_1_269' title='bbox 1473 2005 1646 2062; x_wconf 86' lang='lat' dir='ltr'><strong>quanquam</strong></span> <span class='ocrx_word' id='word_1_270' title='bbox 1675 1990 1704 2048; x_wconf 92' lang='lat' dir='ltr'><strong>id</strong></span> 
     </span>
     <span class='ocr_line' id='line_1_21' title="bbox 79 2079 1710 2154; baseline 0.001 -20"><span class='ocrx_word' id='word_1_271' title='bbox 79 2093 102 2134; x_wconf 86' lang='lat' dir='ltr'><strong>nr</strong></span> <span class='ocrx_word' id='word_1_272' title='bbox 119 2079 168 2135; x_wconf 91' lang='lat' dir='ltr'><strong>Dei</strong></span> <span class='ocrx_word' id='word_1_273' title='bbox 189 2079 357 2147; x_wconf 90' lang='lat' dir='ltr'><strong>bonitatem,</strong></span> <span class='ocrx_word' id='word_1_274' title='bbox 388 2095 453 2152; x_wconf 74' lang='lat' dir='ltr'><strong>quae</strong></span> <span class='ocrx_word' id='word_1_275' title='bbox 468 2081 540 2137; x_wconf 90' lang='lat' dir='ltr'><strong>nibil</strong></span> <span class='ocrx_word' id='word_1_276' title='bbox 559 2081 620 2137; x_wconf 92' lang='lat' dir='ltr'><strong>sine</strong></span> <span class='ocrx_word' id='word_1_277' title='bbox 639 2096 728 2139; x_wconf 88' lang='lat' dir='ltr'><strong>eausa</strong></span> <span class='ocrx_word' id='word_1_278' title='bbox 742 2082 803 2139; x_wconf 84' lang='lat' dir='ltr'><strong>sieri</strong></span> <span class='ocrx_word' id='word_1_279' title='bbox 857 2081 947 2138; x_wconf 90' lang='lat' dir='ltr'><strong>velint</strong></span> <span class='ocrx_word' id='word_1_280' title='bbox 962 2080 1040 2152; x_wconf 91' lang='lat' dir='ltr'><strong>quod</strong></span> <span class='ocrx_word' id='word_1_281' title='bbox 1062 2082 1147 2150; x_wconf 89' lang='lat' dir='ltr'><strong>Deus,</strong></span> <span class='ocrx_word' id='word_1_282' title='bbox 1173 2080 1272 2138; x_wconf 91' lang='lat' dir='ltr'><strong>eadem</strong></span> <span class='ocrx_word' id='word_1_283' title='bbox 1301 2079 1416 2137; x_wconf 92' lang='lat' dir='ltr'><strong>illorum</strong></span> <span class='ocrx_word' id='word_1_284' title='bbox 1442 2087 1470 2137; x_wconf 90' lang='lat' dir='ltr'><strong>et</strong></span> <span class='ocrx_word' id='word_1_285' title='bbox 1488 2079 1539 2136; x_wconf 92' lang='lat' dir='ltr'><strong>Dei</strong></span> <span class='ocrx_word' id='word_1_286' title='bbox 1568 2079 1710 2154; x_wconf 84' lang='lat' dir='ltr'><strong>voluntas</strong></span> 
     </span>
     <span class='ocr_line' id='line_1_22' title="bbox 79 2167 1705 2242; baseline 0 -18"><span class='ocrx_word' id='word_1_287' title='bbox 79 2169 105 2236; x_wconf 87' lang='lat' dir='ltr'><strong>it,</strong></span> <span class='ocrx_word' id='word_1_288' title='bbox 122 2168 192 2224; x_wconf 90' lang='lat' dir='ltr'><strong>adeo</strong></span> <span class='ocrx_word' id='word_1_289' title='bbox 216 2169 292 2225; x_wconf 92' lang='lat' dir='ltr'><strong>mala</strong></span> <span class='ocrx_word' id='word_1_290' title='bbox 308 2184 424 2240; x_wconf 88' lang='lat' dir='ltr'><strong>quoque</strong></span> <span class='ocrx_word' id='word_1_291' title='bbox 452 2170 524 2226; x_wconf 89' lang='lat' dir='ltr'><strong>bene</strong></span> <span class='ocrx_word' id='word_1_292' title='bbox 547 2171 754 2241; x_wconf 74' lang='lat' dir='ltr'><strong>praeordinare,</strong></span> <span class='ocrx_word' id='word_1_293' title='bbox 777 2178 804 2228; x_wconf 93' lang='lat' dir='ltr'><strong>et</strong></span> <span class='ocrx_word' id='word_1_294' title='bbox 858 2171 921 2228; x_wconf 92' lang='lat' dir='ltr'><strong>ideo</strong></span> <span class='ocrx_word' id='word_1_295' title='bbox 949 2167 1006 2226; x_wconf 91' lang='lat' dir='ltr'><strong>diei</strong></span> <span class='ocrx_word' id='word_1_296' title='bbox 1029 2169 1129 2241; x_wconf 88' lang='lat' dir='ltr'><strong>possit,</strong></span> <span class='ocrx_word' id='word_1_297' title='bbox 1160 2169 1238 2242; x_wconf 93' lang='lat' dir='ltr'><strong>quod</strong></span> <span class='ocrx_word' id='word_1_298' title='bbox 1265 2169 1340 2227; x_wconf 93' lang='lat' dir='ltr'><strong>idem</strong></span> <span class='ocrx_word' id='word_1_299' title='bbox 1369 2168 1584 2238; x_wconf 85' lang='lat' dir='ltr'><strong>volunt;mala</strong></span> <span class='ocrx_word' id='word_1_300' title='bbox 1608 2174 1705 2226; x_wconf 91' lang='lat' dir='ltr'><strong>tamen</strong></span> 
     </span>
     <span class='ocr_line' id='line_1_23' title="bbox 79 2257 1703 2328; baseline 0.001 -16"><span class='ocrx_word' id='word_1_301' title='bbox 79 2272 106 2312; x_wconf 90' lang='lat' dir='ltr'><strong>m</strong></span> <span class='ocrx_word' id='word_1_302' title='bbox 134 2257 240 2328; x_wconf 92' lang='lat' dir='ltr'><strong>optime</strong></span> <span class='ocrx_word' id='word_1_303' title='bbox 256 2258 298 2315; x_wconf 92' lang='lat' dir='ltr'><strong>uti</strong></span> <span class='ocrx_word' id='word_1_304' title='bbox 316 2273 322 2314; x_wconf 94' lang='lat'><strong>:</strong></span> <span class='ocrx_word' id='word_1_305' title='bbox 339 2266 372 2314; x_wconf 91' lang='lat' dir='ltr'><strong>ut</strong></span> <span class='ocrx_word' id='word_1_306' title='bbox 397 2259 483 2315; x_wconf 84' lang='lat' dir='ltr'><strong>etiam</strong></span> <span class='ocrx_word' id='word_1_307' title='bbox 503 2259 539 2315; x_wconf 91' lang='lat' dir='ltr'><strong>sit</strong></span> <span class='ocrx_word' id='word_1_308' title='bbox 569 2259 678 2318; x_wconf 91' lang='lat' dir='ltr'><strong>bonnm</strong></span> <span class='ocrx_word' id='word_1_309' title='bbox 694 2259 803 2318; x_wconf 89' lang='lat' dir='ltr'><strong>malum</strong></span> <span class='ocrx_word' id='word_1_310' title='bbox 858 2273 960 2317; x_wconf 94' lang='lat' dir='ltr'><strong>eorum</strong></span> <span class='ocrx_word' id='word_1_311' title='bbox 979 2259 1114 2317; x_wconf 86' lang='lat' dir='ltr'><strong>voluntas</strong></span> <span class='ocrx_word' id='word_1_312' title='bbox 1140 2266 1194 2326; x_wconf 91' lang='lat' dir='ltr'><strong>est,</strong></span> <span class='ocrx_word' id='word_1_313' title='bbox 1219 2265 1247 2316; x_wconf 88' lang='lat' dir='ltr'><strong>et</strong></span> <span class='ocrx_word' id='word_1_314' title='bbox 1268 2258 1344 2315; x_wconf 88' lang='lat' dir='ltr'><strong>bona</strong></span> <span class='ocrx_word' id='word_1_315' title='bbox 1374 2257 1436 2326; x_wconf 93' lang='lat' dir='ltr'><strong>Dei,</strong></span> <span class='ocrx_word' id='word_1_316' title='bbox 1467 2272 1535 2315; x_wconf 91' lang='lat' dir='ltr'><strong>oum</strong></span> <span class='ocrx_word' id='word_1_317' title='bbox 1550 2257 1658 2316; x_wconf 88' lang='lat' dir='ltr'><strong>scilicet</strong></span> <span class='ocrx_word' id='word_1_318' title='bbox 1673 2257 1703 2314; x_wconf 90' lang='lat' dir='ltr'><strong>id</strong></span> 
     </span>
     <span class='ocr_line' id='line_1_24' title="bbox 79 2345 1706 2406; baseline 0.002 -7"><span class='ocrx_word' id='word_1_319' title='bbox 79 2360 133 2402; x_wconf 92' lang='lat' dir='ltr'><strong>:um</strong></span> <span class='ocrx_word' id='word_1_320' title='bbox 164 2354 260 2403; x_wconf 91' lang='lat' dir='ltr'><strong>tamen</strong></span> <span class='ocrx_word' id='word_1_321' title='bbox 285 2348 393 2403; x_wconf 88' lang='lat' dir='ltr'><strong>malum</strong></span> <span class='ocrx_word' id='word_1_322' title='bbox 422 2347 590 2405; x_wconf 88' lang='lat' dir='ltr'><strong>nullatenus</strong></span> <span class='ocrx_word' id='word_1_323' title='bbox 616 2349 651 2405; x_wconf 89' lang='lat' dir='ltr'><strong>sit</strong></span> <span class='ocrx_word' id='word_1_324' title='bbox 684 2349 804 2406; x_wconf 86' lang='lat' dir='ltr'><strong>bonnm.</strong></span> <span class='ocrx_word' id='word_1_325' title='bbox 859 2347 984 2406; x_wconf 86' lang='lat' dir='ltr'><strong>diversis</strong></span> <span class='ocrx_word' id='word_1_326' title='bbox 1005 2346 1155 2405; x_wconf 87' lang='lat' dir='ltr'><strong>decausis</strong></span> <span class='ocrx_word' id='word_1_327' title='bbox 1184 2347 1274 2405; x_wconf 86' lang='lat' dir='ltr'><strong>velint</strong></span> <span class='ocrx_word' id='word_1_328' title='bbox 1307 2345 1379 2403; x_wconf 79' lang='lat' dir='ltr'><strong>sieri.</strong></span> <span class='ocrx_word' id='word_1_329' title='bbox 1406 2345 1495 2403; x_wconf 89' lang='lat' dir='ltr'><strong>Sicet</strong></span> <span class='ocrx_word' id='word_1_330' title='bbox 1517 2360 1584 2403; x_wconf 90' lang='lat' dir='ltr'><strong>eum</strong></span> <span class='ocrx_word' id='word_1_331' title='bbox 1605 2345 1706 2403; x_wconf 88' lang='lat' dir='ltr'><strong>eadem</strong></span> 
     </span>
     <span class='ocr_line' id='line_1_25' title="bbox 81 2434 1706 2509; baseline -0.001 -17"><span class='ocrx_word' id='word_1_332' title='bbox 81 2436 141 2492; x_wconf 91' lang='lat' dir='ltr'><strong>nim</strong></span> <span class='ocrx_word' id='word_1_333' title='bbox 166 2450 281 2495; x_wconf 83' lang='lat' dir='ltr'><strong>sturmo</strong></span> <span class='ocrx_word' id='word_1_334' title='bbox 318 2436 424 2493; x_wconf 89' lang='lat' dir='ltr'><strong>diaboli</strong></span> <span class='ocrx_word' id='word_1_335' title='bbox 454 2438 589 2509; x_wconf 90' lang='lat' dir='ltr'><strong>nequitia</strong></span> <span class='ocrx_word' id='word_1_336' title='bbox 619 2438 690 2509; x_wconf 92' lang='lat' dir='ltr'><strong>ipsis</strong></span> <span class='ocrx_word' id='word_1_337' title='bbox 718 2437 804 2495; x_wconf 91' lang='lat' dir='ltr'><strong>etiam</strong></span> <span class='ocrx_word' id='word_1_338' title='bbox 860 2437 896 2494; x_wconf 91' lang='lat' dir='ltr'><strong>sit</strong></span> <span class='ocrx_word' id='word_1_339' title='bbox 925 2437 999 2493; x_wconf 89' lang='lat' dir='ltr'><strong>actio</strong></span> <span class='ocrx_word' id='word_1_340' title='bbox 1031 2436 1225 2503; x_wconf 88' lang='lat' dir='ltr'><strong>diversorum,</strong></span> <span class='ocrx_word' id='word_1_341' title='bbox 1248 2434 1319 2507; x_wconf 87' lang='lat' dir='ltr'><strong>quia</strong></span> <span class='ocrx_word' id='word_1_342' title='bbox 1342 2434 1473 2491; x_wconf 83' lang='lat' dir='ltr'><strong>videlieet</strong></span> <span class='ocrx_word' id='word_1_343' title='bbox 1499 2434 1574 2492; x_wconf 92' lang='lat' dir='ltr'><strong>idem</strong></span> <span class='ocrx_word' id='word_1_344' title='bbox 1603 2441 1706 2507; x_wconf 87' lang='lat' dir='ltr'><strong>agunt,</strong></span> 
     </span>
     <span class='ocr_line' id='line_1_26' title="bbox 79 2521 1723 2598; baseline 0 -18"><span class='ocrx_word' id='word_1_345' title='bbox 79 2538 127 2594; x_wconf 91' lang='lat' dir='ltr'><strong>epe</strong></span> <span class='ocrx_word' id='word_1_346' title='bbox 143 2525 264 2595; x_wconf 88' lang='lat' dir='ltr'><strong>pessime</strong></span> <span class='ocrx_word' id='word_1_347' title='bbox 279 2525 383 2592; x_wconf 87' lang='lat' dir='ltr'><strong>utitur,</strong></span> <span class='ocrx_word' id='word_1_348' title='bbox 405 2534 438 2583; x_wconf 92' lang='lat' dir='ltr'><strong>ut</strong></span> <span class='ocrx_word' id='word_1_349' title='bbox 453 2526 585 2583; x_wconf 86' lang='lat' dir='ltr'><strong>videlicet</strong></span> <span class='ocrx_word' id='word_1_350' title='bbox 608 2541 642 2583; x_wconf 88' lang='lat' dir='ltr'><strong>ea</strong></span> <span class='ocrx_word' id='word_1_351' title='bbox 657 2525 687 2583; x_wconf 90' lang='lat' dir='ltr'><strong>in</strong></span> <span class='ocrx_word' id='word_1_352' title='bbox 704 2541 807 2584; x_wconf 85' lang='lat' dir='ltr'><strong>causas</strong></span> <span class='ocrx_word' id='word_1_353' title='bbox 858 2540 911 2598; x_wconf 87' lang='lat' dir='ltr'><strong>pro</strong></span> <span class='ocrx_word' id='word_1_354' title='bbox 924 2523 1090 2582; x_wconf 85' lang='lat' dir='ltr'><strong>diversitate</strong></span> <span class='ocrx_word' id='word_1_355' title='bbox 1118 2533 1215 2581; x_wconf 88' lang='lat' dir='ltr'><strong>tamen</strong></span> <span class='ocrx_word' id='word_1_356' title='bbox 1240 2524 1407 2581; x_wconf 89' lang='lat' dir='ltr'><strong>intentionis</strong></span> <span class='ocrx_word' id='word_1_357' title='bbox 1430 2522 1505 2580; x_wconf 91' lang='lat' dir='ltr'><strong>actio</strong></span> <span class='ocrx_word' id='word_1_358' title='bbox 1521 2524 1611 2596; x_wconf 82' lang='lat' dir='ltr'><strong>hujus</strong></span> <span class='ocrx_word' id='word_1_359' title='bbox 1631 2521 1723 2581; x_wconf 82' lang='lat' dir='ltr'><strong>bona&#39;</strong></span> 
     </span>
     <span class='ocr_line' id='line_1_27' title="bbox 79 2611 1706 2688; baseline 0.004 -24"><span class='ocrx_word' id='word_1_360' title='bbox 79 2627 149 2670; x_wconf 68' lang='lat' dir='ltr'><strong>»rum</strong></span> <span class='ocrx_word' id='word_1_361' title='bbox 168 2613 322 2670; x_wconf 77' lang='lat' dir='ltr'><strong>effectuum</strong></span> <span class='ocrx_word' id='word_1_362' title='bbox 350 2621 508 2683; x_wconf 82' lang='lat' dir='ltr'><strong>convertat,</strong></span> <span class='ocrx_word' id='word_1_363' title='bbox 524 2615 596 2672; x_wconf 90' lang='lat' dir='ltr'><strong>acsi</strong></span> <span class='ocrx_word' id='word_1_364' title='bbox 620 2631 671 2687; x_wconf 92' lang='lat' dir='ltr'><strong>per</strong></span> <span class='ocrx_word' id='word_1_365' title='bbox 684 2631 718 2673; x_wconf 90' lang='lat' dir='ltr'><strong>ea</strong></span> <span class='ocrx_word' id='word_1_366' title='bbox 740 2631 807 2688; x_wconf 73' lang='lat' dir='ltr'><strong>quae</strong></span> <span class='ocrx_word' id='word_1_367' title='bbox 860 2623 902 2672; x_wconf 88' lang='lat' dir='ltr'><strong>est</strong></span> <span class='ocrx_word' id='word_1_368' title='bbox 916 2621 944 2671; x_wconf 94' lang='lat' dir='ltr'><strong>et</strong></span> <span class='ocrx_word' id='word_1_369' title='bbox 962 2612 1041 2670; x_wconf 88' lang='lat' dir='ltr'><strong>illius</strong></span> <span class='ocrx_word' id='word_1_370' title='bbox 1060 2613 1147 2681; x_wconf 87' lang='lat' dir='ltr'><strong>mala,</strong></span> <span class='ocrx_word' id='word_1_371' title='bbox 1163 2612 1236 2684; x_wconf 90' lang='lat' dir='ltr'><strong>quia</strong></span> <span class='ocrx_word' id='word_1_372' title='bbox 1251 2625 1423 2684; x_wconf 86' lang='lat' dir='ltr'><strong>quanquam</strong></span> <span class='ocrx_word' id='word_1_373' title='bbox 1442 2611 1519 2669; x_wconf 93' lang='lat' dir='ltr'><strong>idem</strong></span> <span class='ocrx_word' id='word_1_374' title='bbox 1540 2620 1706 2684; x_wconf 87' lang='lat' dir='ltr'><strong>operentur,</strong></span> 
     </span>
     <span class='ocr_line' id='line_1_28' title="bbox 79 2699 1709 2774; baseline 0.001 -17"><span class='ocrx_word' id='word_1_375' title='bbox 79 2709 140 2770; x_wconf 91' lang='lat' dir='ltr'><strong>unt,</strong></span> <span class='ocrx_word' id='word_1_376' title='bbox 168 2703 300 2774; x_wconf 75' lang='lat' dir='ltr'><strong>quaedam</strong></span> <span class='ocrx_word' id='word_1_377' title='bbox 316 2702 439 2773; x_wconf 88' lang='lat' dir='ltr'><strong>pessima</strong></span> <span class='ocrx_word' id='word_1_378' title='bbox 453 2712 595 2774; x_wconf 90' lang='lat' dir='ltr'><strong>operetur,</strong></span> <span class='ocrx_word' id='word_1_379' title='bbox 614 2705 679 2762; x_wconf 88' lang='lat' dir='ltr'><strong>itae</strong></span> <span class='ocrx_word' id='word_1_380' title='bbox 693 2711 805 2762; x_wconf 90' lang='lat' dir='ltr'><strong>contra·</strong></span> <span class='ocrx_word' id='word_1_381' title='bbox 860 2710 958 2760; x_wconf 89' lang='lat' dir='ltr'><strong>tamen</strong></span> <span class='ocrx_word' id='word_1_382' title='bbox 973 2702 1047 2759; x_wconf 93' lang='lat' dir='ltr'><strong>bene</strong></span> <span class='ocrx_word' id='word_1_383' title='bbox 1061 2702 1117 2769; x_wconf 91' lang='lat' dir='ltr'><strong>bic,</strong></span> <span class='ocrx_word' id='word_1_384' title='bbox 1147 2702 1194 2758; x_wconf 88' lang='lat' dir='ltr'><strong>ille</strong></span> <span class='ocrx_word' id='word_1_385' title='bbox 1220 2700 1295 2758; x_wconf 92' lang='lat' dir='ltr'><strong>male</strong></span> <span class='ocrx_word' id='word_1_386' title='bbox 1322 2701 1462 2772; x_wconf 88' lang='lat' dir='ltr'><strong>idipsum</strong></span> <span class='ocrx_word' id='word_1_387' title='bbox 1482 2699 1560 2770; x_wconf 89' lang='lat' dir='ltr'><strong>lacit,</strong></span> <span class='ocrx_word' id='word_1_388' title='bbox 1576 2707 1603 2759; x_wconf 92' lang='lat' dir='ltr'><strong>et</strong></span> <span class='ocrx_word' id='word_1_389' title='bbox 1618 2699 1709 2774; x_wconf 91' lang='lat' dir='ltr'><strong>(quod</strong></span> 
     </span>
     <span class='ocr_line' id='line_1_29' title="bbox 79 2788 1708 2864; baseline -0.001 -17"><span class='ocrx_word' id='word_1_390' title='bbox 79 2805 104 2847; x_wconf 87' lang='lat' dir='ltr'><strong>rs</strong></span> <span class='ocrx_word' id='word_1_391' title='bbox 131 2790 187 2847; x_wconf 89' lang='lat' dir='ltr'><strong>illis</strong></span> <span class='ocrx_word' id='word_1_392' title='bbox 201 2792 304 2863; x_wconf 91' lang='lat' dir='ltr'><strong>optime</strong></span> <span class='ocrx_word' id='word_1_393' title='bbox 328 2791 430 2863; x_wconf 90' lang='lat' dir='ltr'><strong>utitur,</strong></span> <span class='ocrx_word' id='word_1_394' title='bbox 447 2807 512 2863; x_wconf 79' lang='lat' dir='ltr'><strong>quaa</strong></span> <span class='ocrx_word' id='word_1_395' title='bbox 526 2793 573 2849; x_wconf 91' lang='lat' dir='ltr'><strong>ille</strong></span> <span class='ocrx_word' id='word_1_396' title='bbox 597 2795 719 2864; x_wconf 90' lang='lat' dir='ltr'><strong>pessime</strong></span> <span class='ocrx_word' id='word_1_397' title='bbox 743 2808 807 2849; x_wconf 93' lang='lat' dir='ltr'><strong>mo·</strong></span> <span class='ocrx_word' id='word_1_398' title='bbox 862 2791 939 2848; x_wconf 92' lang='lat' dir='ltr'><strong>dictu</strong></span> <span class='ocrx_word' id='word_1_399' title='bbox 950 2789 1083 2848; x_wconf 90' lang='lat' dir='ltr'><strong>mirabile</strong></span> <span class='ocrx_word' id='word_1_400' title='bbox 1097 2790 1150 2861; x_wconf 88' lang='lat' dir='ltr'><strong>est)</strong></span> <span class='ocrx_word' id='word_1_401' title='bbox 1166 2803 1381 2861; x_wconf 90' lang='lat' dir='ltr'><strong>nonnunquam</strong></span> <span class='ocrx_word' id='word_1_402' title='bbox 1406 2788 1495 2845; x_wconf 88' lang='lat' dir='ltr'><strong>etiam</strong></span> <span class='ocrx_word' id='word_1_403' title='bbox 1508 2789 1584 2846; x_wconf 93' lang='lat' dir='ltr'><strong>bona</strong></span> <span class='ocrx_word' id='word_1_404' title='bbox 1596 2797 1638 2847; x_wconf 91' lang='lat' dir='ltr'><strong>est</strong></span> <span class='ocrx_word' id='word_1_405' title='bbox 1657 2802 1708 2848; x_wconf 83' lang='lat' dir='ltr'><strong>ro·</strong></span> 
     </span>
     <span class='ocr_line' id='line_1_30' title="bbox 83 2877 1708 2954; baseline -0.001 -18"><span class='ocrx_word' id='word_1_406' title='bbox 83 2880 170 2950; x_wconf 92' lang='lat' dir='ltr'><strong>ulppe</strong></span> <span class='ocrx_word' id='word_1_407' title='bbox 185 2888 212 2936; x_wconf 90' lang='lat' dir='ltr'><strong>et</strong></span> <span class='ocrx_word' id='word_1_408' title='bbox 232 2888 373 2951; x_wconf 88' lang='lat' dir='ltr'><strong>tyrannus</strong></span> <span class='ocrx_word' id='word_1_409' title='bbox 392 2888 419 2937; x_wconf 89' lang='lat' dir='ltr'><strong>et</strong></span> <span class='ocrx_word' id='word_1_410' title='bbox 434 2881 581 2953; x_wconf 90' lang='lat' dir='ltr'><strong>principes</strong></span> <span class='ocrx_word' id='word_1_411' title='bbox 596 2882 696 2940; x_wconf 89' lang='lat' dir='ltr'><strong>eodem</strong></span> <span class='ocrx_word' id='word_1_412' title='bbox 711 2882 808 2954; x_wconf 88' lang='lat' dir='ltr'><strong>gladio</strong></span> <span class='ocrx_word' id='word_1_413' title='bbox 860 2880 967 2949; x_wconf 87' lang='lat' dir='ltr'><strong>luntas,</strong></span> <span class='ocrx_word' id='word_1_414' title='bbox 982 2893 1050 2936; x_wconf 90' lang='lat' dir='ltr'><strong>oum</strong></span> <span class='ocrx_word' id='word_1_415' title='bbox 1064 2879 1133 2951; x_wconf 91' lang='lat' dir='ltr'><strong>quis</strong></span> <span class='ocrx_word' id='word_1_416' title='bbox 1154 2879 1218 2936; x_wconf 84' lang='lat' dir='ltr'><strong>vult</strong></span> <span class='ocrx_word' id='word_1_417' title='bbox 1231 2879 1267 2936; x_wconf 91' lang='lat' dir='ltr'><strong>ab</strong></span> <span class='ocrx_word' id='word_1_418' title='bbox 1299 2878 1389 2935; x_wconf 92' lang='lat' dir='ltr'><strong>altero</strong></span> <span class='ocrx_word' id='word_1_419' title='bbox 1404 2878 1516 2934; x_wconf 92' lang='lat' dir='ltr'><strong>malum</strong></span> <span class='ocrx_word' id='word_1_420' title='bbox 1536 2877 1609 2949; x_wconf 87' lang='lat' dir='ltr'><strong>lieri,</strong></span> <span class='ocrx_word' id='word_1_421' title='bbox 1636 2878 1708 2950; x_wconf 85' lang='lat' dir='ltr'><strong>quia</strong></span> 
     </span>
     <span class='ocr_line' id='line_1_31' title="bbox 79 2967 1711 3042; baseline 0.001 -18"><span class='ocrx_word' id='word_1_422' title='bbox 79 2968 93 3024; x_wconf 81' lang='lat' dir='ltr'><strong>:i</strong></span> <span class='ocrx_word' id='word_1_423' title='bbox 109 2977 228 3040; x_wconf 90' lang='lat' dir='ltr'><strong>possunt</strong></span> <span class='ocrx_word' id='word_1_424' title='bbox 242 2978 270 3027; x_wconf 94' lang='lat' dir='ltr'><strong>et</strong></span> <span class='ocrx_word' id='word_1_425' title='bbox 280 2970 370 3039; x_wconf 89' lang='lat' dir='ltr'><strong>beno,</strong></span> <span class='ocrx_word' id='word_1_426' title='bbox 381 2969 428 3027; x_wconf 91' lang='lat' dir='ltr'><strong>ille</strong></span> <span class='ocrx_word' id='word_1_427' title='bbox 443 2971 562 3041; x_wconf 90' lang='lat' dir='ltr'><strong>quidem</strong></span> <span class='ocrx_word' id='word_1_428' title='bbox 575 2972 612 3027; x_wconf 90' lang='lat' dir='ltr'><strong>ad</strong></span> <span class='ocrx_word' id='word_1_429' title='bbox 626 2971 807 3042; x_wconf 83' lang='lat' dir='ltr'><strong>violentiam,</strong></span> <span class='ocrx_word' id='word_1_430' title='bbox 863 2970 892 3026; x_wconf 92' lang='lat' dir='ltr'><strong>id</strong></span> <span class='ocrx_word' id='word_1_431' title='bbox 905 2967 1125 3026; x_wconf 82' lang='lat' dir='ltr'><strong>videlicetbona</strong></span> <span class='ocrx_word' id='word_1_432' title='bbox 1141 2967 1200 3040; x_wconf 87' lang='lat' dir='ltr'><strong>(iol.</strong></span> <span class='ocrx_word' id='word_1_433' title='bbox 1227 2971 1271 3023; x_wconf 75' lang='lat'><strong>57.</strong></span> <span class='ocrx_word' id='word_1_434' title='bbox 1300 2969 1346 3040; x_wconf 86' lang='lat' dir='ltr'><strong>R.)</strong></span> <span class='ocrx_word' id='word_1_435' title='bbox 1369 2968 1527 3026; x_wconf 89' lang='lat' dir='ltr'><strong>intentione</strong></span> <span class='ocrx_word' id='word_1_436' title='bbox 1541 2968 1611 3025; x_wconf 72' lang='lat' dir='ltr'><strong>vult·</strong></span> <span class='ocrx_word' id='word_1_437' title='bbox 1629 2967 1711 3040; x_wconf 84' lang='lat' dir='ltr'><strong>saepe</strong></span> 
     </span>
     <span class='ocr_line' id='line_1_32' title="bbox 79 3052 1711 3132; baseline 0 -18"><span class='ocrx_word' id='word_1_438' title='bbox 79 3057 244 3129; x_wconf 71' lang='lat' dir='ltr'><strong>vindictam,</strong></span> <span class='ocrx_word' id='word_1_439' title='bbox 265 3067 292 3116; x_wconf 89' lang='lat' dir='ltr'><strong>et</strong></span> <span class='ocrx_word' id='word_1_440' title='bbox 308 3058 388 3116; x_wconf 91' lang='lat' dir='ltr'><strong>nulla</strong></span> <span class='ocrx_word' id='word_1_441' title='bbox 403 3060 487 3117; x_wconf 90' lang='lat' dir='ltr'><strong>credo</strong></span> <span class='ocrx_word' id='word_1_442' title='bbox 509 3067 577 3118; x_wconf 91' lang='lat' dir='ltr'><strong>sunt</strong></span> <span class='ocrx_word' id='word_1_443' title='bbox 605 3052 808 3132; x_wconf 83' lang='lat' dir='ltr'><strong>instrumenta,</strong></span> <span class='ocrx_word' id='word_1_444' title='bbox 825 3072 847 3129; x_wconf 82' lang='lat' dir='ltr'>c</span> <span class='ocrx_word' id='word_1_445' title='bbox 864 3071 990 3129; x_wconf 87' lang='lat' dir='ltr'><strong>namque</strong></span> <span class='ocrx_word' id='word_1_446' title='bbox 1013 3057 1155 3114; x_wconf 87' lang='lat' dir='ltr'><strong>Dominus</strong></span> <span class='ocrx_word' id='word_1_447' title='bbox 1175 3070 1226 3128; x_wconf 91' lang='lat' dir='ltr'><strong>per</strong></span> <span class='ocrx_word' id='word_1_448' title='bbox 1248 3056 1400 3117; x_wconf 91' lang='lat' dir='ltr'><strong>diabolum</strong></span> <span class='ocrx_word' id='word_1_449' title='bbox 1415 3058 1462 3115; x_wconf 87' lang='lat' dir='ltr'><strong>vel</strong></span> <span class='ocrx_word' id='word_1_450' title='bbox 1478 3066 1639 3129; x_wconf 89' lang='lat' dir='ltr'><strong>tyrannum</strong></span> <span class='ocrx_word' id='word_1_451' title='bbox 1662 3056 1711 3114; x_wconf 89' lang='lat' dir='ltr'><strong>ali-</strong></span> 
     </span>
     <span class='ocr_line' id='line_1_33' title="bbox 80 3144 1713 3218; baseline 0.001 -15"><span class='ocrx_word' id='word_1_452' title='bbox 80 3160 220 3218; x_wconf 81' lang='lat' dir='ltr'><strong>aecunque</strong></span> <span class='ocrx_word' id='word_1_453' title='bbox 254 3147 357 3204; x_wconf 90' lang='lat' dir='ltr'><strong>usibus</strong></span> <span class='ocrx_word' id='word_1_454' title='bbox 385 3149 490 3205; x_wconf 90' lang='lat' dir='ltr'><strong>nostris</strong></span> <span class='ocrx_word' id='word_1_455' title='bbox 526 3157 595 3206; x_wconf 89' lang='lat' dir='ltr'><strong>sunt</strong></span> <span class='ocrx_word' id='word_1_456' title='bbox 619 3150 806 3216; x_wconf 88' lang='lat' dir='ltr'><strong>commodata,</strong></span> <span class='ocrx_word' id='word_1_457' title='bbox 864 3160 952 3218; x_wconf 92' lang='lat' dir='ltr'><strong>quem</strong></span> <span class='ocrx_word' id='word_1_458' title='bbox 966 3146 1094 3203; x_wconf 86' lang='lat' dir='ltr'><strong>decrevit</strong></span> <span class='ocrx_word' id='word_1_459' title='bbox 1105 3160 1153 3203; x_wconf 92' lang='lat' dir='ltr'><strong>eos</strong></span> <span class='ocrx_word' id='word_1_460' title='bbox 1165 3145 1296 3217; x_wconf 83' lang='lat' dir='ltr'><strong>affligere</strong></span> <span class='ocrx_word' id='word_1_461' title='bbox 1312 3146 1363 3218; x_wconf 92' lang='lat' dir='ltr'><strong>qui</strong></span> <span class='ocrx_word' id='word_1_462' title='bbox 1390 3144 1713 3217; x_wconf 81' lang='lat' dir='ltr'><strong>innoeentessunt,rel</strong></span> 
     </span>
     <span class='ocr_line' id='line_1_34' title="bbox 89 3233 1712 3308; baseline 0 -16"><span class='ocrx_word' id='word_1_463' title='bbox 89 3249 139 3306; x_wconf 93' lang='lat' dir='ltr'><strong>pro</strong></span> <span class='ocrx_word' id='word_1_464' title='bbox 154 3235 347 3292; x_wconf 89' lang='lat' dir='ltr'><strong>intentionum</strong></span> <span class='ocrx_word' id='word_1_465' title='bbox 367 3236 508 3307; x_wconf 87' lang='lat' dir='ltr'><strong>qualitate</strong></span> <span class='ocrx_word' id='word_1_466' title='bbox 523 3244 581 3293; x_wconf 89' lang='lat' dir='ltr'><strong>tam</strong></span> <span class='ocrx_word' id='word_1_467' title='bbox 601 3239 675 3295; x_wconf 92' lang='lat' dir='ltr'><strong>male</strong></span> <span class='ocrx_word' id='word_1_468' title='bbox 689 3238 733 3296; x_wconf 88' lang='lat' dir='ltr'><strong>uti</strong></span> <span class='ocrx_word' id='word_1_469' title='bbox 751 3253 809 3296; x_wconf 92' lang='lat' dir='ltr'><strong>non</strong></span> <span class='ocrx_word' id='word_1_470' title='bbox 865 3234 1011 3307; x_wconf 90' lang='lat' dir='ltr'><strong>quiillam</strong></span> <span class='ocrx_word' id='word_1_471' title='bbox 1036 3233 1222 3292; x_wconf 87' lang='lat' dir='ltr'><strong>afflictionem</strong></span> <span class='ocrx_word' id='word_1_472' title='bbox 1237 3248 1296 3292; x_wconf 93' lang='lat' dir='ltr'><strong>non</strong></span> <span class='ocrx_word' id='word_1_473' title='bbox 1312 3243 1482 3292; x_wconf 90' lang='lat' dir='ltr'><strong>meruerunt</strong></span> <span class='ocrx_word' id='word_1_474' title='bbox 1509 3235 1546 3294; x_wconf 91' lang='lat' dir='ltr'><strong>ad</strong></span> <span class='ocrx_word' id='word_1_475' title='bbox 1561 3236 1712 3308; x_wconf 89' lang='lat' dir='ltr'><strong>purgatio·</strong></span> 
     </span>
     <span class='ocr_line' id='line_1_35' title="bbox 79 3323 1712 3398; baseline 0.001 -18"><span class='ocrx_word' id='word_1_476' title='bbox 79 3339 118 3381; x_wconf 71' lang='lat' dir='ltr'><strong>‚us</strong></span> <span class='ocrx_word' id='word_1_477' title='bbox 133 3338 222 3396; x_wconf 89' lang='lat' dir='ltr'><strong>qnam</strong></span> <span class='ocrx_word' id='word_1_478' title='bbox 237 3324 318 3393; x_wconf 92' lang='lat' dir='ltr'><strong>bene,</strong></span> <span class='ocrx_word' id='word_1_479' title='bbox 335 3325 443 3382; x_wconf 88' lang='lat' dir='ltr'><strong>scilicet</strong></span> <span class='ocrx_word' id='word_1_480' title='bbox 458 3325 532 3382; x_wconf 90' lang='grc'><strong>1111111</strong></span> <span class='ocrx_word' id='word_1_481' title='bbox 554 3325 639 3382; x_wconf 85' lang='grc'><strong>101011</strong></span> <span class='ocrx_word' id='word_1_482' title='bbox 663 3327 733 3398; x_wconf 92' lang='lat' dir='ltr'><strong>quid</strong></span> <span class='ocrx_word' id='word_1_483' title='bbox 749 3327 808 3396; x_wconf 90' lang='lat' dir='ltr'><strong>liat,</strong></span> <span class='ocrx_word' id='word_1_484' title='bbox 864 3338 931 3383; x_wconf 92' lang='lat' dir='ltr'><strong>nem</strong></span> <span class='ocrx_word' id='word_1_485' title='bbox 946 3324 1053 3382; x_wconf 90' lang='lat' dir='ltr'><strong>scilicet</strong></span> <span class='ocrx_word' id='word_1_486' title='bbox 1067 3324 1193 3395; x_wconf 89' lang='lat' dir='ltr'><strong>alicujus</strong></span> <span class='ocrx_word' id='word_1_487' title='bbox 1207 3324 1315 3395; x_wconf 90' lang='lat' dir='ltr'><strong>peccati</strong></span> <span class='ocrx_word' id='word_1_488' title='bbox 1329 3338 1431 3381; x_wconf 91' lang='lat' dir='ltr'><strong>eorum</strong></span> <span class='ocrx_word' id='word_1_489' title='bbox 1450 3323 1500 3396; x_wconf 91' lang='lat' dir='ltr'><strong>qui</strong></span> <span class='ocrx_word' id='word_1_490' title='bbox 1528 3324 1712 3397; x_wconf 87' lang='lat' dir='ltr'><strong>allliguntur,</strong></span> 
     </span>
     <span class='ocr_line' id='line_1_36' title="bbox 79 3411 1715 3486; baseline 0.001 -16"><span class='ocrx_word' id='word_1_491' title='bbox 79 3413 197 3470; x_wconf 73' lang='lat' dir='ltr'><strong>&gt;animo</strong></span> <span class='ocrx_word' id='word_1_492' title='bbox 211 3413 270 3469; x_wconf 88' lang='lat' dir='ltr'><strong>dat.</strong></span> <span class='ocrx_word' id='word_1_493' title='bbox 295 3414 376 3470; x_wconf 91' lang='lat' dir='ltr'><strong>Unde</strong></span> <span class='ocrx_word' id='word_1_494' title='bbox 397 3421 425 3470; x_wconf 93' lang='lat' dir='ltr'><strong>et</strong></span> <span class='ocrx_word' id='word_1_495' title='bbox 440 3413 561 3484; x_wconf 84' lang='lat' dir='ltr'><strong>quilibet</strong></span> <span class='ocrx_word' id='word_1_496' title='bbox 575 3413 660 3471; x_wconf 89' lang='lat' dir='ltr'><strong>bomo</strong></span> <span class='ocrx_word' id='word_1_497' title='bbox 684 3423 742 3471; x_wconf 88' lang='lat' dir='ltr'><strong>tam</strong></span> <span class='ocrx_word' id='word_1_498' title='bbox 761 3416 809 3471; x_wconf 92' lang='lat' dir='ltr'><strong>bo·</strong></span> <span class='ocrx_word' id='word_1_499' title='bbox 864 3412 910 3471; x_wconf 87' lang='lat' dir='ltr'><strong>vel</strong></span> <span class='ocrx_word' id='word_1_500' title='bbox 922 3413 959 3470; x_wconf 92' lang='lat' dir='ltr'><strong>ad</strong></span> <span class='ocrx_word' id='word_1_501' title='bbox 987 3419 1178 3486; x_wconf 86' lang='lat' dir='ltr'><strong>augmentum</strong></span> <span class='ocrx_word' id='word_1_502' title='bbox 1200 3412 1307 3481; x_wconf 89' lang='lat' dir='ltr'><strong>meriti,</strong></span> <span class='ocrx_word' id='word_1_503' title='bbox 1322 3413 1383 3471; x_wconf 85' lang='lat' dir='ltr'><strong>sive</strong></span> <span class='ocrx_word' id='word_1_504' title='bbox 1408 3413 1445 3470; x_wconf 94' lang='lat' dir='ltr'><strong>ad</strong></span> <span class='ocrx_word' id='word_1_505' title='bbox 1459 3413 1626 3485; x_wconf 87' lang='lat' dir='ltr'><strong>exemplum</strong></span> <span class='ocrx_word' id='word_1_506' title='bbox 1648 3411 1715 3471; x_wconf 89' lang='lat' dir='ltr'><strong>aliis</strong></span> 
     </span>
     <span class='ocr_line' id='line_1_37' title="bbox 79 3500 1715 3580; baseline 0.001 -22"><span class='ocrx_word' id='word_1_507' title='bbox 79 3515 299 3573; x_wconf 78' lang='lat' dir='ltr'><strong>amperrersuS,</strong></span> <span class='ocrx_word' id='word_1_508' title='bbox 314 3509 373 3558; x_wconf 88' lang='lat' dir='ltr'><strong>tam</strong></span> <span class='ocrx_word' id='word_1_509' title='bbox 395 3502 538 3559; x_wconf 91' lang='lat' dir='ltr'><strong>bonarum</strong></span> <span class='ocrx_word' id='word_1_510' title='bbox 554 3516 641 3573; x_wconf 92' lang='lat' dir='ltr'><strong>quam</strong></span> <span class='ocrx_word' id='word_1_511' title='bbox 665 3502 810 3560; x_wconf 89' lang='lat' dir='ltr'><strong>malarum</strong></span> <span class='ocrx_word' id='word_1_512' title='bbox 865 3502 1005 3570; x_wconf 85' lang='lat' dir='ltr'><strong>dandum,</strong></span> <span class='ocrx_word' id='word_1_513' title='bbox 1023 3500 1067 3559; x_wconf 87' lang='lat' dir='ltr'><strong>vel</strong></span> <span class='ocrx_word' id='word_1_514' title='bbox 1081 3515 1261 3580; x_wconf 81' lang='lat' dir='ltr'><strong>quacunque</strong></span> <span class='ocrx_word' id='word_1_515' title='bbox 1274 3515 1364 3558; x_wconf 90' lang='lat' dir='ltr'><strong>eausa</strong></span> <span class='ocrx_word' id='word_1_516' title='bbox 1379 3501 1556 3572; x_wconf 83' lang='lat' dir='ltr'><strong>rationabili,</strong></span> <span class='ocrx_word' id='word_1_517' title='bbox 1577 3502 1715 3575; x_wconf 83' lang='lat' dir='ltr'><strong>quamvis</strong></span> 
     </span>
     <span class='ocr_line' id='line_1_38' title="bbox 79 3588 1715 3665; baseline 0.001 -17"><span class='ocrx_word' id='word_1_518' title='bbox 79 3598 145 3648; x_wconf 85' lang='lat' dir='ltr'><strong>sunt</strong></span> <span class='ocrx_word' id='word_1_519' title='bbox 156 3604 267 3660; x_wconf 89' lang='lat' dir='ltr'><strong>rerum,</strong></span> <span class='ocrx_word' id='word_1_520' title='bbox 282 3598 310 3647; x_wconf 87' lang='lat' dir='ltr'><strong>et</strong></span> <span class='ocrx_word' id='word_1_521' title='bbox 329 3604 380 3661; x_wconf 93' lang='lat' dir='ltr'><strong>per</strong></span> <span class='ocrx_word' id='word_1_522' title='bbox 394 3605 442 3647; x_wconf 91' lang='lat' dir='ltr'><strong>eos</strong></span> <span class='ocrx_word' id='word_1_523' title='bbox 462 3597 520 3646; x_wconf 90' lang='lat' dir='ltr'><strong>tam</strong></span> <span class='ocrx_word' id='word_1_524' title='bbox 537 3589 614 3647; x_wconf 89' lang='lat' dir='ltr'><strong>bona</strong></span> <span class='ocrx_word' id='word_1_525' title='bbox 628 3604 717 3662; x_wconf 90' lang='lat' dir='ltr'><strong>quam</strong></span> <span class='ocrx_word' id='word_1_526' title='bbox 735 3590 812 3648; x_wconf 90' lang='lat' dir='ltr'><strong>mala</strong></span> <span class='ocrx_word' id='word_1_527' title='bbox 865 3589 949 3647; x_wconf 88' lang='lat' dir='ltr'><strong>nobis</strong></span> <span class='ocrx_word' id='word_1_528' title='bbox 967 3589 1090 3647; x_wconf 89' lang='lat' dir='ltr'><strong>occulta.</strong></span> <span class='ocrx_word' id='word_1_529' title='bbox 1118 3588 1198 3645; x_wconf 91' lang='lat' dir='ltr'><strong>Unde</strong></span> <span class='ocrx_word' id='word_1_530' title='bbox 1212 3596 1240 3645; x_wconf 90' lang='lat' dir='ltr'><strong>et</strong></span> <span class='ocrx_word' id='word_1_531' title='bbox 1259 3589 1294 3646; x_wconf 89' lang='lat' dir='ltr'><strong>de</strong></span> <span class='ocrx_word' id='word_1_532' title='bbox 1308 3604 1341 3646; x_wconf 94' lang='lat' dir='ltr'><strong>eo</strong></span> <span class='ocrx_word' id='word_1_533' title='bbox 1362 3589 1451 3665; x_wconf 92' lang='lat' dir='ltr'><strong>quod,</strong></span> <span class='ocrx_word' id='word_1_534' title='bbox 1467 3591 1649 3661; x_wconf 90' lang='lat' dir='ltr'><strong>permittente</strong></span> <span class='ocrx_word' id='word_1_535' title='bbox 1662 3593 1715 3649; x_wconf 84' lang='lat' dir='ltr'><strong>Do</strong></span> 
     </span>
     <span class='ocr_line' id='line_1_39' title="bbox 79 3677 1715 3752; baseline 0.001 -16"><span class='ocrx_word' id='word_1_536' title='bbox 79 3680 191 3752; x_wconf 89' lang='lat' dir='ltr'><strong>otingit.</strong></span> <span class='ocrx_word' id='word_1_537' title='bbox 217 3679 280 3737; x_wconf 91' lang='lat' dir='ltr'><strong>Non</strong></span> <span class='ocrx_word' id='word_1_538' title='bbox 304 3679 382 3737; x_wconf 92' lang='lat' dir='ltr'><strong>enim</strong></span> <span class='ocrx_word' id='word_1_539' title='bbox 403 3679 496 3736; x_wconf 89' lang='lat' dir='ltr'><strong>bonus</strong></span> <span class='ocrx_word' id='word_1_540' title='bbox 511 3679 626 3736; x_wconf 92' lang='lat' dir='ltr'><strong>bomoa</strong></span> <span class='ocrx_word' id='word_1_541' title='bbox 645 3678 721 3736; x_wconf 91' lang='lat' dir='ltr'><strong>malo</strong></span> <span class='ocrx_word' id='word_1_542' title='bbox 736 3679 767 3736; x_wconf 93' lang='lat' dir='ltr'><strong>iu</strong></span> <span class='ocrx_word' id='word_1_543' title='bbox 779 3694 812 3737; x_wconf 90' lang='lat' dir='ltr'><strong>eo</strong></span> <span class='ocrx_word' id='word_1_544' title='bbox 865 3679 955 3744; x_wconf 91' lang='lat' dir='ltr'><strong>mino,</strong></span> <span class='ocrx_word' id='word_1_545' title='bbox 981 3678 1054 3734; x_wconf 91' lang='lat' dir='ltr'><strong>bene</strong></span> <span class='ocrx_word' id='word_1_546' title='bbox 1069 3677 1204 3734; x_wconf 87' lang='lat' dir='ltr'><strong>diabolus</strong></span> <span class='ocrx_word' id='word_1_547' title='bbox 1219 3685 1318 3749; x_wconf 84' lang='lat' dir='ltr'><strong>egerat</strong></span> <span class='ocrx_word' id='word_1_548' title='bbox 1334 3678 1419 3747; x_wconf 89' lang='lat' dir='ltr'><strong>malo,</strong></span> <span class='ocrx_word' id='word_1_549' title='bbox 1445 3678 1498 3735; x_wconf 84' lang='lat' dir='ltr'><strong>Job</strong></span> <span class='ocrx_word' id='word_1_550' title='bbox 1515 3679 1654 3749; x_wconf 89' lang='lat' dir='ltr'><strong>meminit,</strong></span> <span class='ocrx_word' id='word_1_551' title='bbox 1672 3680 1715 3737; x_wconf 91' lang='lat' dir='ltr'><strong>di·</strong></span> 
     </span>
     <span class='ocr_line' id='line_1_40' title="bbox 79 3765 1714 3841; baseline -0.001 -17"><span class='ocrx_word' id='word_1_552' title='bbox 79 3782 103 3825; x_wconf 72' lang='lat' dir='ltr'><strong>re</strong></span> <span class='ocrx_word' id='word_1_553' title='bbox 132 3769 257 3837; x_wconf 87' lang='lat' dir='ltr'><strong>videtur,</strong></span> <span class='ocrx_word' id='word_1_554' title='bbox 283 3768 411 3839; x_wconf 91' lang='lat' dir='ltr'><strong>quodid</strong></span> <span class='ocrx_word' id='word_1_555' title='bbox 440 3768 519 3840; x_wconf 94' lang='lat' dir='ltr'><strong>quod</strong></span> <span class='ocrx_word' id='word_1_556' title='bbox 543 3768 654 3824; x_wconf 92' lang='lat' dir='ltr'><strong>bonum</strong></span> <span class='ocrx_word' id='word_1_557' title='bbox 675 3767 723 3833; x_wconf 90' lang='lat' dir='ltr'><strong>sit,</strong></span> <span class='ocrx_word' id='word_1_558' title='bbox 733 3765 812 3835; x_wconf 90' lang='lat' dir='ltr'><strong>lacit,</strong></span> <span class='ocrx_word' id='word_1_559' title='bbox 867 3781 933 3824; x_wconf 88' lang='lat' dir='ltr'><strong>cens</strong></span> <span class='ocrx_word' id='word_1_560' title='bbox 951 3783 958 3821; x_wconf 90' lang='lat'>:</span> <span class='ocrx_word' id='word_1_561' title='bbox 973 3765 1050 3822; x_wconf 80' lang='lat' dir='ltr'><strong>Sierd</strong></span> <span class='ocrx_word' id='word_1_562' title='bbox 1072 3769 1186 3821; x_wconf 82' lang='lat' dir='ltr'><strong>Domino</strong></span> <span class='ocrx_word' id='word_1_563' title='bbox 1209 3765 1327 3836; x_wconf 81' lang='lat' dir='ltr'><strong>placuit,</strong></span> <span class='ocrx_word' id='word_1_564' title='bbox 1352 3768 1516 3834; x_wconf 70' lang='lat' dir='ltr'><strong>dierectum</strong></span> <span class='ocrx_word' id='word_1_565' title='bbox 1545 3766 1714 3841; x_wconf 77' lang='grc'><strong>0011111111.</strong></span> 
     </span>
     <span class='ocr_line' id='line_1_41' title="bbox 83 3853 1716 3929; baseline 0.001 -17"><span class='ocrx_word' id='word_1_566' title='bbox 83 3857 221 3929; x_wconf 90' lang='lat' dir='ltr'><strong>iusquod</strong></span> <span class='ocrx_word' id='word_1_567' title='bbox 251 3857 322 3914; x_wconf 90' lang='lat' dir='ltr'><strong>bene</strong></span> <span class='ocrx_word' id='word_1_568' title='bbox 350 3856 427 3913; x_wconf 88' lang='lat' dir='ltr'><strong>lacit.</strong></span> <span class='ocrx_word' id='word_1_569' title='bbox 452 3856 513 3913; x_wconf 85' lang='lat' dir='ltr'><strong>Etsi</strong></span> <span class='ocrx_word' id='word_1_570' title='bbox 529 3857 606 3914; x_wconf 90' lang='lat' dir='ltr'><strong>enim</strong></span> <span class='ocrx_word' id='word_1_571' title='bbox 635 3870 715 3912; x_wconf 92' lang='lat' dir='ltr'><strong>nunc</strong></span> <span class='ocrx_word' id='word_1_572' title='bbox 740 3866 812 3911; x_wconf 91' lang='lat' dir='ltr'><strong>usus</strong></span> <span class='ocrx_word' id='word_1_573' title='bbox 868 3854 950 3922; x_wconf 82' lang='lat' dir='ltr'><strong>Quod</strong></span> <span class='ocrx_word' id='word_1_574' title='bbox 971 3853 1042 3926; x_wconf 89' lang='lat' dir='ltr'><strong>quia</strong></span> <span class='ocrx_word' id='word_1_575' title='bbox 1072 3854 1144 3910; x_wconf 89' lang='lat' dir='ltr'><strong>bene</strong></span> <span class='ocrx_word' id='word_1_576' title='bbox 1170 3867 1187 3910; x_wconf 88' lang='lat' dir='ltr'><strong>e</strong></span> <span class='ocrx_word' id='word_1_577' title='bbox 1216 3853 1341 3910; x_wconf 91' lang='lat' dir='ltr'><strong>Domino</strong></span> <span class='ocrx_word' id='word_1_578' title='bbox 1370 3855 1541 3925; x_wconf 89' lang='lat' dir='ltr'><strong>permissum</strong></span> <span class='ocrx_word' id='word_1_579' title='bbox 1567 3869 1629 3912; x_wconf 88' lang='lat' dir='ltr'><strong>esse</strong></span> <span class='ocrx_word' id='word_1_580' title='bbox 1656 3869 1716 3913; x_wconf 92' lang='lat' dir='ltr'><strong>non</strong></span> 
     </span>
     <span class='ocr_line' id='line_1_42' title="bbox 79 3942 1718 4016; baseline -0.001 -14"><span class='ocrx_word' id='word_1_581' title='bbox 79 3945 109 4002; x_wconf 88' lang='lat' dir='ltr'><strong>ds</strong></span> <span class='ocrx_word' id='word_1_582' title='bbox 129 3959 180 4016; x_wconf 91' lang='lat' dir='ltr'><strong>pro</strong></span> <span class='ocrx_word' id='word_1_583' title='bbox 198 3945 298 4002; x_wconf 91' lang='lat' dir='ltr'><strong>eodem</strong></span> <span class='ocrx_word' id='word_1_584' title='bbox 316 3945 400 4001; x_wconf 88' lang='lat' dir='ltr'><strong>babet</strong></span> <span class='ocrx_word' id='word_1_585' title='bbox 429 3945 501 4001; x_wconf 90' lang='lat' dir='ltr'><strong>bene</strong></span> <span class='ocrx_word' id='word_1_586' title='bbox 530 3944 622 4001; x_wconf 86' lang='lat' dir='ltr'><strong>lacere</strong></span> <span class='ocrx_word' id='word_1_587' title='bbox 651 3952 679 4000; x_wconf 91' lang='lat' dir='ltr'><strong>ot</strong></span> <span class='ocrx_word' id='word_1_588' title='bbox 704 3944 813 4001; x_wconf 92' lang='lat' dir='ltr'><strong>bonum</strong></span> <span class='ocrx_word' id='word_1_589' title='bbox 868 3943 991 4013; x_wconf 91' lang='lat' dir='ltr'><strong>dubitet,</strong></span> <span class='ocrx_word' id='word_1_590' title='bbox 1003 3942 1152 4001; x_wconf 92' lang='lat' dir='ltr'><strong>relerendo</strong></span> <span class='ocrx_word' id='word_1_591' title='bbox 1164 3942 1191 4000; x_wconf 92' lang='lat' dir='ltr'><strong>ei</strong></span> <span class='ocrx_word' id='word_1_592' title='bbox 1202 3943 1310 4015; x_wconf 84' lang='lat' dir='ltr'><strong>gratias</strong></span> <span class='ocrx_word' id='word_1_593' title='bbox 1325 3942 1458 4010; x_wconf 86' lang='lat' dir='ltr'><strong>ostendit,</strong></span> <span class='ocrx_word' id='word_1_594' title='bbox 1474 3958 1542 4002; x_wconf 92' lang='lat' dir='ltr'><strong>cum</strong></span> <span class='ocrx_word' id='word_1_595' title='bbox 1557 3943 1638 4002; x_wconf 90' lang='lat' dir='ltr'><strong>addit</strong></span> <span class='ocrx_word' id='word_1_596' title='bbox 1653 3961 1660 4000; x_wconf 91' lang='lat'>:</span> <span class='ocrx_word' id='word_1_597' title='bbox 1674 3944 1718 4003; x_wconf 77' lang='lat' dir='ltr'><strong>sit</strong></span> 
     </span>
     <span class='ocr_line' id='line_1_43' title="bbox 87 4031 1282 4105; baseline -0.001 -15"><span class='ocrx_word' id='word_1_598' title='bbox 87 4033 133 4091; x_wconf 90' lang='lat' dir='ltr'><strong>vis</strong></span> <span class='ocrx_word' id='word_1_599' title='bbox 162 4042 258 4091; x_wconf 91' lang='lat' dir='ltr'><strong>tamen</strong></span> <span class='ocrx_word' id='word_1_600' title='bbox 286 4041 315 4090; x_wconf 89' lang='lat' dir='ltr'><strong>et</strong></span> <span class='ocrx_word' id='word_1_601' title='bbox 334 4033 493 4105; x_wconf 88' lang='lat' dir='ltr'><strong>proprietas</strong></span> <span class='ocrx_word' id='word_1_602' title='bbox 519 4033 672 4091; x_wconf 88' lang='lat' dir='ltr'><strong>locutionis</strong></span> <span class='ocrx_word' id='word_1_603' title='bbox 694 4047 753 4090; x_wconf 92' lang='lat' dir='ltr'><strong>non</strong></span> <span class='ocrx_word' id='word_1_604' title='bbox 775 4032 814 4088; x_wconf 89' lang='lat' dir='ltr'><strong>ita</strong></span> <span class='ocrx_word' id='word_1_605' title='bbox 868 4034 1088 4090; x_wconf 78' lang='grc' dir='ltr'><strong>1101110111101111111ι</strong></span> <span class='ocrx_word' id='word_1_606' title='bbox 1103 4031 1282 4089; x_wconf 84' lang='lat' dir='ltr'><strong>benedictum.</strong></span> 
     </span>
     <span class='ocr_line' id='line_1_44' title="bbox 82 4121 1719 4196; baseline 0.003 -17"><span class='ocrx_word' id='word_1_607' title='bbox 82 4137 96 4179; x_wconf 91' lang='lat' dir='ltr'><strong>s</strong></span> <span class='ocrx_word' id='word_1_608' title='bbox 123 4130 215 4179; x_wconf 90' lang='lat' dir='ltr'><strong>sonat.</strong></span> <span class='ocrx_word' id='word_1_609' title='bbox 252 4122 332 4180; x_wconf 89' lang='lat' dir='ltr'><strong>Sicut</strong></span> <span class='ocrx_word' id='word_1_610' title='bbox 358 4122 435 4178; x_wconf 90' lang='lat' dir='ltr'><strong>enim</strong></span> <span class='ocrx_word' id='word_1_611' title='bbox 459 4122 569 4178; x_wconf 92' lang='lat' dir='ltr'><strong>bonum</strong></span> <span class='ocrx_word' id='word_1_612' title='bbox 593 4135 667 4192; x_wconf 84' lang='lat' dir='ltr'><strong>saepe</strong></span> <span class='ocrx_word' id='word_1_613' title='bbox 697 4121 813 4188; x_wconf 91' lang='lat' dir='ltr'><strong>dicitur,</strong></span> <span class='ocrx_word' id='word_1_614' title='bbox 906 4122 990 4180; x_wconf 80' lang='lat' dir='ltr'><strong>biber</strong></span> <span class='ocrx_word' id='word_1_615' title='bbox 1005 4136 1123 4193; x_wconf 91' lang='lat' dir='ltr'><strong>quoque</strong></span> <span class='ocrx_word' id='word_1_616' title='bbox 1142 4123 1254 4194; x_wconf 87' lang='lat' dir='ltr'><strong>Regum</strong></span> <span class='ocrx_word' id='word_1_617' title='bbox 1268 4123 1370 4181; x_wconf 90' lang='lat' dir='ltr'><strong>tertius</strong></span> <span class='ocrx_word' id='word_1_618' title='bbox 1392 4123 1526 4196; x_wconf 90' lang='lat' dir='ltr'><strong>spiritum</strong></span> <span class='ocrx_word' id='word_1_619' title='bbox 1550 4124 1719 4184; x_wconf 89' lang='lat' dir='ltr'><strong>mendacem</strong></span> 
     </span>
     <span class='ocr_line' id='line_1_45' title="bbox 79 4209 1719 4283; baseline 0.004 -15"><span class='ocrx_word' id='word_1_620' title='bbox 79 4225 132 4268; x_wconf 91' lang='lat' dir='ltr'><strong>nen</strong></span> <span class='ocrx_word' id='word_1_621' title='bbox 148 4211 231 4282; x_wconf 93' lang='lat' dir='ltr'><strong>bene,</strong></span> <span class='ocrx_word' id='word_1_622' title='bbox 248 4210 277 4267; x_wconf 92' lang='lat' dir='ltr'><strong>id</strong></span> <span class='ocrx_word' id='word_1_623' title='bbox 301 4219 342 4268; x_wconf 91' lang='lat' dir='ltr'><strong>est</strong></span> <span class='ocrx_word' id='word_1_624' title='bbox 363 4211 438 4267; x_wconf 93' lang='lat' dir='ltr'><strong>bona</strong></span> <span class='ocrx_word' id='word_1_625' title='bbox 463 4210 632 4276; x_wconf 87' lang='lat' dir='ltr'><strong>intentione,</strong></span> <span class='ocrx_word' id='word_1_626' title='bbox 659 4210 742 4266; x_wconf 91' lang='lat' dir='ltr'><strong>itaet</strong></span> <span class='ocrx_word' id='word_1_627' title='bbox 761 4210 815 4266; x_wconf 96' lang='lat' dir='ltr'><strong>bo·</strong></span> <span class='ocrx_word' id='word_1_628' title='bbox 870 4211 907 4268; x_wconf 93' lang='lat' dir='ltr'><strong>ad</strong></span> <span class='ocrx_word' id='word_1_629' title='bbox 935 4209 1136 4282; x_wconf 90' lang='lat' dir='ltr'><strong>decipiendum</strong></span> <span class='ocrx_word' id='word_1_630' title='bbox 1158 4210 1258 4268; x_wconf 84' lang='lat' dir='ltr'><strong>Achab</strong></span> <span class='ocrx_word' id='word_1_631' title='bbox 1286 4211 1408 4283; x_wconf 92' lang='lat' dir='ltr'><strong>impium</strong></span> <span class='ocrx_word' id='word_1_632' title='bbox 1439 4213 1519 4272; x_wconf 90' lang='lat' dir='ltr'><strong>docet</strong></span> <span class='ocrx_word' id='word_1_633' title='bbox 1552 4229 1570 4271; x_wconf 92' lang='lat' dir='ltr'><strong>a</strong></span> <span class='ocrx_word' id='word_1_634' title='bbox 1596 4215 1719 4274; x_wconf 92' lang='lat' dir='ltr'><strong>Domino</strong></span> 
     </span>
     <span class='ocr_line' id='line_1_46' title="bbox 78 4298 1721 4374; baseline 0.002 -17"><span class='ocrx_word' id='word_1_635' title='bbox 78 4299 354 4371; x_wconf 80' lang='lat' dir='ltr'><strong>eripossevidetur,</strong></span> <span class='ocrx_word' id='word_1_636' title='bbox 386 4314 454 4357; x_wconf 91' lang='lat' dir='ltr'><strong>cum</strong></span> <span class='ocrx_word' id='word_1_637' title='bbox 470 4303 567 4356; x_wconf 89' lang='lat' dir='ltr'><strong>tamen</strong></span> <span class='ocrx_word' id='word_1_638' title='bbox 592 4300 664 4356; x_wconf 93' lang='lat' dir='ltr'><strong>bene</strong></span> <span class='ocrx_word' id='word_1_639' title='bbox 680 4298 813 4356; x_wconf 91' lang='lat' dir='ltr'><strong>nonfiat.</strong></span> <span class='ocrx_word' id='word_1_640' title='bbox 872 4301 994 4358; x_wconf 88' lang='lat' dir='ltr'><strong>missum</strong></span> <span class='ocrx_word' id='word_1_641' title='bbox 1014 4299 1112 4357; x_wconf 87' lang='lat' dir='ltr'><strong>luisse.</strong></span> <span class='ocrx_word' id='word_1_642' title='bbox 1138 4298 1211 4357; x_wconf 88' lang='lat' dir='ltr'><strong>Cum</strong></span> <span class='ocrx_word' id='word_1_643' title='bbox 1231 4300 1310 4358; x_wconf 92' lang='lat' dir='ltr'><strong>enim</strong></span> <span class='ocrx_word' id='word_1_644' title='bbox 1332 4302 1439 4360; x_wconf 90' lang='lat' dir='ltr'><strong>diceret</strong></span> <span class='ocrx_word' id='word_1_645' title='bbox 1460 4303 1622 4362; x_wconf 89' lang='lat' dir='ltr'><strong>Domidns:</strong></span> <span class='ocrx_word' id='word_1_646' title='bbox 1654 4306 1721 4374; x_wconf 83' lang='lat' dir='ltr'><strong>Quis</strong></span> 
     </span>
     <span class='ocr_line' id='line_1_47' title="bbox 79 4362 1721 4461; baseline 0.004 -15"><span class='ocrx_word' id='word_1_647' title='bbox 79 4389 180 4461; x_wconf 79' lang='lat' dir='ltr'><strong>quippe</strong></span> <span class='ocrx_word' id='word_1_648' title='bbox 207 4387 349 4461; x_wconf 85' lang='lat' dir='ltr'><strong>contingit</strong></span> <span class='ocrx_word' id='word_1_649' title='bbox 378 4388 453 4445; x_wconf 91' lang='lat' dir='ltr'><strong>idem</strong></span> <span class='ocrx_word' id='word_1_650' title='bbox 483 4389 612 4446; x_wconf 85' lang='lat' dir='ltr'><strong>adversis</strong></span> <span class='ocrx_word' id='word_1_651' title='bbox 631 4388 704 4456; x_wconf 88' lang='lat' dir='ltr'><strong>srerl,</strong></span> <span class='ocrx_word' id='word_1_652' title='bbox 729 4388 769 4445; x_wconf 90' lang='lat' dir='ltr'><strong>ita</strong></span> <span class='ocrx_word' id='word_1_653' title='bbox 785 4362 857 4446; x_wconf 76' lang='lat' dir='ltr'><strong>ut⁰</strong></span> <span class='ocrx_word' id='word_1_654' title='bbox 875 4390 991 4460; x_wconf 80' lang='lat' dir='ltr'><strong>decipiet</strong></span> <span class='ocrx_word' id='word_1_655' title='bbox 1012 4387 1132 4445; x_wconf 79' lang='lat' dir='ltr'><strong>debeb?</strong></span> <span class='ocrx_word' id='word_1_656' title='bbox 1155 4389 1293 4456; x_wconf 81' lang='lat' dir='ltr'><strong>Egressus</strong></span> <span class='ocrx_word' id='word_1_657' title='bbox 1322 4391 1437 4461; x_wconf 84' lang='lat' dir='ltr'><strong>spiritus</strong></span> <span class='ocrx_word' id='word_1_658' title='bbox 1453 4392 1573 4449; x_wconf 82' lang='lat' dir='ltr'><strong>mendae</strong></span> <span class='ocrx_word' id='word_1_659' title='bbox 1587 4393 1666 4451; x_wconf 83' lang='lat' dir='ltr'><strong>stetit</strong></span> <span class='ocrx_word' id='word_1_660' title='bbox 1680 4410 1721 4452; x_wconf 94' lang='lat' dir='ltr'><strong>co-</strong></span> 
     </span>
     <span class='ocr_line' id='line_1_48' title="bbox 79 4476 1720 4550; baseline 0.004 -15"><span class='ocrx_word' id='word_1_661' title='bbox 79 4491 140 4535; x_wconf 89' lang='lat' dir='ltr'><strong>rum</strong></span> <span class='ocrx_word' id='word_1_662' title='bbox 166 4477 324 4534; x_wconf 90' lang='lat' dir='ltr'><strong>intentione</strong></span> <span class='ocrx_word' id='word_1_663' title='bbox 339 4476 414 4534; x_wconf 91' lang='lat' dir='ltr'><strong>alius</strong></span> <span class='ocrx_word' id='word_1_664' title='bbox 441 4477 524 4547; x_wconf 92' lang='lat' dir='ltr'><strong>bene,</strong></span> <span class='ocrx_word' id='word_1_665' title='bbox 556 4477 631 4535; x_wconf 88' lang='lat' dir='ltr'><strong>alius</strong></span> <span class='ocrx_word' id='word_1_666' title='bbox 645 4479 719 4535; x_wconf 89' lang='lat' dir='ltr'><strong>male</strong></span> <span class='ocrx_word' id='word_1_667' title='bbox 747 4478 820 4536; x_wconf 94' lang='lat' dir='ltr'><strong>illud</strong></span> <span class='ocrx_word' id='word_1_668' title='bbox 874 4495 936 4535; x_wconf 87' lang='lat' dir='ltr'><strong>rom</strong></span> <span class='ocrx_word' id='word_1_669' title='bbox 948 4480 1074 4548; x_wconf 85' lang='lat' dir='ltr'><strong>Domino,</strong></span> <span class='ocrx_word' id='word_1_670' title='bbox 1097 4481 1123 4532; x_wconf 88' lang='lat' dir='ltr'><strong>et</strong></span> <span class='ocrx_word' id='word_1_671' title='bbox 1137 4479 1198 4534; x_wconf 89' lang='lat' dir='ltr'><strong>eit:</strong></span> <span class='ocrx_word' id='word_1_672' title='bbox 1217 4481 1273 4547; x_wconf 83' lang='lat' dir='ltr'><strong>qu</strong></span> <span class='ocrx_word' id='word_1_673' title='bbox 1289 4478 1425 4550; x_wconf 88' lang='lat' dir='ltr'><strong>decipiam</strong></span> <span class='ocrx_word' id='word_1_674' title='bbox 1441 4481 1534 4537; x_wconf 82' lang='lat' dir='ltr'><strong>ilium.</strong></span> <span class='ocrx_word' id='word_1_675' title='bbox 1550 4482 1600 4540; x_wconf 83' lang='lat' dir='ltr'><strong>cui</strong></span> <span class='ocrx_word' id='word_1_676' title='bbox 1614 4483 1720 4541; x_wconf 84' lang='grc'><strong>10011101</strong></span> 
     </span>
     <span class='ocr_line' id='line_1_49' title="bbox 96 4565 1778 4640; baseline 0.001 -17"><span class='ocrx_word' id='word_1_677' title='bbox 96 4566 202 4633; x_wconf 81' lang='lat' dir='ltr'><strong>Veluti,</strong></span> <span class='ocrx_word' id='word_1_678' title='bbox 231 4567 256 4624; x_wconf 90' lang='lat' dir='ltr'><strong>si</strong></span> <span class='ocrx_word' id='word_1_679' title='bbox 285 4565 343 4624; x_wconf 93' lang='lat' dir='ltr'><strong>duo</strong></span> <span class='ocrx_word' id='word_1_680' title='bbox 379 4566 508 4639; x_wconf 90' lang='lat' dir='ltr'><strong>aliquem</strong></span> <span class='ocrx_word' id='word_1_681' title='bbox 535 4567 820 4638; x_wconf 88' lang='lat' dir='ltr'><strong>reumsuspendant,</strong></span> <span class='ocrx_word' id='word_1_682' title='bbox 876 4567 1130 4624; x_wconf 83' lang='lat' dir='ltr'><strong>estDomioos:ln</strong></span> <span class='ocrx_word' id='word_1_683' title='bbox 1149 4567 1223 4634; x_wconf 83' lang='lat' dir='ltr'><strong>quoi</strong></span> <span class='ocrx_word' id='word_1_684' title='bbox 1250 4570 1286 4624; x_wconf 81' lang='lat' dir='ltr'><strong>st</strong></span> <span class='ocrx_word' id='word_1_685' title='bbox 1313 4567 1361 4623; x_wconf 89' lang='lat' dir='ltr'><strong>iile</strong></span> <span class='ocrx_word' id='word_1_686' title='bbox 1388 4571 1449 4625; x_wconf 88' lang='lat' dir='ltr'><strong>eit:</strong></span> <span class='ocrx_word' id='word_1_687' title='bbox 1475 4570 1613 4640; x_wconf 78' lang='lat' dir='ltr'><strong>Epredier</strong></span> <span class='ocrx_word' id='word_1_688' title='bbox 1637 4577 1722 4628; x_wconf 81' lang='lat' dir='ltr'><strong>eicco</strong></span> <span class='ocrx_word' id='word_1_689' title='bbox 1774 4621 1778 4625; x_wconf 79' lang='grc'>,</span> 
     </span>
     <span class='ocr_line' id='line_1_50' title="bbox 79 4654 1721 4731; baseline 0.003 -19"><span class='ocrx_word' id='word_1_690' title='bbox 79 4654 189 4726; x_wconf 76' lang='lat' dir='ltr'><strong>quidem</strong></span> <span class='ocrx_word' id='word_1_691' title='bbox 213 4669 246 4712; x_wconf 93' lang='lat' dir='ltr'><strong>eo</strong></span> <span class='ocrx_word' id='word_1_692' title='bbox 270 4655 450 4714; x_wconf 91' lang='lat' dir='ltr'><strong>solummodo</strong></span> <span class='ocrx_word' id='word_1_693' title='bbox 472 4655 549 4726; x_wconf 94' lang='lat' dir='ltr'><strong>quod</strong></span> <span class='ocrx_word' id='word_1_694' title='bbox 571 4669 638 4712; x_wconf 89' lang='lat' dir='ltr'><strong>eum</strong></span> <span class='ocrx_word' id='word_1_695' title='bbox 662 4655 731 4723; x_wconf 90' lang='lat' dir='ltr'><strong>odit,</strong></span> <span class='ocrx_word' id='word_1_696' title='bbox 749 4655 821 4712; x_wconf 90' lang='lat' dir='ltr'><strong>alter</strong></span> <span class='ocrx_word' id='word_1_697' title='bbox 876 4658 991 4726; x_wconf 82' lang='lat' dir='ltr'><strong>spiritur</strong></span> <span class='ocrx_word' id='word_1_698' title='bbox 1007 4655 1126 4711; x_wconf 82' lang='lat' dir='ltr'><strong>menduc</strong></span> <span class='ocrx_word' id='word_1_699' title='bbox 1149 4658 1180 4711; x_wconf 87' lang='lat' dir='ltr'><strong>in</strong></span> <span class='ocrx_word' id='word_1_700' title='bbox 1208 4671 1253 4712; x_wconf 91' lang='lat' dir='ltr'><strong>ore</strong></span> <span class='ocrx_word' id='word_1_701' title='bbox 1277 4658 1397 4714; x_wconf 83' lang='lat' dir='ltr'><strong>omnium</strong></span> <span class='ocrx_word' id='word_1_702' title='bbox 1425 4659 1624 4730; x_wconf 81' lang='lat' dir='ltr'><strong>prophetorum</strong></span> <span class='ocrx_word' id='word_1_703' title='bbox 1651 4661 1721 4731; x_wconf 64' lang='grc'><strong>01111.</strong></span> 
     </span>
     <span class='ocr_line' id='line_1_51' title="bbox 79 4742 1725 4818; baseline 0.004 -18"><span class='ocrx_word' id='word_1_704' title='bbox 79 4742 128 4800; x_wconf 85' lang='grc'><strong>1110</strong></span> <span class='ocrx_word' id='word_1_705' title='bbox 142 4743 247 4801; x_wconf 87' lang='lat' dir='ltr'><strong>babeat</strong></span> <span class='ocrx_word' id='word_1_706' title='bbox 261 4743 338 4800; x_wconf 89' lang='lat' dir='ltr'><strong>hanc</strong></span> <span class='ocrx_word' id='word_1_707' title='bbox 353 4743 645 4815; x_wconf 78' lang='lat' dir='ltr'><strong>exercereJustitiam,</strong></span> <span class='ocrx_word' id='word_1_708' title='bbox 659 4744 740 4814; x_wconf 85' lang='lat' dir='ltr'><strong>justa</strong></span> <span class='ocrx_word' id='word_1_709' title='bbox 759 4743 821 4800; x_wconf 89' lang='lat' dir='ltr'><strong>haec</strong></span> <span class='ocrx_word' id='word_1_710' title='bbox 877 4747 912 4800; x_wconf 80' lang='lat' dir='ltr'><strong>Et</strong></span> <span class='ocrx_word' id='word_1_711' title='bbox 927 4744 1002 4800; x_wconf 80' lang='lat' dir='ltr'><strong>dicit</strong></span> <span class='ocrx_word' id='word_1_712' title='bbox 1017 4746 1152 4800; x_wconf 83' lang='lat' dir='ltr'><strong>Dominus</strong></span> <span class='ocrx_word' id='word_1_713' title='bbox 1169 4747 1317 4817; x_wconf 85' lang='lat' dir='ltr'><strong>:Decipies</strong></span> <span class='ocrx_word' id='word_1_714' title='bbox 1344 4750 1370 4802; x_wconf 90' lang='lat' dir='ltr'><strong>et</strong></span> <span class='ocrx_word' id='word_1_715' title='bbox 1396 4747 1559 4818; x_wconf 79' lang='lat' dir='ltr'><strong>prevalebis</strong></span> <span class='ocrx_word' id='word_1_716' title='bbox 1570 4766 1582 4814; x_wconf 91' lang='lat'><strong>,·</strong></span> <span class='ocrx_word' id='word_1_717' title='bbox 1598 4750 1725 4818; x_wconf 80' lang='lat' dir='ltr'><strong>egredere</strong></span> 
     </span>
     <span class='ocr_line' id='line_1_52' title="bbox 79 4831 1725 4910; baseline 0.005 -22"><span class='ocrx_word' id='word_1_718' title='bbox 79 4832 127 4890; x_wconf 84' lang='grc'><strong>010</strong></span> <span class='ocrx_word' id='word_1_719' title='bbox 142 4832 178 4889; x_wconf 84' lang='grc'><strong>01)</strong></span> <span class='ocrx_word' id='word_1_720' title='bbox 190 4832 244 4889; x_wconf 87' lang='lat' dir='ltr'><strong>isto</strong></span> <span class='ocrx_word' id='word_1_721' title='bbox 265 4831 342 4904; x_wconf 88' lang='lat' dir='ltr'><strong>juste</strong></span> <span class='ocrx_word' id='word_1_722' title='bbox 357 4832 399 4900; x_wconf 89' lang='lat' dir='ltr'><strong>lit,</strong></span> <span class='ocrx_word' id='word_1_723' title='bbox 420 4833 493 4904; x_wconf 89' lang='lat' dir='ltr'><strong>quia</strong></span> <span class='ocrx_word' id='word_1_724' title='bbox 506 4842 584 4890; x_wconf 89' lang='lat' dir='ltr'><strong>reeta</strong></span> <span class='ocrx_word' id='word_1_725' title='bbox 602 4832 771 4900; x_wconf 88' lang='lat' dir='ltr'><strong>intentione,</strong></span> <span class='ocrx_word' id='word_1_726' title='bbox 786 4832 822 4890; x_wconf 87' lang='lat' dir='ltr'><strong>ab</strong></span> <span class='ocrx_word' id='word_1_727' title='bbox 878 4837 904 4888; x_wconf 95' lang='lat' dir='ltr'><strong>et</strong></span> <span class='ocrx_word' id='word_1_728' title='bbox 913 4835 960 4901; x_wconf 80' lang='lat' dir='ltr'><strong>soe</strong></span> <span class='ocrx_word' id='word_1_729' title='bbox 974 4835 1016 4889; x_wconf 86' lang='lat' dir='ltr'><strong>ite</strong></span> <span class='ocrx_word' id='word_1_730' title='bbox 1030 4833 1088 4906; x_wconf 80' lang='lat' dir='ltr'><strong>(ill</strong></span> <span class='ocrx_word' id='word_1_731' title='bbox 1100 4836 1166 4902; x_wconf 81' lang='lat' dir='ltr'><strong>nep.</strong></span> <span class='ocrx_word' id='word_1_732' title='bbox 1194 4847 1267 4903; x_wconf 81' lang='lat' dir='ltr'><strong>xxu,</strong></span> <span class='ocrx_word' id='word_1_733' title='bbox 1290 4834 1398 4909; x_wconf 72' lang='lat' dir='ltr'><strong>iii-⁶22).</strong></span> <span class='ocrx_word' id='word_1_734' title='bbox 1425 4836 1507 4904; x_wconf 88' lang='lat' dir='ltr'><strong>Quod</strong></span> <span class='ocrx_word' id='word_1_735' title='bbox 1532 4838 1650 4910; x_wconf 88' lang='lat' dir='ltr'><strong>quidem</strong></span> <span class='ocrx_word' id='word_1_736' title='bbox 1673 4839 1725 4897; x_wconf 85' lang='lat' dir='ltr'><strong>bii·</strong></span> 
     </span>
     <span class='ocr_line' id='line_1_53' title="bbox 79 4919 1726 4999; baseline 0.005 -20"><span class='ocrx_word' id='word_1_737' title='bbox 79 4923 160 4989; x_wconf 80' lang='lat' dir='ltr'><strong>iuste,</strong></span> <span class='ocrx_word' id='word_1_738' title='bbox 175 4922 247 4994; x_wconf 88' lang='lat' dir='ltr'><strong>quia</strong></span> <span class='ocrx_word' id='word_1_739' title='bbox 271 4936 330 4978; x_wconf 91' lang='lat' dir='ltr'><strong>non</strong></span> <span class='ocrx_word' id='word_1_740' title='bbox 354 4935 451 4978; x_wconf 89' lang='lat' dir='ltr'><strong>amore</strong></span> <span class='ocrx_word' id='word_1_741' title='bbox 472 4919 601 4992; x_wconf 73' lang='lat' dir='ltr'><strong>justitie,</strong></span> <span class='ocrx_word' id='word_1_742' title='bbox 631 4921 679 4977; x_wconf 88' lang='lat' dir='ltr'><strong>sed</strong></span> <span class='ocrx_word' id='word_1_743' title='bbox 695 4920 752 4978; x_wconf 89' lang='lat' dir='ltr'><strong>odii</strong></span> <span class='ocrx_word' id='word_1_744' title='bbox 765 4921 823 4978; x_wconf 85' lang='lat' dir='ltr'><strong>zelo</strong></span> <span class='ocrx_word' id='word_1_745' title='bbox 878 4922 965 4978; x_wconf 88' lang='lat' dir='ltr'><strong>cbeas</strong></span> <span class='ocrx_word' id='word_1_746' title='bbox 981 4922 1131 4993; x_wconf 91' lang='lat' dir='ltr'><strong>propbeta,</strong></span> <span class='ocrx_word' id='word_1_747' title='bbox 1146 4936 1214 4979; x_wconf 90' lang='lat' dir='ltr'><strong>cum</strong></span> <span class='ocrx_word' id='word_1_748' title='bbox 1237 4937 1333 4981; x_wconf 92' lang='lat' dir='ltr'><strong>coram</strong></span> <span class='ocrx_word' id='word_1_749' title='bbox 1349 4924 1411 4995; x_wconf 93' lang='lat' dir='ltr'><strong>ipso</strong></span> <span class='ocrx_word' id='word_1_750' title='bbox 1425 4926 1525 4984; x_wconf 84' lang='lat' dir='ltr'><strong>Aobab</strong></span> <span class='ocrx_word' id='word_1_751' title='bbox 1545 4928 1726 4999; x_wconf 84' lang='lat' dir='ltr'><strong>exposuisset</strong></span> 
     </span>
     <span class='ocr_line' id='line_1_54' title="bbox 79 5009 1727 5086; baseline 0.004 -18"><span class='ocrx_word' id='word_1_752' title='bbox 79 5026 103 5068; x_wconf 90' lang='lat' dir='ltr'><strong>e.</strong></span> <span class='ocrx_word' id='word_1_753' title='bbox 124 5012 342 5081; x_wconf 90' lang='lat' dir='ltr'><strong>Nonnunquam</strong></span> <span class='ocrx_word' id='word_1_754' title='bbox 356 5010 442 5067; x_wconf 90' lang='lat' dir='ltr'><strong>etiam</strong></span> <span class='ocrx_word' id='word_1_755' title='bbox 462 5009 531 5065; x_wconf 92' lang='lat' dir='ltr'><strong>mali</strong></span> <span class='ocrx_word' id='word_1_756' title='bbox 547 5009 749 5076; x_wconf 83' lang='lat' dir='ltr'><strong>homiues‚vel</strong></span> <span class='ocrx_word' id='word_1_757' title='bbox 765 5010 825 5081; x_wconf 92' lang='lat' dir='ltr'><strong>ipsc</strong></span> <span class='ocrx_word' id='word_1_758' title='bbox 879 5010 933 5067; x_wconf 89' lang='lat' dir='ltr'><strong>sibi</strong></span> <span class='ocrx_word' id='word_1_759' title='bbox 963 5010 1122 5068; x_wconf 90' lang='lat' dir='ltr'><strong>revelatum</strong></span> <span class='ocrx_word' id='word_1_760' title='bbox 1148 5009 1247 5081; x_wconf 87' lang='lat' dir='ltr'><strong>luisse,</strong></span> <span class='ocrx_word' id='word_1_761' title='bbox 1273 5012 1377 5084; x_wconf 88' lang='lat' dir='ltr'><strong>adjecit</strong></span> <span class='ocrx_word' id='word_1_762' title='bbox 1405 5029 1412 5070; x_wconf 80' lang='lat' dir='ltr'>z</span> <span class='ocrx_word' id='word_1_763' title='bbox 1452 5017 1530 5072; x_wconf 85' lang='grc'><strong>1111110</strong></span> <span class='ocrx_word' id='word_1_764' title='bbox 1554 5018 1643 5086; x_wconf 80' lang='lat' dir='ltr'><strong>igitur</strong></span> <span class='ocrx_word' id='word_1_765' title='bbox 1669 5032 1727 5074; x_wconf 88' lang='lat' dir='ltr'><strong>ecce</strong></span> 
     </span>
     <span class='ocr_line' id='line_1_55' title="bbox 81 5099 1725 5170; baseline 0.002 -12"><span class='ocrx_word' id='word_1_766' title='bbox 81 5100 251 5158; x_wconf 89' lang='lat' dir='ltr'><strong>ediabolus</strong></span> <span class='ocrx_word' id='word_1_767' title='bbox 278 5100 308 5156; x_wconf 92' lang='lat' dir='ltr'><strong>in</strong></span> <span class='ocrx_word' id='word_1_768' title='bbox 336 5100 434 5159; x_wconf 92' lang='lat' dir='ltr'><strong>eodem</strong></span> <span class='ocrx_word' id='word_1_769' title='bbox 451 5099 524 5156; x_wconf 92' lang='lat' dir='ltr'><strong>lacto</strong></span> <span class='ocrx_word' id='word_1_770' title='bbox 545 5099 584 5156; x_wconf 92' lang='lat' dir='ltr'><strong>ita</strong></span> <span class='ocrx_word' id='word_1_771' title='bbox 599 5100 656 5155; x_wconf 92' lang='lat' dir='ltr'><strong>Deo</strong></span> <span class='ocrx_word' id='word_1_772' title='bbox 676 5099 825 5170; x_wconf 88' lang='lat' dir='ltr'><strong>cooperari</strong></span> <span class='ocrx_word' id='word_1_773' title='bbox 880 5099 957 5154; x_wconf 85' lang='lat' dir='ltr'><strong>dedit</strong></span> <span class='ocrx_word' id='word_1_774' title='bbox 986 5100 1119 5155; x_wconf 85' lang='lat' dir='ltr'><strong>Dominus</strong></span> <span class='ocrx_word' id='word_1_775' title='bbox 1147 5102 1278 5170; x_wconf 83' lang='lat' dir='ltr'><strong>spiritum</strong></span> <span class='ocrx_word' id='word_1_776' title='bbox 1304 5102 1460 5159; x_wconf 84' lang='lat' dir='ltr'><strong>mendacem</strong></span> <span class='ocrx_word' id='word_1_777' title='bbox 1489 5107 1519 5161; x_wconf 86' lang='lat' dir='ltr'><strong>in</strong></span> <span class='ocrx_word' id='word_1_778' title='bbox 1533 5121 1579 5161; x_wconf 89' lang='lat' dir='ltr'><strong>ore</strong></span> <span class='ocrx_word' id='word_1_779' title='bbox 1603 5109 1725 5164; x_wconf 79' lang='lat' dir='ltr'><strong>omnium</strong></span> 
     </span>
     <span class='ocr_line' id='line_1_56' title="bbox 83 5186 1727 5262; baseline 0.004 -17"><span class='ocrx_word' id='word_1_780' title='bbox 83 5203 127 5258; x_wconf 90' lang='lat' dir='ltr'><strong>ur,</strong></span> <span class='ocrx_word' id='word_1_781' title='bbox 150 5196 182 5246; x_wconf 91' lang='lat' dir='ltr'><strong>ut</strong></span> <span class='ocrx_word' id='word_1_782' title='bbox 195 5189 271 5247; x_wconf 91' lang='lat' dir='ltr'><strong>idem</strong></span> <span class='ocrx_word' id='word_1_783' title='bbox 295 5196 355 5246; x_wconf 89' lang='lat' dir='ltr'><strong>tam</strong></span> <span class='ocrx_word' id='word_1_784' title='bbox 370 5203 387 5244; x_wconf 88' lang='lat' dir='ltr'><strong>a</strong></span> <span class='ocrx_word' id='word_1_785' title='bbox 403 5189 460 5245; x_wconf 91' lang='lat' dir='ltr'><strong>Deo</strong></span> <span class='ocrx_word' id='word_1_786' title='bbox 476 5201 563 5260; x_wconf 84' lang='lat' dir='ltr'><strong>quarn</strong></span> <span class='ocrx_word' id='word_1_787' title='bbox 579 5186 634 5262; x_wconf 80' lang='lat' dir='ltr'><strong>(id.</strong></span> <span class='ocrx_word' id='word_1_788' title='bbox 649 5187 698 5258; x_wconf 85' lang='lat' dir='ltr'><strong>V.)</strong></span> <span class='ocrx_word' id='word_1_789' title='bbox 719 5187 826 5245; x_wconf 88' lang='lat' dir='ltr'><strong>abillis</strong></span> <span class='ocrx_word' id='word_1_790' title='bbox 877 5189 1075 5262; x_wconf 79' lang='lat' dir='ltr'><strong>prophetorum</strong></span> <span class='ocrx_word' id='word_1_791' title='bbox 1103 5192 1213 5245; x_wconf 83' lang='lat' dir='ltr'><strong>tuorem</strong></span> <span class='ocrx_word' id='word_1_792' title='bbox 1243 5193 1293 5260; x_wconf 83' lang='lat' dir='ltr'><strong>qui</strong></span> <span class='ocrx_word' id='word_1_793' title='bbox 1316 5191 1359 5247; x_wconf 87' lang='lat' dir='ltr'><strong>bie</strong></span> <span class='ocrx_word' id='word_1_794' title='bbox 1386 5198 1450 5248; x_wconf 84' lang='lat' dir='ltr'><strong>suot</strong></span> <span class='ocrx_word' id='word_1_795' title='bbox 1463 5213 1475 5262; x_wconf 86' lang='lat'><strong>,·</strong></span> <span class='ocrx_word' id='word_1_796' title='bbox 1500 5198 1527 5250; x_wconf 90' lang='grc'><strong>01</strong></span> <span class='ocrx_word' id='word_1_797' title='bbox 1552 5196 1672 5252; x_wconf 66' lang='grc'><strong>10001111</strong></span> <span class='ocrx_word' id='word_1_798' title='bbox 1685 5201 1727 5253; x_wconf 85' lang='lat' dir='ltr'><strong>est</strong></span> 
     </span>
     <span class='ocr_line' id='line_1_57' title="bbox 79 5276 1729 5351; baseline 0.006 -17"><span class='ocrx_word' id='word_1_799' title='bbox 79 5285 213 5334; x_wconf 87' lang='lat' dir='ltr'><strong>sseratur.</strong></span> <span class='ocrx_word' id='word_1_800' title='bbox 242 5279 315 5335; x_wconf 82' lang='lat' dir='ltr'><strong>Dece</strong></span> <span class='ocrx_word' id='word_1_801' title='bbox 327 5278 404 5335; x_wconf 89' lang='lat' dir='ltr'><strong>enim</strong></span> <span class='ocrx_word' id='word_1_802' title='bbox 419 5291 436 5333; x_wconf 88' lang='lat' dir='ltr'><strong>a</strong></span> <span class='ocrx_word' id='word_1_803' title='bbox 452 5277 539 5333; x_wconf 89' lang='lat' dir='ltr'><strong>Satan</strong></span> <span class='ocrx_word' id='word_1_804' title='bbox 554 5290 588 5334; x_wconf 88' lang='lat' dir='ltr'><strong>ea</strong></span> <span class='ocrx_word' id='word_1_805' title='bbox 610 5291 676 5348; x_wconf 87' lang='lat' dir='ltr'><strong>quae</strong></span> <span class='ocrx_word' id='word_1_806' title='bbox 690 5276 742 5334; x_wconf 90' lang='lat' dir='ltr'><strong>Job</strong></span> <span class='ocrx_word' id='word_1_807' title='bbox 761 5291 825 5348; x_wconf 91' lang='lat' dir='ltr'><strong>pos·</strong></span> <span class='ocrx_word' id='word_1_808' title='bbox 881 5282 976 5334; x_wconf 83' lang='lat' dir='ltr'><strong>contre</strong></span> <span class='ocrx_word' id='word_1_809' title='bbox 991 5283 1016 5333; x_wconf 87' lang='lat' dir='ltr'><strong>te</strong></span> <span class='ocrx_word' id='word_1_810' title='bbox 1038 5278 1140 5333; x_wconf 83' lang='grc'><strong>01011101</strong></span> <span class='ocrx_word' id='word_1_811' title='bbox 1164 5279 1253 5348; x_wconf 85' lang='lat' dir='ltr'><strong>(ibid,</strong></span> <span class='ocrx_word' id='word_1_812' title='bbox 1280 5279 1336 5351; x_wconf 77' lang='lat'>2³).</span> <span class='ocrx_word' id='word_1_813' title='bbox 1362 5280 1427 5338; x_wconf 87' lang='lat' dir='ltr'><strong>Sive</strong></span> <span class='ocrx_word' id='word_1_814' title='bbox 1442 5289 1538 5339; x_wconf 90' lang='lat' dir='ltr'><strong>antem</strong></span> <span class='ocrx_word' id='word_1_815' title='bbox 1567 5283 1598 5340; x_wconf 93' lang='lat' dir='ltr'><strong>in</strong></span> <span class='ocrx_word' id='word_1_816' title='bbox 1613 5291 1729 5345; x_wconf 87' lang='lat' dir='ltr'><strong>sanctos</strong></span> 
     </span>
     <span class='ocr_line' id='line_1_58' title="bbox 80 5365 1726 5445; baseline 0.006 -22"><span class='ocrx_word' id='word_1_817' title='bbox 80 5374 90 5423; x_wconf 91' lang='lat' dir='ltr'><strong>t</strong></span> <span class='ocrx_word' id='word_1_818' title='bbox 120 5366 217 5423; x_wconf 88' lang='lat' dir='ltr'><strong>ablata</strong></span> <span class='ocrx_word' id='word_1_819' title='bbox 238 5366 381 5435; x_wconf 85' lang='lat' dir='ltr'><strong>videmus,</strong></span> <span class='ocrx_word' id='word_1_820' title='bbox 405 5373 433 5423; x_wconf 92' lang='lat' dir='ltr'><strong>et</strong></span> <span class='ocrx_word' id='word_1_821' title='bbox 453 5373 550 5422; x_wconf 88' lang='lat' dir='ltr'><strong>tamen</strong></span> <span class='ocrx_word' id='word_1_822' title='bbox 574 5366 668 5422; x_wconf 79' lang='lat' dir='ltr'><strong>heca</strong></span> <span class='ocrx_word' id='word_1_823' title='bbox 692 5366 749 5422; x_wconf 92' lang='lat' dir='ltr'><strong>Deo</strong></span> <span class='ocrx_word' id='word_1_824' title='bbox 771 5366 826 5423; x_wconf 90' lang='lat' dir='ltr'><strong>sibi</strong></span> <span class='ocrx_word' id='word_1_825' title='bbox 881 5370 941 5425; x_wconf 88' lang='lat' dir='ltr'><strong>sive</strong></span> <span class='ocrx_word' id='word_1_826' title='bbox 955 5367 987 5422; x_wconf 95' lang='lat' dir='ltr'><strong>in</strong></span> <span class='ocrx_word' id='word_1_827' title='bbox 998 5365 1102 5438; x_wconf 89' lang='lat' dir='ltr'><strong>impios</strong></span> <span class='ocrx_word' id='word_1_828' title='bbox 1129 5367 1270 5425; x_wconf 89' lang='lat' dir='ltr'><strong>Domiuus</strong></span> <span class='ocrx_word' id='word_1_829' title='bbox 1298 5367 1445 5426; x_wconf 89' lang='lat' dir='ltr'><strong>diabolum</strong></span> <span class='ocrx_word' id='word_1_830' title='bbox 1457 5371 1559 5430; x_wconf 76' lang='lat' dir='ltr'><strong>saevire</strong></span> <span class='ocrx_word' id='word_1_831' title='bbox 1569 5373 1726 5445; x_wconf 89' lang='lat' dir='ltr'><strong>permittat,</strong></span> 
     </span>
     <span class='ocr_line' id='line_1_59' title="bbox 79 5454 1727 5536; baseline 0.008 -25"><span class='ocrx_word' id='word_1_832' title='bbox 79 5455 152 5512; x_wconf 88' lang='lat' dir='ltr'><strong>iJob</strong></span> <span class='ocrx_word' id='word_1_833' title='bbox 169 5455 229 5527; x_wconf 90' lang='lat' dir='ltr'><strong>ipse</strong></span> <span class='ocrx_word' id='word_1_834' title='bbox 255 5455 416 5526; x_wconf 84' lang='lat' dir='ltr'><strong>prometur,</strong></span> <span class='ocrx_word' id='word_1_835' title='bbox 446 5455 567 5512; x_wconf 91' lang='lat' dir='ltr'><strong>dicens:</strong></span> <span class='ocrx_word' id='word_1_836' title='bbox 593 5455 725 5510; x_wconf 84' lang='lat' dir='ltr'><strong>Dominus</strong></span> <span class='ocrx_word' id='word_1_837' title='bbox 739 5454 826 5526; x_wconf 85' lang='lat' dir='ltr'><strong>dedit,</strong></span> <span class='ocrx_word' id='word_1_838' title='bbox 881 5461 994 5514; x_wconf 90' lang='lat' dir='ltr'><strong>constat</strong></span> <span class='ocrx_word' id='word_1_839' title='bbox 1021 5455 1147 5528; x_wconf 87' lang='lat' dir='ltr'><strong>proiecto</strong></span> <span class='ocrx_word' id='word_1_840' title='bbox 1174 5470 1228 5513; x_wconf 91' lang='lat' dir='ltr'><strong>nec</strong></span> <span class='ocrx_word' id='word_1_841' title='bbox 1255 5456 1351 5529; x_wconf 91' lang='lat' dir='ltr'><strong>ipsum</strong></span> <span class='ocrx_word' id='word_1_842' title='bbox 1375 5457 1434 5516; x_wconf 91' lang='lat' dir='ltr'><strong>nisi</strong></span> <span class='ocrx_word' id='word_1_843' title='bbox 1459 5460 1533 5519; x_wconf 90' lang='lat' dir='ltr'><strong>bene</strong></span> <span class='ocrx_word' id='word_1_844' title='bbox 1551 5464 1727 5536; x_wconf 89' lang='lat' dir='ltr'><strong>permittere,</strong></span> 
     </span>
    </p>
   </div>
   <div class='ocr_carea' id='block_1_3' title="bbox 79 5542 1733 5627">
    <p class='ocr_par' dir='ltr' id='par_1_3' title="bbox 79 5542 1733 5627">
     <span class='ocr_line' id='line_1_60' title="bbox 79 5542 1733 5627; baseline 0.008 -28"><span class='ocrx_word' id='word_1_845' title='bbox 79 5543 334 5617; x_wconf 76' lang='grc'><strong>01011111111101.</strong></span> <span class='ocrx_word' id='word_1_846' title='bbox 362 5561 382 5617; x_wconf 92' lang='lat'><strong>1,</strong></span> <span class='ocrx_word' id='word_1_847' title='bbox 397 5543 455 5617; x_wconf 82' lang='lat' dir='ltr'><strong>al).</strong></span> <span class='ocrx_word' id='word_1_848' title='bbox 475 5542 557 5604; x_wconf 87' lang='lat' dir='ltr'><strong>Unde</strong></span> <span class='ocrx_word' id='word_1_849' title='bbox 583 5551 681 5605; x_wconf 91' lang='lat' dir='ltr'><strong>autem</strong></span> <span class='ocrx_word' id='word_1_850' title='bbox 694 5549 723 5604; x_wconf 93' lang='lat' dir='ltr'><strong>et</strong></span> <span class='ocrx_word' id='word_1_851' title='bbox 742 5542 780 5604; x_wconf 91' lang='lat' dir='ltr'><strong>ad</strong></span> <span class='ocrx_word' id='word_1_852' title='bbox 795 5543 827 5602; x_wconf 92' lang='lat' dir='ltr'><strong>ll·</strong></span> <span class='ocrx_word' id='word_1_853' title='bbox 881 5543 962 5618; x_wconf 90' lang='lat' dir='ltr'><strong>quod</strong></span> <span class='ocrx_word' id='word_1_854' title='bbox 977 5543 1088 5608; x_wconf 89' lang='lat' dir='ltr'><strong>bonum</strong></span> <span class='ocrx_word' id='word_1_855' title='bbox 1106 5550 1151 5607; x_wconf 87' lang='lat' dir='ltr'><strong>est</strong></span> <span class='ocrx_word' id='word_1_856' title='bbox 1175 5545 1317 5619; x_wconf 86' lang='lat' dir='ltr'><strong>permitti,</strong></span> <span class='ocrx_word' id='word_1_857' title='bbox 1332 5560 1387 5609; x_wconf 88' lang='lat' dir='ltr'><strong>nec</strong></span> <span class='ocrx_word' id='word_1_858' title='bbox 1406 5547 1490 5613; x_wconf 91' lang='lat' dir='ltr'><strong>illum</strong></span> <span class='ocrx_word' id='word_1_859' title='bbox 1514 5550 1572 5614; x_wconf 86' lang='grc'><strong>11111</strong></span> <span class='ocrx_word' id='word_1_860' title='bbox 1591 5552 1668 5614; x_wconf 83' lang='lat' dir='ltr'><strong>male</strong></span> <span class='ocrx_word' id='word_1_861' title='bbox 1691 5552 1733 5627; x_wconf 86' lang='grc'><strong>11,</strong></span> 
     </span>
    </p>
   </div>
   <div class='ocr_carea' id='block_1_4' title="bbox 0 0 1931 5962">
    <p class='ocr_par' dir='ltr' id='par_1_4' title="bbox 0 0 1931 5962">
     <span class='ocr_line' id='line_1_61' title="bbox 0 0 1931 5962; baseline 0 0"><span class='ocrx_word' id='word_1_862' title='bbox 0 0 1931 5962; x_wconf 95' lang='lat' dir='ltr'><strong> </strong></span> 
     </span>
    </p>
   </div>
  </div>
 </body>
</html>
