3736 5962
420 203 605 272 exbosttlo
626 213 662 296 lli
681 212 786 273 aelst.
805 216 910 275 rachi
929 218 978 276 ab
1000 219 1082 279 hott.
1099 249 1134 262 -
1152 219 1217 278 hic.
1237 220 1288 280 111.
1668 233 1721 288 890
1770 256 1776 262 ·

93 336 213 397 ιοιιιιιειιι
231 345 260 396 ει
286 338 501 398 nutrimentum
521 342 631 414 peccati
659 356 721 401 esse
743 343 814 402 insi·
832 344 858 401 Δ
873 360 960 417 mors,
978 348 1007 407 id
1030 357 1073 409 est
1097 350 1262 410 damnabile
1286 352 1442 412 dicendum
1468 362 1529 426 est;
1553 356 1603 415 sed
1624 364 1721 417 tamen

93 443 177 501 equo
200 428 284 486 nohis
311 430 341 486 in
357 429 532 500 praecedeuti
556 430 661 501 libello,
688 446 754 490 eum
783 434 819 491 de
875 436 970 508 ipsum
999 453 1088 498 eausa
1116 441 1328 513 quodammodo
1354 442 1426 500 mihi
1452 443 1650 505 damnationis
1677 447 1718 506 la·

98 518 236 588 ipeccato
251 531 419 589 ageremus,
444 533 502 576 nan
517 527 560 576 est
577 522 816 592 praetermissum.
873 534 952 584 ctum
967 536 1020 598 est,
1037 544 1074 587 ex
1094 531 1155 603 ipso
1170 538 1202 588 ut
1225 530 1335 588 dietum
1363 539 1406 589 est
1437 534 1586 592 occasione
1615 549 1721 592 concu-

93 621 119 675 ιε
145 608 226 673 euim,
256 606 286 662 id
316 613 359 663 εει
383 615 542 679 antequam
566 608 613 666 lex
630 621 771 683 precepta
790 621 818 671 ει
874 615 1251 692 piscentiaeacccptajnxta
1266 620 1337 677 illud
1350 621 1574 694 historiographi
1591 639 1597 679 :
1617 644 1632 675 a
1649 623 1721 682 Om-

93 696 175 751 iones
195 693 330 766 auferret,
347 704 499 767 peccatum
520 697 603 769 illud,
626 699 655 756 id
669 707 712 758 est
726 701 818 760 lomes
873 705 1008 763 niaenim
1023 708 1100 764 mala
1114 715 1178 765 orta
1192 717 1263 766 sunt
1280 724 1317 767 ex
1332 710 1414 767 bonis
1429 711 1528 767 initiis.
1547 732 1562 762 ι»
1581 711 1627 769 Sic
1642 712 1718 787 lege:

100 785 211 840 dictum
233 791 286 851 est,
302 786 422 855 peccati,
452 788 506 844 etsi
530 795 601 845 tunc
627 789 715 846 etiam
742 799 816 864 erat,
872 792 1083 864 Sedpaccatum,
1109 795 1197 853 idest
1215 796 1426 866 lamesille,nt
1444 798 1719 871 diximuspeccati,

93 874 189 930 inores
210 873 334 931 habehat
348 875 425 932 vires
448 875 484 932 ad
498 878 734 943 exsuscitandam
748 895 817 939 con·
871 897 922 953 per
936 884 1046 953 bouum,
1065 885 1192 942 subaudi
1215 886 1389 944 mandatum
1417 886 1500 960 legis,
1526 889 1587 946 sive
1607 903 1658 960 per
1681 889 1719 948 le·

92 963 179 1018 ntiam
208 976 298 1034 quam
319 970 426 1034 postea.
461 965 523 1031 Ouo
546 968 627 1024 enim
652 969 759 1027 certius
787 970 817 1028 id
873 985 938 1043 gem
957 971 1050 1044 ipsam
1076 981 1222 1044 utsupra
1251 976 1488 1046 monstravimus,
1517 984 1661 1048 operatum
1680 983 1721 1036 est

92 1051 267 1107 tsideramus
297 1060 508 1122 exspectamus,
536 1054 662 1125 amplius
694 1057 725 1113 in
754 1058 817 1130 eiua
871 1064 984 1117 mortem
995 1063 1102 1132 aalma,
1128 1062 1156 1118 id
1180 1070 1223 1121 εει
1246 1078 1362 1122 amnem
1390 1065 1662 1137 concupiscentiam,
1679 1068 1720 1126 ita

94 1140 233 1196 scentiam
258 1140 457 1210 accendimur,
482 1143 558 1199 sicut
582 1158 672 1215 supra
687 1147 816 1204 memini·
871 1157 904 1205 ut
918 1155 1052 1220 appareat
1067 1157 1220 1222 peccatum,
1237 1152 1263 1208 id
1284 1159 1326 1210 est
1341 1152 1427 1224 culpa
1447 1153 1496 1210 illa
1511 1156 1718 1227 coucupiscen-

92 1245 126 1299 po
147 1233 238 1284 autem
256 1230 380 1286 vivebam
403 1231 563 1301 aliquando,
590 1233 620 1289 id
646 1242 688 1291 est
716 1234 817 1307 aliquo
872 1239 919 1297 tiae
937 1239 976 1295 sit
999 1240 1161 1309 manifesta,
1187 1248 1215 1298 ει
1250 1240 1465 1312 inexcusabilis,
1495 1252 1522 1301 et
1553 1244 1592 1301 ita
1625 1252 1657 1302 nt
1683 1247 1721 1304 sit

92 1319 105 1374 ti
122 1333 179 1375 non
194 1333 231 1376 ex
254 1326 321 1386 toto,
338 1327 430 1377 morte
451 1321 530 1378 illius
548 1322 656 1379 icmitis
670 1324 815 1395 carebam,
871 1328 1010 1385 maxima.
1035 1329 1071 1385 Et
1089 1330 1186 1386 statim
1203 1331 1281 1401 quod
1310 1330 1438 1388 maxima
1456 1331 1493 1388 sit
1519 1333 1652 1403 ostendit,
1675 1334 1718 1392 di·

91 1409 98 1464 i
127 1407 188 1464 sine
209 1409 444 1479 concupiscentia
464 1424 543 1467 eram
563 1411 599 1468 ad
625 1415 817 1484 comparatio·
871 1431 949 1486 cens,
964 1415 1155 1488 utpeccatum,
1170 1417 1200 1475 id
1219 1427 1261 1476 est
1283 1418 1371 1477 lomes
1387 1421 1434 1478 ille
1451 1422 1636 1492 supradictus
1650 1437 1719 1495 pec·

92 1497 226 1554 tbsecutae
257 1505 321 1567 post
355 1498 447 1569 legem
484 1499 733 1571 concupiscentiae.
761 1502 818 1561 sed
871 1505 939 1571 cati,
956 1507 1365 1577 patpcccanssupramcdum,
1381 1507 1409 1564 id
1431 1517 1472 1566 est
1489 1510 1524 1566 ad
1541 1510 1719 1581 peccandum

92 1587 155 1642 t‘sset
177 1587 349 1654 mandatum,
372 1586 433 1659 lege
456 1587 533 1657 data,
549 1591 652 1645 ιευιειιι
663 1597 815 1662 peceatum,
871 1606 924 1649 nos
940 1592 1066 1650 maxime
1078 1588 1231 1663 inclinans,
1254 1596 1491 1666 permundatum,
1519 1596 1547 1653 id
1579 1605 1621 1655 esi
1637 1612 1718 1656 ecca·

92 1682 140 1731 εει
160 1683 335 1745 praeceptum
360 1675 486 1733 invainit
505 1680 745 1749 concupiscentia,
771 1681 816 1739 vel
832 1708 854 1763 B
871 1681 950 1739 sione
962 1691 1090 1753 accepta,
1105 1690 1138 1740 ut
1154 1683 1328 1750 dictumest,
1343 1699 1379 1741 en
1396 1683 1469 1757 lege.

91 1765 122 1820 in
140 1765 220 1835 prole
252 1765 330 1835 quad
348 1767 495 1836 praecessit
519 1767 548 1822 in
573 1776 700 1839 parente,
725 1769 752 1826 id
776 1778 818 1829 εει
908 1771 1117 1843 Fortequaerat
1132 1772 1239 1844 aliquis
1269 1773 1414 1845 quomodo
1441 1773 1612 1831 mandatnm
1636 1772 1719 1847 legis,

94 1853 203 1910 scentia
223 1854 262 1909 ita
292 1855 431 1912 estnobis
455 1863 518 1925 post
544 1866 720 1928 preceptum
735 1861 815 1918 exei-
871 1872 923 1916 seu
938 1859 1000 1929 ipsa
1018 1859 1066 1917 lex
1081 1860 1191 1917 bouum
1218 1860 1342 1929 dicatur,
1363 1861 1408 1917 vel
1434 1861 1471 1917 ad
1494 1862 1586 1919 vitam
1609 1862 1718 1931 datam

92 1950 140 2000 cut
167 1943 323 2012 inprimis
350 1944 523 2015 parentibus
552 1954 614 2016 past
641 1955 815 2019 praeceptum
870 1948 916 2005 ιει
931 1950 1122 2020 quarcetiam
1146 1951 1204 2006 ileo
1229 1949 1340 2017 datum,
1366 1949 1390 2010 ει
1413 1950 1528 2008 salvare
1554 1952 1720 2010 obedientes

92 2045 114 2099 ι,
158 2032 319 2102 praesertim
359 2046 427 2088 cum
473 2047 547 2104 saepe
584 2035 672 2091 etiam
715 2037 818 2095 arden·
870 2052 928 2096 non
945 2037 1084 2109 poterat?
1105 2039 1150 2096 ad
1166 2039 1245 2110 quod
1272 2039 1480 2111 respondemus
1503 2041 1595 2113 legem
1619 2042 1649 2098 ιιι
1666 2041 1720 2099 hoc

93 2120 222 2178 ideretur
235 2121 314 2193 quod
329 2121 512 2191 prohibetur,
532 2123 619 2195 juxta
636 2123 708 2182 illud
723 2127 817 2197 poeti·
870 2141 931 2184 esse
958 2127 1055 2183 datam
1081 2126 1117 2183 ad
1141 2127 1243 2195 ιιιειιι,
1272 2135 1305 2185 nt
1331 2128 1418 2184 etlam
1443 2129 1549 2200 populo
1573 2129 1624 2187 Dei
1647 2131 1717 2188 vita

123 2249 128 2256 ·
869 2223 984 2272 aeterna
1009 2216 1144 2273 meritum
1167 2216 1305 2283 initiaret,
1331 2231 1389 2273 non
1422 2217 1570 2288 perliceret
1596 2225 1623 2275 ει
1656 2219 1719 2276 ideo

91 2313 146 2354 aar
158 2300 312 2355 inuetitum
331 2315 444 2371 seraper,
459 2302 637 2372 cupimusque
650 2308 761 2375 aepata.
870 2304 945 2362 hona
959 2305 1168 2369 tantummodo,
1184 2306 1255 2376 quia
1284 2306 1384 2362 omnia
1398 2306 1472 2377 ejus,
1495 2313 1528 2363 ut
1542 2307 1652 2364 dictum
1664 2314 1717 2378 est,

158 2387 267 2459 (0v1n.,
282 2390 378 2444 Amor.
397 2389 448 2446 lib.
466 2406 513 2460 ιιι,
536 2391 609 2464 eleg.
625 2393 654 2460 4,
668 2406 743 2449 vers.
760 2392 816 2465 li).
867 2395 947 2465 iusta
964 2401 1033 2451 suut
1056 2403 1207 2465 precepta,
1230 2395 1316 2451 ctiam
1336 2394 1498 2452 secundum
1523 2395 1663 2464 litteram,
1689 2397 1715 2454 si

92 2480 165 2532 utem
179 2480 301 2532 mutuus
316 2492 385 2533 sum.
402 2477 457 2545 Qui
472 2479 556 2549 prius
570 2480 654 2551 quasi
671 2479 839 2553 infirmus„
870 2497 929 2540 non
953 2482 1089 2554 perlecta,
1116 2490 1144 2540 ει
1161 2497 1265 2540 causas
1293 2484 1399 2541 hahent
1427 2483 1616 2541 rationabiles
1638 2498 1719 2556 qnae·

92 2572 178 2623 riuus
191 2579 282 2634 eram,
299 2575 328 2623 ει
342 2567 427 2638 quasi
447 2568 648 2639 corrigendus,
664 2584 722 2627 non
738 2571 818 2627 dam·
870 2586 988 2642 cunque
1008 2573 1149 2629 Dominus
1168 2573 1311 2644 praecepit,
1327 2573 1380 2630 etsi
1396 2586 1430 2630 ea
1454 2574 1631 2646 ignoremus.
1653 2574 1720 2633 Fuit

99 2674 107 2720 ;
132 2655 335 2727 flagellandus,
350 2671 409 2713 non
429 2657 615 2729 occidendus,
631 2659 741 2718 minore
755 2675 818 2719 me-
871 2669 968 2719 antem
985 2675 1099 2733 magnae
1121 2662 1295 2732 dispensatio
1313 2662 1509 2733 providentiae,
1526 2662 1593 2719 rudi
1621 2662 1719 2720 adhuc

94 2751 238 2814 quaerat
265 2745 502 2814 eoncupiscentia
528 2744 705 2803 stimulatus.
725 2750 816 2805 Etia-
871 2750 988 2821 penitus
1005 2758 1032 2807 ει
1056 2751 1270 2822 indisciplinato
1298 2751 1403 2823 populo
1430 2766 1464 2809 ac
1488 2752 1569 2809 durae
1596 2751 1719 2809 cervicis

101 2836 143 2888 est
158 2833 238 2900 mihi,
266 2833 294 2890 id
318 2841 360 2890 εει
385 2835 535 2891 occasione
558 2834 629 2908 legis
654 2843 688 2893 ut
707 2836 818 2895 dictum
871 2852 984 2910 semper
1010 2846 1097 2910 atoue
1122 2838 1221 2896 rebelli
1243 2838 1436 2897 inchoationis
1454 2839 1564 2912 aliqua,
1580 2853 1639 2896 non
1655 2853 1716 2910 per·

90 2938 150 2998 qua
164 2925 337 2983 meliorasse
352 2925 462 2995 debuit,
485 2926 579 2984 lacius
593 2942 658 2985 sum
670 2926 753 3001 longe
766 2929 818 2987 de·
871 2926 1004 2985 lectionis
1028 2927 1096 2984 dare
1121 2928 1270 2994 mandata,
1286 2935 1318 2985 ut
1338 2926 1440 2986 saltem
1459 2927 1491 2985 iu
1514 2927 1614 2998 aliquo
1637 2927 1718 2984 addi·

91 3022 115 3071 et
133 3015 211 3072 unde
228 3016 320 3072 vitare
336 3022 487 3086 peccalum
506 3017 605 3086 debui,
630 3017 758 3088 amplius
771 3018 816 3075 in·
833 3009 855 3067 G
871 3023 982 3075 scerent
995 3016 1111 3073 obedire
1125 3017 1176 3088 qui
1192 3016 1302 3074 nullam
1322 3016 1429 3083 adhuc,
1449 3023 1500 3074 aut
1516 3031 1587 3087 pene
1606 3016 1720 3074 nullam

91 3103 120 3161 dt
145 3103 201 3161 hoc
221 3111 262 3161 est
290 3105 368 3175 quod
388 3105 562 3178 subjungit:
586 3108 656 3164 Nam
677 3113 817 3178 peceatum
871 3114 1009 3178 expertus
1023 3105 1334 3172 lueratobedientiam,
1351 3112 1384 3162 ut
1400 3113 1482 3176 poeta
1498 3104 1650 3163 meminit:

101 3197 248 3262 occasune,
273 3193 358 3250 idest
373 3194 493 3251 inventa
507 3208 595 3252 causa
609 3196 750 3253 incitandi
766 3211 818 3255 nos
939 3197 989 3252 Est
1005 3195 1121 3267 quodam
1132 3195 1246 3264 prodire
1260 3199 1347 3262 tcaus,
1364 3195 1390 3252 si
1402 3210 1457 3250 ean
1471 3194 1556 3250 datur
1567 3196 1653 3250 ultra.
1708 3247 1716 3254 .

94 3282 283 3353 uplscentiam
311 3296 362 3353 per
386 3283 570 3350 mandatum,
601 3285 629 3342 id
657 3293 701 3343 est
714 3285 816 3359 legem,
1144 3284 1276 3354 (flauam.
1292 3286 1381 3355 Epist.
1399 3283 1417 3340 l.
1430 3299 1449 3352 ι,
1465 3297 1509 3354 ep.
1528 3287 1553 3351 l,
1569 3297 1645 3340 vers.
1661 3284 1718 3357 db).

89 3385 115 3428 ιε
141 3371 305 3428 obedientia
332 3371 456 3428 nimium
485 3373 744 3446 praesumebamus,
776 3391 817 3431 εε-
906 3374 965 3433 Νεε
979 3389 1031 3432 nos
1042 3388 1110 3431 cum
1122 3374 1256 3447 iumenta
1271 3374 1434 3440 domamus,
1450 3385 1559 3444 magna
1575 3372 1617 3430 eis
1631 3386 1721 3431 cuera

91 3477 116 3529 c,
132 3460 161 3518 id
181 3468 223 3517 est
243 3460 342 3518 lelellit
362 3469 501 3534 reputans
522 3477 567 3519 me
592 3462 698 3521 scilieet
713 3464 819 3536 singu·
872 3463 1000 3534 primum
1014 3463 1203 3533 imponimus,
1228 3462 1321 3520 sedin
1342 3463 1440 3534 parvis
1459 3476 1561 3521 eorum
1584 3461 1721 3533 primitus

90 3550 142 3606 lieo
156 3550 279 3607 charum
298 3564 370 3621 esse,
387 3559 504 3623 propter
525 3551 719 3609 obedientiam
747 3552 818 3626 legis
871 3554 1027 3610 excitatam
1040 3553 1220 3609 insolentiam
1242 3554 1277 3609 ad
1294 3566 1401 3626 magna
1424 3552 1594 3623 perieranda
1616 3552 1721 3624 paula·

90 3639 105 3695 ti
119 3640 304 3708 exhibebam,
321 3647 353 3697 ut
375 3640 425 3697 vix
442 3648 492 3697 aut
514 3654 665 3713 nunquam
684 3643 719 3700 de
740 3643 819 3700 dam·
872 3642 922 3699 tim
949 3641 1149 3699 conducimus.
1176 3641 1327 3699 Credimus
1355 3649 1451 3698 tamen
1479 3656 1527 3698 eos
1549 3640 1722 3713 omnesqui

101 3742 166 3786 mea
186 3743 302 3786 vererer
322 3729 468 3802 quidquid
485 3730 617 3798 iacerem,
642 3738 669 3787 et
694 3733 819 3790 maxime
872 3729 1081 3801 imperfectioni
1105 3730 1307 3787 mandatorum
1330 3744 1428 3787 amore
1447 3728 1498 3785 Del
1518 3729 1722 3801 potiusquam

90 3818 234 3876 scentiam
259 3819 467 3889 promissorum
495 3828 725 3891 quantacunque
745 3829 820 3880 esset
874 3820 977 3876 timore
996 3817 1244 3889 obtemperabant,
1264 3826 1330 3875 ante
1351 3817 1427 3874 diem
1451 3817 1498 3874 sui
1520 3817 1628 3885 exitus,
1642 3817 1721 3889 quod

90 3907 205 3965 bitrans
235 3921 297 3964 csse
327 3908 533 3976 damnabilem,
569 3923 636 3966 cum
670 3911 821 3981 praecptis
874 3910 909 3965 de
924 3908 1097 3979 perfectione
1117 3908 1144 3964 ει
1168 3920 1219 3977 ρει
1235 3906 1428 3978 ignorantiam
1444 3907 1552 3973 deerat,
1569 3904 1648 3976 quod
1673 3903 1720 3961 lex

90 4009 164 4066 mus,
180 4009 233 4067 pro
256 4010 384 4067 quorum
412 3996 575 4054 obedientia
595 3996 645 4054 illa
659 4005 742 4054 erant
757 4012 821 4069 pro·
874 4003 1014 4065 tacuerat,
1040 3994 1087 4052 vel
1110 4008 1163 4066 per
1191 3993 1372 4065 spiritualem
1402 3993 1530 4065 aliquem
1563 3992 1721 4062 doctorem,

95 4087 129 4141 Et
146 4100 198 4155 per
227 4086 300 4141 illud
323 4101 365 4141 me
394 4087 501 4150 erudit,
534 4084 629 4143 idest
658 4086 818 4144 damnavit.
872 4084 918 4142 vel
941 4097 992 4154 per
1015 4083 1158 4140 internam
1184 4081 1291 4140 divinae
1324 4081 1425 4154 gratie
1448 4080 1665 4151 inspirationem
1695 4079 1722 4136 ei

90 4175 135 4230 lec
157 4174 290 4245 quidem:
324 4175 561 4246 quandoquidem
585 4174 631 4231 lex
658 4175 694 4232 ad
719 4175 820 4247 cogni·
873 4173 1005 4230 revelari.
1025 4171 1128 4229 llultos
1149 4171 1256 4243 quippe
1281 4171 1412 4228 homines
1426 4168 1601 4241 spirituales,
1633 4177 1722 4240 atque

94 4264 214 4334 peceati,
229 4272 258 4321 et
282 4263 319 4321 ad
345 4264 435 4321 vitam
455 4265 523 4321 data
542 4271 585 4322 est
606 4246 713 4334 potius'
730 4279 821 4336 quam
836 4262 931 4356 Diam
949 4277 999 4334 per
1012 4262 1231 4332 inspirationem
1253 4261 1386 4319 doctrina
1416 4259 1590 4332 evangelica
1617 4259 1721 4330 pradi-

90 4359 158 4422 tem,
180 4368 249 4426 ergo
272 4353 320 4410 lex
342 4355 460 4425 quidem
484 4355 580 4410 saneta
600 4360 652 4422 est,
678 4353 706 4410 id
733 4361 776 4412 est
791 4355 820 4412 in
875 4352 1000 4409 cationis
1020 4352 1175 4408 instructos
1189 4350 1267 4423 prior
1285 4350 1331 4407 ille
1356 4349 1490 4420 populus,
1505 4348 1556 4420 qui
1571 4348 1657 4406 etiam
1670 4349 1722 4406 ba-

93 4443 251 4500 itiosasire
275 4444 438 4514 culpabilis,
451 4449 487 4501 'et
510 4444 670 4499 mandalum
681 4443 744 4516 ejus
756 4460 823 4500 sart.
876 4442 939 4499 huit
968 4441 1152 4498 inimicorum
1180 4452 1299 4511 qnoque
1327 4438 1518 4507 dilectionem,
1541 4452 1599 4495 non
1628 4435 1722 4494 solum

93 4531 145 4590 ihil
158 4533 265 4605 jubens
282 4542 370 4607 atque
388 4534 557 4605 prohibens,
572 4533 628 4590 nisi
643 4534 719 4605 quod
735 4546 820 4606 opor·
876 4529 999 4601 scriptis,
1019 4543 1121 4587 verum
1147 4529 1234 4586 etiam
1258 4528 1340 4584 lactis
1365 4526 1526 4598 plurimum
1547 4526 1720 4583 docuerunt

95 4636 131 4679 ue
141 4622 203 4679 ideo
214 4623 323 4692 justum
339 4624 368 4678 in
383 4637 413 4679 se
434 4627 461 4678 et
473 4622 582 4691 bonum,
606 4621 632 4678 id
647 4629 689 4680 est
704 4622 774 4680 utile
788 4635 823 4679 ac
876 4620 957 4678 Unde
972 4619 1142 4676 Psalmista:
1173 4619 1204 4676 Si
1226 4617 1346 4680 reddidi,
1376 4616 1484 4688 inquit,
1508 4613 1722 4671 retribuentibus

103 4702 313 4768 obedientibus.
875 4711 945 4765 mihi
959 4710 1044 4776 mala,
1059 4717 1113 4766 etc.
1129 4708 1216 4780 (Psal.
1241 4722 1292 4777 ιιι,
1318 4707 1355 4780 5).
1375 4706 1410 4762 Et
1437 4707 1566 4763 iterum:
1593 4706 1664 4760 Cum
1679 4703 1722 4760 ht's

105 4815 169 4868 erce
188 4800 285 4856 bouum
315 4805 364 4856 εει.
386 4801 449 4857 buo
471 4799 555 4869 dixit,
578 4799 686 4857 scilicet
701 4806 728 4857 et
743 4814 823 4858 man·
876 4799 1158 4870 quiademutpacem
1167 4813 1242 4852 εναιιι
1260 4798 1391 4866 pacificus
1410 4794 1499 4866 (Psoi.
1511 4808 1593 4860 crrx,
1610 4793 1649 4863 7).
1667 4791 1723 4857 Qui

89 4889 287 4961 eiushonum,
303 4897 330 4946 et
348 4904 399 4961 per
414 4888 486 4947 illud
512 4896 610 4946 tamen
634 4897 751 4960 accepta
775 4904 820 4948 oc
874 4889 986 4946 etiamsi
1012 4887 1161 4944 inimicum
1196 4900 1282 4942 suum
1326 4884 1441 4942 Saulem
1470 4883 1523 4940 sibi
1557 4880 1723 4940 abomino

103 4992 133 5035 se
147 4993 210 5036 esse
239 4979 377 5036 occisum.
405 4978 486 5036 Unde
501 4977 585 5049 quasi
613 4976 824 5038 rationabiliter
876 4977 905 5034 ιιι
919 4991 1026 5035 manus
1041 4977 1180 5034 traditum
1192 4988 1249 5031 uon
1263 4974 1359 5032 solum
1375 4988 1434 5030 non
1448 4972 1562 5039 occidit,
1573 4971 1622 5030 sed
1636 4971 1723 5029 etiam

90 5082 112 5125 ts
139 5069 245 5140 quaerit
270 5082 339 5140 ergo
366 5068 443 5139 quod
476 5068 585 5125 honum
607 5073 649 5124 est
675 5068 705 5123 ιιι
719 5067 822 5139 seipso,
875 5066 1002 5124 occisum
1017 5065 1144 5137 graviter
1161 5063 1284 5134 planxit,
1300 5070 1328 5120 et
1355 5076 1422 5118 eum
1451 5061 1503 5132 qui
1525 5061 1631 5132 seejus
1645 5063 1723 5118 occi-

89 5166 105 5215 ιι
121 5166 297 5229 praeceptum
320 5158 486 5214 factumest
508 5155 581 5214 mihi
607 5170 695 5224 mors,
724 5157 753 5212 id
780 5164 823 5215 est
876 5169 969 5212 sorem
985 5153 1130 5225 protessus
1152 5161 1194 5209 est
1209 5159 1299 5208 morte
1319 5151 1416 5207 statim
1432 5150 1559 5220 punivit.
1588 5149 1723 5207 Salomon

89 5247 129 5305 io.
143 5247 242 5305 Absit!
259 5246 337 5304 Nulli
360 5246 440 5304 enim
459 5245 541 5303 dehet
570 5245 627 5302 dici
658 5244 823 5305 damnabile
875 5256 993 5314 quoque
1012 5240 1230 5298 beneficentiam
1245 5240 1275 5295 iu
1290 5238 1421 5295 inimicos
1442 5238 1649 5295 commendans
1662 5237 1722 5295 ait:

89 5343 160 5406 tnm,
176 5336 233 5393 nisi
249 5335 334 5408 cuius
352 5334 514 5392 ohedientia
529 5333 668 5392 damnosa
691 5341 743 5402 est,
763 5334 822 5394 sic-
874 5333 905 5390 ει·
936 5332 1063 5388 esurierit
1088 5332 1216 5385 inimicus
1244 5333 1318 5394 tuuc,
1347 5324 1407 5384 ciba
1429 5329 1519 5394 idum,
1543 5335 1607 5384 eta·
1632 5328 1722 5398 (Prae.

88 5434 263 5498 preceptum
289 5423 396 5483 diaboli
410 5423 447 5480 ad
472 5424 575 5480 livam.
592 5423 646 5480 Sed
667 5428 820 5495 macetum.
874 5435 948 5490 xxv,
962 5420 1018 5490 att.
1035 5419 1131 5491 Longe
1148 5427 1241 5475 tamen
1256 5431 1274 5473 a
1288 5417 1461 5490 perlectione
1481 5413 1649 5489 evangelica
1663 5422 1723 5474 tam

89 5514 126 5573 tia
138 5513 429 5575 mandatumbonum
442 5519 496 5583 est,
512 5526 566 5571 nec
578 5512 653 5572 mihi
667 5526 721 5572 nee
733 5512 822 5574 alicui
874 5511 946 5585 legis
961 5522 1051 5583 qnam
1079 5508 1289 5582 prophetarum
1309 5507 1387 5568 dicta
1411 5507 1558 5581 disjuncta
1586 5513 1666 5566 sunt.
1681 5506 1724 5566 sd
