3804 5962
1881 50 1884 95 1

128 202 181 256 aaa
413 201 515 257 annm
535 202 723 257 ronanam
743 200 819 256 aar.
841 198 932 256 nans
950 199 986 255 ll.
1003 225 1038 243 -
1057 199 1244 256 snnuoaas
1264 201 1306 256 ra
1326 200 1447 258 arasa.
1468 200 1587 257 asom.
1824 196 1869 260 aaa
1881 181 1901 237 ⁴·

124 329 255 402 quireus,
281 335 389 401 quanto
418 329 479 386 haec
492 328 618 400 amplius
632 328 668 386 ad
685 328 807 401 gloriam
821 342 904 387 auam
934 340 968 399 pe
982 326 1007 381 A
1022 333 1161 398 poterant.
1179 328 1225 385 dn
1236 328 1356 386 illusum
1370 334 1407 397 te,
1426 327 1524 399 impie,
1550 328 1648 386 credis
1674 329 1747 401 qnia
1774 330 1868 388 dolum
1882 309 1898 403 -⁵.

124 418 208 489 regit,
238 424 317 475 tanto
346 418 407 475 haec
434 417 526 488 magis
554 417 591 473 ad
621 416 813 488 ignominiam
842 425 971 475 nostram
1025 423 1193 486 conceptum
1218 416 1353 488 perficere
1385 418 1501 489 nequis,
1531 425 1559 474 et
1582 418 1796 475 ordinationem
1824 398 1900 476 liei!

123 507 274 565 convertit.
291 504 360 574 Quis
374 507 453 562 eninr
469 514 527 561 tam
558 505 732 563 insatiabilis
744 505 790 562 vel
819 505 971 577 importu·
1026 510 1075 560 tuo
1102 504 1206 562 scelere
1222 506 1382 577 prevenire
1396 520 1454 562 non
1470 507 1655 578 permitteris,
1680 516 1707 564 et
1735 508 1816 577 prius
1843 507 1898 593 il-¹

124 609 181 652 nus
194 601 321 660 exactor,
339 594 482 665 quomodo
506 601 608 651 venter
623 595 831 651 monachorum
847 595 891 651 vel
921 609 970 666 po·
1024 590 1123 650 ludere
1138 607 1227 664 quam
1244 593 1338 661 illudi,
1355 594 1491 651 seducere
1507 608 1597 665 quam
1618 595 1721 665 decipi,
1738 594 1868 652 fraudem
1899 671 1902 692 1

125 684 182 740 tius
207 683 415 754 Epicureorum
440 696 606 754 porcorum,
623 682 659 740 de
687 683 826 755 qualibus
855 683 971 755 quidem
1025 677 1131 735 inlerre
1146 693 1235 751 quam
1251 693 1378 738 errorem
1394 680 1474 750 pati‘l
1499 683 1595 752 Usque
1615 681 1684 738 adeo
1697 681 1870 738 insensibilis

123 771 196 829 illud
213 771 404 829 Horatianum
420 771 495 846 llil:
1025 766 1117 823 lactus
1131 782 1171 834 es,
1197 774 1229 824 ut
1245 782 1334 840 quem
1358 769 1474 840 justitia
1487 784 1546 826 non
1562 771 1705 841 reprimit,
1736 770 1869 827 humani·
1886 822 1889 893 Ι

170 862 213 917 lla
228 876 334 931 quoque
343 862 404 930 jam
415 862 535 916 nitidum
548 861 613 916 bene
627 867 725 917 aurata
744 867 805 916 cate
819 862 899 930 aises,
1024 861 1068 912 tas
1081 869 1139 912 non
1159 866 1328 927 commovet,
1345 865 1378 914 ut
1393 858 1439 914 his
1454 873 1528 929 quos
1553 859 1719 916 innocentes
1746 874 1805 916 non
1820 860 1868 915 dn·
1886 908 1889 921 .

221 950 289 1007 Cum
304 950 392 1005 aidme
403 951 475 1007 acles
495 950 655 1021 Epicureae
668 966 884 1020 qreqaparaum.
1025 943 1100 1000 hilas
1116 958 1232 1015 parcere
1258 954 1382 1026 nequeat
1397 947 1573 1003 erudelitas?
1593 950 1717 1006 insanus
1747 949 1777 1006 in
1803 948 1870 1005 alios
1886 968 1889 1029 q

125 1034 252 1101 Quilibet
277 1038 306 1094 in
335 1037 438 1094 saeculo
454 1036 608 1105 macilenti,
624 1051 690 1094 curn
722 1037 759 1093 ad
773 1038 888 1094 vivaria
915 1053 972 1095 ano
1024 1028 1128 1099 iactus,
1147 1032 1176 1087 in
1202 1039 1228 1089 ie
1249 1033 1342 1103 ipsum
1357 1034 1501 1091 crudelior
1524 1050 1554 1092 es
1568 1044 1708 1106 repertus,
1725 1037 1777 1107 qui
1801 1034 1889 1105 dum}

123 1125 299 1182 nastlcorum
318 1126 514 1183 claustrorum
544 1133 750 1196 pervenerunt,
776 1127 816 1183 ita
832 1126 862 1181 in
891 1126 971 1184 brevi
1026 1117 1131 1174 Filium
1151 1119 1201 1175 1)θί
1219 1121 1410 1192 persequeris,
1437 1128 1555 1179 limium
1582 1123 1656 1179 filios
1681 1124 1803 1191 oceidissl
1820 1132 1890 1180 nee*

121 1211 234 1269 dilatam
264 1228 298 1271 ap
328 1213 504 1286 impinguati
535 1214 620 1282 flunt,
651 1215 723 1272 uasj
746 1214 971 1285 postmoduum
1026 1203 1085 1273 ipse
1101 1204 1178 1262 dilus
1193 1214 1292 1264 tunsa
1311 1216 1396 1265 tantae
1420 1209 1537 1265 malitie
1556 1209 1726 1268 crudelitate
1745 1212 1870 1283 persistit

124 1307 237 1372 tempus
251 1315 298 1358 eos
316 1302 426 1370 visites,
443 1302 493 1359 vix
515 1316 671 1375 agnoscere
687 1317 784 1374 queas.
802 1305 880 1362 lnter
894 1303 972 1359 millo
1027 1293 1175 1351 immunis·
1197 1296 1258 1362 0⁰0
1279 1297 1396 1369 quidem
1418 1314 1486 1356 ⁰⁰1ss
1504 1300 1613 1355 effliei'ls
1639 1299 1869 1366 interlectailln-

122 1387 220 1458 laicos,
263 1390 287 1448 sl
331 1404 438 1461 pappos
482 1390 621 1448 adhibeas
663 1392 828 1460 monachos,
874 1392 972 1463 plures
1025 1381 1113 1438 sionis
1136 1390 1193 1438 tuae
1207 1384 1361 1441 crudelitas
1389 1385 1624 1456 incomparabilis
1639 1386 1669 1443 in
1684 1386 1786 1444 ludum
1803 1400 1869 1457 pro-

123 1479 154 1535 in
181 1479 222 1536 eis
248 1479 380 1550 pingues,
418 1479 518 1553 plures
547 1479 663 1548 nitidos,
693 1478 789 1551 plures
816 1495 854 1538 01
881 1481 971 1538 nimio
1025 1470 1116 1527 verbii
1130 1485 1279 1536 conversa,
1300 1472 1417 1529 titulum
1434 1474 1483 1529 tibi
1498 1487 1586 1545 quem
1605 1486 1752 1529 merueras
1769 1473 1868 1529 inscri-
1900 1558 1902 1566 Ι

123 1567 219 1624 calore
260 1567 426 1637 inebriatos,
467 1568 572 1639 saepius
613 1568 717 1640 rapinis
759 1570 856 1629 calvos
892 1584 970 1642 repe.
987 1567 1107 1666 Βριοοο
1131 1560 1294 1632 dereliquit,
1319 1561 1525 1626 nonaPilato,
1546 1570 1578 1619 ut
1593 1560 1695 1619 titulus
1710 1561 1822 1618 Domini
1841 1560 1868 1617 in

126 1654 194 1711 ries.
1027 1647 1090 1718 ejus
1109 1648 1245 1706 honorem
1261 1651 1445 1721 compositus,
1470 1650 1519 1707 sed
1552 1650 1589 1707 ab
1604 1650 1736 1722 Augusto
1757 1651 1787 1705 in
1804 1649 1868 1706 illu·

374 1744 493 1802 sappo
507 1745 622 1804 xxxiv
637 1746 751 1818 (la-74).
1025 1735 1104 1792 sione
1118 1734 1161 1792 tui
1187 1745 1326 1808 perpetua
1350 1738 1576 1811 promulgatum.
1607 1739 1687 1797 Unde
1714 1746 1742 1796 et
1764 1739 1869 1796 Macro·

365 1830 396 1873 aa
414 1830 520 1873 aarum
546 1832 755 1877 annoanururt.
1027 1822 1092 1880 hius
1114 1825 1335 1882 saturnaliorum
1363 1826 1436 1883 libro
1470 1827 1496 1882 ll
1530 1828 1565 1884 de
1590 1827 1723 1899 Augusto
1745 1833 1773 1883 et
1798 1827 1868 1898 jocis

159 1920 190 1976 Si
219 1918 254 1976 ad
293 1919 469 1991 corporalem
497 1922 670 1993 agpigiamus
703 1937 803 1994 pacem
833 1923 971 1981 hodierna
1026 1911 1507 1983 ejusllllel'caelel'dslllillemllliit
1528 1935 1541 1967 tt
1560 1915 1632 1972 Cum
1647 1915 1773 1972 alldissei
1798 1914 1871 1972 inlel·

123 2007 217 2081 passio
233 2009 421 2065 innocentum
438 2011 533 2080 prima
546 2011 702 2082 protessata
716 2018 758 2067 est
770 2025 971 2082 quamverum
1027 2012 1134 2069 imiimi
1162 2016 1235 2072 qnos
1261 2003 1290 2058 ΠΙ
1314 2004 1395 2074 Silla
1423 2018 1474 2060 sex
1489 2004 1655 2060 Jssdaefflum
1688 2004 1814 2060 Herliilssss
1839 2003 1867 2058 51¹

123 2097 219 2165 luerit,
237 2096 317 2169 quod
340 2096 402 2168 ipsa
417 2099 531 2156 Veritas
546 2100 727 2170 postmodum
744 2101 798 2155 ait:
815 2101 904 2158 Nolite
915 2116 971 2170 pu·
1027 2088 1273 2161 tf¹b111¹²luj¹1⁵811
1288 2092 1420 2160 1¹1¹&ssle
1446 2092 1539 2148 filium
1561 2105 1679 2163 quoque
1705 2092 1769 2163 01⁰⁸
1795 2092 1869 2148 ⁰⁰21·

123 2188 446 2256 inrequicocnipacem
468 2189 619 2242 mitterem
642 2194 760 2244 terram:
782 2191 973 2258 nonnanipa·
1026 2192 1102 2244 sum,
1124 2177 1176 2234 ³5²³
1193 2200 1208 2228 t<
1225 2180 1326 2236 Melius
1340 2189 1382 2239 esi
1407 2181 1527 2237 Herodis
1551 2195 1669 2252 porcum
1695 2195 1756 2238 esse
1781 2193 1869 2252 quam
1901 2235 1902 2243 ,

122 2289 179 2330 cem
197 2276 313 2341 mittere,
329 2274 377 2329 sed
402 2275 526 2343 phidiam
549 2275 660 2345 (Metti.
685 2277 785 2342 mii).
816 2277 971 2333 Etsienim
1026 2265 1158 2322 fllium»
1184 2267 1320 2325 Credebai
1354 2270 1630 2341 quippehugnstus
1657 2270 1752 2340 ipsum
1782 2268 1868 2326 etiam

123 2362 268 2419 adrentus
282 2363 344 2432 ejus
360 2375 457 2431 pacem
473 2363 634 2419 maximam
648 2364 759 2419 mundo
773 2364 892 2430 dederit,
909 2364 971 2422 bel·
1025 2355 1163 2412 Ηθΐῡΰθῑῃ
1180 2371 1277 2428 sellem
1289 2358 1454 2415 Judaefflllm
1472 2373 1548 2415 ¹¹1⁰l0
1565 2359 1662 2429 populi
1674 2358 1719 2415 ⁵111
1735 2372 1753 2414 ὃ
1779 2372 1867 2415 caini

122 2449 158 2506 lis
174 2449 319 2519 prioribus
341 2449 396 2505 sub
412 2450 546 2521 Augusto
575 2452 674 2520 linitis,
706 2466 894 2524 nequaquam
912 2453 972 2525 ipse
1025 2443 1168 2501 abstinere
1182 2445 1309 2515 limina,
1327 2455 1354 2503 et
1372 2447 1408 2504 οἱ)
1424 2447 1477 2504 11⁰⁰
1510 2461 1784 2520 eumnetlualluam
1807 2461 1870 2518 lior·

123 2537 178 2595 sior
194 2537 270 2593 nanc
293 2538 423 2608 praesam
452 2553 542 2610 quam
571 2540 856 2598 omniousaomula.
888 2541 972 2606 duaa
1026 2546 1074 2589 eos
1098 2534 1227 2590 occidere
1254 2534 1338 2603 velle,
1364 2549 1527 2608 aquarum
1544 2551 1601 2593 usu
1628 2536 1793 2593 decreverat
1820 2536 1869 2594 ab·

123 2624 242 2697 quidem
258 2640 315 2682 non
336 2627 516 2699 sinemagna
544 2628 755 2700 dispensatione
770 2630 880 2687 lactum
908 2644 970 2687 esse
1026 2621 1142 2678 siluere·
1160 2643 1175 2672 »

124 2713 367 2782 credimus,utin
391 2716 578 2787 ejusscllicet
605 2719 802 2789 persecutione
826 2727 884 2775 tarn
915 2720 971 2776 cito
1062 2709 1248 2768 Uirumvero
1267 2712 1320 2769 hot
1338 2714 1513 2769 scienteran
1543 2728 1593 2784 her
1607 2713 1802 2786 ignorantiam
1835 2713 1870 2771 ad

124 2802 380 2875 inchoataslngull
395 2805 493 2862 fideles
519 2806 547 2862 in
563 2808 678 2877 propria
692 2821 723 2864 ⁵0
751 2808 880 2864 maximo
903 2822 972 2864 oon-
1027 2798 1160 2870 generale
1186 2800 1312 2857 edictum
1336 2802 1442 2874 regalis
1464 2802 1577 2873 imperii
1603 2803 1640 2860 sit
1665 2803 1784 2870 iactum,
1814 2817 1872 2860 non

123 2890 296 2962 solarentur,
314 2908 404 2965 quam
432 2901 459 2950 et
492 2895 551 2965 ipse
579 2896 721 2952 hominus
748 2881 1097 2954 consolationemcsalis
1125 2902 1161 2945 9¹
1187 2889 1328 2960 praedictis
1352 2892 1448 2948 Verbis
1477 2892 1585 2963 liquide
1615 2901 1744 2964 apparet.
1778 2892 1873 2950 Potuit

121 2979 271 3050 discipulis
296 2989 487 3052 anteponens:
504 2986 674 3052 Mementote,
702 2983 807 3055 inquit,
835 2987 966 3040 sermonis
1028 2975 1136 3046 quippe
1157 2977 1229 3043 fieri,
1254 2985 1286 3034 ut
1308 2979 1359 3050 (lui
1376 2993 1426 3050 pro
1443 2994 1500 3038 nno
1521 2981 1655 3038 turbatus
1684 2981 1804 3049 iniante,
1836 2981 1873 3038 ab

120 3069 184 3136 mei,
201 3083 280 3138 quem
294 3085 341 3137 epo
367 3070 427 3124 dini
451 3070 547 3126 nobis:
575 3087 629 3126 non
652 3073 722 3126 enain
743 3078 782 3127 esa
806 3088 899 3127 aereus
913 3089 973 3128 ma·
1026 3063 1162 3122 omnibus
1177 3065 1341 3136 verebatur,
1367 3083 1453 3126 sunm
1483 3084 1601 3142 quoqne
1623 3070 1716 3127 liliam
1742 3068 1874 3143 suspica·

121 3157 170 3230 joa·
183 3159 291 3217 domino
313 3173 378 3227 suo3
406 3159 431 3212 si
445 3173 487 3213 me
506 3160 642 3229 persecuti
667 3165 730 3214 sunt
752 3166 776 3215 ei
809 3177 855 3216 aas
883 3176 973 3230 perce-

124 3256 244 3316 quantur
264 3245 352 3317 (ioan.
381 3260 431 3314 xv,
448 3245 504 3316 ab).
532 3246 607 3303 Bene
622 3255 720 3304 autem
737 3248 773 3304 ab
790 3248 851 3320 ipsa
875 3249 971 3305 statiua

124 3333 250 3390 inlantia
274 3330 377 3386 Christi
407 3331 565 3400 persecutio
592 3332 656 3403 eius
674 3339 717 3389 est
740 3333 864 3404 incoepta
892 3341 920 3390 cl
942 3334 972 3391 in

1026 3159 1116 3221 retur,
1135 3167 1283 3225 perquem
1297 3169 1419 3227 regnum
1435 3157 1587 3223 amitteret,
1614 3158 1658 3214 vel
1684 3158 1715 3214 in
1738 3173 1772 3215 eo
1797 3157 1874 3215 dolo-

1026 3254 1086 3297 rem
1101 3241 1225 3299 aliorum
1244 3242 1326 3300 leniri
1343 3245 1478 3313 crederet,
1494 3255 1521 3303 et
1538 3246 1573 3303 ob
1591 3247 1645 3303 hoo
1668 3243 1755 3304 etiam
1776 3247 1873 3318 ipsum

1025 3329 1116 3387 occidi
1136 3330 1218 3388 furor
1237 3332 1444 3390 immoderatus
1468 3335 1643 3405 preciperet,
1670 3343 1702 3392 ut
1717 3336 1759 3392 sic
1787 3334 1871 3393 scele-

1025 3416 1065 3474 ris
1079 3417 1256 3476 immensitas
1275 3421 1305 3476 in
1319 3421 1509 3479 admiratione
1536 3423 1582 3479 sui
1606 3432 1725 3480 cunctos
1741 3437 1868 3480 commo-

1025 3511 1113 3562 reret.
1130 3505 1261 3576 Quodsi,
1286 3522 1318 3564 eo
1334 3509 1495 3581 ignorante,
1530 3512 1628 3568 divino
1654 3513 1775 3584 jndicio,
1797 3527 1871 3585 qua·

124 3419 286 3477 infantibus
304 3417 480 3476 debacchata
494 3427 527 3475 ut
544 3427 623 3477 tanto
644 3420 873 3479 irrationabilior
896 3438 971 3480 com·

124 3508 270 3579 probetur,
289 3506 366 3578 quod
391 3514 450 3563 tarn
478 3507 602 3564 crudelis
626 3507 822 3566 innocentiam
850 3510 971 3567 manile·

124 3604 197 3654 stam
218 3595 414 3668 prosequitur,
439 3604 470 3652 ut
499 3597 581 3668 prius
609 3597 769 3668 imperatur
792 3599 970 3670 supplicium
1024 3607 1141 3666 cunque
1153 3596 1300 3653 occasione
1314 3598 1340 3653 id
1352 3605 1448 3655 aetum
1461 3600 1509 3667 sit,
1525 3599 1691 3658 benedictus
1719 3602 1796 3659 Deus
1819 3603 1871 3673 qni

124 3700 213 3758 quam
242 3686 378 3758 patrandi
408 3686 574 3743 iacultatem
598 3695 666 3744 aetas
689 3688 802 3744 habeat.
831 3690 870 3744 lle
903 3691 970 3760 quis
1023 3681 1105 3754 impii
1125 3684 1266 3755 gaudium
1281 3688 1396 3744 retorsit
1409 3687 1439 3744 in
1455 3688 1558 3759 ipsum,
1574 3697 1602 3746 et
1618 3704 1707 3762 qnam
1722 3705 1739 3746 a
1752 3692 1868 3762 proprio

123 3773 197 3831 sorae
212 3775 368 3831 Dominum
390 3774 568 3832 crudelitatis
584 3781 687 3847 arguat
713 3776 790 3848 quod
817 3775 877 3847 ipse
905 3792 970 3849 pgr.
1024 3770 1233 3844 Filio[necem]
1261 3777 1373 3844 avertit,
1402 3776 1432 3832 in
1456 3777 1641 3835 maledictum
1670 3793 1789 3851 germen
1817 3795 1871 3838 ne-

122 3864 301 3920 secutionem
326 3861 474 3921 declinans
497 3862 527 3919 in
541 3864 653 3936 Egypto
675 3858 808 3932 latuerit,
818 3878 871 3921 nec
884 3865 921 3922 ab
936 3879 971 3922 ca
1025 3861 1198 3933 quissimum
1213 3865 1363 3921 convertit.
1380 3864 1471 3930 Quem
1486 3867 1611 3937 denique
1624 3868 1724 3925 divina
1755 3868 1826 3926 ultio
1841 3868 1871 3926 in

124 3948 319 4006 innocentiam
340 3948 485 4006 iniantum
505 3949 628 4008 liberare
642 3951 778 4019 decrevit,
811 3952 883 4008 sciat
917 3953 971 4009 hoc
1025 3955 1136 4004 tamam
1158 3949 1301 4007 insaniam
1329 3951 1441 4019 dejecit,
1469 3956 1501 4009 ui
1520 3969 1586 4010 cum
1614 3955 1672 4026 ipsc
1701 3956 1871 4013 miserabilis

123 4037 280 4094 Dominicae
315 4037 414 4107 pietati
444 4038 537 4109 uragis
560 4039 765 4109 imputandum
787 4053 857 4111 esse.
898 4040 969 4106 Quis
1025 4036 1125 4094 mortis
1140 4038 1287 4094 cruciatus
1305 4038 1447 4098 lerrenon
1462 4049 1565 4111 posset,
1595 4044 1724 4114 proprias
1747 4046 1803 4102 sibi
1826 4047 1869 4101 in-

122 4125 200 4181 enim
225 4124 334 4180 nesciat
349 4138 397 4179 eos
412 4125 464 4195 qui
489 4132 558 4181 tunc
586 4126 671 4182 occisi
691 4135 760 4183 sunt
788 4129 968 4200 quandoque
1024 4125 1110 4182 terret
1129 4139 1243 4195 manus,
1260 4135 1291 4184 ut
1308 4129 1359 4199 qui
1374 4137 1412 4187 tot
1428 4130 1613 4188 innocentum
1635 4131 1725 4189 vitam
1755 4133 1870 4204 eripue-

123 4211 292 4276 morituros,
313 4219 365 4267 aut
387 4213 453 4283 quis
476 4221 573 4270 certus
588 4215 625 4272 sit
648 4230 706 4285 eos,
729 4217 754 4272 si
779 4231 836 4274 non
857 4218 968 4276 interli·
985 4198 1007 4255 ὓ
1024 4217 1080 4284 rat,
1095 4213 1155 4285 ipse
1167 4229 1261 4282 suam,
1285 4231 1342 4272 non
1359 4217 1444 4287 alius,
1458 4220 1568 4289 eripere
1591 4229 1759 4279 mereretur.
1775 4222 1871 4279 Alla-

121 4307 265 4365 carentur,
293 4299 384 4356 luisse
409 4300 574 4369 salvandos,
595 4303 630 4360 de
656 4318 782 4375 quorum
807 4306 900 4364 saluto
920 4322 969 4364 ne·

123 4388 231 4443 minem
247 4385 375 4444 lldelium
396 4402 475 4444 nuuc
489 4398 599 4447 constat
614 4392 773 4451 dubitare?
788 4394 871 4460 Quod
899 4411 966 4452 cum

123 4472 151 4531 id
167 4474 229 4532 sala
242 4475 338 4547 gratia
353 4475 403 4531 hei
426 4477 468 4533 eis
482 4477 591 4550 absque
606 4479 756 4551 aliquibus
780 4497 882 4540 eorum
908 4498 967 4541 me·

124 4562 187 4619 ritis
200 4562 336 4619 collatum
350 4563 398 4631 sit,
415 4565 482 4636 quis
495 4581 553 4623 non
571 4568 705 4638 pietatem
719 4570 770 4628 Dei
785 4573 878 4644 magis
891 4587 969 4630 com-

123 4652 237 4709 mendet
263 4664 352 4724 quam
380 4655 578 4712 crudelitatem
605 4659 737 4715 accuset?
760 4662 821 4732 lpse
842 4661 970 4734 denique

119 4739 223 4796 mortis
237 4739 387 4798 cruciatus
403 4749 482 4799 tanto
495 4743 525 4800 in
541 4744 582 4801 eis
607 4745 695 4803 levior
706 4749 826 4816 exstitit,
851 4757 969 4821 quanto

125 4835 345 4884 momentaneus
358 4836 386 4884 et
403 4830 575 4900 improvisus
589 4833 683 4904 magis
705 4833 768 4891 luit.
795 4836 897 4892 l'idens
913 4838 970 4892 lie-

121 4915 212 4981 rodas,
229 4915 327 4985 inquit
341 4918 529 4989 evangelista,
545 4922 672 4989 quoniam
691 4922 788 4978 illusus
806 4931 870 4979 esset
880 4943 898 4980 a
909 4927 967 4980 ila-

123 5004 177 5070 qis,
203 5005 293 5059 iratus
309 5010 347 5059 est
363 5005 452 5074 ualde,
467 5011 493 5060 et
521 5008 632 5061 mittens
647 5007 745 5062 occidit
768 5024 858 5066 omnes
871 5028 967 5081 pueros

126 5092 262 5161 quierant
276 5095 307 5147 in
320 5093 483 5162 Bethlehem,
494 5102 549 5160 etc,
566 5094 674 5167 (hatti.
699 5112 727 5165 rr,
749 5097 802 5167 lb).
830 5099 968 5158 lllususa

124 5177 215 5248 Magis
239 5180 343 5237 occidit
362 5181 527 5240 innocentes
556 5183 608 5254 qui
624 5183 746 5242 illudere
773 5200 826 5245 nec
851 5202 968 5260 peccare

161 5315 218 5388 (ῗῖ)
235 5320 280 5374 Μο
295 5323 425 5390 pinguem
437 5329 463 5378 ei
477 5324 598 5380 nitidum
614 5326 680 5381 bane
697 5333 792 5383 curata
806 5335 866 5384 cale
886 5333 966 5404 aises,

160 5390 226 5443 Cum
240 5391 329 5446 ridere
344 5395 416 5448 colas
430 5397 542 5463 Epicuri
556 5397 589 5452 dc
601 5414 682 5466 grege
693 5413 818 5469 porcum.

251 5464 374 5531 (nonar.
390 5466 476 5535 Epist.
494 5466 545 5523 lib.
561 5483 581 5536 ι,
593 5470 701 5539 oapi,
717 5482 790 5528 vere.
802 5473 845 5539 ld,
861 5471 913 5543 lb.)

1025 4302 1069 4375 gis
1096 4303 1209 4372 illusus,
1225 4303 1262 4360 ab
1282 4306 1402 4378 Anguso
1422 4308 1550 4377 delusus,
1574 4323 1591 4364 a
1619 4324 1649 4366 se
1666 4311 1727 4381 ipso
1753 4311 1870 4368 interle-

1024 4399 1097 4460 ctus,
1132 4405 1206 4463 quas
1242 4407 1341 4463 paenas
1373 4397 1488 4464 meruit,
1510 4404 1568 4453 laur
1593 4398 1660 4454 vilae
1684 4399 1871 4468 perversitate

1024 4493 1113 4551 quam
1130 4481 1324 4550 perversitatis
1345 4496 1406 4538 suae
1429 4483 1485 4540 line
1511 4492 1640 4556 patenter
1665 4487 1790 4545 edocuit.
1819 4489 1871 4546 Ne·

1025 4568 1130 4626 minem
1149 4568 1264 4626 malitiae
1283 4584 1343 4626 suae
1365 4586 1522 4642 praeconem
1544 4581 1601 4631 lam
1630 4584 1741 4633 certum
1768 4577 1870 4635 habuit

1025 4670 1116 4728 qnam
1129 4670 1159 4712 se
1170 4657 1275 4727 ipsum.

1061 4746 1141 4814 Quod
1155 4746 1219 4817 eius
1233 4753 1361 4818 tempore
1376 4749 1508 4808 Christus
1529 4760 1696 4808 nasceretur
1722 4752 1870 4825 prophetia

1025 4835 1207 4906 predixerat,
1233 4837 1311 4908 quod
1331 4836 1395 4908 eius
1421 4839 1521 4896 lrande
1545 4840 1676 4898 Christus
1704 4842 1871 4912 perderetur

1025 4923 1134 4981 malitia
1160 4924 1224 4995 ejus
1251 4925 1429 4997 disponebat.
1448 4928 1626 5000 carnpletum
1642 4938 1684 4988 est
1712 4931 1791 5002 quod
1809 4945 1871 5002 pro

1024 5012 1216 5084 phetiadialt,
1232 5028 1291 5071 non
1310 5016 1389 5087 quod
1417 5017 1501 5075 dolus
1527 5019 1679 5090 cogitavit,
1706 5034 1765 5077 non
1793 5021 1869 5077 enim

1023 5102 1120 5160 iurene
1134 5102 1303 5173 permissus,
1320 5104 1374 5162 nisi
1399 5105 1480 5176 prius
1507 5106 1537 5162 in
1557 5109 1714 5181 AEgyplum
1738 5109 1870 5167 Christus

1023 5190 1119 5247 inians
1136 5199 1210 5249 esset
1224 5194 1421 5251 transmissus.
1453 5194 1525 5252 Cam
1549 5198 1710 5255 occultatus
1738 5197 1870 5255 Christus

1058 5332 1161 5406 (lali)
1178 5336 1220 5392 Ex
1235 5337 1332 5394 cadica
1347 5350 1399 5392 ms.
1416 5338 1537 5395 caenobii
1555 5339 1583 5396 S.
1628 5340 1725 5398 itariae
1743 5341 1780 5398 ad
1800 5343 1868 5400 lire-

1022 5405 1107 5462 milas
1120 5406 1322 5465 liiusedlensis.
1338 5408 1421 5465 Earn.
1438 5408 1530 5467 Para.
