3804 5962
139 149 205 202 taes
402 144 504 201 PETRI
522 143 706 199 demutilat
726 143 803 197 OPP.
824 141 912 196 Patts
931 141 979 195 111.
993 169 1027 182 -
1041 139 1262 237 rbuoteutca
1275 139 1318 195 ET
1338 135 1606 193 editosoefltult.
1690 134 1695 144 '
1814 137 1875 191 tait

130 268 306 327 nullomodo
320 268 469 339 assignare
485 266 590 331 valent,
607 267 636 321 in
661 280 719 335 quo
733 265 770 321 sit
786 278 976 335 personarum
991 265 1015 317 Α
1032 271 1073 320 ter
1091 270 1189 320 noster
1210 276 1271 319 esse
1288 261 1343 332 (90)
1361 260 1473 331 incipit,
1498 274 1566 316 cum
1588 273 1638 330 per
1662 257 1727 328 eius
1755 259 1876 330 gratiam

129 358 291 425 diversitas,
312 370 438 428 quarum
460 355 560 411 eadem
589 355 704 424 penitus
722 363 765 411 εει
787 355 918 410 essentia.
939 357 974 409 At
1029 366 1246 424 regeneramur.
1277 351 1444 407 Substantia
1469 351 1566 420 itaque
1582 355 1682 405 nostra
1706 355 1840 405 mutatur
1849 349 1875 404 in

128 444 545 515 verolrnstraltocdillngium
560 451 705 513 querunt,
720 444 972 513 utseabsolvant;
1029 443 1141 498 melius.
1164 442 1246 505 enod
1276 455 1344 511 ergo
1370 439 1564 509 temporaliter
1581 437 1638 493 dici
1665 436 1770 507 incipit
1794 439 1874 503 baua,

127 542 155 591 et
169 534 277 591 trustra
295 535 370 589 banc
382 532 537 588 falsitatem
563 533 753 597 constituunt,
777 532 972 587 utveritatem
1028 530 1214 587 manifestum
1236 538 1277 586 est
1298 529 1418 585 relative
1441 529 1507 591 dici,
1537 542 1595 582 non
1619 526 1782 581 secuudum
1806 527 1874 581 acci

129 622 300 680 delendant:
318 622 728 693 quoscuminterrogantur,
746 621 971 689 nesciresepro-
1027 621 1097 675 dens
1127 621 1185 687 Dei,
1217 619 1266 675 sod
1291 619 1374 688 plane
1401 617 1561 673 secundum
1591 614 1724 671 accidens
1752 614 1818 684 ejus
1840 614 1873 671 ad

130 711 203 780 bteri
228 711 326 781 pudet.
354 712 424 765 Cum
453 710 530 766 enim
558 724 647 765 tinam
675 717 787 765 tantum
813 718 840 764 et
867 708 971 764 indivi-
1026 723 1114 778 quem
1138 709 1194 763 dici
1212 707 1322 778 aliquid
1348 705 1449 776 incipit
1479 706 1554 760 Deus
1580 703 1710 759 relative.
1743 702 1873 774 thuod

126 800 213 857 duam
230 814 290 856 esse
309 800 439 855 divinam
460 799 611 854 essentiam
637 813 694 853 non
711 805 884 867 praesumant
904 812 968 852 con·
1026 797 1140 853 amicus
1154 797 1203 853 Dei
1221 798 1321 866 justus
1334 810 1395 851 esse
1417 794 1528 864 incipit,
1557 794 1617 863 ipso
1640 798 1786 860 mutatur,
1803 792 1874 848 Deus

125 888 272 957 mediocre,
294 888 342 944 oui
364 895 422 943 tres
444 886 507 942 illas
533 886 722 956 proprietates
739 888 830 942 inesse
849 886 968 941 dicunt:
1025 893 1121 942 autem
1138 886 1212 942 absit
1235 893 1268 941 ut
1283 885 1412 954 aliquem
1433 883 1629 952 temporaliter
1650 882 1769 953 diligat,
1792 881 1873 953 quasi

125 990 190 1047 quae
205 985 249 1032 εει
261 976 325 1031 ideo
340 976 433 1045 major
451 975 605 1030 diversitas
619 975 693 1030 inter
704 977 796 1032 Deum
812 976 923 1031 Patrem
942 980 970 1029 et
1023 989 1099 1030 nova
1113 974 1283 1031 dilectionel
1304 974 1406 1044 ltaque
1428 988 1527 1029 omnes
1552 979 1666 1027 sanctos
1681 979 1751 1028 ante
1773 970 1872 1027 mundi

124 1065 216 1121 Deum
236 1065 354 1131 Filium,
378 1078 467 1134 qiiam
494 1063 569 1118 inter
585 1065 665 1119 bunc
688 1065 835 1120 bominem
858 1071 968 1132 patrem
1023 1063 1256 1120 constitutionem
1272 1062 1382 1129 dilexit,
1399 1063 1475 1118 sicut
1492 1061 1703 1132 pradestinavit
1714 1076 1724 1131 ;
1741 1059 1792 1116 sed
1807 1074 1872 1116 cum

123 1155 208 1210 istius
222 1162 250 1210 et
268 1153 400 1209 eumdem
421 1153 513 1209 tilium
538 1153 626 1218 illins,
651 1168 718 1209 cuin
740 1153 871 1208 videlicet
893 1152 967 1206 idem
1023 1159 1247 1219 convertuntur,
1264 1159 1292 1206 et
1318 1151 1474 1207 inveniunt
1498 1150 1589 1217 illum,
1603 1156 1675 1206 tunc
1695 1148 1824 1219 incipere
1838 1148 1871 1205 ab

122 1243 207 1300 bomo
221 1251 248 1299 et
271 1249 351 1313 pater
365 1243 401 1297 sit
425 1242 508 1297 istius
522 1249 549 1297 et
574 1241 652 1297 lilius
676 1242 776 1297 illius‘l
799 1241 894 1296 Autsi
910 1254 967 1295 non
1022 1253 1055 1295 eo
1071 1240 1151 1311 diligi
1174 1242 1322 1306 dicuntur,
1340 1249 1373 1297 ιιι
1387 1255 1420 1296 eo
1442 1241 1526 1296 modo
1551 1240 1674 1306 dicatur,
1703 1253 1765 1310 quo
1784 1244 1870 1309 potest

122 1339 165 1389 est
179 1333 272 1403 major
285 1331 438 1387 diversitas
451 1331 490 1385 ibi
507 1345 596 1401 quam
622 1331 676 1396 liic,
700 1345 758 1400 qua
777 1331 888 1385 rationo
903 1342 967 1384 con·
1023 1328 1152 1385 huinano
1176 1328 1292 1385 allectui
1314 1329 1377 1398 capi
1394 1331 1471 1399 quod
1487 1329 1603 1385 dicitur.
1621 1328 1666 1384 Sic
1680 1335 1708 1383 ει
1737 1342 1808 1384 ειιιιι
1821 1328 1870 1383 ira·

123 1421 228 1478 cedunt
256 1422 336 1477 bunc
360 1420 505 1475 bominem
530 1427 640 1488 patrem
666 1434 736 1488 esse,
767 1410 845 1475 bunc
873 1419 966 1474 liomi-
1023 1424 1070 1474 tus
1085 1419 1168 1475 malis
1185 1420 1300 1486 dieitur,
1324 1428 1351 1476 et
1366 1419 1515 1489 placabilis
1534 1419 1627 1486 bonis,
1645 1416 1685 1474 illi
1705 1424 1867 1483 mutamur,

120 1524 187 1565 nem
219 1509 364 1576 silium‚et
393 1523 451 1564 non
474 1510 566 1564 Deum
588 1509 776 1564 Patremesse
804 1509 894 1563 Deum
922 1507 966 1562 Fi·
983 1539 1003 1593 B
1022 1521 1078 1561 nou
1097 1507 1172 1577 ipse:
1195 1509 1269 1565 sieut
1295 1509 1357 1573 lux,
1383 1508 1507 1563 infirmis
1525 1509 1616 1563 oculis
1638 1521 1755 1577 aspera,
1782 1506 1867 1563 firmis

120 1597 217 1655 lium‘t
232 1597 306 1664 Quid
329 1599 416 1653 etiam
431 1598 507 1654 valet
531 1598 585 1653 boc
603 1599 778 1653 constituere
795 1597 873 1666 quod
887 1611 966 1653 sum·
1020 1593 1093 1650 lenis
1107 1603 1158 1663 est,
1173 1598 1301 1667 ipsorum
1318 1599 1486 1666 titulatione,
1502 1611 1561 1653 non
1573 1611 1636 1653 sua.
1653 1615 1667 1645 >³

120 1700 197 1742 mam
220 1701 278 1742 non
310 1685 439 1743 excludit
474 1685 701 1741 controversiae?
734 1685 880 1750 Quomodo
911 1685 965 1741 hoc
1054 1684 1142 1740 Nemo
1163 1685 1260 1756 itaque
1285 1687 1355 1756 tinia
1378 1687 1469 1741 Deum
1495 1684 1614 1742 relative
1635 1686 1753 1741 Patrem
1774 1682 1863 1741 vomri

119 1777 270 1846 praesumit
293 1775 474 1832 Christianus
498 1775 576 1844 quod
601 1775 686 1829 etiam
707 1774 823 1844 gentilis
837 1781 865 1829 et
884 1774 964 1844 quis·
1019 1774 1108 1841 novit,
1138 1775 1199 1831 sive
1234 1776 1350 1842 Filium,
1381 1778 1568 1845 proprietates
1599 1775 1666 1830 istas
1694 1772 1863 1831 relationum

119 1862 188 1920 libet
203 1866 339 1921 abhorret
354 1864 487 1926 infidelis,
504 1863 617 1932 aliquid
640 1862 771 1919 videlicet
786 1863 815 1918 in
837 1863 894 1917 Deo
910 1862 961 1918 dn·
1018 1863 1090 1917 alias
1104 1877 1149 1919 res
1163 1878 1253 1921 essee
1272 1866 1328 1920 Deo
1344 1871 1499 1934 praesumat
1521 1862 1668 1930 confiteri,
1689 1876 1760 1919 cum
1782 1869 1809 1919 el
1828 1862 1863 1931 ip

118 1967 187 2025 gere
201 1955 279 2025 quod
295 1968 353 2009 non
375 1953 411 2009 sit
432 1951 512 2023 ipsei
536 1952 676 2022 Nunquid
692 1953 769 2007 enim
796 1952 819 2007 si
838 1952 961 2020 paterni·
1019 1952 1079 2008 sius
1108 1953 1266 2022 Augustini
1295 1953 1472 2009 testimonio.
1491 1952 1570 2022 quod
1586 1952 1670 2023 longe
1686 1958 1756 2007 ante
1774 1948 1861 2021 posui·

117 2048 171 2108 tas,
186 2058 251 2113 quae
267 2045 340 2100 inest
364 2045 429 2109 ileo,
455 2042 513 2096 alia
541 2041 664 2097 essentia
688 2045 725 2096 sit
752 2041 788 2096 ab
816 2042 877 2110 ipso
894 2042 961 2107 lieo,
1018 2055 1094 2105 mus,
1110 2041 1208 2098 divina
1232 2042 1394 2098 substantia
1417 2043 1479 2098 ideo
1501 2033 1623 2111 simplex
1644 2041 1774 2108 dicatur,
1791 2038 1862 2111 quod

117 2145 218 2189 verum
231 2140 272 2188 est
285 2134 375 2188 ileum
394 2134 507 2187 Patrem
531 2145 568 2186 ex
590 2131 704 2186 duobus
725 2130 888 2195 consistere,
910 2129 964 2185 boc
1018 2130 1139 2186 nibilsit
1152 2130 1180 2185 in
1197 2133 1266 2200 ipsa.
1291 2131 1372 2194 Quod
1392 2132 1477 2187 etiam
1502 2144 1616 2187 omnem
1639 2139 1791 2195 naturam,
1814 2134 1861 2184 ant

117 2227 159 2274 est
173 2234 210 2276 ex
231 2221 288 2276 lieo
302 2228 329 2275 et
354 2220 534 2289 paternitate,
559 2219 712 2287 ipsumque
735 2232 797 2273 esse
812 2225 904 2273 totum
925 2217 962 2272 ad
1018 2219 1109 2274 Deum
1128 2233 1199 2286 esse,
1228 2227 1279 2275 aut
1294 2220 1329 2274 ab
1358 2219 1419 2289 ipso
1438 2219 1554 2286 iactam,
1584 2225 1681 2287 aperte
1702 2217 1858 2287 profitetur,

117 2306 179 2363 baec
191 2308 248 2363 duo
267 2322 304 2363 ex
333 2308 442 2376 quibus
470 2305 624 2362 consistit?
643 2305 785 2375 Nunquld
805 2305 891 2361 etiam
912 2320 961 2374 pro
1018 2309 1091 2363 sicut
1104 2322 1194 2378 supra
1209 2322 1326 2378 quoque
1346 2307 1543 2362 meminimus
1565 2306 1616 2363 Sed
1632 2313 1660 2362 et
1674 2305 1861 2374 Hieronymus

117 2408 149 2450 ec
161 2393 242 2464 quod
261 2395 312 2449 bas
327 2394 514 2463 proprietates
537 2407 675 2448 vocamus
699 2393 861 2456 relationes.
879 2407 961 2461 opor·
1018 2397 1086 2467 ipse,
1102 2405 1135 2452 ut
1156 2411 1245 2467 supra
1261 2412 1378 2466 quoque
1401 2397 1599 2463 meminimus,
1620 2395 1811 2465 proprietates
1824 2393 1861 2464 ip

116 2490 155 2541 tet
184 2497 232 2539 eas
263 2482 386 2553 intelligi
410 2496 454 2537 res
486 2483 613 2537 diversas
632 2481 668 2536 ab
693 2482 754 2550 ipsa
787 2482 959 2548 substantia,
1017 2499 1063 2541 sas
1090 2499 1226 2554 personas
1255 2485 1343 2541 dicit:
1378 2506 1389 2534 ‹
1416 2487 1477 2540 Non
1501 2485 1590 2552 enim,
1618 2484 1724 2554 inquit,
1746 2482 1859 2539 nomina

115 2586 181 2643 quae
197 2573 232 2645 ad
247 2571 357 2643 aliqnid
372 2571 490 2627 relative
514 2571 673 2626 secundum
689 2584 737 2626 eas
753 2570 887 2627 dieitur?
906 2571 959 2626 b'e·
1017 2575 1227 2640 tantummode,
1252 2574 1300 2629 sed
1324 2581 1351 2630 ει
1375 2574 1527 2630 nominum
1560 2573 1760 2644 proprietates,
1780 2570 1808 2627 id
1821 2577 1859 2628 est

115 2675 265 2731 quaquam
292 2661 403 2730 utique.
425 2660 561 2730 Alioquin
586 2667 613 2715 et
642 2674 710 2716 cum
738 2660 814 2714 Deus
842 2658 960 2715 relativo
1016 2678 1153 2734 personas
1167 2664 1348 2720 confitemur.
1368 2685 1378 2711 ι
1397 2666 1465 2719 Satn
1480 2671 1508 2718 ει
1524 2663 1552 2717 in
1576 2661 1750 2731 nobisipsis
1773 2660 1857 2717 multa

114 2749 255 2806 Dominus
274 2750 392 2818 dieitur,
418 2749 578 2804 dominium
602 2747 665 2817 ejus
693 2747 750 2804 alia
776 2748 899 2803 essentia
923 2748 959 2803 ab
1015 2753 1342 2822 relativeaccipiuntur‚
1367 2767 1434 2808 cum
1451 2766 1536 2808 nemo
1551 2751 1694 2807 discretus
1711 2749 1857 2807 relationes

113 2838 175 2909 ipso
187 2846 269 2907 esset,
295 2840 379 2910 cujus
404 2836 529 2907 prolecto
549 2838 730 2907 susceptione
746 2839 853 2893 tnutari
870 2839 958 2894 Deum
1015 2841 1091 2911 ipsas
1105 2842 1213 2897 aliuda
1229 2841 1314 2897 nobis
1335 2856 1395 2897 esse
1415 2841 1560 2896 concedat.
1585 2839 1698 2910 Quippe
1721 2853 1854 2910 aruaque·

111 2928 291 3000 contingeret
307 2942 374 2983 oum
388 2942 449 2983 esse
465 2926 604 2982 Dominus
619 2928 745 2996 ceperit.
1014 2946 1072 3000 que
1087 2945 1132 2986 res
1144 2930 1260 2987 cuilibet
1274 2929 1355 2986 alteri
1372 2929 1475 2985 similis
1490 2929 1637 2984 diciturin
1651 2943 1685 2984 eo
1704 2929 1785 2998 quod
1799 2941 1854 2984 esse

147 3019 309 3074 Adversum
330 3032 419 3088 quain
435 3015 626 3071 detestabilem
644 3017 773 3070 baeresim
784 3015 884 3071 beatus
899 3015 956 3070 Au·
1015 3019 1120 3088 lrabot;
1140 3020 1185 3074 vel
1202 3019 1288 3074 etiam
1307 3020 1436 3089 opposita
1450 3020 1511 3074 sive
1526 3018 1673 3073 dissimilis
1689 3018 1719 3073 in
1736 3015 1854 3089 eoquod

110 3107 247 3177 gustinus
262 3122 280 3162 v
296 3107 368 3162 libro
384 3111 421 3160 lie
437 3106 586 3168 Trinitate,
603 3105 751 3173 capitote,
767 3111 865 3172 aperte
880 3104 959 3159 inve·
1012 3122 1070 3163 non
1096 3115 1138 3164 est
1155 3107 1229 3178 ipsa.
1248 3108 1328 3174 Quod
1354 3108 1511 3163 similitudo
1533 3107 1578 3163 vel
1597 3106 1745 3179 oppositio
1770 3108 1806 3164 ab
1824 3119 1853 3162 ea

110 3192 201 3262 bitur,
232 3196 281 3250 liei
318 3192 636 3250 incontmntabilitatem
674 3191 829 3246 defendens
857 3194 885 3247 in
914 3191 958 3247 bis
1012 3210 1043 3252 re
1071 3197 1156 3265 cujus
1183 3197 1282 3252 relatio
1312 3197 1421 3252 dicitur
1448 3197 1562 3252 diversa
1591 3196 1785 3254 essentialiter
1808 3196 1850 3261 sit,

110 3284 229 3353 quidem
254 3297 319 3352 quae
344 3284 369 3338 ei
396 3297 432 3338 ex
458 3290 583 3351 temporo
610 3281 809 3336 conveniunt:
833 3301 848 3330 a
865 3285 955 3348 Certe,
1011 3299 1079 3341 cum
1104 3285 1164 3354 ipsa
1180 3300 1282 3342 rursus
1300 3285 1460 3341 similitudo
1487 3284 1592 3340 similis
1611 3285 1658 3352 sit,
1676 3292 1704 3340 et
1728 3285 1791 3354 ipsa
1811 3297 1853 3354 op·

62 3418 67 3437 ,
110 3369 215 3440 lnquit,
240 3379 273 3427 ut
288 3371 428 3426 bondinus
454 3371 578 3425 bominis
600 3377 682 3434 esset,
699 3383 736 3425 ert
761 3378 886 3440 tempore
913 3385 957 3426 ac·
1011 3372 1112 3445 positio
1138 3375 1277 3445 opposita,
1302 3375 1368 3446 quis
1392 3388 1540 3429 summum
1557 3372 1709 3428 infinitatis
1728 3371 1853 3429 ineante

108 3459 176 3514 cidit
193 3461 260 3525 Deo,
282 3469 309 3516 et
331 3467 363 3514 ut
382 3467 450 3515 tuus
473 3461 699 3537 boitiinusesset
721 3468 771 3515 aut
797 3461 955 3529 tuensqui
1010 3460 1095 3515 niens
1117 3461 1211 3517 vitare
1240 3461 1451 3518 rationabiliter
1471 3461 1586 3533 poterit,
1611 3474 1679 3516 cum
1702 3459 1852 3518 nullusiu

107 3548 956 3619 modoessectepimus3‹punitiodoigiturobstinabimusni·
1011 3556 1117 3604 natura
1139 3564 1238 3607 rerum
1268 3553 1409 3607 terminus
1432 3557 1585 3607 occurrat:
1616 3550 1774 3606 itautnec
1802 3551 1849 3605 Deo
1899 3598 1901 3605 .

107 3635 148 3693 bil
163 3637 324 3693 secundum
348 3638 481 3693 accidens
496 3636 550 3693 dici
564 3638 599 3692 <le
622 3639 688 3704 beo,
705 3637 762 3691 nisi
778 3638 848 3707 quia
864 3636 956 3705 ipsius
1009 3652 1150 3695 numerus
1165 3641 1222 3709 ipse
1236 3654 1335 3718 rerum
1359 3639 1495 3696 delinitus
1510 3640 1557 3705 sit,
1574 3637 1625 3709 qui
1642 3638 1672 3693 in
1688 3652 1789 3694 rerum
1803 3650 1849 3694 na·
1899 3628 1901 3635 '

105 3733 223 3782 uaturae
238 3726 311 3781 uiltil
335 3727 515 3797 acciditque
539 3735 677 3790 mutetur,
698 3734 748 3780 aut
767 3740 802 3781 ea
826 3728 884 3782 sint
903 3728 953 3794 189)
1010 3734 1077 3783 tura
1092 3728 1227 3785 delinitus
1242 3745 1300 3785 non
1317 3729 1456 3796 subsistit,
1473 3730 1524 3785 ubi
1548 3728 1667 3799 qiridem
1684 3727 1787 3785 nullus
1804 3734 1850 3783 tor·

106 3814 264 3871 accidentia
300 3816 432 3885 relativa,
470 3829 536 3885 quat
564 3830 631 3870 cum
666 3813 765 3884 aliqua
794 3816 954 3871 mutatione
1009 3816 1109 3871 minus
1134 3817 1282 3873 occurrit?
1311 3817 1387 3881 Quid
1410 3818 1489 3872 enim
1515 3815 1715 3883 ridiculosius,
1732 3825 1777 3882 ut,
1792 3827 1847 3874 cunt

107 3916 327 3961 earumrerum
352 3905 516 3976 dequibus
549 3904 688 3960 dicuntur
709 3903 854 3979 accidunt,
879 3903 953 3960 siaiu
1008 3905 1116 3975 aliquis
1134 3906 1217 3961 modo
1233 3905 1374 3975 nascitur,
1399 3904 1448 3961 cui
1463 3904 1565 3960 similis
1592 3905 1711 3970 cilicior,
1745 3911 1849 3976 propter

105 3993 343 4050 amicusrelative
354 3995 472 4063 dicitur,
483 4003 510 4051 et
524 3996 562 4050 sit
577 3994 676 4063 aliqua
685 3995 806 4050 mutatio
820 3994 953 4049 volunta·
1008 3993 1229 4063 illumquedam
1259 4009 1304 4050 res
1319 4009 1395 4050 nova
1407 3994 1479 4049 niibi
1496 3995 1668 4061 innascitur,
1686 4007 1777 4064 quam
1791 4005 1848 4050 cum

106 4080 151 4149 tis,
168 4089 200 4138 ut
215 4083 327 4139 amicus
342 4084 466 4140 dicatur.
482 4084 625 4140 Nummus
640 4092 746 4152 autem,
763 4097 830 4139 cum
845 4083 951 4139 dieitur
1007 4083 1054 4140 ille
1069 4085 1186 4154 perierit
1204 4099 1317 4141 necesse
1333 4084 1368 4140 sit
1383 4084 1536 4153 deperire?

104 4171 241 4241 pretium,
268 4174 388 4230 relative
410 4175 527 4239 dicitur,
548 4188 601 4229 nec
627 4181 722 4229 taroen
746 4179 875 4229 mutatus
899 4145 990 4237 est,D

105 4272 201 4331 neque
221 4277 287 4318 cum
312 4263 417 4318 dieitur
441 4263 558 4332 pignus.
589 4262 617 4317 Si
642 4277 710 4333 crgo
737 4276 877 4318 nummus
899 4275 950 4331 po-

106 4352 160 4404 test
175 4349 257 4406 nulla
270 4351 315 4407 sui
340 4352 500 4406 mutatione
511 4351 593 4407 toties
614 4351 670 4406 dici
699 4350 829 4417 relative,
854 4358 886 4406 ut
901 4364 951 4406 ue·

105 4449 244 4506 quocum
265 4439 364 4509 incipit
380 4439 449 4506 dici,
467 4454 563 4510 neque
577 4455 643 4496 cum
664 4440 779 4507 desinit,
796 4439 908 4509 aliquid
922 4441 950 4494 in

103 4524 168 4595 ejus
180 4535 285 4583 natura
300 4526 344 4583 vel
357 4527 458 4594 torma,
475 4543 533 4599 qua
548 4543 688 4584 nvinnnus
708 4529 759 4597 esl,
784 4528 951 4585 mutationis

104 4610 169 4683 fiat;
185 4622 293 4684 quanto
309 4616 422 4673 lacilius
437 4617 472 4672 do
496 4617 725 4674 incommutabili
745 4617 795 4672 liei
810 4616 949 4673 substan-

104 4699 144 4757 tia
158 4703 295 4760 debemus
309 4706 446 4775 accipere,
464 4713 496 4763 ut
516 4708 555 4762 ita
571 4708 685 4763 dicatur
706 4707 824 4762 relative
840 4705 950 4776 aliquid

104 4789 140 4846 ad
156 4800 330 4861 creaturam,
347 4802 379 4849 ιιι
393 4795 527 4865 quantvls
545 4803 641 4851 tamen
667 4794 860 4865 temporaliter
876 4795 949 4850 inci-

103 4880 165 4950 piat
185 4882 252 4950 dici,
276 4898 334 4940 non
357 4891 452 4940 tamen
475 4885 527 4954 ipsi
547 4885 718 4940 substantiae
739 4884 789 4939 Dei
814 4884 950 4941 accidisse

101 4967 302 5041 intelligatur3
318 4973 366 5027 sed
387 4972 426 5027 illi
444 4982 584 5028 creaturae
601 4973 740 5043 adquam
761 4973 879 5038 dicitur,
895 4975 949 5028 Do-

100 5061 184 5126 mine,
206 5062 347 5129 remigium
370 5063 460 5127 soclus
482 5078 508 5117 es
535 5062 611 5116 nobis
626 5061 638 5116 t
655 5061 740 5132 (Psel.
767 5075 888 5129 nxxxtx,
912 5062 949 5132 l0l

100 5145 134 5201 In
150 5148 231 5204 vobis
243 5164 313 5221 ergo
328 5151 359 5206 lit
374 5152 478 5222 aliqua
493 5152 624 5219 mutatio,
636 5159 663 5207 et
677 5151 821 5208 eidcimur
836 5152 950 5208 adeum

101 5233 271 5307 retugiendo
286 5238 427 5310 meliores,
454 5241 484 5296 in
500 5240 548 5298 illo
563 5249 660 5298 autem
674 5241 765 5299 nulla.
783 5240 837 5299 Sed
855 5249 883 5298 ct
897 5241 950 5298 Pa·

141 5407 199 5484 189)
213 5416 302 5487 Apud
315 5419 523 5491 augustinum,
538 5424 571 5476 ot
582 5436 615 5478 eo
627 5423 695 5477 aiat.

1043 4174 1198 4229 Personam
1214 4174 1313 4244 itaque
1338 4173 1392 4229 boo
1411 4173 1472 4229 loco
1491 4172 1638 4228 diversam
1654 4173 1693 4228 ab
1708 4172 1800 4230 altera
1812 4169 1847 4227 dl·

1007 4262 1110 4328 cimus,
1126 4276 1158 4319 eo
1171 4263 1250 4333 quod
1273 4261 1447 4317 diffinitione
1476 4261 1512 4317 ab
1527 4275 1560 4317 ea
1580 4261 1782 4332 disjungatur,
1803 4261 1849 4317 boc

1006 4358 1048 4408 est
1068 4352 1249 4420 proprietatis
1273 4365 1333 4407 suae
1357 4351 1566 4422 singularitate,
1594 4357 1627 4406 ut
1650 4350 1788 4407 videlicet
1801 4349 1849 4406 boc

1006 4441 1042 4497 sit
1055 4439 1146 4510 hujus
1169 4439 1321 4509 proprium
1347 4441 1427 4511 quod
1441 4455 1499 4496 non
1526 4439 1562 4495 sit
1587 4439 1667 4496 illius
1690 4438 1847 4511 proprium.

1006 4529 1075 4597 Quae
1090 4529 1208 4599 quidem
1222 4530 1341 4600 propria
1362 4529 1496 4600 superius
1510 4536 1580 4585 sont
1601 4527 1749 4585 distincta.
1765 4528 1802 4584 Et
1815 4527 1850 4583 ita

1004 4620 1088 4676 Pater
1104 4633 1121 4675 a
1136 4619 1205 4674 Filio
1232 4619 1404 4689 proprietate
1432 4620 1492 4675 sivo
1518 4617 1694 4673 diilmitione
1717 4615 1851 4673 diversus

1004 4717 1056 4778 est,
1087 4709 1141 4764 boc
1158 4708 1308 4774 estalius3
1340 4715 1368 4764 et
1396 4707 1527 4763 similiter
1555 4714 1680 4776 uterque
1709 4704 1852 4776 aspiritu

1004 4807 1112 4855 sancto.
1146 4798 1291 4863 Quomodo
1315 4805 1412 4853 autem
1440 4798 1540 4853 beatus
1561 4793 1759 4865 Augustinus,
1793 4794 1847 4852 nisi

1004 4889 1080 4946 bano
1114 4886 1309 4943 diversitatem
1336 4886 1518 4956 propriorum
1550 4883 1611 4940 sive
1642 4881 1850 4939 dilllnitionurn

1004 4977 1171 5044 manderet,
1204 4975 1358 5046 quomodo,
1391 4975 1522 5046 inquam,
1548 4973 1668 5029 dixisset
1693 4971 1722 5027 in
1745 4987 1788 5029 vu
1813 4973 1851 5027 llo

1005 5067 1154 5134 Trinitate,
1172 5074 1307 5134 utsupra
1329 5079 1446 5135 quoque
1462 5061 1656 5126 meminimus,
1681 5058 1756 5130 quid
1772 5059 1849 5118 aliud

1004 5164 1046 5213 est
1062 5158 1118 5212 ileo
1132 5168 1202 5224 esse,
1220 5153 1300 5211 aliud
1316 5156 1428 5210 Patrem
1450 5165 1520 5218 esse,
1535 5163 1602 5206 oum
1626 5147 1762 5205 videlicet
1777 5149 1850 5206 idem

1004 5259 1125 5303 numero
1140 5244 1218 5302 sitin
1233 5243 1290 5300 Deo
1310 5241 1404 5312 ipsum
1419 5254 1471 5299 ens
1494 5246 1522 5296 et
1536 5235 1640 5310 pater?
1658 5236 1742 5301 Quod
1757 5237 1784 5294 si
1802 5250 1849 5296 ex·

1040 5416 1096 5490 (9⁰)
1110 5417 1199 5492 Apud
1209 5420 1299 5494 aun,
1313 5421 1353 5478 se
1367 5425 1394 5478 er
1405 5422 1488 5478 Pater
1504 5421 1606 5477 noser.
