3804 5962
603 187 789 247 PRAEFATIO
806 186 1061 247 secludamus.
1665 190 1702 246 82

69 331 86 374 3
111 315 245 384 Galliam,
274 314 447 397 italiamque
471 313 622 386 splendore
651 311 799 370 collustra·
814 313 838 369 Α
854 317 904 369 331
928 327 980 369 sno
998 327 1056 369 esse
1078 310 1211 382 33333311,
1237 315 1286 367 out
1312 325 1430 370 marein
1456 311 1599 368 lumiliter
1614 316 1702 369 corri-

69 402 190 460 lnqnam
204 387 340 444 borrendi
368 387 497 444 criminis
521 386 661 453 carmina,
686 385 733 442 vel
746 398 800 440 ro·
853 384 947 455 qenai,
971 389 1021 439 331
1042 382 1227 455 respondendi
1246 385 1272 439 si
1289 389 1380 454 posset
1397 383 1557 454 objiciendis
1580 385 1633 439 sibi
1652 400 1701 440 ra·

94 462 175 531 rogis
201 458 355 515 coemenda
383 458 578 524 traderentur,
600 456 646 512 vcl
676 457 705 512 ln
731 456 800 523 situ,
854 457 974 511 monibus
985 457 1094 527 pariter
1114 460 1139 510 et
1154 460 1309 511 sanctorum
1324 457 1487 512 testimoniis
1515 456 1644 512 Petrum.
1661 455 1701 512 At

69 546 86 588 e
105 540 134 588 et
147 531 244 587 cinere
264 539 394 586 velerum
419 528 659 585 bibliothecarum
685 527 801 583 latitau-
854 529 1067 583 1113333331333
1089 528 1321 596 resipiscerelnec
1340 528 1434 583 calens
1451 524 1576 583 resistere
1589 530 1702 598 sapien·

69 610 204 659 escerent
220 602 367 671 ;uecjatn
393 599 502 667 tritoni,
530 600 690 669 ceterisque
710 598 802 655 libra·
854 600 900 653 1133
914 603 940 653 et
954 599 1069 668 spiritui
1087 601 1137 667 qui
1163 598 1334 667 loquebatur,
1357 604 1389 653 ut
1414 602 1520 669 tempus
1543 598 1699 669 redimeret,

69 674 107 730 ris
134 674 196 729 suls
219 673 337 728 medicis
360 672 490 728 curanda
505 670 723 738 mandarentur,
752 682 801 738 pe·
854 671 944 725 sedern
963 670 1170 739 apostoticama
1225 669 1313 723 tlaoit.
1338 669 1392 725 Sea
1411 676 1437 725 et
1452 671 1595 741 posteaab
1620 685 1700 739 eqre-

69 759 126 815 que
152 744 295 813 stirpitus,
322 742 469 798 nisibeno
497 742 596 811 eliqua
616 741 741 812 genioet
757 739 801 795 di·
854 743 899 810 gio
922 741 970 795 illo
996 741 1132 796 3311131133
1161 684 1228 810 liiii
1258 739 1388 796 aduocato
1413 745 1545 811 monitus,
1573 741 1616 796 uel
1649 743 1701 796 'arn

74 815 162 887 pulsu
178 815 214 871 ad
228 828 263 870 ea
277 815 487 884 conquirenda,
503 812 647 883 epulvcrc
661 810 799 877 eruenda,
854 815 941 867 sciens
955 813 986 865 in
999 826 1142 881 personam
1169 826 1248 866 suam
1266 811 1338 866 nibil
1355 811 1503 881 agendum,
1526 827 1624 882 respon
1645 817 1701 867 eret

69 887 143 955 oda,
174 885 348 955 publicanda
366 886 523 941 fuissemus
550 882 677 949 excitati,
701 895 802 939 eorum
856 889 911 938 tom
931 883 1013 938 libere
1027 897 1110 949 quam
1131 894 1231 946 secure,
1255 881 1409 938 audiendus
1434 887 1550 949 lantum,
1569 887 1595 939 el
1608 884 1698 951 serem

69 958 111 1013 lm
138 957 318 1023 testimoniis,
342 970 416 1026 qnos
442 956 514 1011 bene
541 955 575 1010 de
606 954 662 1010 illis
682 953 803 1009 sensisse
855 953 907 1009 diss
924 959 953 1008 in
969 956 1043 1009 omni
1056 955 1203 1022 patientia,
1215 968 1269 1008 non
1281 955 1418 1009 sententia
1435 953 1701 1023 aliquaserienclus:

69 1030 153 1093 sisse,
168 1028 311 1098 variaque
326 1029 391 1097 ejus
410 1027 517 1096 scripta
531 1025 561 1081 in
576 1024 686 1080 deliciis
705 1032 733 1081 et
749 1022 803 1078 311-
856 1027 905 1081 133
923 1041 1029 1096 quoque
1044 1024 1167 1079 omnibus
1181 1023 1269 1079 modis
1286 1026 1432 1089 recusauit.
1454 1026 1525 1084 Nam
1546 1030 1572 1080 et
1597 1028 1701 1092 conses-

68 1113 105 1155 ne
118 1099 255 1154 babuisse
272 1098 348 1154 inira
361 1098 554 1154 ostendemus.
586 1094 716 1159 Quorum
740 1106 801 1149 una
856 1094 1459 1167 3333313331333313,3131331,33οά33
1488 1097 1555 1151 bora
1576 1098 1702 1152 maxima

74 1183 113 1226 ue
132 1168 309 1233 vorentur,
321 1184 380 1224 non
398 1168 484 1224 luisse
498 1181 561 1224 eam
577 1176 704 1223 mentem
718 1165 804 1221 1133-
856 1169 977 1235 qnoniam
988 1182 1023 1223 33
1033 1172 1114 1237 parte
1142 1169 1272 1221 mmoria
1295 1168 1355 1235 ejus
1384 1168 1495 1223 turbata
1513 1168 1700 1235 1333113313

69 1248 99 1297 nt
121 1240 234 1310 aliquid
258 1240 394 1295 scriberet
417 1246 518 1295 contra
547 1237 631 1293 iidem
659 1245 804 1307 receptam
856 1240 1025 1307 caligaverit,
1053 1242 1080 1293 et
1104 1240 1221 1293 interior
1245 1238 1350 1305 suqeril
1391 1243 1494 1295 tensus.
1517 1237 1701 1297 Nihilominus

69 1326 106 1369 e:
130 1311 208 1382 quod
233 1311 258 1365 si
287 1311 437 1381 quidpiam
464 1309 519 1365 tale
550 1308 718 1379 irrepsisset,
746 1321 805 1363 cre
858 1316 950 1366 tamen
980 1310 1092 1366 ecclesia
1125 1324 1185 1376 quae
1219 1311 1380 1364 conuenerat
1418 1307 1525 1365 dimisit
1555 1307 1701 1376 bominem,

69 1382 404 1451 ialiundeprovenlssc,
426 1388 476 1436 ant
495 1380 566 1435 torte
585 1378 805 1449 3331331333-
857 1383 985 1437 multavit
1016 1381 1254 1447 abominationem,
1279 1395 1296 1434 a
1321 1394 1440 1450 persona
1471 1378 1619 1445 abstineres,
1653 1379 1703 1435 secl

69 1451 523 1581 :sistitis-ibiibi.lli
547 1452 640 1507 ’111
663 1453 692 1506 '¹¹¹
708 1462 803 1521 ⁰⁹⁰'⁰’
857 1451 1702 1592 1111111113111111113111111311111

437 1565 443 1577 ·
1378 1564 1385 1591 r

96 1686 285 1704 ·······
306 1663 374 1717 quas
390 1652 439 1702 (1111
453 1648 564 1702 iniuria
577 1646 663 1714 rudit,
856 1594 1218 1722 eigagurvgrrgofirbuespssm
1235 1592 1702 1737 zggstcgffiluosregrmeszrlierssvsoelrgtss

95 1720 155 1777 Μ
168 1719 288 1774 humana
303 1735 405 1789 imum
421 1721 494 1774 11111
512 1723 623 1772 naim·
818 1707 840 1765 Β
856 1740 961 1809 scripio
973 1737 1109 1805 incendio,
1121 1739 1279 1808 scriptorem
1292 1737 1400 1791 silentio
1409 1736 1611 1792 condemnauit.
1690 1704 1700 1733 ⁹

69 1820 107 1863 lm
122 1821 219 1876 neque
235 1806 387 1877 multiplex
402 1806 513 1862 bonlrm
528 1806 636 1876 exiguo
650 1804 736 1874 malo,
752 1817 801 1860 ne·
891 1809 1012 1877 Quodsi
1030 1810 1225 1880 interrogetur
1247 1807 1429 1876 Abaelardus,
1457 1806 1532 1875 Quid
1559 1805 1595 1862 ad
1617 1804 1702 1863 buo?

69 1878 101 1936 ¹le
117 1878 215 1934 inutili
230 1877 372 1934 vitiatur:
857 1880 1048 1951 Respondebit
1079 1879 1217 1936 loclesse:
1246 1878 1317 1936 Nolo
1347 1879 1435 1948 bnnc,
1464 1876 1586 1949 reprobo
1611 1876 1702 1946 hune,

69 1965 709 2037 11333333331313313313,3333331133
857 1952 1032 2009 ii⁰¹11i⁸ii⁰l¹s
1046 1958 1097 2034 0⁵}-
1223 2021 1228 2033 ,
1323 2020 1329 2033 ,
1580 2017 1586 2029 ,

69 2040 198 2094 11331113
213 2041 305 2093 uirtus
315 2040 432 2093 crimina
446 2054 518 2108 sepe
535 2038 606 2093 ertit.
894 2023 1026 2079 Sissllsslii
1041 2035 1103 2104 ³9¹⁰
1117 2021 1242 2092 11100111111
1257 2019 1331 2103 mlii}
1358 2020 1514 2102 81011111ῌὸ3
1534 2032 1588 2148 &Ji
1607 2023 1705 2102 iamin

69 2160 318 2219 rodeveniendum
331 2171 374 2218 est
394 2163 571 2229 temeritatis,
586 2169 619 2243 ut
635 2161 715 2243 bunc
728 2173 804 2217 nuu-
858 2091 1340 2233 algfflgntoielfflsqssaesgcegffilg
1362 2091 1503 2219 iiiiiffsiii
1531 2095 1706 2226 'issnmnuus

69 2247 176 2290 errasse
191 2234 351 2290 audeamus
363 2247 511 2300 asserere:
529 2234 578 2289 sed
592 2248 616 2290 sl
631 2233 701 2303 quid
717 2231 753 2288 sb
772 2245 806 2288 co
858 2249 921 2307 cap.
945 2238 987 2304 13,
1006 2235 1058 2292 ubi
1078 2234 1193 2291 sicait:
1222 2237 1261 2289 Eo
1293 2238 1411 2304 tempore
1432 2235 1488 2301 suit
1509 2235 1606 2289 Petrus
1626 2231 1706 2287 Aba·

71 2313 149 2373 tum,
165 2304 193 2360 id
221 2319 279 2361 non
308 2305 443 2361 baerctica
466 2312 608 2376 pravitate
631 2304 703 2374 (sola
727 2303 805 2359 enim
859 2308 964 2374 lardus,
993 2305 1126 2374 magister
1147 2307 1264 2375 insiqnis
1300 2305 1491 2361 celeberrimus
1515 2302 1548 2360 in
1575 2303 1704 2377 opinione

69 2377 116 2432 cia
137 2376 337 2432 ecclesiasticae
364 2376 502 2432 doctrinae
522 2383 550 2431 et
578 2374 741 2431 auctoritati
757 2388 806 2430 re·
858 2381 986 2445 seientia,
1014 2378 1063 2433 sed
1098 2378 1132 2432 de
1158 2377 1212 2447 ilde
1244 2377 1347 2449 perfide
1383 2377 1581 2445 doqmatiaans.
1615 2375 1705 2445 liujus

77 2447 247 2503 haereticum
277 2447 367 2513 lacitl,
388 2448 436 2503 sed
460 2448 596 2504 humanae
622 2453 734 2501 naturae
749 2446 803 2500 im·
858 2455 963 2520 scripta
978 2450 1112 2516 incendio,
1132 2453 1158 2505 el
1185 2451 1345 2517 scriptorem
1373 2450 1480 2504 silentio
1512 2447 1704 2503 condemnauit

69 2526 119 2579 lle,
135 2525 187 2574 aut
213 2517 310 2574 lorsan
326 2518 423 2574 nimiis
449 2518 557 2588 ingenii
574 2516 687 2574 viribus
711 2515 806 2572 admi·
859 2522 1031 2578 innocentius
1049 2536 1137 2590 papa.
1167 2520 1297 2589 capitula
1327 2520 1454 2575 inlibris
1475 2535 1534 2590 equs
1557 2518 1705 2589 repreben-

69 2588 240 2659 ulpamque,
257 2590 279 2644 si
302 2602 361 2658 qna
379 2596 450 2655 erat,
471 2588 631 2655 resarcissc,
647 2594 681 2644 ut
695 2600 725 2643 se
739 2600 804 2656 pos·
859 2594 952 2648 sibilia
964 2594 1109 2646 annotavit
1126 2591 1157 2645 ll.
1179 2591 1336 2646 benardus
1354 2593 1383 2645 in
1397 2592 1489 2660 Epist.
1709 2647 1713 2654 ,

69 2660 94 2716 ri
120 2660 150 2716 tl.
167 2674 208 2716 ru
232 2661 296 2716 Tab.
320 2659 476 2716 Sanatibus
509 2660 584 2717 idem
608 2658 694 2729 juris,
726 2657 806 2729 quod
895 2663 1081 2720 vincentium
1104 2661 1266 2731 peremnia
1285 2668 1427 2732 sequutus
1446 2659 1589 2717 Antonius
1611 2659 1705 2715 Flore·

69 2745 90 2787 i·
860 2743 908 2792 tus
922 2734 982 2790 dlvi
998 2731 1136 2789 bernardi
1151 2731 1240 2788 vitam
1257 2739 1284 2787 el
1302 2731 1446 2788 miracula
1468 2730 1568 2787 multis
1594 2727 1706 2801 sigilla·

69 2814 107 2857 0³
128 2800 220 2871 placet
241 2801 273 2855 D·
301 2800 446 2857 ssiffliid⁰
470 2800 532 2858 i⁰iii
557 2800 697 2868 1111111011,
721 2798 806 2871 quasi
860 2807 911 2863 tim
932 2811 1150 2875 prosequutus:
1172 2809 1199 2858 ct
1226 2802 1327 2885 paucis
1354 2801 1481 2867 mutatis,
1513 2800 1635 2870 demptis
1660 2798 1706 2855 vel

69 2871 190 2929 turiatos
217 2871 345 2941 prolerre
362 2872 476 2942 aliquos
508 2872 661 2942 scriptores
690 2870 807 2927 illorum
861 2877 975 2943 additis,
998 2875 1098 2932 eadem
1114 2873 1353 2930 transcribantur
1380 2873 1410 2929 in
1427 2871 1569 2929 Cbronico
1587 2869 1707 2928 llirsau·

69 2941 261 3013 sequentium
284 2949 455 3011 temporum,
482 2945 533 3013 (lui
562 2945 626 3014 ejus
657 2943 806 2999 sententia
881 2948 963 3014 lensi,
979 2947 1009 3002 in
1030 2944 1247 3003 continuatione
1262 2944 1411 3015 sigeberti,
1427 2943 1505 3015 apud
1528 2945 1634 3000 Aulon.
1656 2939 1707 2997 Sa·

69 3012 221 3083 lstipulati,
248 3022 388 3095 tanquam
414 3015 438 3069 si
459 3027 496 3070 tx
511 3015 576 3086 eius
599 3013 804 3095 011111130ῐί-
860 2964 996 3076 ieilicum
1012 3017 1141 3073 Ennead.
1162 3015 1208 3082 111,
1233 3023 1262 3073 31
1284 3016 1416 3088 Bergom,
1446 3022 1474 3071 et
1494 3014 1526 3070 Β.
1552 3012 1706 3070 Plotinam.

69 3084 240 3164 lttssdtirtssii
268 3099 303 3139 11⁰
318 3099 385 3154 111111
398 3099 446 3141 101
457 3099 502 3141 mi
530 3086 576 3141 vei
600 3099 733 3151 destitit,
758 3082 805 3140 vti
822 3066 844 3124 ⁰
860 3091 937 3148 Nibil
961 3102 1059 3145 moror
1082 3086 1248 3158 proletarios
1265 3086 1336 3143 istos
1365 3086 1523 3142 neotericos
1547 3083 1707 3141 Annalium

69 3156 174 3212 silentio
197 3163 224 3211 it
245 3168 292 3211 eto
317 3155 453 3212 voluisse·
471 3156 621 3213 Familiam
638 3156 736 3225 itaque
751 3153 806 3210 du·
861 3163 1063 3229 sarcinatores,
1093 3157 1250 3228 praeeram
1281 3157 1505 3227 manuscriptos,
1532 3155 1584 3228 qui
1607 3166 1707 3211 omues

69 3225 195 3306 ioirtdtls
209 3170 438 3308 Ciiioevliittttis
456 3229 616 3284 monachus
640 3228 708 3283 titae
737 3227 805 3282 Ber·
861 3232 1002 3290 ineodem
1027 3229 1095 3287 ludo
1110 3229 1202 3286 edocti
1225 3241 1263 3284 ex
1291 3229 1392 3285 iisdem
1420 3226 1560 3299 expiscati
1577 3233 1647 3283 sunl
1668 3224 1707 3281 la-

69 3312 86 3354 1
111 3297 677 3368 111111011111111111111111113,1111311111
704 3310 808 3367 1111101·
860 3304 945 3362 cunis
972 3301 1090 3358 tricbias
1109 3300 1140 3356 in
1165 3313 1220 3356 sua
1242 3298 1379 3356 chronica
1405 3300 1520 3366 relatas,
1549 3298 1708 3367 iisdemque

69 3367 807 3441 110111111013311111113,31111131313111113111
861 3374 967 3441 verbis,
984 3380 1016 3428 ut
1028 3375 1088 3444 jam
1114 3370 1230 3426 nonnisi
1262 3370 1350 3427 nnius
1375 3371 1455 3428 testis
1482 3369 1544 3426 loeo
1571 3368 1629 3425 sint
1649 3367 1705 3423 ba·

83 3452 150 3509 cal)-
162 3442 188 3492 ὅ·
861 3445 959 3511 bendi,
974 3457 1032 3500 non
1052 3441 1168 3514 quidem
1186 3441 1305 3506 oculati,
1321 3441 1369 3498 sed
1383 3450 1497 3498 lantum
1507 3440 1604 3509 auriti,
1618 3444 1707 3510 atque

69 3512 101 3565 t'tl
124 3510 220 3564 diebus
235 3511 295 3565 illis
315 3513 411 3566 Petrus
435 3511 605 3567 Abailssidtii
618 3511 751 3579 militie?
763 3512 806 3564 in.
864 3518 925 3574 ideo
939 3515 1039 3571 eadem
1061 3513 1230 3584 exceptione
1243 3520 1380 3583 perpetua
1394 3511 1598 3570 submovendi.

81 3586 108 3635 et
133 3581 324 3636 celeberrimae
355 3586 386 3636 in
401 3585 527 3651 opinione
549 3581 749 3643 scientiam-sed
773 3581 807 3635 de
898 3587 971 3644 ilinc
985 3584 1119 3656 colligere
1148 3583 1212 3640 licet
1235 3597 1324 3655 quam
1352 3584 1426 3640 varii
1453 3584 1633 3640 variabam
1655 3593 1707 3637 uo·

69 3652 149 3723 enfide
172 3651 372 3719 dogmatizans.
408 3655 492 3721 crrjus
530 3670 590 3708 cerm
631 3653 807 3722 blasphemiis
861 3666 921 3716 ster
936 3664 1000 3728 post
1014 3654 1235 3727 appellationem
1250 3669 1267 3711 a
1283 3663 1431 3712 conventu
1447 3653 1602 3711 senonensi
1616 3651 1707 3708 inter·

71 3725 229 3779 rorissimu
252 3725 367 3778 volitare
389 3726 511 3795 studique
528 3728 633 3793 scripte
651 3726 806 3793 cepissent,
858 3731 974 3802 jectam,
1000 3742 1030 3783 ee
1056 3726 1151 3783 itineri
1176 3726 1301 3782 accinxit
1317 3727 1460 3794 Romano,
1484 3732 1517 3782 ut
1543 3724 1579 3781 ad
1600 3723 1707 3794 pedum

69 3810 93 3851 ts
116 3797 254 3849 novitates
277 3811 371 3851 totum
394 3801 419 3850 el
446 3812 555 3851 sensum
568 3797 624 3849 viri
639 3795 742 3849 eruditi
761 3799 808 3849 tii-
861 3798 1082 3871 apostolicorum
1107 3797 1206 3853 oscula
1235 3797 1447 3865 admitteretur,
1471 3795 1519 3853 sed
1539 3801 1706 3865 preventus

69 3866 123 3921 tiit
139 3865 178 3919 flii
200 3867 250 3920 Dii
274 3866 416 3931 iimitem,
440 3867 683 3931 511111νᾶ1111,
701 3866 808 3920 diluit·
861 3880 903 3928 est
937 3868 1167 3926 reconciliatione
1194 3876 1221 3925 et
1251 3867 1456 3926 benedictione.
1491 3866 1707 3936 permissusque

69 3940 117 4007 qui
137 3938 270 3991 nimirum
287 3937 370 3992 solita
385 3938 505 3993 bonitate
523 3944 549 3993 et
573 3938 740 4004 beniqnilale
760 3937 808 3992 de·
862 3956 928 3999 cum
946 3954 1014 4012 pace
1029 3940 1058 3995 in
1073 3939 1256 3996 blaniacensi
1274 3938 1406 3996 caenobio
1419 3950 1546 4003 manere,
1565 3935 1616 3992 ubi
1639 3948 1707 3991 cum

69 4022 87 4063 e
106 4023 227 4062 meren
242 4012 354 4076 corripi,
378 4009 512 4064 lominum
534 4025 589 4063 non
604 4009 746 4075 consonat,
763 4023 809 4062 se·
863 4015 944 4070 Petro
958 4010 1123 4072 Venerabili
1143 4011 1259 4077 mansit,
1283 4009 1459 4067 scholastica
1472 4005 1615 4065 cathedre
1634 4018 1708 4077 prae

69 4078 127 4134 lani
142 4079 329 4135 admonitione
343 4083 474 4135 amnonis.
491 4082 562 4134 ann
579 4094 630 4145 qno
653 4083 735 4134 etism
753 4083 809 4134 ran
864 4085 965 4145 iectus.
982 4082 1073 4153 primo
1088 4088 1151 4151 post
1173 4081 1305 4138 abbatom
1333 4080 1394 4137 ioco
1421 4080 1519 4137 eedem
1540 4078 1653 4149 jussus,
1677 4077 1709 4133 in

69 4166 78 4205 t
105 4155 217 4219 ‘amitit
246 4151 447 4206 rationabiliter
476 4152 541 4219 eqil,
567 4156 598 4204 nt
626 4150 673 4205 ille
703 4165 809 4216 titini
863 4154 1025 4211 bumilitate
1046 4160 1141 4209 tamen
1156 4153 1322 4222 praecipuus
1331 4151 1436 4208 silentii
1460 4147 1710 4217 observator,nisi

69 4226 137 4276 retas
160 4221 304 4290 culpetne
323 4222 471 4277 arbitrium
491 4227 675 4277 comesturum
696 4237 724 4276 ee
746 4237 809 4290 pro·
863 4240 930 4282 corn
947 4231 998 4280 ant
1019 4223 1181 4294 scripturas
1206 4223 1401 4294 interpretari,
1418 4229 1469 4280 sat
1483 4221 1649 4279 concionari
1662 4218 1708 4291 jn-

69 4298 79 4347 l
112 4293 252 4346 33133333.
280 4295 412 4349 ticinum
445 4308 506 4348 eum
533 4295 686 4348 recessisset
716 4293 750 4347 ab
779 4307 808 4347 eo
865 4297 996 4362 bebatur,
1011 4302 1044 4351 ut
1058 4309 1094 4350 ex
1108 4295 1235 4364 epistolis
1255 4294 1382 4366 ejusdem
1400 4293 1475 4350 Petri
1491 4292 1568 4350 inira
1581 4292 1708 4363 patebit:

71 4362 162 4430 iiim,
183 4363 304 4418 ciiiiliii
327 4366 486 4419 stimulatus
514 4366 627 4430 iniquis,
654 4370 679 4417 et
705 4365 810 4430 inqenii
863 4369 1049 4436 tandemque,
1070 4366 1098 4420 in
1121 4370 1286 4423 rarescente
1305 4364 1477 4437 egritudine
1491 4371 1519 4421 et
1530 4364 1641 4431 morbo,
1657 4363 1708 4418 Ca·

69 4434 121 4489 bus
146 4435 319 4505 plurimoque
340 4438 445 4490 3333313
470 4435 634 4505 disputandi
661 4436 810 4503 infeliciter
826 4406 848 4465 ὓ
864 4439 992 4496 pilanum
1013 4435 1091 4492 ads.
1135 4437 1231 4494 arcelli
1249 4436 1382 4508 martyris
1401 4435 1518 4503 missus,
1543 4434 1620 4505 piam
1649 4431 1712 4488 ani·

70 4505 178 4560 resiliit
198 4521 216 4560 a
235 4510 376 4576 proposito
396 4508 510 4561 saniori.
527 4507 670 4575 Repetens
693 4506 811 4575 denique
864 4522 942 4568 mam
958 4509 1016 4564 Deo
1029 4507 1165 4564 reddidit.

69 4591 145 4631 asem
169 4578 416 4647 metropolitanum,
437 4577 510 4644 quoa
538 4578 569 4631 in
601 4578 660 4645 eius
690 4578 813 4632 13313313
902 4580 1066 4637 Aventinus
1086 4576 1253 4635 lloselinum
1281 4586 1309 4635 et
1329 4578 1514 4636 Abrelardum
1538 4573 1607 4631 novi
1627 4572 1710 4646 lycaei

69 4647 156 4701 stitivit
180 4648 253 4712 sorti
276 4650 306 4702 in
322 4650 448 4718 proxima
462 4649 567 4715 uronis
582 4649 735 4717 concilium,
753 4649 813 4705 Gla·
867 4651 1028 4709 conditores
1045 4647 1135 4706 tuisse
1149 4650 1207 4705 all:
1239 4649 1290 4720 qui
1305 4650 1453 4707 seientiam
1468 4660 1573 4706 vocum
1590 4643 1651 4702 sive
1668 4644 1711 4702 di·

69 4732 151 4775 nsem
166 4724 296 4773 causatur
319 4720 444 4774 abbatem
464 4723 524 4774 suis
546 4722 575 4773 in
590 4721 692 4774 occulto
718 4719 814 4773 aetra·
867 4723 994 4780 alionum
1016 4721 1217 4787 instituerunt,
1232 4734 1339 4778 novam
1355 4719 1514 4779 diosolandi
1532 4718 1610 4775 vlam
1633 4717 1713 4774 inve

69 4791 139 4845 bris-
165 4789 253 4845 dadis
270 4806 376 4857 333333
391 4796 521 4861 paratum
537 4805 564 4844 se
579 4805 635 4844 esse
654 4793 685 4844 in
703 4790 813 4859 piratico
868 4801 984 4860 nerunt,
1001 4791 1035 4847 iis
1057 4791 1227 4849 auctoribus
1249 4791 1307 4849 dno
1334 4792 1589 4862 Peripateticorum
1606 4800 1714 4862 genera

69 4860 187 4929 (endere
198 4863 313 4931 scripta,
340 4876 441 4930 roqans
454 4868 485 4916 nt
508 4862 655 4932 pradictus
670 4861 754 4917 abbas
769 4862 813 4915 oli·
867 4878 928 4923 esse
940 4870 1098 4934 caeperunt,
1118 4877 1210 4920 unum
1228 4861 1300 4920 illud
1320 4871 1414 4929 vetus,
1438 4861 1565 4944 locuples
1580 4861 1610 4916 in
1625 4859 1714 4917 rebus

86 4936 116 4988 si
144 4931 213 4998 quid
231 4932 342 4988 bobmet
364 4933 403 4987 ad
421 4934 565 4988 concilium
588 4935 739 4987 vocaretur.
762 4934 815 4987 lta-
868 4934 1067 5007 procreandis,
1092 4934 1171 5007 quod
1193 4933 1343 4992 scientiam
1365 4947 1464 4992 rerum
1488 4932 1542 4990 sibi
1564 4931 1711 4996 vendicat.

69 5008 89 5059 ri
111 5008 141 5056 ut
156 5004 316 5071 postularit.
343 5004 521 5061 8333333133
550 5004 634 5059 abtas
651 5005 744 5059 venire
765 5019 814 5074 pe·
868 5006 1058 5079 quamobrem
1089 5013 1240 5064 sectatores
1268 5006 1370 5063 1133133
1397 5011 1559 5071 vocantur;
1590 5001 1715 5060 alterum

69 5075 200 5138 33333311,
220 5089 299 5129 suum
324 5075 373 5130 boc
387 5090 441 5130 non
458 5090 514 5131 esse
526 5077 699 5130 renuncians.
721 5077 815 5130 Postea
869 5092 978 5136 novum
997 5076 1079 5150 quod
1092 5093 1156 5136 eam
1171 5078 1207 5134 ad
1223 5078 1340 5133 nomina
1359 5075 1458 5144 trahit,
1471 5072 1637 5132 Nominales
1651 5073 1715 5129 ideo

69 5160 236 5211 mannum
258 5147 380 5201 uirorum
405 5150 518 5201 monitis
544 5149 642 5215 13333,
661 5161 694 5201 ne
716 5146 816 5201 nicteli-
870 5150 917 5206 isli
932 5150 1105 5218 nuncupati,
1119 5149 1195 5220 quod
1214 5149 1294 5205 avari
1310 5162 1420 5215 rerum,
1436 5143 1550 5219 prodigi
1563 5143 1718 5201 nominum

69 5216 186 5287 :ipsius
211 5216 335 5273 atsmlia
358 5218 519 5273 scandatum
538 5217 650 5287 populo,
674 5222 701 5273 et
714 5232 817 5272 333333
869 5228 957 5291 atque
971 5222 1135 5286 notionum,
1147 5221 1302 5277 verborum
1318 5220 1457 5278 ridentur
1474 5231 1535 5275 esse
1549 5223 1716 5274 assertores.

69 5294 116 5344 311
142 5287 313 5356 adversario,
329 5289 437 5344 demum
456 5304 568 5359 perpere
592 5290 740 5358 acquievit,
761 5290 816 5343 tri·
870 5294 935 5349 llaec
949 5304 986 5348 ex
1000 5290 1062 5360 ejus
1085 5290 1124 5350 Vl
1139 5289 1244 5347 Annei.
1270 5304 1337 5362 quae
1360 5291 1514 5365 vignerius
1535 5287 1567 5344 in
1593 5299 1649 5346 sua
1671 5284 1717 5342 Bl-

69 5358 155 5427 idem,
169 5374 217 5413 nee
239 5362 298 5414 sine
318 5360 441 5415 lacrimis
462 5374 597 5425 annuens,
617 5363 687 5415 eleut
704 5363 736 5413 in
754 5361 816 5430 epi·
869 5362 970 5420 bliotb.
987 5362 1087 5419 histor.
1104 5361 1295 5433 lrauscripsit.

69 5430 102 5487 ul
131 5444 235 5500 papam
262 5432 449 5487 innocentium
467 5434 527 5502 ipse
552 5434 678 5498 testatur,
703 5435 735 5485 in
761 5445 817 5501 qua
905 5434 1030 5490 loannes
1059 5431 1220 5489 monachus
1246 5433 1274 5488 S.
1305 5431 1429 5491 Victoris
1459 5444 1549 5506 prope
1573 5438 1602 5490 31
1633 5435 1720 5489 extra

97 5500 280 5569 lucidiusque
303 5501 442 5572 negotium
461 5516 541 5559 omne
560 5501 817 5571 prosequebaris·
872 5505 979 5562 misnia
1004 5503 1173 5561 Lutatiana:
1200 5504 1325 5573 8333313,
1352 5503 1456 5577 inquil,
1484 5511 1580 5563 eontra
1607 5504 1722 5560 Petrum

69 5588 113 5639 es,
139 5577 167 5627 et
194 5574 307 5629 eeclesia
379 5572 818 5641 133333333311,3113113113.-
872 5573 1142 5646 Abalardumq‘ussu
1160 5576 1235 5645 repis
1255 5575 1387 5632 tumores
1399 5577 1526 5645 13313331
1543 5573 1724 5650 congregotio

69 5644 142 5701 ’etei
163 5643 242 5701 illias
266 5646 298 5701 in
378 5645 555 5717 'semmripta
626 5644 820 5712 innianter
932 5660 1059 5717 soporum
1085 5645 1366 5705 nestorianorum
1391 5648 1495 5716 noni:
1520 5654 1572 5725 qut
1597 5646 1726 5721 33313113

76 5657 819 5789 mmm.mmuff⁰mmm
872 5718 1213 5792 protamnmlorumet
1241 5718 1732 5786 rmmnnmtlauurmetuta

1781 5880 1790 5947 l
