3804 5962
113 188 167 271 670
410 184 514 246 cartu
532 188 720 248 ABAELARDI
738 190 816 249 ori.
835 185 925 247 PARS
940 187 977 245 ll.
991 210 1029 234 ι·
1041 188 1224 248 aduncitas
1242 189 1285 247 ΕΓ
1304 189 1424 250 OPUSC.
1440 190 1558 250 iscar.

179 399 261 480 tiuae
276 407 330 467 est
343 400 433 466 Petri
447 401 656 469 Venerabilis
671 312 1307 472 abbatis{fflffiTaffiissisuaglftcminum
1326 405 1563 474 Innocentium
1584 408 1613 475 11
1631 429 1767 496 papam,

786 513 847 576 pro
871 493 970 560 Petro
986 491 1175 560 Ahaelardo

147 601 283 674 Magister
294 604 403 672 Petrus,
414 607 467 660 etc.
486 604 554 660 Vide
564 605 636 660 iuter
645 607 775 677 epistotae
786 609 862 662 Petri
878 607 1061 677 Venerabilis,
1075 608 1239 679 Patrothia
1252 617 1273 666 t.
1287 608 1451 681 ccxxxix,
1467 612 1519 670 ccl.
1538 614 1599 668 305.

803 711 1159 829 scienciis-iiviri.

287 840 366 918 Quae
382 847 435 906 ast
449 844 604 927 ejusdem
619 845 708 910 Petri
732 847 942 912 Venerabilis
958 851 1000 914 ad
1016 851 1208 917 Heloissam
1220 852 1380 920 Paraclcti
1401 855 1621 921 abbatissam.

148 954 279 1025 Acceptis
294 953 396 1012 litteris
409 955 557 1014 charitatis
572 965 629 1015 ture
639 958 717 1033 (76),
736 968 791 1017 eto.
811 961 879 1019 Vide
893 962 940 1016 abi·
952 977 1048 1033 supra,
1064 960 1119 1021 ccl.
1136 964 1198 1020 oti.

818 1067 1142 1184 apicios—[xxiii.

569 1198 650 1277 Quas
663 1205 715 1266 est
735 1201 898 1269 Heloissae
913 1205 955 1270 ad
974 1205 1112 1273 Petrum
1131 1206 1385 1275 venerabilem.

148 1306 286 1366 visitante
300 1323 351 1367 nos
365 1309 416 1367 Dei
430 1309 636 1382 misericordia,
652 1320 706 1370 ato.
726 1315 795 1371 Vide
806 1317 854 1373 ubi
866 1333 963 1392 supro,
979 1319 1034 1378 col.
1050 1321 1113 1376 427.

825 1422 1135 1540 uuisioni-iiiiii.

599 1556 680 1635 Quae
695 1563 749 1623 est
761 1559 848 1626 Petri
864 1561 1076 1630 Venerabilis
1095 1565 1138 1630 ad
1156 1563 1360 1630 IIeloissam.

147 1664 271 1724 Gavisus
286 1681 363 1737 sum,
379 1676 433 1727 etc.
454 1669 522 1726 Vide
535 1666 617 1740 ibid,
633 1671 685 1729 col.
699 1674 762 1730 428.

147 1824 215 1897 (76⁴)
232 1827 281 1884 Hae
296 1827 387 1885 littere
401 1844 459 1887 non
473 1838 598 1888 exstant.

471 2063 819 2234 inrui
892 2068 1509 2279 humiliani

175 2313 530 2444 OPERUM
571 2319 786 2445 PARS
826 2317 1788 2579 SECEITJNDA.-SERMONES

609 2658 986 2770 OPUSCULA
1016 2665 1369 2774 ASGETICA.

733 2967 1253 3122 SERMONES

411 3195 460 3253 Ab
474 3195 642 3254 vittotrtlis
657 3195 941 3256 ruuachtrENsos
956 3195 995 3254 IN
1011 3192 1192 3251 cuniculo
1207 3192 1290 3252 EJUS
1302 3191 1548 3251 cortsrtrtilits

140 3367 217 3432 (upp.
232 3370 301 3421 Petri
316 3369 456 3422 abelardi.
472 3372 545 3422 Paris
573 3372 642 3431 tolo,
660 3386 686 3436 p.
702 3372 756 3423 tao.
776 3398 807 3410 -
826 3372 980 3423 Sermonem
998 3372 1028 3423 in
1041 3372 1127 3423 Natali
1149 3371 1195 3422 SS.
1210 3371 1396 3422 Innocentium
1412 3374 1499 3435 (serm.
1516 3371 1558 3435 il)
1576 3373 1654 3423 nobis
1668 3374 1847 3438 suppeditavit

109 3432 192 3503 coclea
207 3433 233 3506 iii
245 3434 368 3484 caenobio
379 3433 404 3484 S.
420 3435 509 3485 Mariae
522 3409 556 3485 aii
567 3433 693 3485 Eremitaa
708 3434 904 3485 Einsidelnensi
919 3439 1079 3508 miseratus,
1094 3448 1172 3508 quem
1184 3436 1324 3484 nobiscum
1338 3434 1538 3508 perhumaniter
1552 3437 1759 3509 communicavit
1770 3450 1848 3509 reve-

108 3493 283 3546 rendissimus
297 3497 378 3547 ebbae
394 3497 529 3549 Hernicos.
545 3497 632 3549 Codex
642 3499 858 3547 membranaceus
871 3503 920 3557 est,
931 3496 1033 3547 infolio
1044 3511 1149 3554 minori,
1166 3497 1264 3547 saeculo
1280 3502 1309 3547 ut
1319 3496 1433 3555 videtur,
1447 3498 1604 3547 duodecimo
1613 3512 1664 3547 scri
1684 3502 1735 3548 tus.
1752 3499 1846 3548 Conti-

109 3561 156 3606 net
170 3554 301 3608 Abalirdi
316 3560 359 3609 Sic
368 3562 392 3608 et
405 3574 458 3610 nori
469 3560 643 3611 etSermones
655 3560 772 3624 quinque
787 3559 833 3609 :Iu
848 3559 934 3609 aetati
949 3560 1053 3609 Domini
1059 3574 1069 3621 ,·
1082 3560 1116 3609 De
1130 3559 1157 3608 S.
1167 3559 1312 3622 stipticum
1326 3560 1361 3609 Dc
1372 3563 1460 3610 iuncto
1474 3560 1589 3621 iconum
1607 3561 1642 3609 De
1671 3560 1698 3608 S.
1722 3561 1848 3610 innocen-

110 3617 192 3681 titan
206 3621 242 3670 De
252 3621 409 3686 Epiphania.
421 3623 574 3674 Sermonem
584 3623 612 3672 iii
625 3621 708 3672 Natali
719 3622 933 3673 innocentumen
948 3623 1040 3672 eodem
1053 3622 1144 3671 codice
1151 3621 1206 3684 jani
1235 3621 1315 3671 ubliei
1324 3622 1392 3684 iuris
1404 3623 1502 3672 iecerat
1516 3623 1545 3672 b.
1557 3623 1655 3673 Victor.
1671 3622 1774 3681 Consti,
1784 3638 1848 3687 opp.

109 3680 251 3745 Abcelardi,
265 3699 289 3747 p.
306 3686 360 3734 592.
377 3712 406 3722 -
421 3685 511 3735 Sermo
527 3687 559 3736 de
574 3684 651 3735 laude
662 3685 687 3734 S.
704 3684 766 3733 Sthe
786 3684 849 3733 haul
863 3683 1066 3757 protomartyris
1079 3684 1167 3756 (serm.
1181 3636 1234 3747 ³2J:
1250 3684 1294 3747 qui
1310 3684 1338 3733 in
1350 3685 1466 3735 editione
1481 3685 1545 3757 anni
1562 3687 1623 3740 tolo
1638 3686 1707 3735 inter
1723 3687 1849 3758 epistolas
1874 3724 1879 3733 .

109 3742 240 3798 abaelardi
254 3747 300 3797 sed
314 3749 404 3797 minua
416 3749 518 3812 integer
527 3749 623 3812 legitur
637 3748 673 3820 (p.
689 3748 754 3810 263),
768 3699 855 3797 focum
871 3752 1088 3812 opportuniorem
1102 3750 1172 3796 inter
1184 3760 1319 3798 sermones
1330 3748 1432 3798 obtinet
1440 3748 1579 3812 proditque
1593 3749 1696 3798 auctior
1708 3761 1742 3798 ex
1757 3749 1848 3799 codice

108 3818 191 3874 supra
204 3809 321 3862 laudate.
333 3810 436 3875 Reliqui
450 3810 543 3861 ordine
557 3811 654 3876 potiori
668 3809 811 3861 donantur.
827 3809 900 3860 linir.
915 3809 1002 3873 Piri.)

753 3928 1188 3974 -ψεκκρ-

595 4030 879 4124 EPISTOLA
906 4035 983 4123 AD
1022 4031 1364 4123 HELOISSAM.

145 4191 252 4249 Libello
276 4191 402 4263 quodam
427 4192 602 4264 hymnorum
628 4193 672 4250 vet
694 4195 911 4265 sequentiarum
933 4209 950 4250 a
976 4209 1021 4252 me
1041 4208 1135 4264 nuper
1156 4191 1289 4264 precibus
1310 4191 1367 4247 tuis
1391 4198 1599 4271 consummato,
1623 4189 1790 4247 veneranda
1815 4189 1846 4246 in

110 4262 223 4318 cbristo
246 4271 275 4318 et
295 4265 417 4319 auianda
439 4278 520 4320 soror
543 4264 679 4332 llcluissa,
703 4267 844 4321 nonnulla
875 4267 994 4336 insuper
1016 4264 1156 4336 opuscula
1178 4275 1353 4329 sermonum,
1377 4263 1463 4332 juxta
1490 4263 1653 4331 petitionem
1674 4270 1763 4328 tuam,
1789 4268 1847 4318 iim

108 4332 157 4389 tibi
169 4348 261 4404 quani
283 4335 460 4403 spiritalibus
481 4335 597 4392 filiabus
612 4336 670 4392 tuis
685 4336 713 4391 in
736 4339 860 4393 oratorio
878 4345 976 4393 nostru
993 4336 1185 4463 congregatis,
1202 4334 1326 4390 scribere
1342 4340 1444 4413 prater
1458 4333 1695 4389 consuetudinem
1719 4340 1846 4388 nostram

108 4413 258 4474 utcunque
281 4405 436 4461 maturavi.
459 4407 527 4462 Plus
547 4406 653 4477 quippe
672 4405 785 4462 lectioni
810 4422 901 4479 quam
919 4407 1044 4465 sermoni
1066 4408 1100 4463 de
1123 4408 1189 4472 itus,
1204 4405 1389 4474 expositionis
1413 4405 1512 4459 insisto
1531 4404 1689 4485 planitiem,
1713 4417 1771 4459 uon
1787 4403 1845 4458 elo·

109 4476 235 4546 quentia
250 4477 500 4545 compositionem:
525 4492 642 4533 sensum
667 4478 777 4544 littera,
804 4493 861 4534 uon
887 4488 1022 4535 ornatum
1046 4477 1205 4533 rhetorica.
1227 4479 1268 4530 Ac
1282 4475 1400 4530 tortasse
1417 4488 1491 4544 pura
1513 4489 1609 4555 minus
1630 4488 1719 4545 quam
1740 4482 1846 4555 ornata

109 4545 216 4604 locutio
237 4556 346 4618 quaiito
363 4549 475 4618 planior
496 4547 591 4615 luerit,
617 4556 696 4605 tanto
710 4548 884 4619 simplicium
902 4549 1096 4620 intelligentiae
1120 4546 1295 4603 commodior
1316 4545 1383 4609 erit:
1406 4553 1435 4601 et
1454 4559 1504 4614 pro
1519 4546 1657 4616 qualitate
1677 4545 1846 4626 auditorum

109 4617 172 4690 ipsa
191 4619 293 4675 inculti
308 4621 447 4675 sermonis
462 4620 608 4676 rusticitas
622 4621 755 4689 quaeilam
777 4623 830 4676 crit
845 4631 966 4677 ornatus
980 4619 1138 4686 urbanitas,
1156 4625 1183 4674 et
1205 4617 1350 4688 quoddam
1366 4617 1581 4673 condimentum
1604 4630 1713 4686 saporis
1734 4630 1845 4685 parvu-

108 4688 202 4746 lorum
227 4690 414 4761 intelligentia
435 4689 535 4746 tacitis.
552 4690 584 4745 ln
608 4691 651 4746 bis
676 4700 771 4747 autem
794 4691 952 4748 scribendis
966 4705 1017 4747 seu
1039 4688 1223 4760 disponendis
1245 4688 1374 4768 ordinem
1395 4687 1580 4743 festivitatum
1603 4695 1711 4753 terioris,
1727 4688 1763 4742 ab
1786 4687 1845 4756 ipsc

108 4770 214 4817 nostra
228 4761 429 4832 reiteiiiptionis
443 4761 559 4817 exordio
573 4776 638 4817 sum
662 4775 791 4818 exorsus.
815 4762 903 4819 Valde
924 4763 954 4818 in
970 4760 1099 4825 Domino
1115 4761 1178 4830 ojus
1194 4759 1309 4827 ancilla,
1327 4758 1397 4814 milii
1413 4760 1558 4840 quonilam
1572 4759 1605 4840 jn
1622 4759 1729 4838 saeculo¹
1741 4758 1844 4825 chara,

108 4845 187 4912 nunc
208 4832 236 4887 iri
252 4833 364 4891 Christo
378 4832 570 4890 charissima:
592 4833 621 4888 in
636 4846 722 4889 carne
741 4841 812 4890 tunc
827 4847 912 4901 uxor,
936 4832 1059 4890 nuncin
1076 4831 1179 4902 spiritu
1194 4844 1284 4899 soror,
1310 4837 1398 4901 atque
1412 4845 1442 4886 in
1463 4830 1635 4901 prolessione
1657 4844 1731 4891 sacri
1748 4843 1845 4900 propo-

109 4903 155 4958 siti
171 4917 295 4962 consors.

400 5054 520 5112 salibo
533 5053 665 5111 PRIMUS
969 5051 1043 5109 Alis
1062 5051 1155 5124 gloria
1174 5050 1357 5107 laminarum.
1380 5048 1493 5105 Primus
1516 5048 1605 5104 Adam
1627 5049 1662 5105 de
1684 5056 1760 5105 terra
1782 5047 1861 5118 plas-

214 5157 241 5198 iii
255 5155 481 5201 miumiirioun
495 5158 590 5200 inira
608 5157 727 5200 vinarius
740 5156 846 5201 uiuin.
1008 5149 1104 5200 matus
1128 5155 1184 5196 nori
1206 5139 1240 5195 de
1266 5139 1372 5195 lamina
1392 5144 1434 5194 ast
1462 5144 1566 5193 natus:
1593 5137 1649 5192 imo
1671 5137 1706 5193 dc
1728 5137 1792 5207 ejus
1815 5151 1860 5192 co

143 5230 301 5287 Exordium
332 5241 437 5289 riostrcc
471 5231 685 5303 redemptionis,
725 5232 884 5288 hodiernus
912 5239 954 5290 cst
1008 5239 1053 5288 sta
1078 5229 1185 5286 lamina
1212 5235 1257 5285 est
1276 5227 1407 5284 formata.
1428 5225 1577 5282 &candus
1603 5225 1706 5294 Adam,
1729 5239 1763 5281 ac
1785 5225 1861 5296 prio

107 5326 261 5389 conceptus
289 5318 444 5377 [lominica
480 5319 588 5378 matris.
622 5321 758 5392 concepit
798 5321 954 5378 Dominum
1008 5319 1049 5378 ris
1064 5326 1092 5376 et
1111 5316 1241 5375 oninium
1265 5323 1323 5374 tani
1347 5314 1439 5372 lactor
1458 5328 1547 5386 quani
1572 5315 1744 5388 redemptor,
1767 5314 1858 5371 nostri

108 5404 224 5474 lamina,
253 5414 286 5465 ut
322 5406 484 5465 Creatorem
515 5416 627 5481 pareret
651 5417 794 5468 ereatura.
822 5408 956 5468 Commu·
1007 5422 1096 5466 sexus
1122 5405 1244 5465 termam
1280 5404 1315 5463 de
1340 5402 1447 5462 lamina
1474 5403 1601 5462 decrerit
1628 5416 1785 5471 assumere,
1826 5411 1860 5461 ut

108 5493 156 5552 nis
174 5495 291 5569 quidem
315 5495 394 5556 salus
415 5495 478 5554 hac
506 5504 548 5556 est
576 5498 739 5570 hominum,
774 5497 824 5557 sec
846 5498 955 5572 specia-
1008 5497 1186 5570 inutraque
1204 5509 1279 5555 sexu
1297 5492 1463 5553 mnststerat
1484 5491 1588 5567 gratia,
1613 5493 1688 5553 sicut
1716 5492 1748 5552 in
1773 5498 1858 5551 utro-
