3804 5962
120 162 191 219 {699
387 157 491 212 PETRI
511 154 699 212 numinum
719 153 792 210 ΟΡΡ.
812 151 902 209 PARS
920 151 971 208 lll.
991 180 1026 192 -
1037 151 1265 210 rflnotoolca
1283 153 1325 208 ΕΓ
1343 151 1606 210 Pnltosornlca.
1818 151 1868 206 liii

55 330 58 334 ,
116 284 270 344 ιιιιιιιοιιι
280 246 333 351 tide
348 280 591 335 ecclesiasticorum
615 279 784 347 dogmatum,
800 294 825 334 c.
843 277 937 347 primo
955 289 963 332 τ
980 277 1005 353 ιι
1020 278 1095 334 vinae
1110 278 1270 349 majestatis
1284 279 1410 349 potentia
1425 279 1608 351 designatur,
1630 277 1717 350 quod
1733 275 1865 347 quidquid

118 376 202 433 Pater
215 387 283 442 ergo
300 379 341 426 est
355 369 532 439 principium
549 368 670 435 deitatis,
693 382 709 424 a
725 383 782 438 quo
803 366 895 423 Filius
911 380 966 422 na·
1019 369 1095 435 velit,
1110 369 1221 425 eiticere
1234 369 1335 441 possit.
1352 369 1433 426 Unde
1448 369 1478 424 in
1489 367 1655 424 Dncitridio
1669 366 1861 438 Augustinus

117 473 282 531 tusaque
308 458 431 528 Spiritus
456 467 572 513 sanctus
598 472 656 513 non
684 466 779 524 natus,
807 457 878 527 quia
907 471 965 512 nou
1020 459 1117 528 Neque
1127 458 1356 514 enimveraciter
1370 465 1491 514 vocatur
1502 457 1704 526 omnipotens,
1719 454 1779 511 nisi
1790 467 1863 525 qua

118 560 160 610 est
173 550 272 616 Filius,
288 562 341 604 nec
357 547 514 618 ingenitus,
531 547 602 617 quia
631 553 744 602 nonest
764 548 856 602 Pater.
884 547 966 601 Hunc
1020 547 1164 618 quidquid
1182 546 1246 604 vult
1276 553 1375 616 potest.
1397 546 1476 602 ldem
1504 544 1624 602 inlibro
1651 545 1699 599 De
1729 545 1864 613 spirituo

116 649 143 699 ιι
168 641 269 696 beatus
305 635 460 707 Gregorius
488 642 604 692 secutus
637 636 667 690 in
688 635 817 704 symbolo
838 634 965 704 epistolis
1020 638 1131 691 littero:
1156 636 1220 692 Non
1244 643 1334 705 potest
1348 635 1440 691 lacere
1455 634 1574 705 injusta,
1591 634 1665 704 quia
1681 631 1750 706 ipse
1764 645 1863 688 sumna

115 728 176 786 suis
204 725 369 798 praescripto
397 725 528 781 meminit
558 724 657 780 dicens
673 740 681 779 ι
697 723 847 780 Credimus
876 715 982 793 Spiri·'
1017 725 1130 796 iustitia
1158 732 1185 781 et
1210 725 1323 782 bonitas
1350 731 1405 781 est.
1435 723 1623 793 Omnipotens
1649 736 1726 779 vero
1755 729 1797 778 est
1817 735 1862 777 nor

116 825 179 874 tum
200 823 334 873 sanctum
348 829 402 871 nec
430 814 560 885 genitum
574 828 627 870 nee
646 813 808 885 ingenitum
824 826 895 880 esse,
916 811 966 867 sed
1020 815 1097 885 quod
1110 814 1198 886 possit
1226 814 1323 869 omnia
1342 813 1443 881 lacere,
1468 813 1519 868 sed
1543 812 1616 883 quia
1644 817 1745 882 potest
1764 808 1861 867 elusere

115 904 336 963 ooaeternumde
351 904 434 959 Patre
448 911 476 959 et
491 903 562 959 Filio
579 903 786 974 procedentem.
813 902 886 958 Cum
912 915 963 957 au·
1019 900 1163 972 quidquid
1190 901 1264 958 vult.
1288 902 1347 958 lioc
1362 908 1404 959 est
1427 902 1466 956 ita
1494 900 1523 956 in
1547 907 1693 970 potestate
1727 899 1793 970 ejus
1807 904 1860 954 sunl

117 1003 173 1054 tem
200 1006 386 1064 unaqueque
409 993 515 1048 barum
544 1005 732 1061 personarum
755 991 791 1047 sit
818 991 903 1057 Deus,
928 989 965 1045 sit
1019 989 1117 1046 omnia
1130 990 1232 1060 posita,
1259 991 1337 1061 quod
1356 991 1391 1046 de
1405 988 1542 1046 omuibus
1556 1002 1621 1059 quae
1640 988 1706 1058 ipse
1730 986 1807 1054 vult,
1827 1000 1859 1042 or·

117 1084 268 1150 Dominus,
294 1082 330 1139 sit
349 1081 476 1148 Creator,
498 1095 551 1137 uec
567 1095 627 1135 una
652 1094 774 1150 persona
801 1080 836 1136 sit
863 1080 963 1145 altera,
1019 1078 1130 1147 dicare,
1146 1080 1192 1136 vel
1206 1079 1310 1146 facere,
1330 1093 1388 1136 non
1416 1087 1457 1136 est
1486 1079 1601 1149 aliquis,
1617 1079 1671 1149 qni
1703 1077 1858 1148 possitejus

116 1179 250 1232 nontam
267 1169 439 1243 ideoplures
454 1170 494 1227 dii
514 1168 560 1226 vel
579 1170 688 1225 domini
714 1175 792 1235 sunt,
818 1184 869 1225 seu
884 1182 963 1225 crea·
1017 1168 1197 1225 voluntatem
1218 1168 1366 1238 impedire.
1389 1166 1469 1224 Sicut
1494 1175 1591 1224 autem
1607 1166 1707 1223 Patris
1733 1164 1858 1221 vocabuit

117 1271 202 1332 tores,
218 1262 407 1333 sicutplurcs
425 1267 492 1317 sunt
520 1273 658 1331 persone.
679 1258 790 1329 Quippe
814 1273 880 1314 cum
896 1257 964 1313 diei·
1018 1257 1124 1313 divinae
1150 1257 1306 1328 majestatis
1335 1256 1463 1328 potentia
1487 1255 1650 1326 specialiter
1682 1254 1857 1326 exprimitur,

116 1367 183 1411 mus
197 1353 263 1409 deos
276 1358 303 1408 et
323 1351 454 1407 dominos
476 1359 527 1407 aut
547 1358 698 1417 creatores,
729 1350 885 1422 quemdam
904 1363 964 1404 nu·
1018 1347 1060 1402 sic
1072 1346 1197 1403 Filiiseu
1216 1346 1300 1403 verbi
1329 1344 1520 1417 appellatione
1540 1345 1590 1402 Dei
1609 1343 1763 1414 sapientia
1778 1344 1858 1415 genita

117 1455 231 1498 merum
268 1454 368 1496 rerum
397 1439 584 1503 ostendimus,
617 1453 744 1511 quarum
778 1452 964 1509 unaquaeque
1017 1436 1208 1508 significatur,
1238 1435 1353 1506 quasis
1368 1442 1473 1491 cuncta
1493 1433 1658 1490 discernere
1685 1432 1779 1500 valet,
1799 1433 1857 1489 utin

116 1529 238 1586 deussit
253 1536 303 1585 aut
318 1528 462 1595 dominus
479 1536 529 1585 aut
546 1537 666 1597 creator,
682 1543 749 1584 cum
765 1528 794 1583 in
811 1527 964 1584 divinitate
1017 1525 1099 1581 nullo
1128 1526 1243 1597 penitus
1270 1523 1359 1593 decipi
1380 1526 1478 1594 queat.
1491 1521 1526 1578 ιιι
1542 1535 1612 1578 vero
1624 1521 1758 1591 Spiritus
1783 1521 1857 1577 sandi

117 1612 199 1669 nulla
217 1626 315 1669 rerum
332 1615 419 1683 possit
441 1627 502 1669 esse
519 1613 685 1669 multitudo.
712 1612 793 1670 Unde
812 1620 839 1669 et
858 1611 963 1667 indivi-
980 1624 1003 1682 Β
1019 1614 1137 1670 ιοιιιιι
1162 1613 1224 1683 ipsa
1239 1613 1302 1683 ejus
1325 1611 1451 1668 charitas
1465 1609 1510 1667 vel
1541 1609 1714 1681 benignitas
1743 1611 1858 1681 utrisque

118 1701 207 1759 duam
236 1702 359 1758 dicimus
373 1702 553 1758 Trinitatem.
569 1703 640 1758 Cum
656 1716 723 1759 vero
740 1705 845 1757 multas
861 1702 890 1757 in
908 1702 962 1757 Deo
1019 1700 1176 1772 procedens
1200 1707 1343 1768 censetur,
1365 1700 1445 1770 quod
1458 1697 1567 1755 scilieet
1585 1713 1620 1754 eo
1636 1698 1728 1755 modo
1740 1697 1857 1754 ruitum·

118 1792 288 1864 profitemur
303 1804 450 1863 personas,
467 1792 672 1861 proprietatem
688 1806 745 1847 non
773 1805 871 1847 rerum
886 1789 960 1845 mul·
1018 1788 1068 1844 nia
1090 1789 1252 1858 provenire,
1276 1802 1334 1859 quo
1360 1785 1463 1844 melius
1489 1787 1610 1857 possint.
1637 1787 1703 1843 Non
1719 1795 1764 1843 est
1778 1794 1860 1844 ιιιιιι

118 1880 272 1938 titudinem
294 1880 534 1937 demonstramus.
565 1879 702 1944 Quaedam
719 1895 787 1952 ergo
812 1880 847 1935 de
862 1878 964 1951 siugu-
1019 1878 1162 1949 perlectus
1182 1878 1211 1933 in
1224 1877 1370 1942 omnibus,
1391 1876 1443 1948 qui
1458 1875 1488 1932 in
1502 1876 1601 1948 aliquo
1626 1874 1779 1946 impotens
1792 1878 1856 1934 intc-

118 1968 154 2026 lis
176 1977 290 2026 tanturn
314 1969 452 2026 dicuntur
471 1969 611 2038 personis,
630 1976 663 2024 nt
684 1969 831 2040 ingenitus
850 1967 885 2023 de
905 1967 963 2023 solo

118 2059 212 2128 Patre,
247 2058 362 2130 genitus
386 2059 446 2114 sive
470 2059 638 2113 incarnatus
658 2057 692 2113 de
714 2057 772 2113 solo
800 2056 880 2124 Filio,
905 2069 966 2124 pro·

118 2146 222 2204 cedens
241 2147 277 2203 ab
293 2154 417 2217 utroque
432 2146 466 2202 de
481 2145 541 2201 solo
557 2145 668 2215 Spiritu
694 2153 812 2201 sancto:
831 2144 965 2214 quadam

118 2235 296 2308 conjunctim
313 2242 425 2291 tantum
443 2242 470 2291 et
491 2249 550 2291 non
574 2233 753 2306 singillatim,
788 2240 820 2290 ut
839 2233 965 2290 Trinitas

119 2323 207 2381 simul
222 2324 257 2379 de
272 2323 364 2379 tribus
392 2323 521 2392 personis
538 2338 545 2389 ;
563 2323 695 2393 qumdam
712 2330 770 2378 tam
786 2322 965 2393 coniunctim

119 2425 208 2483 quant
225 2410 338 2467 divisim
362 2410 397 2466 de
413 2411 453 2466 eis
472 2424 554 2481 mque
569 2409 718 2478 dicuntur,
735 2418 767 2467 ut
785 2412 870 2479 Deus,
884 2410 966 2467 Crea-

120 2507 175 2570 tor,
201 2499 351 2565 Dominus,
371 2498 561 2568 omnipotens,
591 2499 743 2568 sapientia,
770 2499 875 2568 virtus,
910 2507 963 2556 etc.

119 2589 220 2646 Solum
234 2602 304 2646 xero
326 2588 382 2645 ιιι
396 2601 511 2652 nomen,
532 2589 609 2658 quod
637 2595 679 2644 est
699 2603 831 2658 persona,
847 2588 966 2659 plurali-

1019 1966 1110 2034 nitur,
1127 1981 1179 2024 nec
1205 1967 1328 2037 perfecte
1356 1968 1458 2024 beatus
1470 1971 1522 2033 est,
1538 1966 1592 2037 qui
1614 1966 1646 2022 in
1661 1966 1768 2038 aliquo
1786 1968 1859 2037 potest

1018 2055 1122 2126 decipi,
1152 2072 1205 2113 nec
1221 2058 1337 2127 penitus
1359 2057 1503 2127 benignus
1527 2062 1579 2123 est,
1602 2055 1659 2127 qui
1686 2053 1859 2127 optimelien‘

1020 2144 1117 2200 omnia
1131 2158 1165 2199 ac
1190 2133 1302 2214 disponi
1325 2158 1385 2200 non
1403 2145 1477 2200 vult.
1499 2144 1553 2202 Ubi
1567 2156 1637 2200 rero
1658 2144 1725 2200 baec
1740 2145 1798 2201 tria
1808 2157 1859 2200 oon
1893 2122 1895 2147 ¹

1020 2233 1152 2300 veniunt,
1173 2241 1203 2289 ut
1229 2241 1288 2289 tam
1314 2232 1422 2289 scilieet
1450 2234 1575 2303 potentia
1606 2247 1704 2304 quam
1731 2233 1859 2304 sapientia

1020 2335 1109 2392 quam
1124 2323 1200 2379 bona
1227 2322 1377 2379 voluntate
1404 2322 1439 2377 sit
1454 2319 1609 2392 perlectus,
1635 2321 1717 2377 nibil
1739 2320 1858 2387 boniest,

1020 2411 1099 2482 quod
1113 2411 1177 2482 ejus
1193 2411 1364 2481 plenitudini
1379 2411 1461 2466 desit.
1476 2409 1543 2467 Tale
1558 2418 1601 2466 est
1617 2423 1689 2481 ergo
1711 2410 1805 2467 Deum
1817 2410 1858 2465 Pa·

1021 2507 1093 2556 trem
1119 2513 1153 2555 ac
1168 2499 1271 2555 Filium
1296 2513 1330 2554 ac
1345 2498 1486 2569 Spiritum
1504 2506 1641 2554 sanctum
1657 2513 1715 2556 nos
1735 2496 1859 2569 profiteri,

1020 2601 1054 2643 ac
1080 2588 1185 2658 ipsum,
1223 2595 1256 2644 ut
1284 2588 1394 2644 dictum
1423 2594 1471 2653 est,
1491 2601 1642 2644 summum
1671 2588 1787 2644 bonum
1803 2594 1868 2650 exiti

119 2686 161 2736 ter
176 2677 358 2750 proierlmus,
375 2692 442 2734 cum
465 2676 573 2734 scilicet
598 2677 696 2747 plures
725 2692 860 2747 personas
884 2677 967 2748 proil-
1021 2678 1218 2747 praedicemus,
1232 2677 1280 2732 cui
1296 2684 1436 2748 tanquam
1464 2677 1607 2733 bonorum
1622 2676 1761 2733 omnium
1783 2673 1859 2746 pleni·

82 2843 85 2846 .
120 2775 243 2836 teamur,
259 2781 318 2824 non
331 2767 398 2823 deos
412 2773 463 2823 aut
478 2766 610 2822 dominos
633 2780 686 2822 nec
704 2767 794 2823 ullam
811 2768 840 2823 in
857 2770 966 2823 caeteris
1020 2766 1114 2823 tudini
1130 2765 1201 2822 nibil
1211 2766 1292 2822 desit.
1306 2769 1361 2823 llec
1375 2766 1468 2822 solum
1480 2766 1543 2822 ιιι
1559 2764 1716 2821 Trinitatis
1731 2762 1859 2821 distinctio

119 2858 315 2929 pluralitatem
341 2855 523 2925 recipiamus.
553 2855 633 2911 Unde
647 2856 828 2927 augustinus
847 2860 885 2911 De
906 2857 967 2910 Tri-
1021 2855 1182 2912 adsummi
1204 2855 1270 2911 boni
1287 2854 1500 2925 perlectionem,
1519 2860 1552 2910 ut
1566 2854 1681 2910 dictum
1696 2861 1752 2922 est,
1769 2851 1857 2910 deseri

119 2947 215 3010 nitate,
233 2945 306 3001 libro
321 2959 371 3012 vn,
388 2959 412 3000 c.
436 2946 462 2998 6.
487 2945 571 3000 Ριιιι
585 2944 621 2999 ad
646 2958 676 3000 se
702 2944 808 3000 dicitur
832 2957 963 3014 persona,
983 2966 1003 3022 g
1021 2944 1297 3012 bendamconvenit,
1313 2944 1513 3001 verumetiam
1526 2943 1562 3000 ad
1573 2942 1809 3013 persuadendam
1822 2941 1858 2996 bo

120 3049 173 3092 nec
188 3035 225 3091 ad
240 3034 345 3090 Filium
369 3033 413 3089 vel
434 3033 470 3088 ad
492 3033 629 3102 Spiritum
649 3041 793 3089 sanctum.
823 3036 892 3089 item
913 3034 967 3088 hoc
1023 3033 1151 3091 minibus
1165 3033 1255 3089 divini
1277 3032 1373 3091 cultus
1389 3032 1602 3104 perlectionem,
1618 3031 1666 3104 [ut
1679 3027 1856 3104 religionemi

119 3123 211 3181 solum
227 3137 333 3179 nomeu
348 3128 399 3189 est,
415 3120 492 3191 quod
516 3135 584 3176 cum
606 3120 721 3177 dicatur
735 3122 769 3177 de
792 3121 916 3193 singulis
931 3121 967 3177 ad
1022 3123 1181 3192 plurimum
1196 3122 1317 3193 proiicit,
1350 3131 1381 3179 ut
1393 3123 1430 3179 ob
1446 3123 1501 3179 boc
1521 3123 1671 3193 praecipue
1685 3121 1752 3192 ipsa
1765 3122 1813 3177 Dei
1824 3132 1857 3175 sa·

40 3268 45 3284 ,
119 3226 149 3268 se
178 3210 346 3281 plurimum,
363 3223 421 3264 non
433 3208 622 3278 singulariter
637 3208 778 3278 accipitur
794 3212 824 3265 in
839 3224 965 3268 summa.
1021 3209 1130 3280 pientia
1154 3209 1310 3280 incarnata
1332 3209 1362 3265 in
1384 3209 1586 3281 praedicatioue
1616 3205 1857 3266 suaearcctole

119 3299 250 3356 Dicimus
265 3310 410 3366 namque:
432 3297 515 3350 Pater
528 3303 569 3351 est
589 3310 720 3365 persona,
737 3297 829 3353 Filius
848 3306 889 3354 est
905 3313 967 3368 per·
1021 3300 1156 3356 crevisset
1169 3312 1327 3355 assumere.
1361 3298 1425 3355 Duo
1450 3300 1557 3369 quippe
1572 3292 1652 3363 sunt,
1670 3312 1741 3369 quae
1754 3307 1856 3353 nuson·

120 3400 201 3454 sona,
228 3385 350 3455 Spiritus
378 3391 494 3439 sanctus
540 3391 582 3439 est
624 3398 776 3457 persoua3
814 3389 898 3443 Pater
927 3395 968 3444 ta·
1020 3388 1090 3445 nino
1123 3387 1243 3444 Domino
1271 3388 1415 3458 subjectos
1451 3387 1589 3456 eliciunt,
1623 3387 1714 3444 timor
1744 3384 1856 3442 videlieet

119 3489 187 3533 men
211 3481 239 3530 et
268 3472 358 3528 Filius
382 3479 410 3529 ιι
438 3471 562 3543 Spiritus
587 3481 705 3531 sauctus
730 3489 789 3532 non
813 3485 881 3534 sunt
908 3491 968 3535 una
1022 3485 1109 3548 atque
1128 3491 1218 3533 amor.
1243 3477 1375 3534 Potentia
1387 3476 1529 3548 siquidem
1555 3483 1583 3532 et
1611 3474 1761 3547 sapientia
1779 3470 1854 3530 maxi·

120 3576 254 3636 persona,
270 3562 318 3619 sed
335 3570 402 3618 tres.
1021 3580 1067 3623 me
1089 3566 1219 3623 timorem
1243 3567 1394 3634 incutient,
1418 3580 1484 3622 cum
1499 3576 1566 3622 eum
1577 3564 1713 3635 judicem
1728 3579 1788 3622 esso
1807 3574 1856 3619 sen

456 3650 571 3708 CAPUT
596 3652 632 3710 V.
1021 3656 1110 3712 timus
1124 3663 1151 3712 et
1166 3671 1232 3727 quae
1246 3655 1370 3712 voluerit
1389 3656 1486 3712 omnia
1512 3668 1594 3726 posse
1626 3654 1738 3725 punire
1756 3653 1854 3717 scimus,

122 3739 384 3825 Quidipseseutiat
399 3739 432 3794 dc
465 3742 569 3795 unitate
584 3756 615 3824 oc
643 3743 778 3827 trinitate,
801 3744 918 3802 ostendit
942 3749 968 3801 et
1021 3753 1049 3801 et
1076 3743 1150 3800 niltil
1175 3759 1242 3801 eum
1261 3744 1349 3800 latere
1373 3742 1583 3815 cognoscimus.
1605 3743 1779 3815 Benignitas
1803 3750 1857 3795 vero

281 3829 311 3866 ²⁷²
324 3818 431 3868 ''⁰⁸²⁰”3
445 3817 471 3867 0⁸
484 3817 647 3867 “minate
662 3814 796 3880 defectivi.
1022 3835 1058 3890 ad
1069 3848 1196 3890 amorem
1207 3834 1339 3903 pertinet,
1355 3841 1399 3901 ut,
1413 3847 1500 3904 quem
1517 3833 1770 3904 benignissimum
1786 3828 1859 3888 babt-

156 3917 222 3974 llmc
236 3925 333 3974 autem
354 3916 418 3973 tidei
442 3931 556 3974 summa
572 3919 648 3975 circa
662 3920 805 3977 unitatem
821 3935 855 3979 ac
869 3923 968 3980 Trini-
1021 3937 1097 3992 ntus,
1124 3922 1307 3994 potissimum
1329 3922 1494 3994 diligamus
1518 3936 1555 3978 ex
1581 3936 1642 3993 quo
1658 3922 1751 3978 etiam
1765 3914 1861 3978 adverti

120 4014 207 4064 tatem
222 4006 350 4063 divinam
370 4006 497 4063 breviter
526 4008 680 4078 proposita,
704 4009 852 4081 reliquum
874 4020 916 4069 est
934 4020 967 4070 ut
1023 4019 1116 4082 potest
1130 4025 1197 4068 eum
1212 4010 1242 4067 in
1257 4010 1361 4081 pietate
1374 4010 1473 4067 ulcisci
1495 4009 1577 4075 velle,
1591 4010 1667 4080 quia
1682 4025 1746 4083 quo
1770 4001 1861 4080 plusti

120 4096 262 4153 adversus
275 4095 479 4167 inquisitiones
493 4096 692 4154 dubitantium
708 4100 846 4170 congruis
861 4100 968 4157 simili·
1022 4100 1115 4169 placet
1136 4100 1269 4170 equitas,
1299 4115 1331 4156 eo
1373 4099 1466 4172 magis
1499 4099 1632 4170 displicet
1670 4100 1699 4156 ei
1725 4098 1860 4170 iniquitas

121 4185 257 4243 tudinum
284 4184 426 4255 exemplis
446 4198 509 4240 eam
535 4184 724 4243 defendamus
738 4196 765 4243 et
789 4197 965 4248 astruamus.
1024 4188 1125 4245 Unde:
1147 4189 1277 4242 Dilexisti
1286 4190 1428 4258 justitiam
1442 4192 1467 4242 et
1492 4187 1577 4242 odisti
1594 4189 1781 4258 iniquitatem
1793 4181 1861 4258 (Ptol

44 4303 52 4311 ,
120 4273 195 4341 Quia
207 4273 284 4331 enim
301 4273 336 4329 ad
351 4273 512 4329 doctrinam
541 4271 621 4344 loqui
651 4275 773 4346 proicit,
790 4277 905 4349 siquod
922 4279 1103 4369 dinxmv,
1119 4277 1157 4349 8).
1187 4279 1309 4335 seduco
1331 4278 1425 4334 solum
1444 4278 1481 4334 ad
1506 4277 1642 4333 timorem
1670 4277 1721 4335 vel
1750 4286 1862 4334 autorem

119 4362 213 4420 cimus
227 4361 333 4433 exponi
345 4376 401 4417 non
419 4368 519 4432 potest,
539 4369 572 4417 ut
588 4363 778 4435 intelligatur.
804 4365 885 4430 Quod
902 4367 965 4424 dili·
1021 4366 1070 4423 Dei
1093 4366 1261 4424 bominibus
1275 4366 1474 4424 incutiendum
1488 4365 1549 4423 ιιι
1560 4365 1718 4424 Trinitatis
1733 4364 1862 4425 distinctio

120 4457 221 4524 genter
236 4451 337 4508 beatus
352 4448 543 4522 Augustinus,
565 4465 630 4508 cum
659 4451 862 4511 diiticillimum
884 4456 966 4514 illum
1020 4454 1183 4512 necessaria
1211 4463 1263 4525 est,
1288 4456 1336 4512 sed
1363 4455 1448 4513 etiam
1472 4455 1509 4512 ιιι
1521 4456 1737 4514 universorum
1757 4464 1862 4529 operuit

119 4539 303 4597 deTrinitate
321 4539 415 4596 locum
431 4553 572 4608 exponere
594 4541 689 4612 vellet,
712 4557 770 4613 quo
790 4546 968 4616 evangelista
1021 4544 1084 4616 ejus
1099 4545 1375 4602 commendationem
1401 4543 1561 4615 plurimum
1574 4544 1668 4617 valet,
1684 4552 1721 4604 ut
1736 4557 1863 4618 quascun-

120 4630 246 4687 Joannes
259 4643 380 4686 exorsus
394 4635 454 4685 est:
474 4630 507 4683 ia
518 4632 668 4701 principio,
694 4640 760 4700 etc,
778 4632 842 4702 hoe,
859 4635 966 4706 inquit,
1023 4648 1081 4705 que
1099 4634 1158 4706 agit
1173 4641 1273 4704 utpote
1285 4634 1400 4706 egregie
1417 4633 1479 4691 lieri
1491 4634 1641 4704 credatur,
1654 4634 1711 4706 qui
1727 4636 1862 4708 quodem

119 4718 256 4776 animalis
281 4718 367 4774 bomo
395 4733 453 4775 non
483 4719 614 4790 percipit.
647 4720 722 4785 Quid
750 4735 829 4793 ergo,
852 4723 966 4793 iratres,
1024 4736 1082 4794 que
1096 4722 1164 4780 velit
1179 4722 1291 4779 ellicere
1306 4723 1394 4794 possit
1407 4730 1434 4780 ct
1446 4723 1581 4780 omnibus
1608 4724 1739 4782 modurn
1763 4731 1861 4782 serrati

119 4808 271 4866 silebimus
287 4807 363 4864 boc?
375 4810 468 4873 Quare
483 4807 631 4875 scribitur,
649 4810 672 4866 si
685 4809 795 4881 siletur,
810 4819 862 4868 ιιι
876 4828 968 4884 quare
1024 4812 1095 4868 sciat
1123 4820 1150 4868 et
1169 4813 1279 4882 optime
1312 4820 1417 4870 cuncta
1443 4813 1502 4869 iteri
1532 4827 1584 4869 seu
1611 4813 1776 4883 procedere
1801 4809 1862 4869 vetit

119 4897 248 4966 auditur,
265 4897 289 4953 si
305 4911 363 4953 non
378 4897 558 4966 exponitur?
583 4898 632 4954 secl
647 4906 678 4956 ut
705 4900 776 4971 quid
801 4902 966 4972 exponitur,
1025 4901 1105 4958 Unde
1119 4916 1186 4959 cum
1201 4902 1239 4957 od
1262 4901 1374 4972 aliquid
1388 4900 1568 4972 operandum
1590 4901 1728 4960 divinam
1757 4902 1861 4975 gratian

120 4984 145 5042 si
161 4999 219 5041 non
235 4985 431 5058 intelligitur?
444 4985 572 5042 Primum
586 5001 654 5059 ergo
669 4989 753 5046 nobis
767 4989 967 5049 disserendum
1025 4990 1226 5061 imploramus,
1242 4998 1316 5048 recte
1335 4992 1484 5048 Trinitatis
1511 4991 1822 5049 commemorationem
1833 4987 1861 5045 la

119 5074 247 5132 occurrit
275 5075 346 5147 quid
356 5074 410 5130 sibi
434 5075 504 5131 velit
532 5075 587 5132 ista
608 5091 798 5147 personarum
821 5078 967 5150 discretio,
1024 5080 1127 5148 cimus,
1144 5081 1269 5137 dicentes
1287 5096 1294 5135 ε
1310 5082 1342 5136 ln
1364 5082 1471 5136 nomiae
1499 5079 1593 5134 Putris
1609 5084 1636 5133 ιι
1654 5081 1725 5137 Filia·
1743 5077 1861 5151 'etspst

96 5139 107 5217 l
120 5161 167 5220 vel
195 5162 329 5221 distnctio
358 5165 388 5220 in
416 5178 476 5220 una
491 5171 598 5223 natura
623 5166 796 5236 divinitatis,
814 5175 846 5224 ut
868 5169 967 5225 eadem
1025 5172 1178 5237 tassoncti,
1194 5169 1251 5238 vel,
1272 5172 1304 5226 ln
1331 5172 1438 5225 nomiae
1460 5173 1558 5225 sunctae
1579 5173 1606 5224 ιι
1629 5170 1792 5227 indiuidua
1816 5166 1862 5224 lli·

122 5251 158 5308 sit
171 5251 266 5323 Pater,
292 5252 392 5309 eadem
420 5252 520 5322 Filius,
545 5255 644 5311 eadem
682 5254 806 5325 Spiritus
838 5265 965 5328 sanctus,
1022 5261 1130 5327 nitatis,
1151 5266 1184 5315 ut
1207 5257 1314 5315 scilieet
1336 5259 1467 5316 divinam
1482 5256 1641 5328 potentiam
1657 5268 1687 5316 et
1706 5258 1861 5332 sapientiam

57 5398 61 5407 ,
121 5352 189 5395 cum
199 5354 346 5398 summum
361 5341 506 5399 bouumet
518 5341 549 5398 in
563 5343 700 5401 omnibus
714 5345 770 5402 bac
783 5345 967 5406 distinctione
1023 5364 1075 5406 seu
1102 5349 1308 5420 benignitatem
1333 5356 1598 5418 commemorantes,
1614 5362 1807 5423 quaecunque
1817 5342 1862 5405 ιιι

120 5425 269 5485 Trinitatis
294 5429 501 5502 intelligamus.
518 5431 613 5490 Patris
632 5447 760 5506 namque
782 5434 900 5496 nomine
923 5437 965 5495 di·
1026 5437 1092 5512 ciat,
1109 5436 1225 5510 egregie
1253 5436 1316 5497 deri
1339 5437 1575 5499 demonstremus.
1604 5435 1691 5497 Unde
1712 5445 1744 5500 et
1757 5438 1860 5511 loyce
