3804 5962
1524 32 1531 35 -
1555 32 1676 56 --u--onfl'u

712 182 768 240 ιιι
785 182 832 241 ιτ
848 182 931 242 rtou.
1231 208 1234 216 ·
1352 176 1356 185 '
1632 193 1700 250 ttro

79 301 228 372 bilder.
255 315 317 371 ιιι,
341 302 384 374 t).
412 303 525 362 idolum
547 281 701 379 iacit,'qni
723 308 791 366 lacit
806 313 830 364 ι
845 311 930 365 iam:
970 308 1157 380 Quanquam,
1189 316 1222 366 nt
1254 309 1297 367 illi
1332 319 1466 368 asserunt
1498 312 1697 383 [menbrorum

82 398 206 449 nonest.
221 390 363 463 Quidest,
377 393 524 466 qnoduon
539 394 602 452 esti
618 395 730 467 Species
743 411 794 454 au·
845 395 967 470 species]
988 398 1019 454 in
1042 397 1127 469 signo
1153 397 1251 470 aliquo
1273 398 1430 458 fabrefacta
1447 410 1500 471 est,
1526 418 1595 461 curn
1628 406 1696 463 ado·

80 493 127 537 am
146 481 250 538 oculus
268 495 327 540 non
343 482 424 551 vidit,
450 483 499 540 sed
520 485 578 555 ipse
598 484 653 542 sibi
676 486 792 543 animus
845 484 906 541 rari
928 493 1017 557 atque
1043 484 1219 542 bonoraria
1251 487 1440 546 multitudine
1466 495 1593 563 coeperit,
1622 494 1698 564 parit

82 578 92 625 t
113 569 136 625 si
151 569 218 641 quis
237 572 267 626 iu
286 584 345 628 uno
360 570 488 628 bominis
503 572 603 629 babitu
617 572 694 631 duas
707 575 793 632 iacies
847 573 877 630 in
903 587 1079 646 unoquoque
1106 574 1265 632 sordidum.
1296 576 1491 636 Simulacrum
1518 580 1584 638 talis
1606 583 1698 640 bomi-

79 665 101 714 ιι
117 657 244 715 bumano
258 659 365 729 pectori
381 665 539 729 postremas
550 670 647 733 partes
658 664 726 734 oqui
741 669 793 722 aut
846 676 917 719 num
931 661 1049 719 allectus
1063 663 1176 720 inritat.
1193 665 1283 720 Item:
1303 667 1404 738 ltaque
1418 681 1454 724 ne
1473 669 1630 741 quisquam
1649 673 1693 730 di·

79 745 194 818 jungat.
212 746 279 803 llaeo
292 754 320 803 et
337 746 444 804 similia
460 749 512 820 qui
527 750 692 816 iacit,.laoit
713 752 792 823 quod
846 754 902 819 cat,
917 764 984 809 curu
1010 751 1096 808 irrisa
1119 751 1228 810 inerint
1249 754 1416 823 simulacra,
1437 769 1496 812 non
1515 757 1571 814 boc
1584 760 1697 818 risibile

90 834 149 892 Nec
164 834 249 892 babet
272 836 383 907 aliquid
397 836 490 895 simile
508 840 563 895 sui.
581 839 640 896 Noa
663 840 793 898 adorabis
845 840 915 911 colo,
937 840 986 897 scd
1007 853 1126 910 numen,
1150 842 1228 914 qnod
1254 843 1312 899 illic
1335 843 1476 902 inhabitat
1497 845 1695 919 invisibiliter,

79 939 98 978 ιι
115 925 194 980 cotes.
212 923 305 980 Potest
323 924 391 996 quis
413 925 557 982 interdum
580 927 700 985 adorare
721 929 794 985 invi·
845 930 908 1000 ipsa
931 930 1055 986 numina
1070 930 1099 987 in
1123 929 1180 988 alio
1198 931 1310 1003 psalmo
1334 931 1446 1003 [eadem
1472 933 1634 1008 Scriptura]
1656 940 1698 996 sic

79 1025 115 1069 ιιι
126 1026 195 1071 vero
213 1019 255 1069 cst
272 1019 329 1069 toto
344 1012 449 1070 allecto
464 1018 491 1070 et
506 1015 603 1072 studio
623 1015 668 1072 bis
682 1016 792 1074 manci·
845 1017 984 1074 damnat:
1000 1018 1134 1085 Quoniam
1152 1018 1193 1074 dii
1215 1022 1337 1089 peullam
1354 1021 1489 1078 demonic
1513 1026 1598 1094 (Prot.
1624 1039 1696 1097 xcv,

79 1105 215 1170 spartium
246 1117 328 1189 saper
346 1102 487 1172 psalmam
523 1103 605 1160 cliiii
634 1104 693 1177 (lv,
723 1106 792 1161 libi
846 1104 884 1177 5).
898 1106 973 1163 Dicit
986 1105 1073 1164 etiam
1097 1107 1261 1179 Apostolus,
1276 1124 1334 1167 non
1360 1112 1439 1181 qnod
1461 1111 1570 1170 idolum
1586 1114 1624 1172 sit
1643 1115 1697 1173 ali-

95 1190 141 1247 Ει
155 1205 188 1248 eo
209 1190 271 1248 loco
295 1191 346 1248 ubi
369 1192 511 1262 scriptum
536 1201 600 1251 est:
627 1195 667 1252 Νι
681 1197 792 1266 quondo
846 1193 929 1266 quid,
946 1194 994 1252 sed
1019 1209 1086 1267 que
1103 1197 1254 1254 immolant
1282 1206 1390 1270 gentes,
1418 1199 1567 1259 daemoniis
1592 1202 1695 1263 immo-

79 1285 176 1337 rantes:
218 1281 270 1336 Ubi
299 1284 340 1336 est
373 1281 446 1337 Deos
487 1283 598 1339 eorum?
625 1292 679 1341 etc.
718 1283 793 1358 (Psoi
845 1283 916 1341 lant.
940 1283 1080 1342 Videntur
1103 1293 1199 1342 autem
1220 1286 1273 1343 sibi
1298 1288 1475 1360 purgatioris
1495 1305 1557 1348 esse
1579 1292 1696 1366 religio·

81 1368 102 1442 l.
139 1368 213 1437 Quia
249 1368 423 1427 invisibilem
454 1371 546 1428 Deum
576 1372 708 1441 colimus,
738 1374 792 1447 qui
845 1372 901 1442 nis,
923 1371 976 1444 qui
998 1372 1121 1431 dicunt:
1142 1373 1200 1431 Nec
1221 1374 1422 1445 simulacrum,
1442 1391 1496 1435 nco
1517 1379 1694 1439 daemouium

79 1472 89 1512 ι
118 1458 262 1529 corporeis
285 1458 410 1530 [oculis],
435 1461 571 1519 cordibus
594 1469 693 1518 autam
717 1476 788 1534 pau·
844 1459 919 1531 colo,
942 1460 991 1518 sed
1015 1461 1139 1534 oiilgicm
1162 1463 1339 1534 corporalem
1357 1465 1421 1538 ejus
1444 1467 1486 1524 rei
1510 1468 1629 1542 signum
1652 1469 1698 1528 in-

79 1546 264 1604 nundissimis
284 1556 326 1604 est
345 1556 442 1616 notus,
466 1556 607 1621 tanquam
639 1551 701 1608 ideo
724 1565 790 1623 pos·
847 1558 938 1621 tueor,
959 1564 1048 1622 qnam
1068 1552 1160 1609 colere
1180 1551 1278 1610 debeo.
1304 1553 1406 1625 ltaque
1428 1554 1636 1627 interpretatur
1659 1559 1696 1616 si·

79 1644 247 1708 erogantes:
271 1637 324 1694 ubi
340 1646 382 1694 ιιι
407 1636 483 1695 licus
506 1638 627 1697 eorum?
646 1639 717 1711 quia
735 1640 790 1712 ipsi
806 1604 828 1662 Β
845 1640 1025 1707 mulacrum,
1066 1647 1098 1697 ut
1142 1640 1198 1697 alio
1230 1641 1385 1699 simulacro
1406 1642 1505 1702 dicant
1536 1646 1696 1719 significari

79 1724 228 1782 ostendere
260 1725 327 1782 deos
348 1739 426 1783 snos.
461 1727 547 1783 Item:
579 1727 669 1787 llulto
698 1728 789 1787 bono·
845 1735 961 1798 terram,
994 1729 1071 1785 nude
1097 1729 1239 1800 tempium
1260 1731 1352 1788 solent
1372 1733 1519 1803 appellare
1550 1735 1694 1806 Τιιιιιιις

79 1829 88 1870 ι
111 1814 265 1882 haberetis,
283 1815 361 1885 quod
385 1817 506 1887 possetis
532 1817 683 1875 ostendere
701 1832 790 1890 qnam
845 1816 902 1873 alio
926 1829 1015 1887 mare,
1046 1816 1121 1875 sicut
1153 1818 1282 1890 Neptuni
1306 1821 1478 1890 simulacro;
1507 1823 1565 1881 alio
1588 1838 1694 1896 aerem,

103 1901 181 1974 quod
196 1901 257 1959 istis
273 1902 364 1960 oculis
384 1904 499 1960 avobis
512 1905 685 1972 ostenditur,
701 1908 790 1964 vestri
845 1905 920 1963 sicut
943 1905 1090 1974 lunonis3
1126 1906 1194 1976 aiio,
1220 1909 1327 1980 ignem,
1359 1909 1446 1979 sicut,
1461 1910 1609 1982 Vulcani3
1639 1914 1696 1972 alio

79 1991 178 2048 mcitas
212 1992 390 2049 ostendatur.
420 1993 486 2048 item
521 1997 560 2065 (p.
591 1994 690 2066 libbi:
725 1995 791 2053 lioli
844 1993 1012 2061 lucilerum,
1027 1993 1104 2052 sicut
1117 1994 1245 2059 Veneris,
1261 2004 1314 2053 etc.
1329 1998 1368 2056 De
1383 1999 1492 2071 quibus
1505 2015 1609 2060 rursus
1627 2018 1695 2062 cum

79 2093 174 2138 nauus
195 2080 361 2149 homiuum,
385 2089 418 2137 ut
448 2095 485 2138 ex
508 2096 541 2139 ιο
565 2082 689 2152 metallo,
712 2084 791 2156 quod
844 2081 987 2153 exagitari
1011 2081 1161 2153 ooeperint,
1186 2084 1264 2154 qnod
1287 2098 1408 2157 corpora
1430 2086 1538 2158 colant,
1566 2087 1694 2149 maxime

79 2183 107 2226 ιι
130 2183 228 2239 verus,
253 2169 323 2227 velit
345 2170 440 2227 iacere
463 2170 569 2228 laisum
597 2167 707 2242 Deum,
733 2173 791 2231 imo
845 2176 963 2238 terram,
984 2177 1119 2241 otmaro,
1142 2178 1169 2228 et
1191 2185 1297 2243 aerem,
1322 2181 1350 2231 et
1372 2175 1481 2249 ignem,
1498 2192 1627 2250 qnorum
1643 2194 1695 2238 no·

79 2259 230 2327 bominem,
252 2273 340 2330 quem
365 2273 419 2330 pro
447 2272 516 2316 vero
546 2261 693 2318 venereris
717 2263 788 2329 lleo;
845 2259 890 2316 bis
909 2272 980 2316 nsus
998 2257 1038 2329 ,iu
1061 2264 1197 2329 promptu
1218 2268 1270 2329 ιιι,
1294 2260 1608 2336 audentrespondere,
1635 2280 1695 2325 nou

79 2347 179 2418 ⁸isquis
198 2361 249 2419 pro
264 2360 334 2405 vero
353 2348 470 2405 bomine
494 2348 524 2404 in
538 2349 699 2406 amicitiam
718 2349 790 2407 reci·
844 2361 875 2404 se
908 2347 972 2419 ipsa
1008 2359 1130 2417 corpora
1157 2348 1261 2418 colere,
1297 2350 1347 2406 sed
1377 2365 1443 2424 qum
1474 2353 1531 2410 illis
1561 2355 1695 2427 regendis

79 2437 207 2493 tsauiret.
230 2437 314 2494 Ducit
334 2437 424 2503 euim,
448 2436 694 2509 allectuqnodam
710 2439 791 2496 inirr-
845 2437 998 2506 praesident
1028 2432 1187 2508 [numinai.
1218 2437 1387 2496 servierunt
1422 2448 1567 2498 ereatura
1598 2442 1694 2513 potius

79 2524 275 2596 rapitinfirma
289 2526 376 2582 corda
400 2527 564 2584 mortalium
588 2526 689 2586 iorma
710 2527 789 2584 simi·
844 2539 934 2597 quam
957 2524 1096 2583 Creatori.
1124 2523 1197 2581 llam
1222 2526 1413 2598 prioreparte
1438 2529 1527 2601 buius
1548 2530 1695 2588 sententiae

79 2621 84 2668 t
106 2608 302 2672 membrorum
326 2615 441 2672 imitata
463 2629 614 2688 compago.
637 2616 691 2674 Sed
713 2617 790 2674 sicut
843 2614 999 2671 simulacra
1022 2612 1196 2679 damnavit;
1220 2615 1375 2684 posteriore
1397 2624 1494 2673 autern
1519 2617 1694 2688 interpreta-

79 2702 217 2775 ‚singula
230 2703 367 2771 ostendis,
387 2705 430 2761 sic
443 2706 560 2762 ostende
573 2704 670 2762 oilicia
688 2706 788 2779 singn-
843 2704 918 2761 tione
943 2701 1176 2758 simulacrorum.
1204 2701 1321 2774 Effigies
1344 2704 1424 2761 enim
1449 2717 1466 2760 a
1492 2703 1574 2762 labro
1603 2707 1694 2764 iactas

79 2804 196 2863 puerum
221 2799 246 2848 te
266 2790 376 2863 eripies
396 2800 424 2849 et
444 2793 575 2849 bumana
596 2793 713 2851 vanitas
732 2802 789 2851 tra·
842 2789 1010 2862 appellando
1025 2787 1193 2846 uouiinibus
1206 2802 1309 2846 earum
1333 2803 1442 2858 rerum,
1467 2804 1542 2861 quas
1565 2792 1693 2851 labrice-

82 2880 154 2935 eaim
177 2880 287 2949 babent,
312 2885 338 2934 et
361 2896 417 2936 aon
442 2882 596 2952 loquentur,
622 2891 675 2940 etc.
699 2884 786 2954 (Psoi.
843 2881 884 2937 rit
898 2880 985 2949 Deus,
999 2884 1195 2935 transmutant
1209 2877 1362 2935 veritatem
1379 2879 1429 2935 liei
1445 2878 1475 2935 in
1491 2881 1689 2951 mendacium;

79 2987 92 3024 t.
115 2969 178 3026 tam
199 2983 268 3042 erpo
287 2969 392 3027 artilex
413 2970 515 3028 melior
537 2978 591 3040 est,
611 2973 662 3043 qui
678 2987 712 3028 oa
733 2987 787 3044 po·
844 2982 890 3025 res
913 2972 1011 3025 nutem
1039 2964 1116 3035 ipsas
1146 2978 1198 3036 pro
1225 2965 1280 3023 diis
1314 2966 1446 3024 babendo
1474 2976 1502 3026 ct
1528 2971 1692 3028 venerando

79 3058 210 3117 abrorum
226 3067 306 3117 motu
333 3067 420 3132 atque
439 3059 533 3119 cilicio
557 3061 708 3118 fabricare.
732 3062 788 3118 lle·
844 3057 974 3114 serviunt
987 3060 1138 3111 creatura.
1165 3052 1235 3118 Quis
1253 3062 1352 3113 autem
1367 3057 1470 3113 adorat
1492 3063 1543 3113 aut
1558 3065 1620 3116 orat
1644 3058 1693 3115 in-

81 3163 110 3216 u,
135 3149 269 3220 quamvis
291 3162 325 3205 ea
346 3163 403 3205 non
428 3149 536 3214 leceris,
563 3150 702 3221 quoniam
721 3163 788 3220 qum
844 3154 928 3203 tneus
939 3143 1141 3206 simulacrum,
1158 3144 1210 3214 qui
1225 3159 1284 3202 non
1298 3145 1340 3202 sic
1355 3145 1491 3215 aillcitnr,
1508 3155 1541 3204 ut
1556 3147 1593 3204 ab
1608 3149 1648 3220 leo
1660 3163 1691 3206 se

97 3245 217 3309 possunt
244 3236 325 3294 lacis.
357 3238 454 3296 ilelior
479 3245 507 3296 ct
536 3236 642 3309 bestia3
670 3238 707 3294 ad
733 3237 788 3295 boc
843 3234 938 3292 audiri
962 3240 1054 3305 putet,
1079 3234 1181 3302 abeo,
1208 3235 1287 3305 quod
1310 3233 1463 3305 desiderat,
1486 3235 1540 3293 sibi
1560 3237 1691 3307 prestari

79 3325 189 3382 dictum
211 3333 254 3384 ιιι
269 3343 276 3383 :
291 3327 349 3384 Non
365 3327 566 3382 clamabantur
581 3327 709 3395 saucibus
728 3329 786 3382 suis
842 3321 960 3395 speret?
981 3324 1077 3379 Item:
1109 3325 1167 3381 Hoc
1190 3325 1269 3380 euim
1295 3322 1509 3394 quodammodo
1536 3328 1691 3397 extorquet

79 3428 126 3480 nu,
154 3415 207 3485 lb).
222 3416 311 3470 Item:
327 3414 465 3482 Quaedam
485 3414 582 3471 bestia
602 3413 676 3471 sicut
698 3414 789 3471 simia
843 3413 892 3469 illa
907 3411 1002 3484 ligura
1024 3413 1232 3480 membrorum,
1248 3419 1281 3468 ut
1295 3411 1413 3469 animns
1433 3413 1535 3471 virens
1549 3414 1580 3470 ιι
1601 3416 1690 3472 ιιιιι-

97 3506 282 3560 ιοιιιιιιιιι.
309 3504 403 3559 item:
429 3503 576 3560 bectonem
604 3502 647 3559 vel
677 3501 788 3560 audito·
842 3497 898 3557 bus
911 3499 1041 3569 corporis
1062 3501 1156 3572 magis
1170 3500 1330 3557 arbitretur
1352 3501 1460 3559 sentire
1480 3516 1596 3574 corpus,
1612 3503 1691 3576 qnod

79 3598 86 3649 t
107 3591 260 3661 intentum,
277 3599 310 3648 ut
331 3591 481 3648 admoneri
502 3604 531 3648 se
546 3589 675 3647 inveniat
696 3590 786 3648 simu·
842 3601 895 3645 suo
918 3587 1031 3658 corpori
1052 3589 1233 3645 simillimum
1256 3588 1343 3645 ridet.
1360 3590 1457 3646 Item:
1482 3589 1535 3648 Sed
1560 3606 1614 3650 uos
1632 3592 1691 3664 ple

80 3682 174 3737 ntium
198 3695 257 3737 non
281 3688 394 3737 tautum
417 3679 547 3737 homines
565 3679 614 3736 sed
633 3679 719 3736 etiam
735 3679 787 3736 be·
842 3690 934 3747 raquo
948 3676 1141 3734 instrumenta
1155 3684 1182 3735 ιι
1201 3690 1271 3734 vasa
1294 3675 1349 3749 [ιιι]
1376 3679 1547 3750 hujusmodi
1568 3681 1691 3739 materia

84 3769 187 3828 debere
211 3783 391 3841 prmponere;
425 3777 459 3826 ut
494 3768 516 3826 si
554 3768 642 3839 pudet
665 3767 787 3825 adorare
842 3764 985 3823 babemus
1007 3767 1036 3823 in
1059 3780 1145 3823 usum
1166 3767 1405 3825 celebrandorum
1429 3779 1690 3828 sacramentorum.

83 3872 172 3931 quam
187 3858 252 3916 lecit
268 3859 345 3915 Deus
360 3856 514 3925 videntem,
531 3855 707 3924 audientem,
721 3863 784 3921 etc,
841 3856 877 3912 Et
891 3863 960 3912 sunt
974 3855 1101 3926 proiecto
1115 3854 1202 3912 ctiam
1218 3855 1272 3912 ista
1286 3854 1506 3930 [iustrumenta]
1523 3859 1595 3929 quid
1609 3857 1690 3916 aliud

79 3962 194 4020 ,qnam
218 3947 389 4019 pudendum
413 3953 487 4003 esset
513 3945 635 4002 adorare
659 3951 784 4016 mutnnr,
841 3957 1026 4016 quamopera
1041 3956 1183 4002 manuum
1194 3943 1369 4002 bominum?
1384 3944 1593 4004 Verumtamen
1610 3961 1691 4004 nun·

79 4054 81 4090 t
102 4037 163 4096 rita
181 4050 327 4108 sensuque
343 4035 542 4093 simulacrum.
558 4035 632 4090 Item
648 4034 786 4099 :Quanto
841 4034 961 4106 quidus
979 4032 1088 4091 babent
1101 4040 1129 4091 ot
1150 4047 1209 4090 nou
1231 4032 1410 4105 loquentur?
1432 4034 1568 4106 uunquid
1592 4036 1692 4094 oculos

79 4125 124 4184 ius
143 4140 240 4184 mures
259 4133 346 4198 atque
360 4132 516 4196 serpentes,
540 4130 628 4195 atque
648 4123 677 4179 id
692 4138 786 4196 genus
842 4124 949 4181 babent
963 4131 991 4180 et
1006 4137 1064 4180 uon
1087 4120 1251 4181 videbunt?
1263 4121 1406 4194 Nunquid
1424 4123 1466 4180 eis
1480 4124 1689 4196 supplicamus,

82 4229 132 4274 um
146 4223 248 4272 caetera
263 4215 299 4271 dc
321 4213 494 4282 simulacris,
519 4213 543 4269 si
558 4213 599 4269 ita
617 4212 783 4282 dicendum,
799 4197 824 4253 D
840 4213 912 4286 qnia
934 4226 985 4284 per
1005 4226 1040 4269 ea
1058 4211 1258 4282 supplicamus
1278 4210 1357 4269 lieo?
1382 4212 1434 4269 llla
1456 4214 1583 4272 maxime
1601 4229 1691 4273 causa

79 4301 152 4359 nodo
167 4301 311 4374 iudicant,
328 4302 358 4358 in
373 4301 481 4373 quibus
495 4301 566 4373 quia
581 4314 639 4357 uon
655 4299 786 4357 sentiunt
841 4309 883 4359 cst
906 4299 1020 4373 pictatis
1043 4299 1161 4370 insanae,
1186 4300 1263 4372 quod
1292 4299 1358 4370 plus
1380 4299 1458 4357 valet
1481 4301 1511 4358 iu
1539 4302 1690 4363 allectibus

79 4391 211 4460 nvitam,
239 4406 298 4448 nou
320 4399 425 4448 curant
453 4390 612 4446 humanam
636 4387 786 4462 liguram?
841 4390 1012 4448 miserorum
1035 4390 1146 4448 viventi
1169 4388 1273 4446 similis
1303 4390 1496 4463 formarum
1525 4392 1579 4449 sibi
1602 4391 1690 4452 elilclt

79 4481 158 4538 ocis
178 4481 351 4552 plerumque
370 4479 533 4548 nidiiioant,
557 4486 585 4536 et
607 4479 663 4536 nisi
683 4479 785 4536 buma·
841 4479 1012 4553 supplicari,
1037 4494 1126 4552 quam
1153 4479 1232 4550 quod
1263 4492 1328 4536 eam
1352 4477 1541 4538 manifestum
1566 4489 1689 4541 estnon

79 4584 124 4628 rus
138 4571 336 4629 deterreantur
356 4569 437 4626 nulla
460 4568 516 4625 sibi
532 4568 699 4626 habitacula
720 4582 788 4625 mn·
840 4583 900 4627 esse
915 4569 1069 4636 virentem,
1090 4576 1123 4626 ιι
1146 4568 1248 4626 ιιιιιι
1272 4568 1421 4626 avivente
1443 4571 1600 4628 contemni.
1622 4570 1689 4631 Plus

79 4659 249 4732 anquirunt.
269 4660 362 4717 lloret
375 4672 444 4731 orgo
464 4672 493 4715 ss
508 4658 603 4726 bomo,
628 4665 660 4713 ut
682 4656 783 4714 viran-
841 4658 918 4715 enim
933 4657 1030 4716 valent
1048 4657 1205 4715 simulacra
1221 4657 1257 4714 ad
1272 4657 1454 4714 curvandam
1470 4656 1610 4716 inlelirem
1625 4656 1687 4716 aui·

83 4762 130 4808 am
153 4763 170 4806 a
194 4750 252 4806 ileo
275 4763 328 4807 suo
355 4748 507 4817 deterreat,
527 4753 555 4803 ιι
579 4746 663 4803 illum
682 4758 741 4802 non
756 4759 786 4802 so
841 4761 929 4816 mam,
944 4746 1021 4819 qnod
1044 4746 1144 4804 oculos
1165 4746 1284 4815 babent,
1309 4759 1405 4814 aures,
1421 4760 1517 4817 nares,
1544 4756 1689 4806 mannset

79 4851 100 4894 n
120 4837 205 4910 quasi
228 4845 370 4910 potentem
398 4837 464 4905 coli,
499 4850 518 4892 a
548 4849 607 4906 quo
638 4832 785 4891 meliorem
841 4838 936 4909 podes,
954 4848 1043 4907 quam
1064 4835 1101 4892 ad
1124 4835 1326 4906 corrigendam
1341 4834 1419 4907 quod
1439 4849 1498 4893 uon
1519 4835 1687 4908 loquentur,

79 4969 86 4983 .
110 4927 255 4985 Deterruit
274 4926 353 4984 enim
371 4925 516 4984 ridentem
531 4937 641 4987 aeaco,
662 4922 787 4980 audieu-
841 4938 899 4982 ιιι
922 4923 1069 4992 videbunt,
1095 4930 1150 4980 etc.
1182 4923 1224 4978 lta
1247 4921 1389 4995 sequitur,
1413 4933 1446 4982 ιι
1468 4912 1541 4982 illud
1570 4939 1688 4998 quoqne

79 5016 152 5087 trdc,
175 5023 242 5085 etc,
268 5015 414 5075 viventem
441 5021 606 5082 emortuo,
633 5011 692 5068 imo
708 5010 786 5069 delc-
841 5011 917 5070 flat:
941 5013 1048 5070 Similes
1069 5012 1127 5067 illis
1158 5014 1227 5082 pont
1256 5027 1347 5067 omnes
1371 5014 1421 5082 pai
1450 5013 1558 5081 sociant
1584 5028 1627 5082 ec,
1662 5019 1688 5069 ιι

80 5120 128 5164 am
151 5109 273 5164 mortuo.
296 5104 442 5164 blortunm
466 5103 575 5176 quippe
599 5100 785 5160 maniiestum
841 5113 930 5154 omnes
951 5099 1001 5167 poi
1022 5095 1162 5167 confidunt
1179 5097 1210 5151 ia
1232 5096 1476 5167 detracturus,
1499 5098 1539 5170 8).
1563 5098 1688 5159 Videant

79 5196 158 5254 ,ando
180 5195 296 5254 uixisse.
325 5193 507 5268 Quapropter
531 5193 630 5263 deum,
655 5191 707 5263 qni
732 5203 786 5248 nec
840 5201 910 5261 orgo
940 5186 987 5243 isti
1007 5187 1114 5257 apertis
1133 5193 1161 5243 et
1180 5184 1370 5244 sentientibus
1390 5186 1493 5258 oculis,
1516 5195 1545 5246 ct
1567 5188 1688 5247 adorent

79 5300 111 5344 ec
142 5285 228 5355 vixit,
267 5285 392 5358 prolecto
418 5290 445 5341 ct
478 5289 612 5344 mortuus
631 5280 783 5342 antecedit.
840 5275 947 5335 clausis
969 5281 998 5334 et
1014 5273 1137 5334 mortuis
1160 5272 1307 5333 mentibus
1321 5273 1385 5347 [nec
1405 5274 1545 5350 ridentia]
1571 5292 1624 5337 nec
1646 5277 1688 5340 ti·

90 5464 183 5528 ιιιιι.
202 5468 327 5541 :inimo
