<?xml version="1.0" encoding="UTF-8"?>
<!DOCTYPE html PUBLIC "-//W3C//DTD XHTML 1.0 Transitional//EN"
    "http://www.w3.org/TR/xhtml1/DTD/xhtml1-transitional.dtd">
<html xmlns="http://www.w3.org/1999/xhtml" xml:lang="en" lang="en">
 <head>
  <title>
</title>
<meta http-equiv="Content-Type" content="text/html;charset=utf-8" />
  <meta name='ocr-system' content='tesseract 3.04.00' />
  <meta name='ocr-capabilities' content='ocr_page ocr_carea ocr_par ocr_line ocrx_word'/>
</head>
<body>
  <div class='ocr_page' id='page_1' title='image "./patrologiaecurs53unkngoog_0449.png"; bbox 0 0 3804 5962; ppageno 0'>
   <div class='ocr_carea' id='block_1_1' title="bbox 71 160 1820 263">
    <p class='ocr_par' dir='ltr' id='par_1_1' title="bbox 71 160 1820 263">
     <span class='ocr_line' id='line_1_1' title="bbox 71 160 1820 263; baseline -0.006 0"><span class='ocrx_word' id='word_1_1' title='bbox 71 206 125 263; x_wconf 87' lang='lat' dir='ltr'><strong>ser</strong></span> <span class='ocrx_word' id='word_1_2' title='bbox 339 196 744 255; x_wconf 77' lang='lat' dir='ltr'><strong>ramispalmarum.</strong></span> <span class='ocrx_word' id='word_1_3' title='bbox 765 160 1555 255; x_wconf 78' lang='lat' dir='ltr'><strong>ems111.-runouocrcanrrnrnosornna.</strong></span> <span class='ocrx_word' id='word_1_4' title='bbox 1768 197 1820 253; x_wconf 83' lang='lat' dir='ltr'><strong>soe</strong></span> 
     </span>
    </p>
   </div>
   <div class='ocr_carea' id='block_1_2' title="bbox 40 318 1838 5382">
    <p class='ocr_par' dir='ltr' id='par_1_2' title="bbox 40 318 1838 5382">
     <span class='ocr_line' id='line_1_2' title="bbox 69 318 1824 400; baseline -0.004 -13"><span class='ocrx_word' id='word_1_5' title='bbox 69 325 204 400; x_wconf 84' lang='lat' dir='ltr'><strong>requiras</strong></span> <span class='ocrx_word' id='word_1_6' title='bbox 222 322 290 397; x_wconf 81' lang='lat' dir='ltr'><strong>quis</strong></span> <span class='ocrx_word' id='word_1_7' title='bbox 307 321 344 384; x_wconf 89' lang='lat' dir='ltr'><strong>sit</strong></span> <span class='ocrx_word' id='word_1_8' title='bbox 371 321 523 397; x_wconf 89' lang='lat' dir='ltr'><strong>pmximus</strong></span> <span class='ocrx_word' id='word_1_9' title='bbox 537 330 642 393; x_wconf 88' lang='lat' dir='ltr'><strong>nostor,</strong></span> <span class='ocrx_word' id='word_1_10' title='bbox 657 322 756 381; x_wconf 90' lang='lat' dir='ltr'><strong>dicens</strong></span> <span class='ocrx_word' id='word_1_11' title='bbox 769 322 799 380; x_wconf 92' lang='lat' dir='ltr'><strong>in</strong></span> <span class='ocrx_word' id='word_1_12' title='bbox 823 323 921 380; x_wconf 79' lang='lat' dir='ltr'><strong>bran·</strong></span> <span class='ocrx_word' id='word_1_13' title='bbox 935 321 960 378; x_wconf 76' lang='grc' dir='ltr'><strong>ι</strong></span> <span class='ocrx_word' id='word_1_14' title='bbox 975 321 1122 380; x_wconf 87' lang='lat' dir='ltr'><strong>contraria</strong></span> <span class='ocrx_word' id='word_1_15' title='bbox 1134 328 1186 393; x_wconf 92' lang='lat' dir='ltr'><strong>est,</strong></span> <span class='ocrx_word' id='word_1_16' title='bbox 1201 321 1297 393; x_wconf 90' lang='lat' dir='ltr'><strong>ipsum</strong></span> <span class='ocrx_word' id='word_1_17' title='bbox 1321 322 1437 393; x_wconf 91' lang='lat' dir='ltr'><strong>penitus</strong></span> <span class='ocrx_word' id='word_1_18' title='bbox 1461 319 1587 379; x_wconf 91' lang='lat' dir='ltr'><strong>docendo</strong></span> <span class='ocrx_word' id='word_1_19' title='bbox 1601 327 1630 378; x_wconf 91' lang='grc' dir='ltr'><strong>ει</strong></span> <span class='ocrx_word' id='word_1_20' title='bbox 1643 318 1824 392; x_wconf 86' lang='lat' dir='ltr'><strong>probibendo</strong></span> 
     </span>
     <span class='ocr_line' id='line_1_3' title="bbox 70 411 1823 492; baseline -0.003 -20"><span class='ocrx_word' id='word_1_21' title='bbox 70 414 146 489; x_wconf 80' lang='lat' dir='ltr'><strong>gotio</strong></span> <span class='ocrx_word' id='word_1_22' title='bbox 163 412 247 471; x_wconf 86' lang='lat' dir='ltr'><strong>illurn</strong></span> <span class='ocrx_word' id='word_1_23' title='bbox 261 425 323 470; x_wconf 89' lang='lat' dir='ltr'><strong>osso</strong></span> <span class='ocrx_word' id='word_1_24' title='bbox 337 412 387 484; x_wconf 86' lang='lat' dir='ltr'><strong>qui</strong></span> <span class='ocrx_word' id='word_1_25' title='bbox 405 411 534 483; x_wconf 80' lang='lat' dir='ltr'><strong>jacentes</strong></span> <span class='ocrx_word' id='word_1_26' title='bbox 550 426 602 469; x_wconf 90' lang='lat' dir='ltr'><strong>nos</strong></span> <span class='ocrx_word' id='word_1_27' title='bbox 627 411 780 469; x_wconf 88' lang='lat' dir='ltr'><strong>inclinatos</strong></span> <span class='ocrx_word' id='word_1_28' title='bbox 802 411 839 469; x_wconf 89' lang='lat' dir='ltr'><strong>ad</strong></span> <span class='ocrx_word' id='word_1_29' title='bbox 858 419 919 492; x_wconf 81' lang='lat' dir='ltr'><strong>sta-</strong></span> <span class='ocrx_word' id='word_1_30' title='bbox 974 419 1007 471; x_wconf 93' lang='lat' dir='ltr'><strong>ut</strong></span> <span class='ocrx_word' id='word_1_31' title='bbox 1020 419 1167 481; x_wconf 87' lang='lat' dir='ltr'><strong>careatur,</strong></span> <span class='ocrx_word' id='word_1_32' title='bbox 1181 411 1606 480; x_wconf 89' lang='lat' dir='ltr'><strong>itautnnnsolummodolacta‚</strong></span> <span class='ocrx_word' id='word_1_33' title='bbox 1622 411 1823 469; x_wconf 88' lang='lat' dir='ltr'><strong>verumetiam</strong></span> 
     </span>
     <span class='ocr_line' id='line_1_4' title="bbox 71 499 1824 574; baseline -0.004 -10"><span class='ocrx_word' id='word_1_34' title='bbox 71 504 176 564; x_wconf 92' lang='lat' dir='ltr'><strong>bulum</strong></span> <span class='ocrx_word' id='word_1_35' title='bbox 207 499 340 560; x_wconf 83' lang='lat' dir='ltr'><strong>licclesiae</strong></span> <span class='ocrx_word' id='word_1_36' title='bbox 365 500 477 569; x_wconf 91' lang='lat' dir='ltr'><strong>detulit,</strong></span> <span class='ocrx_word' id='word_1_37' title='bbox 508 508 536 558; x_wconf 92' lang='lat' dir='ltr'><strong>et</strong></span> <span class='ocrx_word' id='word_1_38' title='bbox 564 500 723 559; x_wconf 89' lang='lat' dir='ltr'><strong>stabulario</strong></span> <span class='ocrx_word' id='word_1_39' title='bbox 748 501 849 570; x_wconf 86' lang='lat' dir='ltr'><strong>Paulo,</strong></span> <span class='ocrx_word' id='word_1_40' title='bbox 875 500 920 558; x_wconf 92' lang='lat' dir='ltr'><strong>vel</strong></span> <span class='ocrx_word' id='word_1_41' title='bbox 976 501 1225 574; x_wconf 77' lang='lat' dir='ltr'><strong>concupiscentias</strong></span> <span class='ocrx_word' id='word_1_42' title='bbox 1248 501 1388 568; x_wconf 88' lang='lat' dir='ltr'><strong>inhibeat,</strong></span> <span class='ocrx_word' id='word_1_43' title='bbox 1409 501 1484 557; x_wconf 91' lang='lat' dir='ltr'><strong>sicut</strong></span> <span class='ocrx_word' id='word_1_44' title='bbox 1508 508 1536 558; x_wconf 89' lang='lat' dir='ltr'><strong>ot</strong></span> <span class='ocrx_word' id='word_1_45' title='bbox 1551 499 1754 572; x_wconf 76' lang='lat' dir='ltr'><strong>Evangelium</strong></span> <span class='ocrx_word' id='word_1_46' title='bbox 1774 499 1824 557; x_wconf 88' lang='lat' dir='ltr'><strong>sed</strong></span> 
     </span>
     <span class='ocr_line' id='line_1_5' title="bbox 40 587 1823 667; baseline -0.003 -16"><span class='ocrx_word' id='word_1_47' title='bbox 40 593 42 597; x_wconf 69' lang='lat'>&#39;</span> <span class='ocrx_word' id='word_1_48' title='bbox 70 595 97 652; x_wconf 92' lang='lat' dir='ltr'><strong>oi</strong></span> <span class='ocrx_word' id='word_1_49' title='bbox 116 592 168 667; x_wconf 88' lang='lat' dir='ltr'><strong>qui</strong></span> <span class='ocrx_word' id='word_1_50' title='bbox 197 589 329 648; x_wconf 78' lang='lat' dir='ltr'><strong>Ecclesiae</strong></span> <span class='ocrx_word' id='word_1_51' title='bbox 353 596 455 659; x_wconf 84' lang='lat' dir='ltr'><strong>praest</strong></span> <span class='ocrx_word' id='word_1_52' title='bbox 484 589 557 646; x_wconf 87' lang='lat' dir='ltr'><strong>duos</strong></span> <span class='ocrx_word' id='word_1_53' title='bbox 593 587 726 646; x_wconf 85' lang='lat' dir='ltr'><strong>denarias</strong></span> <span class='ocrx_word' id='word_1_54' title='bbox 753 589 865 648; x_wconf 87' lang='lat' dir='ltr'><strong>Veteris</strong></span> <span class='ocrx_word' id='word_1_55' title='bbox 886 601 921 645; x_wconf 90' lang='lat' dir='ltr'><strong>ac</strong></span> <span class='ocrx_word' id='word_1_56' title='bbox 974 590 1060 663; x_wconf 88' lang='lat' dir='ltr'><strong>longo</strong></span> <span class='ocrx_word' id='word_1_57' title='bbox 1076 591 1184 659; x_wconf 90' lang='lat' dir='ltr'><strong>minus,</strong></span> <span class='ocrx_word' id='word_1_58' title='bbox 1200 591 1346 662; x_wconf 85' lang='lat' dir='ltr'><strong>cumipse</strong></span> <span class='ocrx_word' id='word_1_59' title='bbox 1372 590 1504 647; x_wconf 88' lang='lat' dir='ltr'><strong>videlicet</strong></span> <span class='ocrx_word' id='word_1_60' title='bbox 1523 590 1603 647; x_wconf 89' lang='lat' dir='ltr'><strong>adea</strong></span> <span class='ocrx_word' id='word_1_61' title='bbox 1618 597 1732 647; x_wconf 89' lang='lat' dir='ltr'><strong>tantum</strong></span> <span class='ocrx_word' id='word_1_62' title='bbox 1756 603 1823 660; x_wconf 79' lang='lat' dir='ltr'><strong>quae</strong></span> 
     </span>
     <span class='ocr_line' id='line_1_6' title="bbox 70 676 1824 754; baseline -0.005 -13"><span class='ocrx_word' id='word_1_63' title='bbox 70 682 144 742; x_wconf 86' lang='lat' dir='ltr'><strong>Novi</strong></span> <span class='ocrx_word' id='word_1_64' title='bbox 158 678 332 737; x_wconf 71' lang='lat' dir='ltr'>Testamenti</span> <span class='ocrx_word' id='word_1_65' title='bbox 354 677 390 734; x_wconf 89' lang='lat' dir='ltr'><strong>ad</strong></span> <span class='ocrx_word' id='word_1_66' title='bbox 406 683 511 734; x_wconf 80' lang='lat' dir='ltr'><strong>nostrae</strong></span> <span class='ocrx_word' id='word_1_67' title='bbox 537 691 616 733; x_wconf 84' lang='lat' dir='ltr'><strong>curae</strong></span> <span class='ocrx_word' id='word_1_68' title='bbox 639 676 778 735; x_wconf 75' lang='lat' dir='ltr'><strong>concessit</strong></span> <span class='ocrx_word' id='word_1_69' title='bbox 808 691 920 748; x_wconf 82' lang='lat' dir='ltr'><strong>expen-</strong></span> <span class='ocrx_word' id='word_1_70' title='bbox 976 681 1100 754; x_wconf 79' lang='lat' dir='ltr'><strong>proximi</strong></span> <span class='ocrx_word' id='word_1_71' title='bbox 1124 687 1202 750; x_wconf 92' lang='lat' dir='ltr'><strong>sunt‚</strong></span> <span class='ocrx_word' id='word_1_72' title='bbox 1216 694 1265 736; x_wconf 90' lang='lat' dir='ltr'><strong>eas</strong></span> <span class='ocrx_word' id='word_1_73' title='bbox 1279 679 1445 751; x_wconf 79' lang='lat' dir='ltr'><strong>restringat,</strong></span> <span class='ocrx_word' id='word_1_74' title='bbox 1462 680 1560 736; x_wconf 90' lang='lat' dir='ltr'><strong>dicens</strong></span> <span class='ocrx_word' id='word_1_75' title='bbox 1585 696 1591 734; x_wconf 92' lang='lat'><strong>:</strong></span> <span class='ocrx_word' id='word_1_76' title='bbox 1620 681 1679 736; x_wconf 83' lang='lat' dir='ltr'><strong>Non</strong></span> <span class='ocrx_word' id='word_1_77' title='bbox 1697 680 1824 748; x_wconf 77' lang='lat' dir='ltr'><strong>concupi</strong></span> 
     </span>
     <span class='ocr_line' id='line_1_7' title="bbox 73 765 1821 841; baseline -0.003 -11"><span class='ocrx_word' id='word_1_78' title='bbox 73 786 129 830; x_wconf 85' lang='lat' dir='ltr'><strong>sas.</strong></span> <span class='ocrx_word' id='word_1_79' title='bbox 146 770 231 827; x_wconf 87' lang='lat' dir='ltr'><strong>llunc</strong></span> <span class='ocrx_word' id='word_1_80' title='bbox 243 766 407 839; x_wconf 80' lang='lat' dir='ltr'><strong>proximum</strong></span> <span class='ocrx_word' id='word_1_81' title='bbox 425 766 447 823; x_wconf 92' lang='lat' dir='ltr'><strong>si</strong></span> <span class='ocrx_word' id='word_1_82' title='bbox 462 765 628 838; x_wconf 89' lang='lat' dir='ltr'><strong>diligamus,</strong></span> <span class='ocrx_word' id='word_1_83' title='bbox 645 766 739 839; x_wconf 90' lang='lat' dir='ltr'><strong>legem</strong></span> <span class='ocrx_word' id='word_1_84' title='bbox 755 765 918 838; x_wconf 86' lang='lat' dir='ltr'><strong>implemus.</strong></span> <span class='ocrx_word' id='word_1_85' title='bbox 975 786 1030 827; x_wconf 85' lang='lat' dir='ltr'><strong>sees</strong></span> <span class='ocrx_word' id='word_1_86' title='bbox 1045 787 1102 827; x_wconf 88' lang='lat' dir='ltr'><strong>rem</strong></span> <span class='ocrx_word' id='word_1_87' title='bbox 1112 771 1235 841; x_wconf 78' lang='lat' dir='ltr'><strong>prcaimi</strong></span> <span class='ocrx_word' id='word_1_88' title='bbox 1251 772 1304 839; x_wconf 86' lang='lat' dir='ltr'><strong>tui,</strong></span> <span class='ocrx_word' id='word_1_89' title='bbox 1320 785 1368 825; x_wconf 86' lang='lat' dir='ltr'><strong>aec</strong></span> <span class='ocrx_word' id='word_1_90' title='bbox 1394 769 1561 825; x_wconf 79' lang='lat' dir='ltr'><strong>desiderabis</strong></span> <span class='ocrx_word' id='word_1_91' title='bbox 1577 783 1638 840; x_wconf 80' lang='lat' dir='ltr'><strong>aaa</strong></span> <span class='ocrx_word' id='word_1_92' title='bbox 1663 769 1741 824; x_wconf 83' lang='lat' dir='ltr'><strong>iliius</strong></span> <span class='ocrx_word' id='word_1_93' title='bbox 1756 772 1821 824; x_wconf 84' lang='lat' dir='ltr'><strong>sunt</strong></span> 
     </span>
     <span class='ocr_line' id='line_1_8' title="bbox 71 855 1824 932; baseline -0.003 -15"><span class='ocrx_word' id='word_1_94' title='bbox 71 864 147 918; x_wconf 76' lang='lat' dir='ltr'><strong>riuis</strong></span> <span class='ocrx_word' id='word_1_95' title='bbox 163 860 236 915; x_wconf 84' lang='lat' dir='ltr'><strong>enim</strong></span> <span class='ocrx_word' id='word_1_96' title='bbox 251 858 318 926; x_wconf 77' lang='lat' dir='ltr'><strong>lepis</strong></span> <span class='ocrx_word' id='word_1_97' title='bbox 334 856 457 914; x_wconf 75' lang='lat' dir='ltr'><strong>carneas</strong></span> <span class='ocrx_word' id='word_1_98' title='bbox 485 855 572 927; x_wconf 78' lang='lat' dir='ltr'><strong>(Ram.</strong></span> <span class='ocrx_word' id='word_1_99' title='bbox 596 870 627 923; x_wconf 82' lang='lat' dir='ltr'><strong>x,</strong></span> <span class='ocrx_word' id='word_1_100' title='bbox 661 855 700 928; x_wconf 78' lang='grc' dir='ltr'><strong>ι).</strong></span> <span class='ocrx_word' id='word_1_101' title='bbox 722 857 796 913; x_wconf 87' lang='lat' dir='ltr'><strong>Cum</strong></span> <span class='ocrx_word' id='word_1_102' title='bbox 822 856 920 927; x_wconf 86' lang='lat' dir='ltr'><strong>itaque</strong></span> <span class='ocrx_word' id='word_1_103' title='bbox 976 858 1077 932; x_wconf 81' lang='lat' dir='ltr'><strong>(baad.</strong></span> <span class='ocrx_word' id='word_1_104' title='bbox 1096 874 1141 927; x_wconf 83' lang='lat' dir='ltr'><strong>xx,</strong></span> <span class='ocrx_word' id='word_1_105' title='bbox 1159 862 1214 925; x_wconf 79' lang='lat' dir='ltr'><strong>li).</strong></span> <span class='ocrx_word' id='word_1_106' title='bbox 1237 859 1331 924; x_wconf 90' lang='lat' dir='ltr'><strong>Quare</strong></span> <span class='ocrx_word' id='word_1_107' title='bbox 1344 863 1441 914; x_wconf 91' lang='lat' dir='ltr'><strong>autem</strong></span> <span class='ocrx_word' id='word_1_108' title='bbox 1457 864 1824 928; x_wconf 87' lang='lat' dir='ltr'><strong>necesseessotpeccatum</strong></span> 
     </span>
     <span class='ocr_line' id='line_1_9' title="bbox 73 944 1824 1023; baseline -0.002 -17"><span class='ocrx_word' id='word_1_109' title='bbox 73 947 199 1023; x_wconf 80' lang='lat' dir='ltr'><strong>proximi</strong></span> <span class='ocrx_word' id='word_1_110' title='bbox 218 959 324 1005; x_wconf 91' lang='lat' dir='ltr'><strong>nomon</strong></span> <span class='ocrx_word' id='word_1_111' title='bbox 352 945 439 1003; x_wconf 90' lang='lat' dir='ltr'><strong>etiarn</strong></span> <span class='ocrx_word' id='word_1_112' title='bbox 470 945 573 1014; x_wconf 85' lang='lat' dir='ltr'><strong>Deum,</strong></span> <span class='ocrx_word' id='word_1_113' title='bbox 606 952 634 1003; x_wconf 94' lang='lat' dir='ltr'><strong>ot</strong></span> <span class='ocrx_word' id='word_1_114' title='bbox 662 946 791 1003; x_wconf 80' lang='lat' dir='ltr'><strong>maximo</strong></span> <span class='ocrx_word' id='word_1_115' title='bbox 826 946 921 1017; x_wconf 91' lang='lat' dir='ltr'><strong>ipsum</strong></span> <span class='ocrx_word' id='word_1_116' title='bbox 975 947 1174 1020; x_wconf 88' lang='lat' dir='ltr'><strong>docorialogc</strong></span> <span class='ocrx_word' id='word_1_117' title='bbox 1192 947 1392 1019; x_wconf 80' lang='lat' dir='ltr'><strong>praetermittit,</strong></span> <span class='ocrx_word' id='word_1_118' title='bbox 1418 947 1517 1004; x_wconf 91' lang='lat' dir='ltr'><strong>dicens</strong></span> <span class='ocrx_word' id='word_1_119' title='bbox 1541 945 1612 1018; x_wconf 90' lang='lat' dir='ltr'><strong>quia</strong></span> <span class='ocrx_word' id='word_1_120' title='bbox 1628 953 1695 1003; x_wconf 91' lang='lat' dir='ltr'><strong>ante</strong></span> <span class='ocrx_word' id='word_1_121' title='bbox 1730 944 1824 1002; x_wconf 91' lang='lat' dir='ltr'><strong>docu-</strong></span> 
     </span>
     <span class='ocr_line' id='line_1_10' title="bbox 70 1032 1824 1110; baseline -0.003 -15"><span class='ocrx_word' id='word_1_122' title='bbox 70 1036 296 1110; x_wconf 90' lang='lat' dir='ltr'><strong>comprebendat</strong></span> <span class='ocrx_word' id='word_1_123' title='bbox 318 1035 424 1106; x_wconf 84' lang='lat' dir='ltr'><strong>(noque</strong></span> <span class='ocrx_word' id='word_1_124' title='bbox 459 1034 538 1091; x_wconf 89' lang='lat' dir='ltr'><strong>onim</strong></span> <span class='ocrx_word' id='word_1_125' title='bbox 561 1032 645 1091; x_wconf 78' lang='lat' dir='ltr'><strong>alitor</strong></span> <span class='ocrx_word' id='word_1_126' title='bbox 660 1033 772 1091; x_wconf 91' lang='lat' dir='ltr'><strong>dilectio</strong></span> <span class='ocrx_word' id='word_1_127' title='bbox 796 1033 922 1106; x_wconf 87' lang='lat' dir='ltr'><strong>proximi</strong></span> <span class='ocrx_word' id='word_1_128' title='bbox 975 1042 1105 1092; x_wconf 91' lang='lat' dir='ltr'><strong>mentum</strong></span> <span class='ocrx_word' id='word_1_129' title='bbox 1120 1034 1202 1106; x_wconf 88' lang='lat' dir='ltr'><strong>legis,</strong></span> <span class='ocrx_word' id='word_1_130' title='bbox 1224 1033 1255 1090; x_wconf 95' lang='lat' dir='ltr'><strong>in</strong></span> <span class='ocrx_word' id='word_1_131' title='bbox 1284 1033 1502 1104; x_wconf 81' lang='lat' dir='ltr'><strong>quapraectpue</strong></span> <span class='ocrx_word' id='word_1_132' title='bbox 1529 1032 1714 1103; x_wconf 81' lang='lat' dir='ltr'><strong>peccabatur,</strong></span> <span class='ocrx_word' id='word_1_133' title='bbox 1743 1032 1824 1104; x_wconf 90' lang='lat' dir='ltr'><strong>ignc-</strong></span> 
     </span>
     <span class='ocr_line' id='line_1_11' title="bbox 71 1121 1822 1197; baseline -0.005 -14"><span class='ocrx_word' id='word_1_134' title='bbox 71 1127 202 1197; x_wconf 92' lang='lat' dir='ltr'><strong>implerot</strong></span> <span class='ocrx_word' id='word_1_135' title='bbox 225 1124 328 1197; x_wconf 89' lang='lat' dir='ltr'><strong>legem)</strong></span> <span class='ocrx_word' id='word_1_136' title='bbox 348 1131 459 1181; x_wconf 91' lang='lat' dir='ltr'><strong>constat</strong></span> <span class='ocrx_word' id='word_1_137' title='bbox 474 1121 600 1195; x_wconf 86' lang='lat' dir='ltr'><strong>proiecto</strong></span> <span class='ocrx_word' id='word_1_138' title='bbox 612 1136 664 1194; x_wconf 86' lang='lat' dir='ltr'><strong>per</strong></span> <span class='ocrx_word' id='word_1_139' title='bbox 684 1123 776 1194; x_wconf 91' lang='lat' dir='ltr'><strong>ipsam</strong></span> <span class='ocrx_word' id='word_1_140' title='bbox 793 1138 919 1196; x_wconf 82' lang='lat' dir='ltr'><strong>qnoque,</strong></span> <span class='ocrx_word' id='word_1_141' title='bbox 976 1125 1108 1194; x_wconf 89' lang='lat' dir='ltr'><strong>robatur,</strong></span> <span class='ocrx_word' id='word_1_142' title='bbox 1139 1124 1167 1179; x_wconf 92' lang='lat' dir='ltr'><strong>in</strong></span> <span class='ocrx_word' id='word_1_143' title='bbox 1193 1123 1278 1180; x_wconf 88' lang='lat' dir='ltr'><strong>corde</strong></span> <span class='ocrx_word' id='word_1_144' title='bbox 1300 1122 1431 1179; x_wconf 91' lang='lat' dir='ltr'><strong>videlicet</strong></span> <span class='ocrx_word' id='word_1_145' title='bbox 1450 1121 1543 1193; x_wconf 88' lang='lat' dir='ltr'><strong>magis</strong></span> <span class='ocrx_word' id='word_1_146' title='bbox 1565 1134 1654 1193; x_wconf 86' lang='lat' dir='ltr'><strong>quarn</strong></span> <span class='ocrx_word' id='word_1_147' title='bbox 1678 1121 1822 1190; x_wconf 86' lang='lat' dir='ltr'><strong>inopere.</strong></span> 
     </span>
     <span class='ocr_line' id='line_1_12' title="bbox 71 1208 1825 1286; baseline -0.003 -14"><span class='ocrx_word' id='word_1_148' title='bbox 71 1215 148 1273; x_wconf 91' lang='lat' dir='ltr'><strong>sicut</strong></span> <span class='ocrx_word' id='word_1_149' title='bbox 161 1221 190 1271; x_wconf 91' lang='lat' dir='ltr'><strong>ot</strong></span> <span class='ocrx_word' id='word_1_150' title='bbox 211 1228 261 1286; x_wconf 90' lang='lat' dir='ltr'><strong>per</strong></span> <span class='ocrx_word' id='word_1_151' title='bbox 289 1212 470 1270; x_wconf 88' lang='lat' dir='ltr'><strong>dilectionem</strong></span> <span class='ocrx_word' id='word_1_152' title='bbox 486 1210 545 1281; x_wconf 85' lang='lat' dir='ltr'><strong>bei,</strong></span> <span class='ocrx_word' id='word_1_153' title='bbox 574 1212 667 1285; x_wconf 90' lang='lat' dir='ltr'><strong>legem</strong></span> <span class='ocrx_word' id='word_1_154' title='bbox 697 1212 821 1284; x_wconf 90' lang='lat' dir='ltr'><strong>impleri,</strong></span> <span class='ocrx_word' id='word_1_155' title='bbox 850 1213 922 1286; x_wconf 90' lang='lat' dir='ltr'><strong>quia</strong></span> <span class='ocrx_word' id='word_1_156' title='bbox 976 1214 1134 1270; x_wconf 84' lang='lat' dir='ltr'><strong>Etbocest</strong></span> <span class='ocrx_word' id='word_1_157' title='bbox 1149 1212 1226 1284; x_wconf 88' lang='lat' dir='ltr'><strong>quod</strong></span> <span class='ocrx_word' id='word_1_158' title='bbox 1241 1212 1276 1269; x_wconf 92' lang='lat' dir='ltr'><strong>de</strong></span> <span class='ocrx_word' id='word_1_159' title='bbox 1291 1211 1404 1268; x_wconf 89' lang='lat' dir='ltr'><strong>sedicit</strong></span> <span class='ocrx_word' id='word_1_160' title='bbox 1419 1211 1448 1267; x_wconf 93' lang='lat' dir='ltr'><strong>in</strong></span> <span class='ocrx_word' id='word_1_161' title='bbox 1472 1223 1594 1280; x_wconf 88' lang='lat' dir='ltr'><strong>persona</strong></span> <span class='ocrx_word' id='word_1_162' title='bbox 1618 1208 1745 1282; x_wconf 90' lang='lat' dir='ltr'><strong>generali</strong></span> <span class='ocrx_word' id='word_1_163' title='bbox 1769 1209 1825 1267; x_wconf 88' lang='lat' dir='ltr'><strong>bo·</strong></span> 
     </span>
     <span class='ocr_line' id='line_1_13' title="bbox 72 1299 1821 1377; baseline -0.003 -16"><span class='ocrx_word' id='word_1_164' title='bbox 72 1304 125 1377; x_wconf 88' lang='lat' dir='ltr'><strong>qui</strong></span> <span class='ocrx_word' id='word_1_165' title='bbox 153 1305 210 1361; x_wconf 87' lang='lat' dir='ltr'><strong>Deo</strong></span> <span class='ocrx_word' id='word_1_166' title='bbox 242 1316 310 1360; x_wconf 88' lang='lat' dir='ltr'><strong>vere</strong></span> <span class='ocrx_word' id='word_1_167' title='bbox 345 1316 397 1373; x_wconf 92' lang='lat' dir='ltr'><strong>per</strong></span> <span class='ocrx_word' id='word_1_168' title='bbox 430 1301 611 1360; x_wconf 89' lang='lat' dir='ltr'><strong>dilectionem</strong></span> <span class='ocrx_word' id='word_1_169' title='bbox 641 1303 775 1373; x_wconf 81' lang='lat' dir='ltr'><strong>ccbaerot,</strong></span> <span class='ocrx_word' id='word_1_170' title='bbox 804 1302 920 1360; x_wconf 94' lang='lat' dir='ltr'><strong>nullum</strong></span> <span class='ocrx_word' id='word_1_171' title='bbox 976 1303 1101 1370; x_wconf 89' lang='lat' dir='ltr'><strong>minum,</strong></span> <span class='ocrx_word' id='word_1_172' title='bbox 1123 1315 1247 1373; x_wconf 83' lang='lat' dir='ltr'><strong>quornm</strong></span> <span class='ocrx_word' id='word_1_173' title='bbox 1259 1301 1320 1371; x_wconf 86' lang='lat' dir='ltr'><strong>jam</strong></span> <span class='ocrx_word' id='word_1_174' title='bbox 1336 1314 1386 1372; x_wconf 93' lang='lat' dir='ltr'><strong>per</strong></span> <span class='ocrx_word' id='word_1_175' title='bbox 1414 1300 1670 1372; x_wconf 82' lang='lat' dir='ltr'><strong>transgressionem</strong></span> <span class='ocrx_word' id='word_1_176' title='bbox 1691 1299 1821 1370; x_wconf 90' lang='lat' dir='ltr'><strong>priorum</strong></span> 
     </span>
     <span class='ocr_line' id='line_1_14' title="bbox 71 1388 1825 1466; baseline -0.004 -15"><span class='ocrx_word' id='word_1_177' title='bbox 71 1395 328 1466; x_wconf 81' lang='lat' dir='ltr'><strong>ejuspraeceptum</strong></span> <span class='ocrx_word' id='word_1_178' title='bbox 350 1390 518 1461; x_wconf 91' lang='lat' dir='ltr'><strong>contemnit,</strong></span> <span class='ocrx_word' id='word_1_179' title='bbox 541 1391 615 1449; x_wconf 91' lang='lat' dir='ltr'><strong>sicut</strong></span> <span class='ocrx_word' id='word_1_180' title='bbox 632 1392 772 1463; x_wconf 88' lang='lat' dir='ltr'><strong>scriptum</strong></span> <span class='ocrx_word' id='word_1_181' title='bbox 796 1399 862 1449; x_wconf 88' lang='lat' dir='ltr'><strong>est:</strong></span> <span class='ocrx_word' id='word_1_182' title='bbox 892 1393 923 1450; x_wconf 87' lang='lat' dir='ltr'><strong>si</strong></span> <span class='ocrx_word' id='word_1_183' title='bbox 977 1394 1131 1463; x_wconf 89' lang='lat' dir='ltr'><strong>pareutum</strong></span> <span class='ocrx_word' id='word_1_184' title='bbox 1158 1389 1344 1447; x_wconf 91' lang='lat' dir='ltr'><strong>obtenebrata</strong></span> <span class='ocrx_word' id='word_1_185' title='bbox 1374 1396 1444 1445; x_wconf 92' lang='lat' dir='ltr'><strong>tunc</strong></span> <span class='ocrx_word' id='word_1_186' title='bbox 1469 1394 1542 1456; x_wconf 88' lang='lat' dir='ltr'><strong>erat,</strong></span> <span class='ocrx_word' id='word_1_187' title='bbox 1560 1395 1592 1445; x_wconf 92' lang='lat' dir='ltr'><strong>ut</strong></span> <span class='ocrx_word' id='word_1_188' title='bbox 1607 1388 1701 1458; x_wconf 90' lang='lat' dir='ltr'><strong>potius</strong></span> <span class='ocrx_word' id='word_1_189' title='bbox 1731 1391 1825 1458; x_wconf 71' lang='lat' dir='ltr'><strong>{opera</strong></span> 
     </span>
     <span class='ocr_line' id='line_1_15' title="bbox 71 1479 1825 1553; baseline -0.003 -17"><span class='ocrx_word' id='word_1_190' title='bbox 71 1484 133 1551; x_wconf 76' lang='lat' dir='ltr'><strong>qais</strong></span> <span class='ocrx_word' id='word_1_191' title='bbox 152 1481 245 1550; x_wconf 82' lang='lat' dir='ltr'><strong>diligit</strong></span> <span class='ocrx_word' id='word_1_192' title='bbox 260 1496 312 1547; x_wconf 89' lang='lat' dir='ltr'><strong>me,</strong></span> <span class='ocrx_word' id='word_1_193' title='bbox 337 1495 484 1535; x_wconf 73' lang='lat' dir='ltr'><strong>samonem</strong></span> <span class='ocrx_word' id='word_1_194' title='bbox 510 1495 599 1536; x_wconf 86' lang='lat' dir='ltr'><strong>meam</strong></span> <span class='ocrx_word' id='word_1_195' title='bbox 616 1480 837 1552; x_wconf 74' lang='lat' dir='ltr'><strong>semcbtrltaaa.</strong></span> <span class='ocrx_word' id='word_1_196' title='bbox 856 1497 919 1550; x_wconf 84' lang='lat' dir='ltr'><strong>xrv,</strong></span> <span class='ocrx_word' id='word_1_197' title='bbox 977 1495 1066 1553; x_wconf 86' lang='lat' dir='ltr'><strong>quam</strong></span> <span class='ocrx_word' id='word_1_198' title='bbox 1082 1479 1224 1536; x_wconf 87' lang='lat' dir='ltr'><strong>desideria</strong></span> <span class='ocrx_word' id='word_1_199' title='bbox 1253 1479 1421 1549; x_wconf 87' lang='lat' dir='ltr'><strong>culparent:</strong></span> <span class='ocrx_word' id='word_1_200' title='bbox 1444 1480 1587 1533; x_wconf 82' lang='lat' dir='ltr'><strong>Peccatum</strong></span> <span class='ocrx_word' id='word_1_201' title='bbox 1614 1493 1669 1533; x_wconf 85' lang='lat' dir='ltr'><strong>aaa</strong></span> <span class='ocrx_word' id='word_1_202' title='bbox 1703 1479 1825 1545; x_wconf 78' lang='lat' dir='ltr'><strong>mancei,</strong></span> 
     </span>
     <span class='ocr_line' id='line_1_16' title="bbox 72 1566 1824 1663; baseline -0.002 -37"><span class='ocrx_word' id='word_1_203' title='bbox 72 1572 129 1643; x_wconf 76' lang='lat'><strong>23).</strong></span> <span class='ocrx_word' id='word_1_204' title='bbox 149 1569 297 1638; x_wconf 83' lang='lat' dir='ltr'><strong>Quomodo</strong></span> <span class='ocrx_word' id='word_1_205' title='bbox 315 1568 402 1626; x_wconf 88' lang='lat' dir='ltr'><strong>etiam</strong></span> <span class='ocrx_word' id='word_1_206' title='bbox 416 1582 487 1625; x_wconf 91' lang='lat' dir='ltr'><strong>vera</strong></span> <span class='ocrx_word' id='word_1_207' title='bbox 502 1576 593 1640; x_wconf 89' lang='lat' dir='ltr'><strong>potest</strong></span> <span class='ocrx_word' id='word_1_208' title='bbox 615 1583 675 1627; x_wconf 89' lang='lat' dir='ltr'><strong>osse</strong></span> <span class='ocrx_word' id='word_1_209' title='bbox 690 1569 803 1627; x_wconf 92' lang='lat' dir='ltr'><strong>dilectio</strong></span> <span class='ocrx_word' id='word_1_210' title='bbox 819 1587 826 1626; x_wconf 92' lang='lat'>:</span> <span class='ocrx_word' id='word_1_211' title='bbox 856 1585 960 1663; x_wconf 81' lang='lat' dir='ltr'><strong>quaeB</strong></span> <span class='ocrx_word' id='word_1_212' title='bbox 979 1571 1007 1628; x_wconf 95' lang='lat' dir='ltr'><strong>id</strong></span> <span class='ocrx_word' id='word_1_213' title='bbox 1022 1577 1064 1627; x_wconf 91' lang='lat' dir='ltr'><strong>ost</strong></span> <span class='ocrx_word' id='word_1_214' title='bbox 1078 1569 1277 1626; x_wconf 85' lang='lat' dir='ltr'><strong>discretionem</strong></span> <span class='ocrx_word' id='word_1_215' title='bbox 1307 1569 1343 1624; x_wconf 94' lang='lat' dir='ltr'><strong>ad</strong></span> <span class='ocrx_word' id='word_1_216' title='bbox 1358 1582 1457 1625; x_wconf 90' lang='lat' dir='ltr'><strong>veram</strong></span> <span class='ocrx_word' id='word_1_217' title='bbox 1486 1567 1619 1623; x_wconf 89' lang='lat' dir='ltr'><strong>notitiam</strong></span> <span class='ocrx_word' id='word_1_218' title='bbox 1634 1566 1743 1637; x_wconf 88' lang='lat' dir='ltr'><strong>peccati</strong></span> <span class='ocrx_word' id='word_1_219' title='bbox 1766 1580 1824 1623; x_wconf 92' lang='lat' dir='ltr'><strong>non</strong></span> 
     </span>
     <span class='ocr_line' id='line_1_17' title="bbox 71 1654 1825 1730; baseline -0.003 -14"><span class='ocrx_word' id='word_1_220' title='bbox 71 1659 199 1716; x_wconf 88' lang='lat' dir='ltr'><strong>charitas</strong></span> <span class='ocrx_word' id='word_1_221' title='bbox 223 1657 339 1726; x_wconf 91' lang='lat' dir='ltr'><strong>dicitur,</strong></span> <span class='ocrx_word' id='word_1_222' title='bbox 357 1657 411 1714; x_wconf 91' lang='lat' dir='ltr'><strong>uisi</strong></span> <span class='ocrx_word' id='word_1_223' title='bbox 421 1658 457 1714; x_wconf 93' lang='lat' dir='ltr'><strong>ad</strong></span> <span class='ocrx_word' id='word_1_224' title='bbox 474 1657 630 1714; x_wconf 86' lang='lat' dir='ltr'><strong>[lominum</strong></span> <span class='ocrx_word' id='word_1_225' title='bbox 646 1659 797 1716; x_wconf 81' lang='lat' dir='ltr'><strong>toleratur.</strong></span> <span class='ocrx_word' id='word_1_226' title='bbox 810 1659 845 1715; x_wconf 79' lang='lat' dir='ltr'><strong>lit</strong></span> <span class='ocrx_word' id='word_1_227' title='bbox 861 1659 920 1730; x_wconf 89' lang='lat' dir='ltr'><strong>ipse</strong></span> <span class='ocrx_word' id='word_1_228' title='bbox 978 1657 1079 1724; x_wconf 89' lang='lat' dir='ltr'><strong>habui,</strong></span> <span class='ocrx_word' id='word_1_229' title='bbox 1098 1657 1152 1714; x_wconf 91' lang='lat' dir='ltr'><strong>nisi</strong></span> <span class='ocrx_word' id='word_1_230' title='bbox 1168 1672 1221 1728; x_wconf 91' lang='lat' dir='ltr'><strong>per</strong></span> <span class='ocrx_word' id='word_1_231' title='bbox 1247 1657 1454 1713; x_wconf 89' lang='lat' dir='ltr'><strong>documentum</strong></span> <span class='ocrx_word' id='word_1_232' title='bbox 1479 1656 1559 1727; x_wconf 90' lang='lat' dir='ltr'><strong>legis,</strong></span> <span class='ocrx_word' id='word_1_233' title='bbox 1576 1654 1646 1726; x_wconf 88' lang='lat' dir='ltr'><strong>qnia</strong></span> <span class='ocrx_word' id='word_1_234' title='bbox 1667 1655 1696 1711; x_wconf 96' lang='lat' dir='ltr'><strong>id</strong></span> <span class='ocrx_word' id='word_1_235' title='bbox 1722 1654 1751 1711; x_wconf 95' lang='lat' dir='ltr'><strong>in</strong></span> <span class='ocrx_word' id='word_1_236' title='bbox 1768 1668 1825 1726; x_wconf 85' lang='lat' dir='ltr'><strong>quo</strong></span> 
     </span>
     <span class='ocr_line' id='line_1_18' title="bbox 72 1742 1826 1820; baseline -0.003 -14"><span class='ocrx_word' id='word_1_237' title='bbox 72 1746 256 1820; x_wconf 76' lang='lat' dir='ltr'><strong>Augustinus</strong></span> <span class='ocrx_word' id='word_1_238' title='bbox 271 1748 311 1803; x_wconf 81' lang='lat' dir='ltr'><strong>lle</strong></span> <span class='ocrx_word' id='word_1_239' title='bbox 325 1745 461 1803; x_wconf 86' lang='lat' dir='ltr'><strong>doctrina</strong></span> <span class='ocrx_word' id='word_1_240' title='bbox 474 1744 640 1804; x_wconf 88' lang='lat' dir='ltr'><strong>Christiana</strong></span> <span class='ocrx_word' id='word_1_241' title='bbox 658 1746 708 1804; x_wconf 92' lang='lat' dir='ltr'><strong>lib.</strong></span> <span class='ocrx_word' id='word_1_242' title='bbox 721 1755 827 1820; x_wconf 90' lang='lat' dir='ltr'><strong>quarto</strong></span> <span class='ocrx_word' id='word_1_243' title='bbox 842 1748 896 1820; x_wconf 80' lang='lat'><strong>(75)</strong></span> <span class='ocrx_word' id='word_1_244' title='bbox 913 1763 920 1804; x_wconf 91' lang='lat'>:</span> <span class='ocrx_word' id='word_1_245' title='bbox 977 1747 1177 1803; x_wconf 89' lang='lat' dir='ltr'><strong>tantummodo</strong></span> <span class='ocrx_word' id='word_1_246' title='bbox 1192 1745 1325 1803; x_wconf 92' lang='lat' dir='ltr'><strong>videlicet</strong></span> <span class='ocrx_word' id='word_1_247' title='bbox 1348 1744 1394 1801; x_wconf 95' lang='lat' dir='ltr'><strong>vel</strong></span> <span class='ocrx_word' id='word_1_248' title='bbox 1422 1745 1550 1801; x_wconf 81' lang='lat' dir='ltr'><strong>maxime</strong></span> <span class='ocrx_word' id='word_1_249' title='bbox 1565 1751 1709 1813; x_wconf 87' lang='lat' dir='ltr'><strong>peccatur,</strong></span> <span class='ocrx_word' id='word_1_250' title='bbox 1727 1742 1756 1799; x_wconf 92' lang='lat' dir='ltr'><strong>id</strong></span> <span class='ocrx_word' id='word_1_251' title='bbox 1784 1749 1826 1800; x_wconf 87' lang='lat' dir='ltr'><strong>est</strong></span> 
     </span>
     <span class='ocr_line' id='line_1_19' title="bbox 74 1831 1827 1905; baseline -0.001 -15"><span class='ocrx_word' id='word_1_252' title='bbox 74 1857 88 1890; x_wconf 77' lang='lat' dir='ltr'><strong>a</strong></span> <span class='ocrx_word' id='word_1_253' title='bbox 109 1836 285 1894; x_wconf 83' lang='lat' dir='ltr'><strong>charitatem</strong></span> <span class='ocrx_word' id='word_1_254' title='bbox 302 1849 370 1892; x_wconf 91' lang='lat' dir='ltr'><strong>voco</strong></span> <span class='ocrx_word' id='word_1_255' title='bbox 384 1841 496 1892; x_wconf 89' lang='lat' dir='ltr'><strong>motum</strong></span> <span class='ocrx_word' id='word_1_256' title='bbox 520 1835 610 1893; x_wconf 90' lang='lat' dir='ltr'><strong>animi</strong></span> <span class='ocrx_word' id='word_1_257' title='bbox 629 1837 666 1893; x_wconf 90' lang='lat' dir='ltr'><strong>ad</strong></span> <span class='ocrx_word' id='word_1_258' title='bbox 681 1836 836 1894; x_wconf 90' lang='lat' dir='ltr'><strong>iruendum</strong></span> <span class='ocrx_word' id='word_1_259' title='bbox 866 1838 923 1895; x_wconf 82' lang='lat' dir='ltr'><strong>lieo</strong></span> <span class='ocrx_word' id='word_1_260' title='bbox 977 1835 1240 1905; x_wconf 88' lang='lat' dir='ltr'><strong>concupiscentiam</strong></span> <span class='ocrx_word' id='word_1_261' title='bbox 1255 1841 1405 1905; x_wconf 90' lang='lat' dir='ltr'><strong>peccatum</strong></span> <span class='ocrx_word' id='word_1_262' title='bbox 1425 1847 1486 1890; x_wconf 89' lang='lat' dir='ltr'><strong>esso</strong></span> <span class='ocrx_word' id='word_1_263' title='bbox 1515 1834 1696 1904; x_wconf 84' lang='lat' dir='ltr'><strong>ignorabam.</strong></span> <span class='ocrx_word' id='word_1_264' title='bbox 1712 1833 1746 1888; x_wconf 81' lang='lat' dir='ltr'><strong>Et</strong></span> <span class='ocrx_word' id='word_1_265' title='bbox 1773 1831 1827 1888; x_wconf 86' lang='lat' dir='ltr'><strong>bac</strong></span> 
     </span>
     <span class='ocr_line' id='line_1_20' title="bbox 73 1919 1826 1998; baseline -0.004 -14"><span class='ocrx_word' id='word_1_266' title='bbox 73 1932 191 1998; x_wconf 91' lang='lat' dir='ltr'><strong>proptor</strong></span> <span class='ocrx_word' id='word_1_267' title='bbox 219 1926 325 1981; x_wconf 87' lang='lat' dir='ltr'><strong>ileum.</strong></span> <span class='ocrx_word' id='word_1_268' title='bbox 347 1944 362 1974; x_wconf 72' lang='lat' dir='ltr'><strong>a</strong></span> <span class='ocrx_word' id='word_1_269' title='bbox 395 1924 764 1983; x_wconf 83' lang='lat' dir='ltr'><strong>ldemlib.1lomoribus</strong></span> <span class='ocrx_word' id='word_1_270' title='bbox 790 1925 923 1982; x_wconf 78' lang='lat' dir='ltr'><strong>Ecclesia</strong></span> <span class='ocrx_word' id='word_1_271' title='bbox 977 1931 1019 1981; x_wconf 88' lang='lat' dir='ltr'><strong>ost</strong></span> <span class='ocrx_word' id='word_1_272' title='bbox 1045 1924 1123 1995; x_wconf 87' lang='lat' dir='ltr'><strong>quod</strong></span> <span class='ocrx_word' id='word_1_273' title='bbox 1150 1924 1318 1995; x_wconf 89' lang='lat' dir='ltr'><strong>supponit:</strong></span> <span class='ocrx_word' id='word_1_274' title='bbox 1347 1925 1415 1980; x_wconf 86' lang='lat' dir='ltr'><strong>llam</strong></span> <span class='ocrx_word' id='word_1_275' title='bbox 1443 1922 1699 1993; x_wconf 81' lang='lat' dir='ltr'><strong>concupiscentiam,</strong></span> <span class='ocrx_word' id='word_1_276' title='bbox 1728 1919 1756 1976; x_wconf 92' lang='lat' dir='ltr'><strong>id</strong></span> <span class='ocrx_word' id='word_1_277' title='bbox 1785 1928 1826 1977; x_wconf 91' lang='lat' dir='ltr'><strong>est</strong></span> 
     </span>
     <span class='ocr_line' id='line_1_21' title="bbox 74 2009 1827 2086; baseline -0.003 -14"><span class='ocrx_word' id='word_1_278' title='bbox 74 2023 175 2072; x_wconf 91' lang='lat' dir='ltr'><strong>contra</strong></span> <span class='ocrx_word' id='word_1_279' title='bbox 190 2013 365 2071; x_wconf 82' lang='lat' dir='ltr'><strong>lianicbaecs</strong></span> <span class='ocrx_word' id='word_1_280' title='bbox 379 2012 458 2085; x_wconf 64' lang='lat' dir='ltr'><strong>iiim:</strong></span> <span class='ocrx_word' id='word_1_281' title='bbox 478 2012 648 2085; x_wconf 81' lang='lat' dir='ltr'><strong>«Scriptum</strong></span> <span class='ocrx_word' id='word_1_282' title='bbox 670 2021 713 2072; x_wconf 89' lang='lat' dir='ltr'><strong>est</strong></span> <span class='ocrx_word' id='word_1_283' title='bbox 727 2013 924 2086; x_wconf 85' lang='lat' dir='ltr'><strong>quiapropter</strong></span> <span class='ocrx_word' id='word_1_284' title='bbox 977 2027 1102 2085; x_wconf 91' lang='lat' dir='ltr'><strong>pravum</strong></span> <span class='ocrx_word' id='word_1_285' title='bbox 1131 2013 1221 2070; x_wconf 92' lang='lat' dir='ltr'><strong>animi</strong></span> <span class='ocrx_word' id='word_1_286' title='bbox 1247 2012 1439 2082; x_wconf 88' lang='lat' dir='ltr'><strong>desiderium,</strong></span> <span class='ocrx_word' id='word_1_287' title='bbox 1469 2012 1499 2067; x_wconf 93' lang='lat' dir='ltr'><strong>in</strong></span> <span class='ocrx_word' id='word_1_288' title='bbox 1534 2010 1692 2067; x_wconf 87' lang='lat' dir='ltr'><strong>ambitione</strong></span> <span class='ocrx_word' id='word_1_289' title='bbox 1719 2009 1827 2066; x_wconf 89' lang='lat' dir='ltr'><strong>scilicet</strong></span> 
     </span>
     <span class='ocr_line' id='line_1_22' title="bbox 73 2100 1827 2185; baseline -0.002 -25"><span class='ocrx_word' id='word_1_290' title='bbox 73 2102 508 2185; x_wconf 17' lang='lat' dir='ltr'><strong>teasptcimartctavdielPsct.</strong></span> <span class='ocrx_word' id='word_1_291' title='bbox 533 2104 766 2174; x_wconf 75' lang='lat' dir='ltr'><strong>xu111,it):»‹</strong></span> <span class='ocrx_word' id='word_1_292' title='bbox 791 2103 923 2161; x_wconf 83' lang='lat' dir='ltr'><strong>Charitas</strong></span> <span class='ocrx_word' id='word_1_293' title='bbox 978 2111 1158 2161; x_wconf 88' lang='lat' dir='ltr'><strong>terrenarum</strong></span> <span class='ocrx_word' id='word_1_294' title='bbox 1196 2102 1243 2160; x_wconf 92' lang='lat' dir='ltr'><strong>vel</strong></span> <span class='ocrx_word' id='word_1_295' title='bbox 1276 2102 1439 2159; x_wconf 83' lang='lat' dir='ltr'><strong>camaliam</strong></span> <span class='ocrx_word' id='word_1_296' title='bbox 1468 2100 1652 2172; x_wconf 90' lang='lat' dir='ltr'><strong>voluptatum</strong></span> <span class='ocrx_word' id='word_1_297' title='bbox 1678 2100 1827 2156; x_wconf 81' lang='grc' dir='ltr'><strong>εεεειειεει</strong></span> 
     </span>
     <span class='ocr_line' id='line_1_23' title="bbox 72 2189 1828 2265; baseline -0.004 -15"><span class='ocrx_word' id='word_1_298' title='bbox 72 2192 237 2263; x_wconf 91' lang='lat' dir='ltr'><strong>nonpotuit</strong></span> <span class='ocrx_word' id='word_1_299' title='bbox 261 2191 371 2263; x_wconf 89' lang='lat' dir='ltr'><strong>signari</strong></span> <span class='ocrx_word' id='word_1_300' title='bbox 395 2191 562 2262; x_wconf 80' lang='lat' dir='ltr'><strong>expressius</strong></span> <span class='ocrx_word' id='word_1_301' title='bbox 590 2206 680 2265; x_wconf 88' lang='lat' dir='ltr'><strong>quarn</strong></span> <span class='ocrx_word' id='word_1_302' title='bbox 704 2193 783 2264; x_wconf 88' lang='lat' dir='ltr'><strong>quod</strong></span> <span class='ocrx_word' id='word_1_303' title='bbox 811 2192 921 2250; x_wconf 93' lang='lat' dir='ltr'><strong>dictum</strong></span> <span class='ocrx_word' id='word_1_304' title='bbox 978 2208 1043 2259; x_wconf 85' lang='lat' dir='ltr'><strong>esse,</strong></span> <span class='ocrx_word' id='word_1_305' title='bbox 1069 2191 1200 2249; x_wconf 89' lang='lat' dir='ltr'><strong>videlicet</strong></span> <span class='ocrx_word' id='word_1_306' title='bbox 1225 2192 1302 2262; x_wconf 86' lang='lat' dir='ltr'><strong>quad</strong></span> <span class='ocrx_word' id='word_1_307' title='bbox 1330 2192 1391 2261; x_wconf 93' lang='lat' dir='ltr'><strong>ipsa</strong></span> <span class='ocrx_word' id='word_1_308' title='bbox 1419 2196 1501 2259; x_wconf 86' lang='lat' dir='ltr'><strong>esset,</strong></span> <span class='ocrx_word' id='word_1_309' title='bbox 1525 2194 1675 2260; x_wconf 83' lang='lat' dir='ltr'><strong>peccatam,</strong></span> <span class='ocrx_word' id='word_1_310' title='bbox 1707 2191 1765 2245; x_wconf 82' lang='lat' dir='ltr'><strong>nisi</strong></span> <span class='ocrx_word' id='word_1_311' title='bbox 1783 2189 1828 2244; x_wconf 80' lang='lat' dir='ltr'><strong>tea</strong></span> 
     </span>
     <span class='ocr_line' id='line_1_24' title="bbox 72 2279 1827 2353; baseline -0.003 -13"><span class='ocrx_word' id='word_1_312' title='bbox 72 2285 232 2353; x_wconf 84' lang='lat' dir='ltr'><strong>estprcpter</strong></span> <span class='ocrx_word' id='word_1_313' title='bbox 246 2279 718 2352; x_wconf 77' lang='lat' dir='ltr'><strong>toz»Quisquisergocharltatom</strong></span> <span class='ocrx_word' id='word_1_314' title='bbox 730 2282 786 2338; x_wconf 87' lang='lat' dir='ltr'><strong>beo</strong></span> <span class='ocrx_word' id='word_1_315' title='bbox 798 2282 921 2339; x_wconf 85' lang='lat' dir='ltr'><strong>cohaeret</strong></span> <span class='ocrx_word' id='word_1_316' title='bbox 978 2283 1008 2339; x_wconf 90' lang='lat' dir='ltr'><strong>id</strong></span> <span class='ocrx_word' id='word_1_317' title='bbox 1032 2281 1160 2338; x_wconf 89' lang='lat' dir='ltr'><strong>docendo</strong></span> <span class='ocrx_word' id='word_1_318' title='bbox 1189 2281 1317 2336; x_wconf 84' lang='lat' dir='ltr'><strong>diceret:</strong></span> <span class='ocrx_word' id='word_1_319' title='bbox 1348 2282 1407 2337; x_wconf 85' lang='lat' dir='ltr'><strong>Non</strong></span> <span class='ocrx_word' id='word_1_320' title='bbox 1437 2283 1617 2349; x_wconf 82' lang='lat' dir='ltr'><strong>concupisces,</strong></span> <span class='ocrx_word' id='word_1_321' title='bbox 1645 2279 1673 2334; x_wconf 90' lang='lat' dir='ltr'><strong>id</strong></span> <span class='ocrx_word' id='word_1_322' title='bbox 1701 2285 1744 2334; x_wconf 90' lang='lat' dir='ltr'><strong>est</strong></span> <span class='ocrx_word' id='word_1_323' title='bbox 1768 2290 1827 2335; x_wconf 89' lang='lat' dir='ltr'><strong>non</strong></span> 
     </span>
     <span class='ocr_line' id='line_1_25' title="bbox 74 2366 1826 2445; baseline -0.003 -16"><span class='ocrx_word' id='word_1_324' title='bbox 74 2385 134 2445; x_wconf 85' lang='lat' dir='ltr'><strong>qua</strong></span> <span class='ocrx_word' id='word_1_325' title='bbox 147 2368 539 2428; x_wconf 88' lang='lat' dir='ltr'><strong>scilicetsoladiscornuntur</strong></span> <span class='ocrx_word' id='word_1_326' title='bbox 555 2369 607 2425; x_wconf 88' lang='lat' dir='ltr'><strong>lilii</strong></span> <span class='ocrx_word' id='word_1_327' title='bbox 631 2371 681 2426; x_wconf 81' lang='lat' dir='ltr'><strong>liei</strong></span> <span class='ocrx_word' id='word_1_328' title='bbox 695 2370 790 2426; x_wconf 90' lang='lat' dir='ltr'><strong>aliliis</strong></span> <span class='ocrx_word' id='word_1_329' title='bbox 806 2370 923 2445; x_wconf 89' lang='lat' dir='ltr'><strong>diaboli,</strong></span> <span class='ocrx_word' id='word_1_330' title='bbox 979 2371 1160 2429; x_wconf 90' lang='lat' dir='ltr'><strong>interdiceret</strong></span> <span class='ocrx_word' id='word_1_331' title='bbox 1172 2369 1444 2441; x_wconf 81' lang='lat' dir='ltr'><strong>concupiscentiam,</strong></span> <span class='ocrx_word' id='word_1_332' title='bbox 1470 2369 1536 2426; x_wconf 93' lang='lat' dir='ltr'><strong>licet</strong></span> <span class='ocrx_word' id='word_1_333' title='bbox 1559 2383 1618 2425; x_wconf 93' lang='lat' dir='ltr'><strong>non</strong></span> <span class='ocrx_word' id='word_1_334' title='bbox 1642 2366 1826 2439; x_wconf 83' lang='lat' dir='ltr'><strong>generaliter,</strong></span> 
     </span>
     <span class='ocr_line' id='line_1_26' title="bbox 74 2456 1826 2532; baseline -0.003 -13"><span class='ocrx_word' id='word_1_335' title='bbox 74 2471 162 2532; x_wconf 86' lang='lat' dir='ltr'><strong>atque</strong></span> <span class='ocrx_word' id='word_1_336' title='bbox 176 2459 239 2516; x_wconf 93' lang='lat' dir='ltr'><strong>iden</strong></span> <span class='ocrx_word' id='word_1_337' title='bbox 258 2459 322 2531; x_wconf 85' lang='lat' dir='ltr'><strong>ejus</strong></span> <span class='ocrx_word' id='word_1_338' title='bbox 335 2458 441 2530; x_wconf 87' lang='lat' dir='ltr'><strong>satagit</strong></span> <span class='ocrx_word' id='word_1_339' title='bbox 462 2458 660 2529; x_wconf 91' lang='lat' dir='ltr'><strong>obtemperare</strong></span> <span class='ocrx_word' id='word_1_340' title='bbox 685 2459 843 2529; x_wconf 69' lang='lat' dir='ltr'><strong>preceptis,</strong></span> <span class='ocrx_word' id='word_1_341' title='bbox 874 2459 926 2516; x_wconf 91' lang='lat' dir='ltr'><strong>im·</strong></span> <span class='ocrx_word' id='word_1_342' title='bbox 979 2460 1187 2529; x_wconf 74' lang='lat' dir='ltr'><strong>sedderebuS,</strong></span> <span class='ocrx_word' id='word_1_343' title='bbox 1204 2468 1237 2517; x_wconf 95' lang='lat' dir='ltr'><strong>ut</strong></span> <span class='ocrx_word' id='word_1_344' title='bbox 1269 2459 1378 2517; x_wconf 90' lang='lat' dir='ltr'><strong>dictum</strong></span> <span class='ocrx_word' id='word_1_345' title='bbox 1407 2467 1459 2527; x_wconf 90' lang='lat' dir='ltr'><strong>cst,</strong></span> <span class='ocrx_word' id='word_1_346' title='bbox 1476 2456 1611 2529; x_wconf 81' lang='lat' dir='ltr'><strong>proximi.</strong></span> <span class='ocrx_word' id='word_1_347' title='bbox 1638 2457 1712 2515; x_wconf 87' lang='lat' dir='ltr'><strong>Nota</strong></span> <span class='ocrx_word' id='word_1_348' title='bbox 1748 2456 1826 2528; x_wconf 82' lang='lat' dir='ltr'><strong>quod</strong></span> 
     </span>
     <span class='ocr_line' id='line_1_27' title="bbox 75 2546 1825 2623; baseline -0.002 -17"><span class='ocrx_word' id='word_1_349' title='bbox 75 2549 154 2623; x_wconf 91' lang='lat' dir='ltr'><strong>ploro</strong></span> <span class='ocrx_word' id='word_1_350' title='bbox 168 2547 265 2607; x_wconf 86' lang='lat' dir='ltr'><strong>studet</strong></span> <span class='ocrx_word' id='word_1_351' title='bbox 292 2554 349 2603; x_wconf 91' lang='lat' dir='ltr'><strong>tam</strong></span> <span class='ocrx_word' id='word_1_352' title='bbox 365 2560 399 2603; x_wconf 93' lang='lat' dir='ltr'><strong>ea</strong></span> <span class='ocrx_word' id='word_1_353' title='bbox 418 2561 485 2619; x_wconf 81' lang='lat' dir='ltr'><strong>qum</strong></span> <span class='ocrx_word' id='word_1_354' title='bbox 501 2546 644 2617; x_wconf 89' lang='lat' dir='ltr'><strong>pertinent</strong></span> <span class='ocrx_word' id='word_1_355' title='bbox 659 2547 696 2605; x_wconf 91' lang='lat' dir='ltr'><strong>ad</strong></span> <span class='ocrx_word' id='word_1_356' title='bbox 710 2547 821 2605; x_wconf 88' lang='lat' dir='ltr'><strong>alienos</strong></span> <span class='ocrx_word' id='word_1_357' title='bbox 835 2561 925 2619; x_wconf 90' lang='lat' dir='ltr'><strong>quam</strong></span> <span class='ocrx_word' id='word_1_358' title='bbox 980 2564 1045 2607; x_wconf 93' lang='lat' dir='ltr'><strong>cum</strong></span> <span class='ocrx_word' id='word_1_359' title='bbox 1061 2549 1176 2618; x_wconf 90' lang='lat' dir='ltr'><strong>dicitur,</strong></span> <span class='ocrx_word' id='word_1_360' title='bbox 1191 2551 1251 2607; x_wconf 88' lang='lat' dir='ltr'><strong>Noa</strong></span> <span class='ocrx_word' id='word_1_361' title='bbox 1261 2550 1451 2621; x_wconf 81' lang='lat' dir='ltr'><strong>cancupisces,</strong></span> <span class='ocrx_word' id='word_1_362' title='bbox 1467 2546 1552 2603; x_wconf 92' lang='lat' dir='ltr'><strong>simul</strong></span> <span class='ocrx_word' id='word_1_363' title='bbox 1568 2554 1596 2604; x_wconf 88' lang='lat' dir='ltr'><strong>et</strong></span> <span class='ocrx_word' id='word_1_364' title='bbox 1621 2546 1740 2603; x_wconf 90' lang='lat' dir='ltr'><strong>docetur</strong></span> <span class='ocrx_word' id='word_1_365' title='bbox 1761 2559 1825 2616; x_wconf 84' lang='lat' dir='ltr'><strong>pec·</strong></span> 
     </span>
     <span class='ocr_line' id='line_1_28' title="bbox 75 2633 1827 2711; baseline -0.003 -15"><span class='ocrx_word' id='word_1_366' title='bbox 75 2653 141 2711; x_wconf 85' lang='lat' dir='ltr'><strong>quae</strong></span> <span class='ocrx_word' id='word_1_367' title='bbox 162 2637 285 2693; x_wconf 91' lang='lat' dir='ltr'><strong>attinent</strong></span> <span class='ocrx_word' id='word_1_368' title='bbox 318 2636 524 2708; x_wconf 78' lang='lat' dir='ltr'><strong>adproximos</strong></span> <span class='ocrx_word' id='word_1_369' title='bbox 545 2645 575 2695; x_wconf 90' lang='lat' dir='ltr'><strong>ot</strong></span> <span class='ocrx_word' id='word_1_370' title='bbox 599 2637 628 2694; x_wconf 92' lang='lat' dir='ltr'><strong>iu</strong></span> <span class='ocrx_word' id='word_1_371' title='bbox 655 2637 789 2710; x_wconf 88' lang='lat' dir='ltr'><strong>utrisque</strong></span> <span class='ocrx_word' id='word_1_372' title='bbox 819 2637 926 2708; x_wconf 88' lang='lat' dir='ltr'><strong>pariter</strong></span> <span class='ocrx_word' id='word_1_373' title='bbox 979 2647 1087 2706; x_wconf 89' lang='lat' dir='ltr'><strong>catum,</strong></span> <span class='ocrx_word' id='word_1_374' title='bbox 1102 2647 1129 2696; x_wconf 90' lang='lat' dir='ltr'><strong>ot</strong></span> <span class='ocrx_word' id='word_1_375' title='bbox 1144 2639 1314 2711; x_wconf 84' lang='lat' dir='ltr'><strong>prohibetur</strong></span> <span class='ocrx_word' id='word_1_376' title='bbox 1330 2646 1362 2695; x_wconf 96' lang='lat' dir='ltr'><strong>ut</strong></span> <span class='ocrx_word' id='word_1_377' title='bbox 1377 2638 1502 2695; x_wconf 91' lang='lat' dir='ltr'><strong>videtur.</strong></span> <span class='ocrx_word' id='word_1_378' title='bbox 1528 2635 1609 2693; x_wconf 90' lang='lat' dir='ltr'><strong>Unde</strong></span> <span class='ocrx_word' id='word_1_379' title='bbox 1635 2634 1727 2708; x_wconf 90' lang='lat' dir='ltr'><strong>legem</strong></span> <span class='ocrx_word' id='word_1_380' title='bbox 1747 2633 1827 2706; x_wconf 85' lang='lat' dir='ltr'><strong>peni·</strong></span> 
     </span>
     <span class='ocr_line' id='line_1_29' title="bbox 74 2725 1827 2798; baseline -0.001 -14"><span class='ocrx_word' id='word_1_381' title='bbox 74 2726 203 2784; x_wconf 88' lang='lat' dir='ltr'><strong>divinam</strong></span> <span class='ocrx_word' id='word_1_382' title='bbox 223 2725 306 2798; x_wconf 89' lang='lat' dir='ltr'><strong>sequi</strong></span> <span class='ocrx_word' id='word_1_383' title='bbox 321 2726 500 2784; x_wconf 90' lang='lat' dir='ltr'><strong>voluntatem</strong></span> <span class='ocrx_word' id='word_1_384' title='bbox 516 2726 627 2783; x_wconf 90' lang='lat' dir='ltr'><strong>nititur.</strong></span> <span class='ocrx_word' id='word_1_385' title='bbox 644 2726 721 2784; x_wconf 86' lang='lat' dir='ltr'><strong>Nibil</strong></span> <span class='ocrx_word' id='word_1_386' title='bbox 747 2741 816 2798; x_wconf 87' lang='lat' dir='ltr'><strong>orgo</strong></span> <span class='ocrx_word' id='word_1_387' title='bbox 840 2726 926 2783; x_wconf 84' lang='lat' dir='ltr'><strong>reiort</strong></span> <span class='ocrx_word' id='word_1_388' title='bbox 982 2737 1027 2786; x_wconf 90' lang='lat' dir='ltr'><strong>tus</strong></span> <span class='ocrx_word' id='word_1_389' title='bbox 1042 2729 1146 2786; x_wconf 90' lang='lat' dir='ltr'><strong>bonam</strong></span> <span class='ocrx_word' id='word_1_390' title='bbox 1162 2743 1223 2785; x_wconf 90' lang='lat' dir='ltr'><strong>esse</strong></span> <span class='ocrx_word' id='word_1_391' title='bbox 1246 2727 1402 2795; x_wconf 86' lang='lat' dir='ltr'><strong>convincit,</strong></span> <span class='ocrx_word' id='word_1_392' title='bbox 1420 2726 1490 2798; x_wconf 87' lang='lat' dir='ltr'><strong>quia</strong></span> <span class='ocrx_word' id='word_1_393' title='bbox 1519 2725 1663 2797; x_wconf 86' lang='lat' dir='ltr'><strong>quidquid</strong></span> <span class='ocrx_word' id='word_1_394' title='bbox 1678 2738 1767 2782; x_wconf 92' lang='lat' dir='ltr'><strong>suum</strong></span> <span class='ocrx_word' id='word_1_395' title='bbox 1784 2731 1827 2782; x_wconf 89' lang='lat' dir='ltr'><strong>est</strong></span> 
     </span>
     <span class='ocr_line' id='line_1_30' title="bbox 78 2812 1827 2887; baseline -0.002 -14"><span class='ocrx_word' id='word_1_396' title='bbox 78 2822 111 2873; x_wconf 96' lang='lat' dir='ltr'><strong>ut</strong></span> <span class='ocrx_word' id='word_1_397' title='bbox 126 2815 208 2873; x_wconf 93' lang='lat' dir='ltr'><strong>salva</strong></span> <span class='ocrx_word' id='word_1_398' title='bbox 235 2815 396 2873; x_wconf 86' lang='lat' dir='ltr'><strong>reverentia</strong></span> <span class='ocrx_word' id='word_1_399' title='bbox 410 2823 527 2887; x_wconf 91' lang='lat' dir='ltr'><strong>patrum</strong></span> <span class='ocrx_word' id='word_1_400' title='bbox 554 2830 606 2873; x_wconf 91' lang='lat' dir='ltr'><strong>sou</strong></span> <span class='ocrx_word' id='word_1_401' title='bbox 619 2813 744 2873; x_wconf 84' lang='lat' dir='ltr'><strong>fratrum</strong></span> <span class='ocrx_word' id='word_1_402' title='bbox 768 2815 926 2886; x_wconf 84' lang='lat' dir='ltr'><strong>loquamur</strong></span> <span class='ocrx_word' id='word_1_403' title='bbox 981 2818 1101 2886; x_wconf 87' lang='lat' dir='ltr'><strong>bonum,</strong></span> <span class='ocrx_word' id='word_1_404' title='bbox 1114 2818 1174 2875; x_wconf 91' lang='lat' dir='ltr'><strong>sive</strong></span> <span class='ocrx_word' id='word_1_405' title='bbox 1188 2817 1219 2872; x_wconf 92' lang='lat' dir='ltr'><strong>in</strong></span> <span class='ocrx_word' id='word_1_406' title='bbox 1235 2815 1362 2873; x_wconf 89' lang='lat' dir='ltr'><strong>docendo</strong></span> <span class='ocrx_word' id='word_1_407' title='bbox 1377 2815 1495 2881; x_wconf 87' lang='lat' dir='ltr'><strong>scilicet,</strong></span> <span class='ocrx_word' id='word_1_408' title='bbox 1507 2815 1567 2872; x_wconf 92' lang='lat' dir='ltr'><strong>sive</strong></span> <span class='ocrx_word' id='word_1_409' title='bbox 1592 2814 1623 2871; x_wconf 94' lang='lat' dir='ltr'><strong>in</strong></span> <span class='ocrx_word' id='word_1_410' title='bbox 1637 2812 1827 2884; x_wconf 89' lang='lat' dir='ltr'><strong>probibendo,</strong></span> 
     </span>
     <span class='ocr_line' id='line_1_31' title="bbox 75 2901 1825 3001; baseline -0.003 -38"><span class='ocrx_word' id='word_1_411' title='bbox 75 2913 104 2964; x_wconf 90' lang='lat' dir='ltr'><strong>et</strong></span> <span class='ocrx_word' id='word_1_412' title='bbox 126 2905 211 2978; x_wconf 86' lang='lat' dir='ltr'><strong>longe</strong></span> <span class='ocrx_word' id='word_1_413' title='bbox 240 2918 256 2961; x_wconf 93' lang='lat' dir='ltr'><strong>a</strong></span> <span class='ocrx_word' id='word_1_414' title='bbox 281 2905 453 2976; x_wconf 89' lang='lat' dir='ltr'><strong>perlectione</strong></span> <span class='ocrx_word' id='word_1_415' title='bbox 481 2903 634 2974; x_wconf 79' lang='lat' dir='ltr'><strong>Evangelii</strong></span> <span class='ocrx_word' id='word_1_416' title='bbox 673 2904 764 2976; x_wconf 91' lang='lat' dir='ltr'><strong>legem</strong></span> <span class='ocrx_word' id='word_1_417' title='bbox 789 2903 926 2960; x_wconf 88' lang='lat' dir='ltr'><strong>absistere</strong></span> <span class='ocrx_word' id='word_1_418' title='bbox 944 2945 964 3001; x_wconf 69' lang='lat' dir='ltr'>C</span> <span class='ocrx_word' id='word_1_419' title='bbox 983 2920 1035 2962; x_wconf 88' lang='lat' dir='ltr'><strong>noc</strong></span> <span class='ocrx_word' id='word_1_420' title='bbox 1058 2907 1128 2963; x_wconf 91' lang='lat' dir='ltr'><strong>vitio</strong></span> <span class='ocrx_word' id='word_1_421' title='bbox 1142 2904 1223 2977; x_wconf 88' lang='lat' dir='ltr'><strong>legis,</strong></span> <span class='ocrx_word' id='word_1_422' title='bbox 1237 2903 1285 2962; x_wconf 89' lang='lat' dir='ltr'><strong>sed</strong></span> <span class='ocrx_word' id='word_1_423' title='bbox 1301 2904 1453 2961; x_wconf 88' lang='lat' dir='ltr'><strong>bominum</strong></span> <span class='ocrx_word' id='word_1_424' title='bbox 1480 2911 1523 2961; x_wconf 91' lang='lat' dir='ltr'><strong>est</strong></span> <span class='ocrx_word' id='word_1_425' title='bbox 1548 2903 1755 2974; x_wconf 91' lang='lat' dir='ltr'><strong>imputandum</strong></span> <span class='ocrx_word' id='word_1_426' title='bbox 1774 2917 1784 2974; x_wconf 93' lang='lat'>;</span> <span class='ocrx_word' id='word_1_427' title='bbox 1800 2901 1825 2959; x_wconf 90' lang='lat' dir='ltr'><strong>si</strong></span> 
     </span>
     <span class='ocr_line' id='line_1_32' title="bbox 76 2992 1825 3067; baseline 0 -17"><span class='ocrx_word' id='word_1_428' title='bbox 76 2994 231 3062; x_wconf 89' lang='lat' dir='ltr'><strong>lateamur,</strong></span> <span class='ocrx_word' id='word_1_429' title='bbox 265 3008 439 3065; x_wconf 87' lang='lat' dir='ltr'><strong>omnemque</strong></span> <span class='ocrx_word' id='word_1_430' title='bbox 491 2993 608 3062; x_wconf 93' lang='lat' dir='ltr'><strong>insuper</strong></span> <span class='ocrx_word' id='word_1_431' title='bbox 645 2998 703 3048; x_wconf 90' lang='lat' dir='ltr'><strong>tatu</strong></span> <span class='ocrx_word' id='word_1_432' title='bbox 741 2992 927 3062; x_wconf 90' lang='lat' dir='ltr'><strong>apostolicam</strong></span> <span class='ocrx_word' id='word_1_433' title='bbox 981 3002 1132 3066; x_wconf 88' lang='lat' dir='ltr'><strong>peccatum</strong></span> <span class='ocrx_word' id='word_1_434' title='bbox 1152 3002 1213 3066; x_wconf 91' lang='lat' dir='ltr'><strong>past</strong></span> <span class='ocrx_word' id='word_1_435' title='bbox 1245 2994 1338 3067; x_wconf 84' lang='lat' dir='ltr'><strong>legem</strong></span> <span class='ocrx_word' id='word_1_436' title='bbox 1365 2994 1535 3061; x_wconf 90' lang='lat' dir='ltr'><strong>abundavit,</strong></span> <span class='ocrx_word' id='word_1_437' title='bbox 1564 3001 1592 3050; x_wconf 93' lang='lat' dir='ltr'><strong>et</strong></span> <span class='ocrx_word' id='word_1_438' title='bbox 1619 2993 1775 3050; x_wconf 88' lang='lat' dir='ltr'><strong>deteriores</strong></span> <span class='ocrx_word' id='word_1_439' title='bbox 1797 2999 1825 3050; x_wconf 89' lang='lat' dir='ltr'><strong>et</strong></span> 
     </span>
     <span class='ocr_line' id='line_1_33' title="bbox 79 3079 1828 3155; baseline -0.002 -15"><span class='ocrx_word' id='word_1_440' title='bbox 79 3097 168 3155; x_wconf 88' lang='lat' dir='ltr'><strong>quam</strong></span> <span class='ocrx_word' id='word_1_441' title='bbox 178 3082 376 3155; x_wconf 87' lang='lat' dir='ltr'><strong>evangelicam</strong></span> <span class='ocrx_word' id='word_1_442' title='bbox 388 3079 588 3137; x_wconf 86' lang='lat' dir='ltr'><strong>anctoritatem</strong></span> <span class='ocrx_word' id='word_1_443' title='bbox 610 3094 822 3137; x_wconf 89' lang='lat' dir='ltr'><strong>conservemus.</strong></span> <span class='ocrx_word' id='word_1_444' title='bbox 837 3081 926 3151; x_wconf 84' lang='lat' dir='ltr'><strong>Nibil,</strong></span> <span class='ocrx_word' id='word_1_445' title='bbox 981 3083 1237 3141; x_wconf 82' lang='lat' dir='ltr'><strong>inexcusabiliores</strong></span> <span class='ocrx_word' id='word_1_446' title='bbox 1251 3082 1343 3140; x_wconf 86' lang='lat' dir='ltr'><strong>oliecti</strong></span> <span class='ocrx_word' id='word_1_447' title='bbox 1358 3097 1461 3140; x_wconf 92' lang='lat' dir='ltr'><strong>sumus</strong></span> <span class='ocrx_word' id='word_1_448' title='bbox 1485 3089 1547 3153; x_wconf 91' lang='lat' dir='ltr'><strong>pest</strong></span> <span class='ocrx_word' id='word_1_449' title='bbox 1568 3083 1731 3138; x_wconf 90' lang='lat' dir='ltr'><strong>doctrinam</strong></span> <span class='ocrx_word' id='word_1_450' title='bbox 1756 3094 1828 3152; x_wconf 82' lang='lat' dir='ltr'><strong>pra·</strong></span> 
     </span>
     <span class='ocr_line' id='line_1_34' title="bbox 78 3169 1827 3245; baseline -0.001 -16"><span class='ocrx_word' id='word_1_451' title='bbox 78 3172 211 3245; x_wconf 91' lang='lat' dir='ltr'><strong>inquam,</strong></span> <span class='ocrx_word' id='word_1_452' title='bbox 231 3172 317 3228; x_wconf 91' lang='lat' dir='ltr'><strong>reiert</strong></span> <span class='ocrx_word' id='word_1_453' title='bbox 330 3170 391 3227; x_wconf 89' lang='lat' dir='ltr'><strong>sivo</strong></span> <span class='ocrx_word' id='word_1_454' title='bbox 406 3170 575 3239; x_wconf 80' lang='lat' dir='ltr'><strong>proximum</strong></span> <span class='ocrx_word' id='word_1_455' title='bbox 590 3169 620 3224; x_wconf 94' lang='lat' dir='ltr'><strong>in</strong></span> <span class='ocrx_word' id='word_1_456' title='bbox 637 3169 700 3241; x_wconf 88' lang='lat' dir='ltr'><strong>lege</strong></span> <span class='ocrx_word' id='word_1_457' title='bbox 727 3184 841 3228; x_wconf 88' lang='lat' dir='ltr'><strong>omnem</strong></span> <span class='ocrx_word' id='word_1_458' title='bbox 871 3171 926 3228; x_wconf 89' lang='lat' dir='ltr'><strong>bo·</strong></span> <span class='ocrx_word' id='word_1_459' title='bbox 981 3180 1130 3243; x_wconf 89' lang='lat' dir='ltr'><strong>ceptorum</strong></span> <span class='ocrx_word' id='word_1_460' title='bbox 1152 3179 1180 3229; x_wconf 93' lang='lat' dir='ltr'><strong>ot</strong></span> <span class='ocrx_word' id='word_1_461' title='bbox 1204 3171 1411 3244; x_wconf 89' lang='lat' dir='ltr'><strong>negligentiam</strong></span> <span class='ocrx_word' id='word_1_462' title='bbox 1430 3185 1541 3234; x_wconf 88' lang='lat' dir='ltr'><strong>eorum,</strong></span> <span class='ocrx_word' id='word_1_463' title='bbox 1571 3184 1660 3242; x_wconf 84' lang='lat' dir='ltr'><strong>quam</strong></span> <span class='ocrx_word' id='word_1_464' title='bbox 1677 3177 1755 3239; x_wconf 88' lang='lat' dir='ltr'><strong>ante,</strong></span> <span class='ocrx_word' id='word_1_465' title='bbox 1783 3184 1827 3228; x_wconf 90' lang='lat' dir='ltr'><strong>se·</strong></span> 
     </span>
     <span class='ocr_line' id='line_1_35' title="bbox 76 3256 1829 3332; baseline -0.001 -17"><span class='ocrx_word' id='word_1_466' title='bbox 76 3259 185 3316; x_wconf 90' lang='lat' dir='ltr'><strong>minem</strong></span> <span class='ocrx_word' id='word_1_467' title='bbox 209 3259 415 3329; x_wconf 89' lang='lat' dir='ltr'><strong>intelligamus,</strong></span> <span class='ocrx_word' id='word_1_468' title='bbox 441 3257 502 3314; x_wconf 89' lang='lat' dir='ltr'><strong>sive</strong></span> <span class='ocrx_word' id='word_1_469' title='bbox 522 3256 641 3314; x_wconf 91' lang='lat' dir='ltr'><strong>minime</strong></span> <span class='ocrx_word' id='word_1_470' title='bbox 665 3273 671 3312; x_wconf 93' lang='lat'>:</span> <span class='ocrx_word' id='word_1_471' title='bbox 701 3260 867 3328; x_wconf 90' lang='lat' dir='ltr'><strong>dummodo,</strong></span> <span class='ocrx_word' id='word_1_472' title='bbox 895 3268 928 3319; x_wconf 94' lang='lat' dir='ltr'><strong>ut</strong></span> <span class='ocrx_word' id='word_1_473' title='bbox 981 3262 1111 3320; x_wconf 93' lang='lat' dir='ltr'><strong>cundum</strong></span> <span class='ocrx_word' id='word_1_474' title='bbox 1126 3260 1205 3332; x_wconf 85' lang='lat' dir='ltr'><strong>quod</strong></span> <span class='ocrx_word' id='word_1_475' title='bbox 1224 3261 1419 3332; x_wconf 90' lang='lat' dir='ltr'><strong>scriptumest</strong></span> <span class='ocrx_word' id='word_1_476' title='bbox 1449 3275 1455 3315; x_wconf 94' lang='lat'>:</span> <span class='ocrx_word' id='word_1_477' title='bbox 1485 3261 1588 3317; x_wconf 84' lang='lat' dir='ltr'><strong>sernas</strong></span> <span class='ocrx_word' id='word_1_478' title='bbox 1613 3262 1753 3321; x_wconf 70' lang='lat' dir='ltr'><strong>scientam</strong></span> <span class='ocrx_word' id='word_1_479' title='bbox 1775 3275 1829 3314; x_wconf 83' lang='lat' dir='ltr'><strong>mam</strong></span> 
     </span>
     <span class='ocr_line' id='line_1_36' title="bbox 78 3345 1827 3421; baseline 0 -17"><span class='ocrx_word' id='word_1_480' title='bbox 78 3348 187 3405; x_wconf 91' lang='lat' dir='ltr'><strong>dictum</strong></span> <span class='ocrx_word' id='word_1_481' title='bbox 219 3353 272 3414; x_wconf 88' lang='lat' dir='ltr'><strong>est,</strong></span> <span class='ocrx_word' id='word_1_482' title='bbox 292 3345 323 3402; x_wconf 94' lang='lat' dir='ltr'><strong>in</strong></span> <span class='ocrx_word' id='word_1_483' title='bbox 348 3345 482 3417; x_wconf 83' lang='lat' dir='ltr'><strong>proximo</strong></span> <span class='ocrx_word' id='word_1_484' title='bbox 505 3347 768 3417; x_wconf 84' lang='lat' dir='ltr'><strong>comprehendatur</strong></span> <span class='ocrx_word' id='word_1_485' title='bbox 790 3349 876 3420; x_wconf 85' lang='lat' dir='ltr'><strong>Deus,</strong></span> <span class='ocrx_word' id='word_1_486' title='bbox 899 3357 929 3411; x_wconf 86' lang='lat' dir='ltr'><strong>et</strong></span> <span class='ocrx_word' id='word_1_487' title='bbox 980 3353 1085 3421; x_wconf 69' lang='lat' dir='ltr'><strong>sameas</strong></span> <span class='ocrx_word' id='word_1_488' title='bbox 1126 3353 1293 3406; x_wconf 84' lang='lat' dir='ltr'><strong>voluntatem</strong></span> <span class='ocrx_word' id='word_1_489' title='bbox 1316 3350 1419 3405; x_wconf 83' lang='lat' dir='ltr'><strong>domini</strong></span> <span class='ocrx_word' id='word_1_490' title='bbox 1446 3351 1500 3416; x_wconf 86' lang='lat' dir='ltr'><strong>sui,</strong></span> <span class='ocrx_word' id='word_1_491' title='bbox 1544 3349 1689 3420; x_wconf 82' lang='lat' dir='ltr'><strong>vapulabit</strong></span> <span class='ocrx_word' id='word_1_492' title='bbox 1723 3349 1827 3404; x_wconf 83' lang='lat' dir='ltr'><strong>multis.</strong></span> 
     </span>
     <span class='ocr_line' id='line_1_37' title="bbox 78 3431 1828 3510; baseline -0.001 -16"><span class='ocrx_word' id='word_1_493' title='bbox 78 3434 261 3494; x_wconf 89' lang='lat' dir='ltr'><strong>dilectionem</strong></span> <span class='ocrx_word' id='word_1_494' title='bbox 283 3448 401 3507; x_wconf 86' lang='lat' dir='ltr'><strong>quoque</strong></span> <span class='ocrx_word' id='word_1_495' title='bbox 429 3435 478 3491; x_wconf 80' lang='lat' dir='ltr'><strong>liei</strong></span> <span class='ocrx_word' id='word_1_496' title='bbox 505 3431 618 3492; x_wconf 89' lang='lat' dir='ltr'><strong>dilectio</strong></span> <span class='ocrx_word' id='word_1_497' title='bbox 642 3436 771 3494; x_wconf 91' lang='lat' dir='ltr'><strong>includat</strong></span> <span class='ocrx_word' id='word_1_498' title='bbox 791 3439 926 3510; x_wconf 79' lang='lat' dir='ltr'><strong>proximi.</strong></span> <span class='ocrx_word' id='word_1_499' title='bbox 981 3443 1075 3498; x_wconf 88' lang='lat' dir='ltr'><strong>Item:</strong></span> <span class='ocrx_word' id='word_1_500' title='bbox 1102 3441 1199 3496; x_wconf 81' lang='lat' dir='ltr'><strong>bleiirc</strong></span> <span class='ocrx_word' id='word_1_501' title='bbox 1232 3444 1273 3495; x_wconf 87' lang='lat' dir='ltr'><strong>cst</strong></span> <span class='ocrx_word' id='word_1_502' title='bbox 1311 3455 1365 3494; x_wconf 85' lang='lat' dir='ltr'><strong>aaa</strong></span> <span class='ocrx_word' id='word_1_503' title='bbox 1395 3453 1552 3507; x_wconf 81' lang='lat' dir='ltr'><strong>cognoscere</strong></span> <span class='ocrx_word' id='word_1_504' title='bbox 1586 3441 1660 3493; x_wconf 85' lang='lat' dir='ltr'><strong>niam</strong></span> <span class='ocrx_word' id='word_1_505' title='bbox 1691 3439 1828 3503; x_wconf 83' lang='lat' dir='ltr'><strong>veritatis,</strong></span> 
     </span>
     <span class='ocr_line' id='line_1_38' title="bbox 79 3522 1831 3600; baseline 0.002 -20"><span class='ocrx_word' id='word_1_506' title='bbox 79 3523 191 3596; x_wconf 84' lang='lat' dir='ltr'><strong>Quippe</strong></span> <span class='ocrx_word' id='word_1_507' title='bbox 206 3536 273 3580; x_wconf 92' lang='lat' dir='ltr'><strong>cum</strong></span> <span class='ocrx_word' id='word_1_508' title='bbox 288 3522 403 3588; x_wconf 82' lang='lat' dir='ltr'><strong>dicitur,</strong></span> <span class='ocrx_word' id='word_1_509' title='bbox 419 3524 519 3595; x_wconf 83' lang='lat' dir='ltr'><strong>diliges</strong></span> <span class='ocrx_word' id='word_1_510' title='bbox 536 3527 692 3596; x_wconf 74' lang='lat' dir='ltr'><strong>proximam</strong></span> <span class='ocrx_word' id='word_1_511' title='bbox 716 3531 793 3582; x_wconf 85' lang='lat' dir='ltr'><strong>taam</strong></span> <span class='ocrx_word' id='word_1_512' title='bbox 816 3528 926 3600; x_wconf 83' lang='lat' dir='ltr'><strong>(blattb.</strong></span> <span class='ocrx_word' id='word_1_513' title='bbox 982 3545 1064 3599; x_wconf 82' lang='lat' dir='ltr'><strong>paam</strong></span> <span class='ocrx_word' id='word_1_514' title='bbox 1098 3533 1161 3600; x_wconf 86' lang='lat' dir='ltr'><strong>post</strong></span> <span class='ocrx_word' id='word_1_515' title='bbox 1174 3532 1298 3598; x_wconf 78' lang='lat' dir='ltr'><strong>agnitam</strong></span> <span class='ocrx_word' id='word_1_516' title='bbox 1311 3535 1384 3584; x_wconf 87' lang='lat' dir='ltr'><strong>retro</strong></span> <span class='ocrx_word' id='word_1_517' title='bbox 1399 3529 1483 3584; x_wconf 88' lang='lat' dir='ltr'><strong>abire.</strong></span> <span class='ocrx_word' id='word_1_518' title='bbox 1510 3528 1585 3584; x_wconf 87' lang='lat' dir='ltr'><strong>Beue</strong></span> <span class='ocrx_word' id='word_1_519' title='bbox 1600 3529 1699 3598; x_wconf 83' lang='lat' dir='ltr'><strong>itaque</strong></span> <span class='ocrx_word' id='word_1_520' title='bbox 1721 3526 1831 3584; x_wconf 92' lang='lat' dir='ltr'><strong>dictum</strong></span> 
     </span>
     <span class='ocr_line' id='line_1_39' title="bbox 79 3611 1831 3690; baseline 0 -18"><span class='ocrx_word' id='word_1_521' title='bbox 79 3626 156 3680; x_wconf 80' lang='lat' dir='ltr'><strong>xxm,</strong></span> <span class='ocrx_word' id='word_1_522' title='bbox 181 3611 240 3684; x_wconf 79' lang='lat' dir='ltr'><strong>ab),</strong></span> <span class='ocrx_word' id='word_1_523' title='bbox 271 3620 360 3685; x_wconf 87' lang='lat' dir='ltr'><strong>atquo</strong></span> <span class='ocrx_word' id='word_1_524' title='bbox 376 3614 493 3671; x_wconf 86' lang='lat' dir='ltr'><strong>additur</strong></span> <span class='ocrx_word' id='word_1_525' title='bbox 522 3618 594 3670; x_wconf 88' lang='lat' dir='ltr'><strong>sicut</strong></span> <span class='ocrx_word' id='word_1_526' title='bbox 616 3617 744 3686; x_wconf 81' lang='lat' dir='ltr'><strong>teipsam,</strong></span> <span class='ocrx_word' id='word_1_527' title='bbox 782 3617 927 3688; x_wconf 84' lang='lat' dir='ltr'><strong>quomodo</strong></span> <span class='ocrx_word' id='word_1_528' title='bbox 982 3625 1024 3675; x_wconf 90' lang='lat' dir='ltr'><strong>est</strong></span> <span class='ocrx_word' id='word_1_529' title='bbox 1040 3634 1046 3674; x_wconf 94' lang='lat'><strong>:</strong></span> <span class='ocrx_word' id='word_1_530' title='bbox 1062 3619 1144 3675; x_wconf 83' lang='lat' dir='ltr'><strong>Absit</strong></span> <span class='ocrx_word' id='word_1_531' title='bbox 1172 3623 1203 3673; x_wconf 84' lang='lat' dir='ltr'><strong>ut</strong></span> <span class='ocrx_word' id='word_1_532' title='bbox 1219 3619 1263 3674; x_wconf 82' lang='lat' dir='ltr'><strong>lec</strong></span> <span class='ocrx_word' id='word_1_533' title='bbox 1290 3623 1431 3690; x_wconf 85' lang='lat' dir='ltr'><strong>peccatam</strong></span> <span class='ocrx_word' id='word_1_534' title='bbox 1462 3618 1509 3684; x_wconf 85' lang='lat' dir='ltr'><strong>sit,</strong></span> <span class='ocrx_word' id='word_1_535' title='bbox 1546 3617 1574 3673; x_wconf 91' lang='lat' dir='ltr'><strong>ld</strong></span> <span class='ocrx_word' id='word_1_536' title='bbox 1594 3623 1637 3673; x_wconf 89' lang='lat' dir='ltr'><strong>ost</strong></span> <span class='ocrx_word' id='word_1_537' title='bbox 1671 3615 1785 3672; x_wconf 86' lang='lat' dir='ltr'><strong>inutilis</strong></span> <span class='ocrx_word' id='word_1_538' title='bbox 1804 3621 1831 3672; x_wconf 89' lang='grc' dir='ltr'><strong>ει</strong></span> 
     </span>
     <span class='ocr_line' id='line_1_40' title="bbox 80 3700 1832 3779; baseline 0.002 -22"><span class='ocrx_word' id='word_1_539' title='bbox 80 3700 200 3772; x_wconf 90' lang='lat' dir='ltr'><strong>implero</strong></span> <span class='ocrx_word' id='word_1_540' title='bbox 214 3702 242 3760; x_wconf 92' lang='lat' dir='ltr'><strong>id</strong></span> <span class='ocrx_word' id='word_1_541' title='bbox 258 3716 417 3773; x_wconf 90' lang='lat' dir='ltr'><strong>possemus,</strong></span> <span class='ocrx_word' id='word_1_542' title='bbox 447 3705 503 3760; x_wconf 91' lang='lat' dir='ltr'><strong>nisi</strong></span> <span class='ocrx_word' id='word_1_543' title='bbox 519 3711 546 3761; x_wconf 89' lang='lat' dir='ltr'><strong>et</strong></span> <span class='ocrx_word' id='word_1_544' title='bbox 560 3718 613 3761; x_wconf 90' lang='lat' dir='ltr'><strong>nos</strong></span> <span class='ocrx_word' id='word_1_545' title='bbox 628 3706 703 3776; x_wconf 90' lang='lat' dir='ltr'><strong>ipsos</strong></span> <span class='ocrx_word' id='word_1_546' title='bbox 715 3704 928 3779; x_wconf 85' lang='lat' dir='ltr'><strong>diligeremus?</strong></span> <span class='ocrx_word' id='word_1_547' title='bbox 983 3707 1058 3764; x_wconf 89' lang='lat' dir='ltr'><strong>mala</strong></span> <span class='ocrx_word' id='word_1_548' title='bbox 1073 3721 1110 3764; x_wconf 82' lang='lat' dir='ltr'><strong>ex</strong></span> <span class='ocrx_word' id='word_1_549' title='bbox 1124 3722 1165 3777; x_wconf 92' lang='lat' dir='ltr'><strong>se,</strong></span> <span class='ocrx_word' id='word_1_550' title='bbox 1178 3706 1229 3764; x_wconf 83' lang='lat' dir='ltr'><strong>sed</strong></span> <span class='ocrx_word' id='word_1_551' title='bbox 1242 3715 1337 3763; x_wconf 88' lang='lat' dir='ltr'><strong>tamen</strong></span> <span class='ocrx_word' id='word_1_552' title='bbox 1357 3705 1506 3763; x_wconf 86' lang='lat' dir='ltr'><strong>occasione</strong></span> <span class='ocrx_word' id='word_1_553' title='bbox 1536 3704 1644 3776; x_wconf 91' lang='lat' dir='ltr'><strong>peccati</strong></span> <span class='ocrx_word' id='word_1_554' title='bbox 1658 3704 1736 3775; x_wconf 89' lang='lat' dir='ltr'><strong>quod</strong></span> <span class='ocrx_word' id='word_1_555' title='bbox 1765 3710 1832 3761; x_wconf 86' lang='lat' dir='ltr'><strong>anto</strong></span> 
     </span>
     <span class='ocr_line' id='line_1_41' title="bbox 79 3790 1832 3870; baseline 0 -22"><span class='ocrx_word' id='word_1_556' title='bbox 79 3790 228 3860; x_wconf 82' lang='lat' dir='ltr'><strong>Quomodo</strong></span> <span class='ocrx_word' id='word_1_557' title='bbox 258 3799 357 3850; x_wconf 90' lang='lat' dir='ltr'><strong>autem</strong></span> <span class='ocrx_word' id='word_1_558' title='bbox 384 3792 504 3865; x_wconf 90' lang='lat' dir='ltr'><strong>diligere</strong></span> <span class='ocrx_word' id='word_1_559' title='bbox 519 3793 564 3849; x_wconf 88' lang='lat' dir='ltr'><strong>vol</strong></span> <span class='ocrx_word' id='word_1_560' title='bbox 580 3807 632 3849; x_wconf 90' lang='lat' dir='ltr'><strong>nos</strong></span> <span class='ocrx_word' id='word_1_561' title='bbox 655 3793 733 3865; x_wconf 88' lang='lat' dir='ltr'><strong>ipsos</strong></span> <span class='ocrx_word' id='word_1_562' title='bbox 762 3809 928 3866; x_wconf 89' lang='lat' dir='ltr'><strong>possumus,</strong></span> <span class='ocrx_word' id='word_1_563' title='bbox 983 3810 1042 3852; x_wconf 95' lang='lat' dir='ltr'><strong>non</strong></span> <span class='ocrx_word' id='word_1_564' title='bbox 1070 3804 1131 3854; x_wconf 93' lang='lat' dir='ltr'><strong>erat</strong></span> <span class='ocrx_word' id='word_1_565' title='bbox 1159 3811 1195 3853; x_wconf 82' lang='lat' dir='ltr'><strong>ex</strong></span> <span class='ocrx_word' id='word_1_566' title='bbox 1220 3796 1284 3870; x_wconf 91' lang='lat' dir='ltr'><strong>ipsa</strong></span> <span class='ocrx_word' id='word_1_567' title='bbox 1308 3796 1483 3866; x_wconf 87' lang='lat' dir='ltr'><strong>accepimus,</strong></span> <span class='ocrx_word' id='word_1_568' title='bbox 1515 3795 1591 3851; x_wconf 92' lang='lat' dir='ltr'><strong>sicut</strong></span> <span class='ocrx_word' id='word_1_569' title='bbox 1618 3807 1654 3850; x_wconf 89' lang='lat' dir='ltr'><strong>ex</strong></span> <span class='ocrx_word' id='word_1_570' title='bbox 1682 3791 1832 3850; x_wconf 91' lang='lat' dir='ltr'><strong>nonnullis</strong></span> 
     </span>
     <span class='ocr_line' id='line_1_42' title="bbox 80 3880 1832 3956; baseline -0.002 -17"><span class='ocrx_word' id='word_1_571' title='bbox 80 3880 320 3939; x_wconf 86' lang='lat' dir='ltr'><strong>simaudatallei</strong></span> <span class='ocrx_word' id='word_1_572' title='bbox 342 3887 557 3939; x_wconf 89' lang='lat' dir='ltr'><strong>contemnentes</strong></span> <span class='ocrx_word' id='word_1_573' title='bbox 579 3883 680 3954; x_wconf 87' lang='lat' dir='ltr'><strong>inique</strong></span> <span class='ocrx_word' id='word_1_574' title='bbox 700 3884 851 3956; x_wconf 80' lang='lat' dir='ltr'><strong>agamus?</strong></span> <span class='ocrx_word' id='word_1_575' title='bbox 876 3883 930 3950; x_wconf 84' lang='lat' dir='ltr'><strong>Qui</strong></span> <span class='ocrx_word' id='word_1_576' title='bbox 982 3884 1145 3955; x_wconf 83' lang='lat' dir='ltr'><strong>bonisquae</strong></span> <span class='ocrx_word' id='word_1_577' title='bbox 1160 3885 1320 3950; x_wconf 81' lang='lat' dir='ltr'><strong>Demetai,</strong></span> <span class='ocrx_word' id='word_1_578' title='bbox 1336 3897 1411 3954; x_wconf 78' lang='lat' dir='ltr'><strong>saepo</strong></span> <span class='ocrx_word' id='word_1_579' title='bbox 1437 3882 1700 3953; x_wconf 90' lang='lat' dir='ltr'><strong>concupiscentiam</strong></span> <span class='ocrx_word' id='word_1_580' title='bbox 1729 3880 1832 3937; x_wconf 91' lang='lat' dir='ltr'><strong>incur·</strong></span> 
     </span>
     <span class='ocr_line' id='line_1_43' title="bbox 80 3967 1832 4045; baseline 0 -18"><span class='ocrx_word' id='word_1_581' title='bbox 80 3973 153 4027; x_wconf 87' lang='lat' dir='ltr'><strong>caim</strong></span> <span class='ocrx_word' id='word_1_582' title='bbox 167 3967 263 4041; x_wconf 83' lang='lat' dir='ltr'><strong>diiiptt</strong></span> <span class='ocrx_word' id='word_1_583' title='bbox 291 3971 473 4044; x_wconf 82' lang='lat' dir='ltr'><strong>iniquitatem,</strong></span> <span class='ocrx_word' id='word_1_584' title='bbox 505 3971 565 4028; x_wconf 90' lang='lat' dir='ltr'><strong>odit</strong></span> <span class='ocrx_word' id='word_1_585' title='bbox 590 3975 711 4027; x_wconf 83' lang='lat' dir='ltr'><strong>animam</strong></span> <span class='ocrx_word' id='word_1_586' title='bbox 733 3988 814 4029; x_wconf 86' lang='lat' dir='ltr'><strong>suam</strong></span> <span class='ocrx_word' id='word_1_587' title='bbox 839 3974 927 4045; x_wconf 81' lang='lat' dir='ltr'><strong>(Psoi.</strong></span> <span class='ocrx_word' id='word_1_588' title='bbox 983 3972 1075 4029; x_wconf 91' lang='lat' dir='ltr'><strong>rimus</strong></span> <span class='ocrx_word' id='word_1_589' title='bbox 1085 3972 1108 4029; x_wconf 88' lang='lat' dir='ltr'><strong>si</strong></span> <span class='ocrx_word' id='word_1_590' title='bbox 1120 3971 1165 4028; x_wconf 89' lang='lat' dir='ltr'><strong>bis</strong></span> <span class='ocrx_word' id='word_1_591' title='bbox 1189 3985 1350 4038; x_wconf 89' lang='lat' dir='ltr'><strong>careamus,</strong></span> <span class='ocrx_word' id='word_1_592' title='bbox 1365 3971 1411 4028; x_wconf 93' lang='lat' dir='ltr'><strong>vel</strong></span> <span class='ocrx_word' id='word_1_593' title='bbox 1440 3970 1618 4040; x_wconf 90' lang='lat' dir='ltr'><strong>superbiam,</strong></span> <span class='ocrx_word' id='word_1_594' title='bbox 1644 3971 1667 4026; x_wconf 91' lang='lat' dir='ltr'><strong>si</strong></span> <span class='ocrx_word' id='word_1_595' title='bbox 1688 3971 1750 4041; x_wconf 88' lang='lat' dir='ltr'><strong>ipsa</strong></span> <span class='ocrx_word' id='word_1_596' title='bbox 1777 3969 1832 4027; x_wconf 82' lang='lat' dir='ltr'><strong>ba·</strong></span> 
     </span>
     <span class='ocr_line' id='line_1_44' title="bbox 82 4058 1831 4133; baseline -0.001 -17"><span class='ocrx_word' id='word_1_597' title='bbox 82 4072 114 4129; x_wconf 84' lang='lat' dir='ltr'><strong>x,</strong></span> <span class='ocrx_word' id='word_1_598' title='bbox 130 4059 168 4133; x_wconf 85' lang='grc' dir='ltr'><strong>ι).</strong></span> <span class='ocrx_word' id='word_1_599' title='bbox 983 4060 1113 4118; x_wconf 91' lang='lat' dir='ltr'><strong>beamus.</strong></span> <span class='ocrx_word' id='word_1_600' title='bbox 1135 4061 1196 4117; x_wconf 87' lang='lat' dir='ltr'><strong>Non</strong></span> <span class='ocrx_word' id='word_1_601' title='bbox 1212 4066 1307 4117; x_wconf 92' lang='lat' dir='ltr'><strong>tamen</strong></span> <span class='ocrx_word' id='word_1_602' title='bbox 1325 4060 1386 4117; x_wconf 89' lang='lat' dir='ltr'><strong>ideo</strong></span> <span class='ocrx_word' id='word_1_603' title='bbox 1415 4060 1491 4117; x_wconf 90' lang='lat' dir='ltr'><strong>mala</strong></span> <span class='ocrx_word' id='word_1_604' title='bbox 1513 4066 1583 4117; x_wconf 90' lang='lat' dir='ltr'><strong>sunt</strong></span> <span class='ocrx_word' id='word_1_605' title='bbox 1608 4059 1672 4130; x_wconf 92' lang='lat' dir='ltr'><strong>ipsa</strong></span> <span class='ocrx_word' id='word_1_606' title='bbox 1698 4058 1831 4126; x_wconf 89' lang='lat' dir='ltr'><strong>dicenda,</strong></span> 
     </span>
     <span class='ocr_line' id='line_1_45' title="bbox 117 4147 1831 4223; baseline -0.002 -18"><span class='ocrx_word' id='word_1_607' title='bbox 117 4148 191 4214; x_wconf 80' lang='lat' dir='ltr'><strong>Quid</strong></span> <span class='ocrx_word' id='word_1_608' title='bbox 210 4165 274 4219; x_wconf 80' lang='lat' dir='ltr'><strong>erpo</strong></span> <span class='ocrx_word' id='word_1_609' title='bbox 301 4147 445 4205; x_wconf 82' lang='lat' dir='ltr'><strong>dicemus?</strong></span> <span class='ocrx_word' id='word_1_610' title='bbox 462 4148 506 4204; x_wconf 82' lang='lat' dir='ltr'><strong>lec</strong></span> <span class='ocrx_word' id='word_1_611' title='bbox 521 4157 664 4221; x_wconf 85' lang='lat' dir='ltr'><strong>peccatam</strong></span> <span class='ocrx_word' id='word_1_612' title='bbox 678 4150 747 4208; x_wconf 83' lang='lat' dir='ltr'><strong>est?</strong></span> <span class='ocrx_word' id='word_1_613' title='bbox 767 4151 929 4210; x_wconf 84' lang='lat' dir='ltr'><strong>Continua—</strong></span> <span class='ocrx_word' id='word_1_614' title='bbox 984 4149 1007 4206; x_wconf 92' lang='lat' dir='ltr'><strong>si</strong></span> <span class='ocrx_word' id='word_1_615' title='bbox 1031 4150 1106 4207; x_wconf 89' lang='lat' dir='ltr'><strong>male</strong></span> <span class='ocrx_word' id='word_1_616' title='bbox 1133 4151 1195 4223; x_wconf 92' lang='lat' dir='ltr'><strong>ipsa</strong></span> <span class='ocrx_word' id='word_1_617' title='bbox 1222 4149 1427 4216; x_wconf 89' lang='lat' dir='ltr'><strong>desideremus,</strong></span> <span class='ocrx_word' id='word_1_618' title='bbox 1443 4149 1487 4206; x_wconf 91' lang='lat' dir='ltr'><strong>vol</strong></span> <span class='ocrx_word' id='word_1_619' title='bbox 1510 4149 1586 4206; x_wconf 91' lang='lat' dir='ltr'><strong>male</strong></span> <span class='ocrx_word' id='word_1_620' title='bbox 1601 4148 1670 4218; x_wconf 90' lang='lat' dir='ltr'><strong>ipsis</strong></span> <span class='ocrx_word' id='word_1_621' title='bbox 1699 4155 1831 4205; x_wconf 87' lang='lat' dir='ltr'><strong>utamur.</strong></span> 
     </span>
     <span class='ocr_line' id='line_1_46' title="bbox 82 4237 1833 4316; baseline -0.001 -20"><span class='ocrx_word' id='word_1_622' title='bbox 82 4239 146 4296; x_wconf 91' lang='lat' dir='ltr'><strong>tio:</strong></span> <span class='ocrx_word' id='word_1_623' title='bbox 174 4237 241 4295; x_wconf 81' lang='lat' dir='ltr'><strong>Dixi</strong></span> <span class='ocrx_word' id='word_1_624' title='bbox 268 4238 415 4308; x_wconf 87' lang='lat' dir='ltr'><strong>passiones</strong></span> <span class='ocrx_word' id='word_1_625' title='bbox 441 4247 623 4311; x_wconf 88' lang='lat' dir='ltr'><strong>peccatorum</strong></span> <span class='ocrx_word' id='word_1_626' title='bbox 664 4255 716 4312; x_wconf 91' lang='lat' dir='ltr'><strong>per</strong></span> <span class='ocrx_word' id='word_1_627' title='bbox 741 4241 832 4316; x_wconf 90' lang='lat' dir='ltr'><strong>legem</strong></span> <span class='ocrx_word' id='word_1_628' title='bbox 863 4242 970 4303; x_wconf 81' lang='lat' dir='ltr'><strong>olimlt</strong></span> <span class='ocrx_word' id='word_1_629' title='bbox 987 4240 1033 4298; x_wconf 91' lang='lat' dir='ltr'><strong>Sic</strong></span> <span class='ocrx_word' id='word_1_630' title='bbox 1047 4240 1117 4313; x_wconf 90' lang='lat' dir='ltr'><strong>lege,</strong></span> <span class='ocrx_word' id='word_1_631' title='bbox 1143 4242 1296 4309; x_wconf 83' lang='lat' dir='ltr'><strong>peccatam,</strong></span> <span class='ocrx_word' id='word_1_632' title='bbox 1328 4238 1356 4294; x_wconf 87' lang='lat' dir='ltr'><strong>id</strong></span> <span class='ocrx_word' id='word_1_633' title='bbox 1383 4245 1425 4294; x_wconf 92' lang='lat' dir='ltr'><strong>est</strong></span> <span class='ocrx_word' id='word_1_634' title='bbox 1445 4253 1530 4309; x_wconf 89' lang='lat' dir='ltr'><strong>poeua</strong></span> <span class='ocrx_word' id='word_1_635' title='bbox 1557 4245 1585 4294; x_wconf 91' lang='lat' dir='ltr'><strong>ot</strong></span> <span class='ocrx_word' id='word_1_636' title='bbox 1606 4237 1724 4294; x_wconf 85' lang='lat' dir='ltr'><strong>afflictio</strong></span> <span class='ocrx_word' id='word_1_637' title='bbox 1744 4237 1833 4308; x_wconf 86' lang='lat' dir='ltr'><strong>hujus</strong></span> 
     </span>
     <span class='ocr_line' id='line_1_47' title="bbox 83 4326 1834 4404; baseline -0.002 -20"><span class='ocrx_word' id='word_1_638' title='bbox 83 4327 207 4398; x_wconf 88' lang='lat' dir='ltr'><strong>operari,</strong></span> <span class='ocrx_word' id='word_1_639' title='bbox 237 4335 270 4385; x_wconf 93' lang='lat' dir='ltr'><strong>ut</strong></span> <span class='ocrx_word' id='word_1_640' title='bbox 285 4327 354 4384; x_wconf 91' lang='lat' dir='ltr'><strong>utile</strong></span> <span class='ocrx_word' id='word_1_641' title='bbox 376 4327 462 4385; x_wconf 90' lang='lat' dir='ltr'><strong>etiam</strong></span> <span class='ocrx_word' id='word_1_642' title='bbox 488 4329 570 4386; x_wconf 93' lang='lat' dir='ltr'><strong>nobis</strong></span> <span class='ocrx_word' id='word_1_643' title='bbox 585 4336 659 4386; x_wconf 90' lang='lat' dir='ltr'><strong>esset</strong></span> <span class='ocrx_word' id='word_1_644' title='bbox 687 4344 705 4387; x_wconf 88' lang='lat' dir='ltr'><strong>a</strong></span> <span class='ocrx_word' id='word_1_645' title='bbox 734 4331 795 4404; x_wconf 88' lang='lat' dir='ltr'><strong>lego</strong></span> <span class='ocrx_word' id='word_1_646' title='bbox 820 4331 932 4390; x_wconf 92' lang='lat' dir='ltr'><strong>absolvi</strong></span> <span class='ocrx_word' id='word_1_647' title='bbox 985 4326 1240 4399; x_wconf 84' lang='lat' dir='ltr'><strong>vitaetemporalis,</strong></span> <span class='ocrx_word' id='word_1_648' title='bbox 1254 4341 1343 4397; x_wconf 86' lang='lat' dir='ltr'><strong>quam</strong></span> <span class='ocrx_word' id='word_1_649' title='bbox 1360 4341 1396 4384; x_wconf 81' lang='lat' dir='ltr'><strong>ex</strong></span> <span class='ocrx_word' id='word_1_650' title='bbox 1419 4327 1506 4398; x_wconf 92' lang='lat' dir='ltr'><strong>culpa</strong></span> <span class='ocrx_word' id='word_1_651' title='bbox 1522 4326 1653 4398; x_wconf 90' lang='lat' dir='ltr'><strong>priorum</strong></span> <span class='ocrx_word' id='word_1_652' title='bbox 1678 4333 1834 4396; x_wconf 89' lang='lat' dir='ltr'><strong>parentum</strong></span> 
     </span>
     <span class='ocr_line' id='line_1_48' title="bbox 84 4416 1833 4493; baseline -0.003 -19"><span class='ocrx_word' id='word_1_653' title='bbox 84 4417 169 4488; x_wconf 84' lang='lat' dir='ltr'><strong>qnasi</strong></span> <span class='ocrx_word' id='word_1_654' title='bbox 195 4430 212 4473; x_wconf 92' lang='lat' dir='ltr'><strong>a</strong></span> <span class='ocrx_word' id='word_1_655' title='bbox 241 4424 366 4489; x_wconf 89' lang='lat' dir='ltr'><strong>peccata.</strong></span> <span class='ocrx_word' id='word_1_656' title='bbox 389 4416 464 4484; x_wconf 81' lang='lat' dir='ltr'><strong>Quid</strong></span> <span class='ocrx_word' id='word_1_657' title='bbox 490 4433 553 4487; x_wconf 82' lang='lat' dir='ltr'><strong>erpa</strong></span> <span class='ocrx_word' id='word_1_658' title='bbox 584 4419 714 4488; x_wconf 81' lang='lat' dir='ltr'><strong>dicemus,</strong></span> <span class='ocrx_word' id='word_1_659' title='bbox 746 4420 836 4477; x_wconf 89' lang='lat' dir='ltr'><strong>idest</strong></span> <span class='ocrx_word' id='word_1_660' title='bbox 861 4421 932 4493; x_wconf 87' lang='lat' dir='ltr'><strong>qnid</strong></span> <span class='ocrx_word' id='word_1_661' title='bbox 985 4419 1173 4484; x_wconf 90' lang='lat' dir='ltr'><strong>sustinemus,</strong></span> <span class='ocrx_word' id='word_1_662' title='bbox 1197 4423 1315 4488; x_wconf 88' lang='lat' dir='ltr'><strong>operata</strong></span> <span class='ocrx_word' id='word_1_663' title='bbox 1337 4423 1380 4474; x_wconf 93' lang='lat' dir='ltr'><strong>est</strong></span> <span class='ocrx_word' id='word_1_664' title='bbox 1403 4416 1432 4472; x_wconf 91' lang='lat' dir='ltr'><strong>in</strong></span> <span class='ocrx_word' id='word_1_665' title='bbox 1465 4416 1549 4473; x_wconf 91' lang='lat' dir='ltr'><strong>nobis</strong></span> <span class='ocrx_word' id='word_1_666' title='bbox 1574 4431 1678 4472; x_wconf 81' lang='lat' dir='ltr'><strong>amnem</strong></span> <span class='ocrx_word' id='word_1_667' title='bbox 1705 4416 1833 4485; x_wconf 83' lang='lat' dir='ltr'><strong>concapi-</strong></span> 
     </span>
     <span class='ocr_line' id='line_1_49' title="bbox 84 4503 1831 4580; baseline -0.003 -16"><span class='ocrx_word' id='word_1_668' title='bbox 84 4505 201 4579; x_wconf 85' lang='lat' dir='ltr'><strong>delego</strong></span> <span class='ocrx_word' id='word_1_669' title='bbox 232 4505 416 4565; x_wconf 88' lang='lat' dir='ltr'><strong>sentiendum</strong></span> <span class='ocrx_word' id='word_1_670' title='bbox 448 4515 491 4564; x_wconf 91' lang='lat' dir='ltr'><strong>ost</strong></span> <span class='ocrx_word' id='word_1_671' title='bbox 529 4522 618 4580; x_wconf 83' lang='lat' dir='ltr'><strong>quam</strong></span> <span class='ocrx_word' id='word_1_672' title='bbox 656 4507 763 4565; x_wconf 88' lang='lat' dir='ltr'><strong>bonam</strong></span> <span class='ocrx_word' id='word_1_673' title='bbox 806 4509 933 4580; x_wconf 86' lang='lat' dir='ltr'><strong>putaba—</strong></span> <span class='ocrx_word' id='word_1_674' title='bbox 985 4509 1126 4576; x_wconf 83' lang='lat' dir='ltr'><strong>sceatiam,</strong></span> <span class='ocrx_word' id='word_1_675' title='bbox 1145 4505 1342 4578; x_wconf 88' lang='lat' dir='ltr'><strong>quorumlibet</strong></span> <span class='ocrx_word' id='word_1_676' title='bbox 1356 4503 1831 4573; x_wconf 73' lang='lat' dir='ltr'><strong>scilicetterrenorumbonorum,</strong></span> 
     </span>
     <span class='ocr_line' id='line_1_50' title="bbox 85 4594 1833 4668; baseline -0.002 -16"><span class='ocrx_word' id='word_1_677' title='bbox 85 4595 330 4668; x_wconf 78' lang='lat' dir='ltr'><strong>musinunqnid</strong></span> <span class='ocrx_word' id='word_1_678' title='bbox 342 4595 403 4668; x_wconf 84' lang='lat' dir='ltr'><strong>jam</strong></span> <span class='ocrx_word' id='word_1_679' title='bbox 426 4596 488 4665; x_wconf 91' lang='lat' dir='ltr'><strong>ipsa</strong></span> <span class='ocrx_word' id='word_1_680' title='bbox 515 4610 574 4652; x_wconf 91' lang='lat' dir='ltr'><strong>non</strong></span> <span class='ocrx_word' id='word_1_681' title='bbox 598 4595 716 4653; x_wconf 89' lang='lat' dir='ltr'><strong>videtur</strong></span> <span class='ocrx_word' id='word_1_682' title='bbox 739 4595 835 4666; x_wconf 90' lang='lat' dir='ltr'><strong>potius</strong></span> <span class='ocrx_word' id='word_1_683' title='bbox 857 4597 934 4655; x_wconf 91' lang='lat' dir='ltr'><strong>mala</strong></span> <span class='ocrx_word' id='word_1_684' title='bbox 986 4604 1019 4654; x_wconf 91' lang='lat' dir='ltr'><strong>nt</strong></span> <span class='ocrx_word' id='word_1_685' title='bbox 1044 4609 1207 4667; x_wconf 86' lang='lat' dir='ltr'><strong>percorum</strong></span> <span class='ocrx_word' id='word_1_686' title='bbox 1223 4594 1356 4653; x_wconf 79' lang='lat' dir='ltr'><strong>videlicet</strong></span> <span class='ocrx_word' id='word_1_687' title='bbox 1375 4594 1587 4651; x_wconf 89' lang='lat' dir='ltr'><strong>abundantiam</strong></span> <span class='ocrx_word' id='word_1_688' title='bbox 1616 4607 1730 4649; x_wconf 90' lang='lat' dir='ltr'><strong>omnem</strong></span> <span class='ocrx_word' id='word_1_689' title='bbox 1761 4605 1833 4662; x_wconf 78' lang='lat' dir='ltr'><strong>prae·</strong></span> 
     </span>
     <span class='ocr_line' id='line_1_51' title="bbox 85 4681 1836 4756; baseline -0.001 -15"><span class='ocrx_word' id='word_1_690' title='bbox 85 4682 207 4742; x_wconf 90' lang='lat' dir='ltr'><strong>dicenda</strong></span> <span class='ocrx_word' id='word_1_691' title='bbox 227 4697 289 4741; x_wconf 90' lang='lat' dir='ltr'><strong>osse</strong></span> <span class='ocrx_word' id='word_1_692' title='bbox 314 4697 404 4756; x_wconf 88' lang='lat' dir='ltr'><strong>quam</strong></span> <span class='ocrx_word' id='word_1_693' title='bbox 425 4683 527 4741; x_wconf 82' lang='lat' dir='ltr'><strong>bonai</strong></span> <span class='ocrx_word' id='word_1_694' title='bbox 545 4683 581 4740; x_wconf 84' lang='lat' dir='ltr'><strong>Et</strong></span> <span class='ocrx_word' id='word_1_695' title='bbox 598 4683 653 4740; x_wconf 90' lang='lat' dir='ltr'><strong>boc</strong></span> <span class='ocrx_word' id='word_1_696' title='bbox 680 4691 723 4741; x_wconf 92' lang='lat' dir='ltr'><strong>est</strong></span> <span class='ocrx_word' id='word_1_697' title='bbox 748 4684 827 4755; x_wconf 87' lang='lat' dir='ltr'><strong>quod</strong></span> <span class='ocrx_word' id='word_1_698' title='bbox 849 4685 934 4756; x_wconf 84' lang='lat' dir='ltr'><strong>quasi</strong></span> <span class='ocrx_word' id='word_1_699' title='bbox 987 4684 1113 4742; x_wconf 89' lang='lat' dir='ltr'><strong>sentium</strong></span> <span class='ocrx_word' id='word_1_700' title='bbox 1137 4698 1337 4742; x_wconf 88' lang='lat' dir='ltr'><strong>aerumnarum</strong></span> <span class='ocrx_word' id='word_1_701' title='bbox 1357 4684 1498 4740; x_wconf 87' lang='lat' dir='ltr'><strong>evitemus</strong></span> <span class='ocrx_word' id='word_1_702' title='bbox 1512 4681 1747 4739; x_wconf 76' lang='lat' dir='ltr'><strong>anxietatemlit</strong></span> <span class='ocrx_word' id='word_1_703' title='bbox 1764 4694 1836 4752; x_wconf 81' lang='lat' dir='ltr'><strong>qno</strong></span> 
     </span>
     <span class='ocr_line' id='line_1_52' title="bbox 85 4770 1621 4845; baseline -0.002 -15"><span class='ocrx_word' id='word_1_704' title='bbox 85 4772 200 4832; x_wconf 90' lang='lat' dir='ltr'><strong>sibimet</strong></span> <span class='ocrx_word' id='word_1_705' title='bbox 227 4770 392 4845; x_wconf 77' lang='lat' dir='ltr'><strong>objiciendo</strong></span> <span class='ocrx_word' id='word_1_706' title='bbox 417 4772 456 4829; x_wconf 90' lang='lat' dir='ltr'><strong>ait</strong></span> <span class='ocrx_word' id='word_1_707' title='bbox 472 4788 479 4828; x_wconf 77' lang='grc' dir='ltr'><strong>ε</strong></span> <span class='ocrx_word' id='word_1_708' title='bbox 503 4772 638 4839; x_wconf 81' lang='lat' dir='ltr'><strong>Naaaaid</strong></span> <span class='ocrx_word' id='word_1_709' title='bbox 666 4774 710 4828; x_wconf 81' lang='lat' dir='ltr'><strong>lea</strong></span> <span class='ocrx_word' id='word_1_710' title='bbox 725 4778 870 4844; x_wconf 85' lang='lat' dir='ltr'><strong>peccatam</strong></span> <span class='ocrx_word' id='word_1_711' title='bbox 882 4779 934 4845; x_wconf 86' lang='lat' dir='ltr'><strong>esi,</strong></span> <span class='ocrx_word' id='word_1_712' title='bbox 987 4773 1072 4830; x_wconf 89' lang='lat' dir='ltr'><strong>modo</strong></span> <span class='ocrx_word' id='word_1_713' title='bbox 1087 4773 1114 4830; x_wconf 93' lang='lat' dir='ltr'><strong>id</strong></span> <span class='ocrx_word' id='word_1_714' title='bbox 1130 4781 1247 4843; x_wconf 91' lang='lat' dir='ltr'><strong>operata</strong></span> <span class='ocrx_word' id='word_1_715' title='bbox 1263 4774 1299 4829; x_wconf 90' lang='lat' dir='ltr'><strong>sit</strong></span> <span class='ocrx_word' id='word_1_716' title='bbox 1315 4773 1492 4831; x_wconf 89' lang='lat' dir='ltr'><strong>domonstrat</strong></span> <span class='ocrx_word' id='word_1_717' title='bbox 1506 4772 1621 4828; x_wconf 90' lang='lat' dir='ltr'><strong>dicens:</strong></span> 
     </span>
     <span class='ocr_line' id='line_1_53' title="bbox 85 4856 1836 4935; baseline -0.003 -16"><span class='ocrx_word' id='word_1_718' title='bbox 85 4863 171 4922; x_wconf 90' lang='lat' dir='ltr'><strong>idest</strong></span> <span class='ocrx_word' id='word_1_719' title='bbox 193 4864 230 4921; x_wconf 89' lang='lat' dir='ltr'><strong>ad</strong></span> <span class='ocrx_word' id='word_1_720' title='bbox 259 4862 476 4921; x_wconf 87' lang='lat' dir='ltr'><strong>damnationem</strong></span> <span class='ocrx_word' id='word_1_721' title='bbox 502 4863 597 4935; x_wconf 91' lang='lat' dir='ltr'><strong>potius</strong></span> <span class='ocrx_word' id='word_1_722' title='bbox 624 4876 713 4935; x_wconf 85' lang='lat' dir='ltr'><strong>quam</strong></span> <span class='ocrx_word' id='word_1_723' title='bbox 743 4865 778 4920; x_wconf 90' lang='lat' dir='ltr'><strong>ab</strong></span> <span class='ocrx_word' id='word_1_724' title='bbox 811 4860 936 4925; x_wconf 86' lang='lat' dir='ltr'><strong>salutom</strong></span> <span class='ocrx_word' id='word_1_725' title='bbox 1025 4864 1143 4932; x_wconf 79' lang='lat' dir='ltr'><strong>Accepta</strong></span> <span class='ocrx_word' id='word_1_726' title='bbox 1161 4864 1299 4918; x_wconf 85' lang='lat' dir='ltr'><strong>occasione</strong></span> <span class='ocrx_word' id='word_1_727' title='bbox 1322 4861 1561 4932; x_wconf 84' lang='lat' dir='ltr'><strong>permundatam,</strong></span> <span class='ocrx_word' id='word_1_728' title='bbox 1582 4860 1610 4917; x_wconf 93' lang='lat' dir='ltr'><strong>id</strong></span> <span class='ocrx_word' id='word_1_729' title='bbox 1633 4866 1676 4915; x_wconf 88' lang='lat' dir='ltr'><strong>est</strong></span> <span class='ocrx_word' id='word_1_730' title='bbox 1695 4856 1836 4930; x_wconf 86' lang='lat' dir='ltr'><strong>perlegis</strong></span> 
     </span>
     <span class='ocr_line' id='line_1_54' title="bbox 85 4945 1836 5025; baseline -0.003 -17"><span class='ocrx_word' id='word_1_731' title='bbox 85 4950 267 5023; x_wconf 89' lang='lat' dir='ltr'><strong>pertrahens,</strong></span> <span class='ocrx_word' id='word_1_732' title='bbox 282 4959 315 5009; x_wconf 93' lang='lat' dir='ltr'><strong>nt</strong></span> <span class='ocrx_word' id='word_1_733' title='bbox 338 4951 470 5010; x_wconf 87' lang='lat' dir='ltr'><strong>videlicet</strong></span> <span class='ocrx_word' id='word_1_734' title='bbox 493 4952 709 5011; x_wconf 89' lang='lat' dir='ltr'><strong>damnationem</strong></span> <span class='ocrx_word' id='word_1_735' title='bbox 737 4953 935 5025; x_wconf 80' lang='lat' dir='ltr'><strong>potiusquam</strong></span> <span class='ocrx_word' id='word_1_736' title='bbox 988 4950 1178 5009; x_wconf 86' lang='lat' dir='ltr'><strong>obedientiam</strong></span> <span class='ocrx_word' id='word_1_737' title='bbox 1204 4951 1264 5006; x_wconf 80' lang='lat' dir='ltr'><strong>bac</strong></span> <span class='ocrx_word' id='word_1_738' title='bbox 1288 4956 1401 5007; x_wconf 91' lang='lat' dir='ltr'><strong>terrena</strong></span> <span class='ocrx_word' id='word_1_739' title='bbox 1425 4951 1501 5007; x_wconf 91' lang='lat' dir='ltr'><strong>bona</strong></span> <span class='ocrx_word' id='word_1_740' title='bbox 1523 4947 1725 5020; x_wconf 88' lang='lat' dir='ltr'><strong>promittentis.</strong></span> <span class='ocrx_word' id='word_1_741' title='bbox 1754 4945 1836 5013; x_wconf 90' lang='lat' dir='ltr'><strong>Quod</strong></span> 
     </span>
     <span class='ocr_line' id='line_1_55' title="bbox 86 5035 1836 5113; baseline -0.003 -16"><span class='ocrx_word' id='word_1_742' title='bbox 86 5041 209 5100; x_wconf 90' lang='lat' dir='ltr'><strong>salutem</strong></span> <span class='ocrx_word' id='word_1_743' title='bbox 250 5040 335 5100; x_wconf 90' lang='lat' dir='ltr'><strong>nobis</strong></span> <span class='ocrx_word' id='word_1_744' title='bbox 373 5049 583 5113; x_wconf 86' lang='lat' dir='ltr'><strong>promereatur,</strong></span> <span class='ocrx_word' id='word_1_745' title='bbox 611 5049 639 5101; x_wconf 91' lang='lat' dir='ltr'><strong>ot</strong></span> <span class='ocrx_word' id='word_1_746' title='bbox 673 5043 854 5101; x_wconf 90' lang='lat' dir='ltr'><strong>solummodo</strong></span> <span class='ocrx_word' id='word_1_747' title='bbox 882 5056 935 5100; x_wconf 91' lang='lat' dir='ltr'><strong>no·</strong></span> <span class='ocrx_word' id='word_1_748' title='bbox 987 5041 1066 5098; x_wconf 90' lang='lat' dir='ltr'><strong>enim</strong></span> <span class='ocrx_word' id='word_1_749' title='bbox 1089 5039 1137 5096; x_wconf 84' lang='lat' dir='ltr'><strong>lex</strong></span> <span class='ocrx_word' id='word_1_750' title='bbox 1158 5038 1476 5110; x_wconf 90' lang='lat' dir='ltr'><strong>proptercbedientiam</strong></span> <span class='ocrx_word' id='word_1_751' title='bbox 1491 5040 1537 5096; x_wconf 90' lang='lat' dir='ltr'><strong>sui</strong></span> <span class='ocrx_word' id='word_1_752' title='bbox 1558 5035 1836 5110; x_wconf 81' lang='lat' dir='ltr'><strong>bocpmmittebat,</strong></span> 
     </span>
     <span class='ocr_line' id='line_1_56' title="bbox 85 5124 1837 5205; baseline -0.003 -18"><span class='ocrx_word' id='word_1_753' title='bbox 85 5144 159 5200; x_wconf 85' lang='lat' dir='ltr'><strong>coro,</strong></span> <span class='ocrx_word' id='word_1_754' title='bbox 182 5144 240 5188; x_wconf 91' lang='lat' dir='ltr'><strong>non</strong></span> <span class='ocrx_word' id='word_1_755' title='bbox 266 5131 372 5202; x_wconf 80' lang='lat' dir='ltr'><strong>juvare</strong></span> <span class='ocrx_word' id='word_1_756' title='bbox 386 5138 484 5205; x_wconf 84' lang='lat' dir='ltr'><strong>queat,</strong></span> <span class='ocrx_word' id='word_1_757' title='bbox 500 5138 528 5188; x_wconf 89' lang='lat' dir='ltr'><strong>et</strong></span> <span class='ocrx_word' id='word_1_758' title='bbox 543 5132 573 5187; x_wconf 93' lang='lat' dir='ltr'><strong>in</strong></span> <span class='ocrx_word' id='word_1_759' title='bbox 588 5145 618 5189; x_wconf 91' lang='lat' dir='ltr'><strong>so</strong></span> <span class='ocrx_word' id='word_1_760' title='bbox 632 5132 706 5189; x_wconf 90' lang='lat' dir='ltr'><strong>nibil</strong></span> <span class='ocrx_word' id='word_1_761' title='bbox 736 5133 804 5189; x_wconf 90' lang='lat' dir='ltr'><strong>boni</strong></span> <span class='ocrx_word' id='word_1_762' title='bbox 829 5131 935 5189; x_wconf 89' lang='lat' dir='ltr'><strong>habeat</strong></span> <span class='ocrx_word' id='word_1_763' title='bbox 988 5143 1047 5187; x_wconf 91' lang='lat' dir='ltr'><strong>non</strong></span> <span class='ocrx_word' id='word_1_764' title='bbox 1074 5129 1228 5185; x_wconf 90' lang='lat' dir='ltr'><strong>videbatur</strong></span> <span class='ocrx_word' id='word_1_765' title='bbox 1248 5135 1663 5198; x_wconf 84' lang='lat' dir='ltr'><strong>peccare,quantumcunquo</strong></span> <span class='ocrx_word' id='word_1_766' title='bbox 1690 5124 1741 5182; x_wconf 90' lang='lat' dir='ltr'><strong>illa</strong></span> <span class='ocrx_word' id='word_1_767' title='bbox 1765 5138 1837 5182; x_wconf 89' lang='lat' dir='ltr'><strong>con-</strong></span> 
     </span>
     <span class='ocr_line' id='line_1_57' title="bbox 85 5214 1838 5293; baseline -0.002 -18"><span class='ocrx_word' id='word_1_768' title='bbox 85 5219 289 5293; x_wconf 81' lang='lat' dir='ltr'><strong>magis.quam</strong></span> <span class='ocrx_word' id='word_1_769' title='bbox 305 5229 454 5293; x_wconf 89' lang='lat' dir='ltr'><strong>peccatum</strong></span> <span class='ocrx_word' id='word_1_770' title='bbox 470 5219 603 5278; x_wconf 76' lang='lat' dir='ltr'><strong>idbsitl</strong></span> <span class='ocrx_word' id='word_1_771' title='bbox 621 5230 654 5279; x_wconf 90' lang='lat' dir='ltr'><strong>ut</strong></span> <span class='ocrx_word' id='word_1_772' title='bbox 665 5222 719 5279; x_wconf 89' lang='lat' dir='ltr'><strong>boc</strong></span> <span class='ocrx_word' id='word_1_773' title='bbox 733 5220 866 5279; x_wconf 91' lang='lat' dir='ltr'><strong>videlicet</strong></span> <span class='ocrx_word' id='word_1_774' title='bbox 876 5233 936 5280; x_wconf 91' lang='lat' dir='ltr'><strong>cre·</strong></span> <span class='ocrx_word' id='word_1_775' title='bbox 988 5215 1212 5288; x_wconf 91' lang='lat' dir='ltr'><strong>cupisceremus,</strong></span> <span class='ocrx_word' id='word_1_776' title='bbox 1228 5215 1253 5272; x_wconf 93' lang='lat' dir='ltr'><strong>si</strong></span> <span class='ocrx_word' id='word_1_777' title='bbox 1267 5214 1437 5287; x_wconf 90' lang='lat' dir='ltr'><strong>requisitam</strong></span> <span class='ocrx_word' id='word_1_778' title='bbox 1449 5214 1639 5272; x_wconf 90' lang='lat' dir='ltr'><strong>obedientiam</strong></span> <span class='ocrx_word' id='word_1_779' title='bbox 1654 5214 1838 5286; x_wconf 90' lang='lat' dir='ltr'><strong>impendero·</strong></span> 
     </span>
     <span class='ocr_line' id='line_1_58' title="bbox 87 5303 1837 5382; baseline -0.002 -18"><span class='ocrx_word' id='word_1_780' title='bbox 87 5306 199 5365; x_wconf 80' lang='lat' dir='ltr'><strong>damus</strong></span> <span class='ocrx_word' id='word_1_781' title='bbox 237 5308 292 5366; x_wconf 83' lang='lat' dir='ltr'><strong>sed</strong></span> <span class='ocrx_word' id='word_1_782' title='bbox 315 5315 468 5381; x_wconf 69' lang='lat' dir='ltr'><strong>peccam,</strong></span> <span class='ocrx_word' id='word_1_783' title='bbox 499 5310 527 5367; x_wconf 93' lang='lat' dir='ltr'><strong>id</strong></span> <span class='ocrx_word' id='word_1_784' title='bbox 553 5318 595 5369; x_wconf 91' lang='lat' dir='ltr'><strong>est</strong></span> <span class='ocrx_word' id='word_1_785' title='bbox 614 5310 671 5368; x_wconf 91' lang='lat' dir='ltr'><strong>imo</strong></span> <span class='ocrx_word' id='word_1_786' title='bbox 698 5310 794 5382; x_wconf 90' lang='lat' dir='ltr'><strong>potius</strong></span> <span class='ocrx_word' id='word_1_787' title='bbox 819 5318 936 5382; x_wconf 91' lang='lat' dir='ltr'><strong>peccato</strong></span> <span class='ocrx_word' id='word_1_788' title='bbox 989 5319 1064 5363; x_wconf 87' lang='lat' dir='ltr'><strong>mus.</strong></span> <span class='ocrx_word' id='word_1_789' title='bbox 1082 5305 1141 5362; x_wconf 92' lang='lat' dir='ltr'><strong>lloc</strong></span> <span class='ocrx_word' id='word_1_790' title='bbox 1155 5305 1340 5377; x_wconf 88' lang='lat' dir='ltr'><strong>autemquod</strong></span> <span class='ocrx_word' id='word_1_791' title='bbox 1364 5303 1430 5374; x_wconf 56' lang='lat' dir='ltr'><strong>boc,</strong></span> <span class='ocrx_word' id='word_1_792' title='bbox 1446 5305 1507 5361; x_wconf 92' lang='lat' dir='ltr'><strong>loco</strong></span> <span class='ocrx_word' id='word_1_793' title='bbox 1528 5312 1680 5376; x_wconf 88' lang='lat' dir='ltr'><strong>peccatum</strong></span> <span class='ocrx_word' id='word_1_794' title='bbox 1695 5303 1837 5371; x_wconf 80' lang='lat' dir='ltr'><strong>nominat,</strong></span> 
     </span>
    </p>
   </div>
   <div class='ocr_carea' id='block_1_3' title="bbox 124 5484 1595 5564">
    <p class='ocr_par' dir='ltr' id='par_1_3' title="bbox 124 5484 1595 5564">
     <span class='ocr_line' id='line_1_59' title="bbox 124 5484 1595 5564; baseline -0.003 -18"><span class='ocrx_word' id='word_1_795' title='bbox 124 5485 182 5564; x_wconf 81' lang='grc' dir='ltr'><strong>(ιι)</strong></span> <span class='ocrx_word' id='word_1_796' title='bbox 195 5488 301 5551; x_wconf 82' lang='lat' dir='ltr'><strong>Patrol.</strong></span> <span class='ocrx_word' id='word_1_797' title='bbox 318 5496 387 5549; x_wconf 90' lang='lat' dir='ltr'><strong>tom.</strong></span> <span class='ocrx_word' id='word_1_798' title='bbox 402 5487 532 5561; x_wconf 75' lang='lat' dir='ltr'><strong>numu,</strong></span> <span class='ocrx_word' id='word_1_799' title='bbox 547 5488 602 5548; x_wconf 90' lang='grc' dir='ltr'><strong>εει.</strong></span> <span class='ocrx_word' id='word_1_800' title='bbox 618 5489 678 5560; x_wconf 80' lang='lat' dir='ltr'><strong>tbb,</strong></span> <span class='ocrx_word' id='word_1_801' title='bbox 697 5488 758 5547; x_wconf 85' lang='grc' dir='ltr'><strong>ιιι.</strong></span> <span class='ocrx_word' id='word_1_802' title='bbox 1024 5485 1084 5560; x_wconf 77' lang='grc' dir='ltr'><strong>(ιι)</strong></span> <span class='ocrx_word' id='word_1_803' title='bbox 1095 5484 1201 5545; x_wconf 83' lang='lat' dir='ltr'><strong>Patrcl.</strong></span> <span class='ocrx_word' id='word_1_804' title='bbox 1222 5493 1290 5547; x_wconf 84' lang='lat' dir='ltr'><strong>tom·</strong></span> <span class='ocrx_word' id='word_1_805' title='bbox 1304 5484 1419 5557; x_wconf 80' lang='lat' dir='ltr'><strong>xxxii,</strong></span> <span class='ocrx_word' id='word_1_806' title='bbox 1434 5484 1488 5543; x_wconf 91' lang='lat' dir='ltr'><strong>col.</strong></span> <span class='ocrx_word' id='word_1_807' title='bbox 1516 5486 1595 5543; x_wconf 76' lang='lat' dir='ltr'><strong>lili.</strong></span> 
     </span>
    </p>
   </div>
   <div class='ocr_carea' id='block_1_4' title="bbox 0 0 1922 5962">
    <p class='ocr_par' dir='ltr' id='par_1_4' title="bbox 0 0 1922 5962">
     <span class='ocr_line' id='line_1_60' title="bbox 0 0 1922 5962; baseline 0 0"><span class='ocrx_word' id='word_1_808' title='bbox 0 0 1922 5962; x_wconf 95' lang='lat' dir='ltr'><strong> </strong></span> 
     </span>
    </p>
   </div>
  </div>
 </body>
</html>
