3804 5962
586 140 713 198 il'lllllla
729 140 795 201 sliu
816 137 912 200 soilli
930 141 975 200 ts
991 142 1107 204 result
1667 160 1724 218 esc

79 260 125 327 elio
153 261 220 319 lacti
233 262 325 320 Deum
337 271 468 331 excusat,
489 278 557 322 cum
582 264 609 321 id
624 279 696 337 pene
710 279 816 337 prece·
833 270 970 326 emtum
989 282 1057 326 cum
1071 283 1124 341 per
1145 273 1344 343 penitentiam
1366 274 1482 334 deberet
1507 279 1659 351 corrigere,
1688 293 1720 341 ut

83 351 139 409 uod
172 366 229 408 nou
262 358 306 408 est
335 351 445 409 bonum
468 352 539 410 lieri.
556 353 620 411 Non
639 354 716 412 enim
742 356 821 413 Deus
881 357 998 414 veniam
1019 367 1186 430 mercretur,
1203 361 1301 432 ipsum
1319 363 1675 435 deniqueconsummavit
1690 373 1722 429 in

79 457 89 501 r
113 440 280 500 intendebat
295 442 338 499 tel
352 441 398 514 agi
413 443 595 515 precipiebat
617 452 649 502 ut
669 445 820 504 Abrabam
875 452 1015 517 opere;et
1029 447 1070 505 ita
1084 448 1180 506 tribus
1198 450 1339 522 gradibus
1353 451 1389 507 ad
1401 456 1629 524 perpetrandum
1652 473 1722 528 pec·

79 531 256 600 immolarot;
272 532 320 588 scd
344 536 430 589 ulex
450 533 504 590 boc
521 536 644 592 maxime
658 535 820 592 obedientia
875 542 971 592 catum
1001 537 1126 594 incessit.
1143 537 1188 593 Sic
1202 546 1229 596 et
1248 552 1301 596 nos
1320 539 1487 612 frequenter
1506 558 1564 601 non
1594 545 1631 602 ad
1660 562 1722 618 pcc·

79 620 265 678 inonstantia
281 620 358 687 lidei,
381 622 426 678 vel
441 624 548 680 amoris
565 624 594 680 in
619 639 687 681 enm
714 626 820 695 proba·
875 623 1010 690 candum,
1026 625 1120 681 sedad
1137 626 1245 696 peccati
1256 629 1508 700 perpetrationem,
1534 631 1636 690 iisdem
1653 649 1721 706 pas-

79 717 97 766 tt
109 708 139 765 io
155 709 286 777 exemplo
299 709 382 766 nobis
394 710 616 782 relinqueretur.
636 714 694 769 lloc
713 713 821 784 qnippe
875 711 1007 768 sionibus
1027 714 1220 783 pervenimus,
1236 717 1421 787 suggestione
1444 718 1564 788 scilicet,
1588 722 1642 779 boc
1667 733 1721 794 est,

79 812 102 854 cr
128 804 156 855 et
192 798 331 855 Dominus
359 799 419 870 ipse
448 801 630 870 postmodum
659 802 821 872 profitetur,
875 800 1075 857 exhortatione
1098 801 1296 872 alicuiustnon
1309 805 1439 863 exterius
1450 808 1603 867 incitantis
1613 813 1648 868 ad
1665 813 1725 870 ali-

79 888 212 945 ιιεΝιιηο
229 891 341 955 cognovi
361 888 435 954 quod
461 891 557 945 timeas
575 893 719 946 bemineru
741 890 820 961 (Gen.
876 888 947 959 quid
970 890 1126 960 agendum,
1151 891 1230 960 qtrod
1252 906 1309 949 non
1330 895 1473 952 mevenit.
1498 895 1582 964 Quod
1602 901 1724 971 quidem

79 976 96 1049 t)
110 991 118 1045 ;
134 990 168 1032 ac
196 977 221 1032 si
249 984 345 1045 aperte
366 977 473 1034 diceret
487 994 494 1032 ε
510 977 555 1034 nh
584 979 639 1035 boc
660 979 738 1037 istud
766 978 822 1036 tibi
877 990 962 1049 agere
984 978 1009 1034 si
1038 978 1204 1036 delectabile
1226 983 1406 1054 noverimus,
1432 991 1498 1042 anto
1515 986 1610 1057 ipsum
1637 992 1727 1049 etiam

79 1067 105 1134 ti,
120 1066 156 1122 ad
181 1065 259 1135 qood
275 1073 301 1121 te
316 1074 448 1135 paratum
463 1065 635 1136 exhibuisti,
650 1074 684 1123 ut
699 1067 735 1123 ab
757 1066 823 1124 aliis
877 1066 984 1123 lactum
1003 1067 1095 1136 ipsius
1116 1068 1183 1125 lacti
1197 1069 1385 1127 delectatione
1411 1087 1490 1131 mens
1521 1084 1619 1133 nostra
1639 1082 1728 1137 corri-

79 1169 96 1211 n
113 1155 257 1226 cognosci,
282 1154 362 1225 qnod
385 1161 451 1211 ante
471 1155 579 1211 secula
595 1157 630 1212 de
645 1164 672 1212 tc
691 1156 750 1226 ipsc
774 1170 822 1212 co·
877 1153 957 1226 pitur
975 1161 1004 1211 ct
1019 1155 1050 1210 in
1066 1155 1128 1225 ipsa
1149 1155 1321 1227 cogitatione
1336 1172 1386 1229 per
1399 1159 1615 1221 delectationem
1631 1172 1726 1226 tenta-

79 1257 143 1300 am.
172 1243 259 1299 Recta
286 1244 377 1315 igitur
401 1243 461 1300 bec
490 1243 610 1301 intentio
639 1245 687 1301 liei
710 1245 766 1301 luit
791 1244 823 1301 in
878 1241 1015 1300 mur.Cui
1030 1243 1164 1301 videlicet
1188 1244 1371 1304 delectationi
1397 1249 1468 1306 dum
1486 1254 1658 1312 assentimus
1674 1270 1725 1327 per

79 1332 151 1403 pund
171 1340 282 1389 rectum
308 1347 366 1389 non
392 1332 447 1389 luit
459 1347 468 1402 ;
486 1340 514 1389 et
536 1333 577 1389 sic
597 1341 674 1391 recta
692 1334 823 1405 prohibi·
877 1344 1058 1399 consensum,
1073 1345 1234 1403 peccamus.
1255 1334 1306 1391 ilis
1335 1336 1450 1394 tandem
1477 1340 1571 1399 tribus
1594 1343 1631 1400 ad
1657 1359 1726 1417 ope·

79 1420 132 1477 sin
148 1420 207 1477 illis
224 1433 291 1492 que
311 1420 440 1476 diximus
461 1435 527 1491 que
545 1422 581 1477 ad
596 1421 649 1478 boc
663 1422 823 1493 probibuit,
878 1419 1018 1476 rationem
1035 1421 1142 1491 peccati
1162 1424 1358 1491 pervenimus.

78 1513 88 1563 t
109 1506 263 1577 probibitio
290 1513 445 1576 teneretur,
461 1509 508 1565 sed
538 1517 570 1566 ut
587 1511 713 1568 vitaude
729 1513 824 1569 inanis
914 1508 997 1574 Sunt,
1024 1509 1077 1581 qui
1101 1511 1315 1582 suggestionem
1340 1514 1435 1571 carnis
1459 1517 1574 1576 etiamsi
1602 1535 1727 1591 persona

90 1596 173 1652 nobis
198 1595 321 1652 inlirmis
350 1597 484 1668 exempla
506 1598 657 1656 darentur.
686 1601 823 1671 Praecepit
838 1609 860 1663 lt
877 1610 1037 1669 suggerens
1055 1597 1140 1665 desit,
1162 1601 1368 1670 comprehendi
1389 1605 1505 1662 nominc
1528 1611 1726 1680 suggestionis

85 1686 164 1742 licus
177 1685 256 1756 quod
270 1684 331 1740 lieri
347 1685 457 1741 bonum
478 1701 536 1743 non
555 1687 609 1744 luit
624 1705 631 1756 ;
648 1687 738 1746 sicute
758 1704 821 1747 con·
878 1685 978 1748 velint,
1004 1685 1096 1743 veluti
1111 1687 1136 1743 si
1151 1687 1229 1759 quis,
1245 1689 1308 1746 uisa
1322 1690 1455 1763 muliere,
1472 1693 1503 1750 in
1518 1699 1726 1769 concupiscen-

82 1775 232 1847 probibuit
253 1775 332 1846 quod
354 1774 415 1830 lteri
431 1774 541 1832 bonum
563 1776 625 1833 luit.
645 1779 680 1835 Et
694 1778 768 1836 sicru
784 1778 824 1836 ibi
879 1775 949 1830 tiam
963 1775 1026 1848 ejus
1045 1775 1163 1832 incidat.
1180 1776 1234 1833 Sed
1257 1779 1317 1835 bec
1332 1780 1457 1851 prolecto
1480 1789 1626 1856 suggestio
1650 1789 1726 1847 nibil

79 1872 93 1922 t
104 1879 172 1922 eum
187 1865 319 1930 intentio,
341 1863 379 1920 ita
398 1871 426 1920 et
445 1863 492 1920 bic
510 1879 558 1921 cos
578 1865 628 1936 qui
651 1877 825 1940 praeceptum
879 1864 959 1921 aliud
973 1879 1063 1935 quam
1083 1865 1232 1923 delectatio
1247 1869 1363 1926 videtur
1379 1884 1439 1927 esse
1464 1871 1611 1945 dicenda3
1635 1889 1726 1947 quam

79 1966 129 2010 ron
148 1955 355 2023 impleverunt.
374 1952 505 2008 Sciebant
520 1953 629 2024 quippe
643 1970 701 2012 non
720 1959 756 2014 nb
772 1961 825 2016 hoe
879 1953 997 2024 quidem
1021 1953 1236 2011 delectationem
1261 1957 1346 2027 quasi
1361 1961 1553 2018 necessariam
1572 1960 1678 2021 iactam
1694 1972 1722 2023 et

79 2043 244 2113 »recepisse
261 2050 293 2098 ut
313 2050 469 2108 teneretur,
494 2043 543 2097 sed
566 2050 598 2099 ut
631 2045 825 2113 predicatum
878 2050 994 2098 ceteras
1018 2041 1197 2113 hujusmodi,
1216 2059 1289 2116 (luas
1309 2059 1367 2103 ¹1⁰ss
1382 2057 1532 2117 peccatum
1561 2065 1622 2108 esse
1637 2067 1727 2124 sulita

79 2133 142 2188 lum
155 2136 384 2203 preponeretur.
396 2128 482 2185 Salva
494 2130 592 2200 itaque
606 2131 755 2191 voluntate
771 2137 825 2206 ju·
879 2131 1074 2200 meminimus,
1099 2133 1259 2191 humanam
1282 2136 1470 2194 tentationem
1498 2140 1651 2209 Apostolus
1674 2155 1725 2199 ro·

79 2233 156 2282 ‚non
178 2234 245 2276 cum
265 2225 508 2288 contempserunt,
529 2219 614 2290 cujus
632 2221 777 2281 voluntati
792 2240 822 2283 se
879 2226 925 2276 cat
938 2234 1005 2277 curn
1033 2221 1084 2277 ait:
1104 2223 1228 2277 Tantalio
1242 2238 1289 2278 cos
1314 2239 1368 2278 non
1382 2225 1574 2296 apprehendet
1600 2232 1657 2285 nisi
1674 2229 1726 2285 ltu-

79 2310 280 2365 secontrarios
294 2308 509 2364 intellexerunt.
879 2325 971 2366 menn.
986 2309 1088 2365 Fidelis
1106 2316 1197 2366 autem
1214 2312 1299 2379 Deus,
1313 2315 1361 2382 poi
1381 2329 1435 2368 non
1462 2315 1585 2385 potietur
1596 2333 1645 2374 vos
1667 2322 1725 2373 ten·

79 2411 125 2469 rgo
140 2411 225 2468 opera
245 2398 444 2475 magisquam
459 2397 645 2456 intentionem
661 2414 824 2473 pensemus,
880 2400 935 2454 tori
957 2414 1043 2468 supra
1058 2398 1089 2453 id
1104 2399 1178 2466 quod
1199 2404 1327 2470 potestis;
1342 2402 1389 2457 sed
1402 2404 1487 2471 societ
1503 2420 1563 2460 cum
1578 2410 1728 2462 tentatione

79 2500 141 2543 mus
155 2499 369 2557 nonuunquam
385 2492 486 2541 contra
501 2495 676 2557 preceptum
696 2490 745 2547 lici
768 2506 827 2551 non
880 2491 963 2544 etiem
983 2492 1144 2559 prouentum
1157 2493 1187 2543 ut
1201 2491 1313 2558 possitis
1327 2492 1464 2546 sustinere
1477 2493 1498 2562 (l
1518 2493 1576 2550 Gor,
1609 2509 1641 2563 x,
1674 2496 1726 2566 li).

94 2576 169 2633 velle
187 2575 258 2643 lieri,
274 2589 378 2631 verum
400 2574 488 2630 etiam
513 2574 573 2630 lteri
595 2577 707 2648 aliquid
723 2588 751 2636 et
772 2580 826 2637 hcc
880 2576 1011 2633 Tentatio
1036 2583 1134 2632 autem
1152 2577 1325 2647 generaliter
1340 2578 1449 2637 dicitur
1468 2595 1653 2653 quecunque
1680 2584 1728 2640 iu-

79 2677 102 2722 tr
120 2664 183 2720 sine
202 2663 261 2719 ullo
283 2670 364 2719 reatu
386 2663 494 2734 peccati
506 2678 514 2732 ;
526 2678 578 2720 neo
595 2665 699 2722 malam
724 2668 827 2725 volun·
880 2664 998 2722 clinatio
1012 2664 1105 2720 animi
1120 2665 1156 2720 ad
1171 2665 1284 2736 aliquid
1300 2667 1445 2738 agendum
1462 2670 1541 2740 quod
1556 2684 1614 2727 non
1628 2685 1729 2728 conve

84 2753 130 2811 vel
146 2753 289 2810 actionem
314 2752 376 2808 idco
393 2767 453 2809 essc
477 2753 638 2823 dicendam,
661 2756 733 2826 quia
757 2770 828 2827 pre·
880 2755 932 2822 nit,
952 2754 1014 2810 site
1042 2753 1090 2809 illa
1119 2753 1253 2810 voluntas
1268 2755 1306 2810 sit
1321 2754 1381 2812 sire
1406 2769 1573 2815 consensus.
1594 2759 1728 2815 liumana

79 2856 96 2899 n
119 2841 171 2898 lici
186 2855 244 2898 non
268 2848 363 2897 servat
388 2841 418 2897 iu
432 2855 528 2911 opere3
550 2857 617 2898 cum
639 2857 657 2899 a
677 2844 827 2901 voluntate
844 2893 865 2949 G
881 2857 950 2899 vero
973 2842 1093 2899 tentatio
1123 2841 1239 2911 dicitur,
1265 2844 1400 2914 sineque
1412 2845 1473 2915 jam
1488 2846 1616 2904 bumana
1644 2847 1728 2905 indr-

79 2930 174 2988 rientis
196 2945 254 2987 uon
278 2930 420 3001 discrepat
444 2930 508 3000 eius
536 2931 667 2999 intentio,
691 2933 741 2989 cui
759 2946 829 3003 pre·
883 2931 968 2988 mitas
989 2933 1040 2988 vir
1067 2939 1119 2988 aut
1135 2945 1289 3002 nunquam
1313 2933 1468 2991 subsistere
1489 2942 1591 3005 potest,
1607 2943 1639 2993 ut
1654 2950 1727 2992 coo-

86 3019 185 3076 lit.Sio
199 3018 277 3075 enim
293 3018 414 3074 intentio
427 3018 559 3088 iubentis
575 3026 696 3076 excusat
719 3021 826 3092 ipsum,
882 3018 1061 3089 cupisceotia
1085 3018 1222 3082 carnalis,
1249 3018 1294 3076 vel
1322 3019 1497 3079 delectabilis
1531 3022 1589 3079 cibi
1617 3023 1728 3079 deside·

79 3107 185 3178 recipit
216 3107 278 3163 lieri
305 3107 383 3177 quod
414 3112 511 3162 tamen
543 3107 662 3164 minime
694 3109 829 3166 convenit
881 3109 969 3177 rium,
989 3107 1133 3178 aquibus
1155 3108 1318 3164 sclibcrari
1347 3110 1509 3180 postulabat
1536 3110 1588 3181 qui
1617 3110 1729 3167 dicebat

79 3198 121 3254 ita
134 3203 163 3253 et
178 3209 245 3253 eum
265 3195 313 3252 cui
333 3195 363 3252 lit
379 3195 529 3266 preceptio
544 3204 666 3254 excusat
679 3198 830 3254 eharitatis
881 3200 920 3252 De
943 3197 1148 3252 necessitalibus
1170 3200 1237 3252 meis
1255 3213 1319 3253 erue
1342 3214 1392 3266 nne,
1417 3201 1529 3254 Domine
1552 3198 1636 3271 (Psoi.
1651 3213 1728 3266 xntv,

78 3286 115 3343 ic.
885 3286 939 3358 lig
965 3287 1018 3343 boc
1036 3292 1088 3353 est,
1118 3284 1153 3342 dc
1177 3285 1222 3341 bis
1249 3287 1457 3345 tentationibus
1485 3287 1731 3360 concupiscentia·

79 3388 136 3446 rgo
168 3373 249 3431 brevi
281 3372 467 3430 conclusione
482 3388 571 3445 supra
590 3374 667 3431 dicta
678 3374 828 3448 colligam,
884 3388 961 3441 rom,
987 3377 1053 3446 que
1073 3373 1158 3445 qnasi
1183 3376 1331 3431 naturales
1351 3390 1386 3431 ac
1414 3378 1580 3434 necessarie
1600 3379 1661 3448 jam
1690 3377 1730 3432 la·

79 3478 110 3522 nr
129 3471 198 3520 sunt
214 3476 279 3533 que
299 3463 502 3534 premisimus,
523 3471 554 3518 ut
569 3463 605 3518 ab
627 3463 752 3520 invicem
767 3464 831 3535 ipsa
884 3471 1027 3531 cresunt,
1043 3478 1079 3520 ue
1090 3463 1125 3519 ad
1139 3477 1312 3520 consensum
1328 3465 1568 3534 pertrahentem
1587 3467 1647 3521 vita
1663 3466 1727 3534 ista,

79 3561 138 3611 nter
159 3552 431 3624 distingueremus:
454 3552 562 3608 vitium
589 3552 698 3609 scilicet
726 3553 828 3621 animi,
884 3554 969 3625 plena
1006 3551 1221 3617 tentationibus,
1257 3551 1338 3608 linita
1371 3567 1491 3623 prorsus
1526 3555 1567 3610 eis
1605 3567 1729 3611 caream.

82 3642 119 3698 ad
145 3642 322 3712 peccandum
342 3654 447 3711 pronos
464 3639 575 3709 elficit,
595 3656 629 3696 ac
649 3641 830 3711 postmodum
884 3641 966 3707 Quod
989 3655 1058 3712 ergo
1072 3641 1112 3696 ait
1132 3639 1283 3710 apostolus
1309 3655 1316 3694 :
1339 3642 1462 3696 Tentatic
1484 3657 1532 3696 uos
1554 3658 1609 3697 non
1633 3657 1733 3712 oppre-

101 3738 262 3802 peccatum,
279 3731 355 3800 qtnod
381 3729 411 3785 in
433 3744 574 3786 consensu
600 3729 678 3793 mali,
705 3730 750 3786 vel
767 3743 832 3785 con·
885 3730 986 3785 tendat
1006 3731 1063 3785 nisi
1082 3727 1211 3794 hentona,
1237 3727 1396 3784 consimilis
1420 3731 1561 3786 sententia
1581 3737 1623 3787 est
1649 3745 1683 3788 ac
1707 3729 1731 3788 si

79 3819 157 3876 illei
171 3819 344 3887 statuimus;
359 3818 462 3875 deinde
474 3819 543 3874 mali
565 3818 745 3876 voluntatem
769 3831 830 3873 ma·
885 3820 1013 3876 diceret:
1031 3816 1059 3872 Si
1074 3815 1232 3872 inclinatur
1254 3816 1371 3872 animus
1395 3829 1431 3872 ex
1457 3816 1645 3875 delectatione
1666 3832 1733 3890 que

79 3908 286 3980 operationem.
304 3908 385 3963 Sicut
400 3915 498 3979 autem
522 3921 580 3965 non
597 3907 673 3962 idem
688 3913 730 3962 est
745 3905 831 3974 velle,
885 3916 937 3975 est,
964 3913 997 3961 ut
1012 3905 1149 3973 diximus,
1171 3904 1301 3962 bumana
1330 3907 1458 3973 tentatio,
1487 3918 1545 3961 nott
1573 3920 1666 3977 usquc
1694 3908 1730 3964 ad

79 3997 256 4056 voluntatem
271 3997 400 4067 implere,
424 3996 463 4053 ita
478 4011 536 4053 non
557 3996 632 4055 idem
647 4003 689 4051 est
705 4008 832 4066 peccare,
886 4007 1058 4051 consensum
1086 3992 1244 4064 pertrabat,
1268 3993 1298 4049 in
1322 4006 1381 4063 quo
1406 3974 1555 4063 nescitum
1578 3995 1731 4051 consentit.

79 4094 231 4158 peccatum
247 4086 392 4156 perlicere.
413 4086 489 4142 lllud
505 4086 614 4157 quippe
636 4084 671 4141 dc
693 4097 833 4141 consensu
886 4082 968 4150 Quod
995 4081 1080 4155 qnasi
1104 4082 1209 4153 aliquis
1231 4088 1384 4154 quereret,
1414 4095 1474 4154 qua
1498 4090 1598 4140 nostra
1623 4083 1733 4140 virtute

91 4191 152 4249 quo
174 4190 336 4248 peccamus,
353 4176 407 4232 boc
426 4175 460 4232 de
475 4172 577 4232 eliectu
597 4173 774 4246 operationis
792 4178 834 4228 est
848 4184 872 4240 Β
888 4171 1128 4243 concupiscentiis
1165 4172 1226 4228 istis
1255 4185 1404 4243 possemus
1431 4172 1561 4229 resistere
1579 4173 1594 4228 ‘t
1619 4172 1733 4241 Fidelis,

79 4268 200 4334 endum,
217 4281 286 4322 cum
305 4265 436 4322 videlicet
453 4265 525 4321 iilud
548 4265 578 4321 in
593 4279 651 4336 quo
672 4265 753 4334 prius
769 4277 835 4320 con·
889 4261 994 4333 inquit,
1015 4264 1084 4318 treus
1107 4262 1158 4332 gui
1175 4277 1229 4316 non
1244 4264 1368 4331 patietur
1386 4277 1432 4318 vos
1458 4265 1568 4317 tentari.
1591 4268 1733 4333 manuam

79 4370 141 4422 ous,
157 4369 241 4425 opere
258 4354 422 4425 implemus.
448 4352 519 4410 Cum
534 4367 602 4424 ergo
624 4359 773 4423 peccatum
789 4349 835 4408 vel
889 4350 913 4408 si
936 4350 1041 4407 diceret
1055 4366 1063 4406 ε
1075 4350 1115 4406 ιιε
1145 4352 1206 4421 ipso
1219 4351 1315 4422 potius
1336 4358 1377 4408 cst
1400 4350 1603 4408 confidendum
1618 4391 1627 4419 ,
1643 4363 1733 4422 quam

78 4444 173 4501 ionem
210 4442 304 4499 tribus
339 4442 433 4499 modis
463 4441 589 4498 dicimus
621 4440 732 4512 peragi,
769 4454 836 4511 sug·
890 4440 925 4497 dc
947 4439 1029 4498 nobis
1045 4441 1288 4511 presumendum,
1309 4440 1370 4511 qui,
1386 4440 1469 4497 nobis
1500 4439 1644 4497 auxilium
1669 4453 1734 4511 pro·

79 4546 116 4591 oe
139 4531 250 4589 scilicet
269 4531 466 4602 delectatione,
487 4544 639 4598 cttnsensu,
665 4531 705 4586 ita
728 4536 770 4587 est
793 4529 837 4585 io·
890 4529 1017 4597 mittens,
1048 4528 1227 4587 inomnibus
1254 4543 1345 4587 verax
1359 4536 1401 4585 est
1417 4528 1572 4600 promissis,
1593 4529 1672 4600 quod
1693 4536 1736 4587 est

79 4621 178 4678 mdum
194 4637 201 4675 ε
217 4620 295 4692 qood
318 4620 354 4677 ad
367 4619 563 4690 operationem
578 4617 687 4695 peccati
708 4631 758 4689 per
777 4617 837 4674 bec
891 4632 958 4675 eum
988 4618 1094 4688 tidehnr
1114 4632 1185 4682 essa,
1202 4625 1234 4675 ut
1248 4623 1277 4674 ct
1290 4617 1397 4674 scilicet
1425 4617 1460 4674 de
1484 4617 1620 4675 omnibus
1648 4617 1736 4675 adbi-

79 4718 226 4783 eoucnter
240 4709 420 4778 deducimur,
446 4709 522 4765 sicut
542 4707 572 4764 in
594 4707 698 4779 primis
714 4705 837 4777 contigit
891 4706 986 4764 banda
1001 4706 1038 4763 sit
1054 4706 1134 4764 tides.
1150 4707 1233 4764 Tunc
1251 4720 1319 4764 nero
1335 4720 1387 4763 nos
1413 4719 1472 4762 non
1494 4707 1604 4777 patitur
1628 4705 1736 4764 tentari

79 4799 168 4858 tibus.
185 4799 335 4857 Persuasic
357 4797 584 4870 quippcdiabcli
600 4796 753 4867 precessit,
770 4809 837 4852 cum
891 4809 979 4868 supra
1000 4795 1028 4852 id
1048 4795 1127 4867 quod
1148 4809 1311 4865 possumus,
1339 4809 1406 4852 cum
1433 4809 1484 4867 per
1508 4794 1736 4852 misericordiam

79 4897 136 4946 istu
160 4889 257 4945 vetite
281 4888 394 4945 arboris
418 4886 663 4944 immortalitatem
691 4885 836 4957 promisit;
891 4899 975 4943 suam
998 4883 1129 4941 itabanc
1147 4885 1334 4966 tentationem
1365 4883 1525 4941 humanam
1539 4889 1737 4953 temperabat

79 4977 139 5035 atio
152 4976 301 5046 successit,
323 4991 390 5033 cum
408 4976 511 5033 mulier
524 4975 627 5032 videns
646 4975 760 5046 lignum
777 4975 839 5044 pul·
892 4990 952 5034 non
979 4972 1045 5044 plus
1059 4973 1095 5030 ad
1111 4982 1259 5043 peccatum
1273 4978 1385 5044 premat
1397 4986 1488 5045 quam
1501 4970 1625 5042 perterre
1640 4969 1737 5041 possi·

79 5081 91 5123 n
118 5073 148 5124 et
173 5067 267 5136 ipsum
296 5066 457 5138 intelligens
480 5080 571 5122 suave
594 5066 630 5121 ad
652 5065 837 5132 vescendum,
891 5079 969 5131 mus,
994 5052 1166 5121 eividelicct
1188 5061 1355 5120 resistendo.
1384 5063 1466 5119 Tunc
1493 5067 1590 5117 autem
1618 5058 1738 5131 insuper

79 5156 316 5229 incupiscentiam
343 5157 406 5229 eius
447 5157 567 5225 exarsit,
603 5155 662 5213 cibi
691 5154 839 5226 voluptate
893 5155 970 5211 banc
994 5154 1086 5225 ipsam
1109 5152 1295 5209 tentationem
1327 5149 1411 5208 nobis
1433 5149 1573 5208 morentii
1595 5149 1632 5206 ad
1660 5163 1737 5207 com

79 5246 230 5304 ,credebat
245 5252 387 5319 correpta.
407 5245 476 5314 Que
494 5261 561 5304 cum
588 5244 745 5317 reprimere
769 5231 855 5301 con-⁸
894 5242 1012 5300 modum
1049 5254 1186 5310 peream
1218 5239 1261 5297 sic
1293 5254 1346 5298 nos
1376 5247 1499 5308 exercet,
1535 5247 1569 5296 nt
1603 5238 1738 5310 deinceps

79 5335 202 5394 centiam
229 5335 356 5404 deberet,
370 5342 401 5394 ut
417 5343 591 5408 preceptum
609 5340 746 5402 servaret,
771 5345 839 5390 con·
894 5345 962 5389 cum
974 5330 1146 5400 occurrerit,
1171 5327 1269 5387 miuus
1292 5342 1415 5402 gravare
1431 5328 1519 5401 possit
1535 5342 1543 5396 ;
1558 5333 1587 5386 et
1604 5326 1666 5400 jam
1684 5327 1739 5385 mi·

79 5424 142 5486 mdo
161 5424 193 5484 in
206 5432 356 5497 peccatum
377 5432 469 5484 tracta
486 5431 539 5484 est.
559 5423 643 5493 Quod
666 5422 755 5482 etiam
777 5434 840 5493 pec
895 5417 1103 5491 nusimpetom
1122 5416 1211 5477 bostis
1232 5417 1395 5490 timeamus,
1425 5415 1540 5497 degon,
1552 5416 1616 5490 lam
1636 5414 1737 5485 trium·
