3804 5962
82 131 151 188 snas
327 125 431 184 amar
459 124 991 185 neenmororr.ruus1u.-
1007 124 1227 184 rnnouoctm
1246 123 1291 181 er
1309 121 1573 184 rurtosortuct.
1651 87 1669 165 .‘
1768 124 1864 201 raso¹

408 451 616 537 INCIPIT
645 445 942 537 PROLOGUS
977 452 1141 538 PETRI
1173 433 1484 539 ABAELARDI⁹

785 645 827 708 m
857 645 918 708 sm
942 644 995 707 nu
1020 645 1119 710 nou.

112 959 186 1018 Cum
219 960 247 1016 in
281 966 362 1016 tanta
383 959 540 1016 verborum
564 958 752 1016 multitudino
778 955 1085 1026 nonnulladvenire,
1101 972 1155 1013 uon
1176 961 1289 1013 curante
1308 956 1390 1029 (Opp.
1419 957 1495 1030 ing.
1521 956 1573 1025 111,
1598 970 1627 1028 p.
1643 973 1664 1024 1,
1690 969 1762 1029 pag.
1781 958 1832 1025 lit,

77 1048 165 1104 etiam
180 1053 347 1104 sanctorum
379 1047 535 1103 diatonon
560 1047 653 1103 solum
681 1046 718 1103 ab
740 1045 922 1103 invicemdi·
977 1045 1154 1117 inquit,tllo,
1172 1046 1322 1115 quidacet,
1346 1051 1452 1118 quanta
1469 1046 1625 1116 eloquentia
1643 1045 1829 1117 doceatllll,

78 1149 289 1202 norsavorum
304 1137 389 1192 etiam
404 1135 529 1191 invicem
553 1135 923 1201 adversavideantur,non
976 1135 1024 1191 sed
1045 1142 1149 1206 quanta
1177 1135 1322 1192 euidentia.
1357 1138 1479 1205 biliqens
1508 1137 1649 1207 appetitus
1675 1135 1830 1203 αϋᾳιιαπὼ

78 1231 120 1280 est
135 1230 240 1280 temere
259 1223 293 1279 de
317 1223 364 1279 bis
385 1223 588 1294 judicandum,
615 1237 665 1293 per
693 1236 766 1294 quos
795 1223 924 1280 mundus
976 1225 1093 1294 neptiqlt
1115 1225 1196 1279 uerba
1227 1225 1353 1280 cultiora.
1390 1224 1467 1280 Unde
1494 1223 1535 1278 ait
1565 1223 1693 1290 quidam,
1715 1239 1778 1279 aum
1798 1223 1830 1279 de

78 1312 139 1383 ipse
152 1312 328 1385 judicandus
342 1319 394 1379 est,
411 1311 486 1368 sicut
500 1312 640 1383 scriptum
656 1320 721 1369 est:
747 1312 924 1368 dedicabunt
977 1314 1027 1368 tali
1045 1328 1140 1383 genere
1155 1313 1300 1368 locutionis
1320 1317 1425 1383 ageret,
1440 1327 1498 1368 esre
1511 1313 1541 1368 in
1562 1326 1593 1367 ea
1609 1311 1769 1379 quomdam
1787 1312 1827 1367 di·

75 1405 164 1457 sancti
195 1406 319 1457 nationes
339 1401 416 1473 (Sap.
453 1401 512 1471 m)‚·
543 1400 713 1458 etiterum:
744 1401 877 1458 Sedebitr's
897 1405 923 1456 et
976 1403 1103 1470 lipentem
1140 1402 1345 1471 negligentiam.
1379 1404 1474 1464 item:
1508 1402 1542 1455 ln
1565 1401 1641 1457 bonis
1669 1399 1827 1456 amiantus

76 1505 123 1544 uos
131 1489 287 1558 judicantes
304 1489 379 1561 (Luc.
397 1492 495 1562 xxrr);
526 1504 579 1546 occ
597 1496 743 1560 ltanquam
770 1489 922 1546 mendaces
976 1491 1263 1546 tantadocendicura
1279 1495 1380 1557 sitsut
1398 1489 1520 1557 cubum,
1544 1489 1628 1560 quod,
1652 1490 1712 1545 nise·
1727 1489 1819 1545 obsco·

76 1593 124 1634 eos
138 1592 262 1649 arguero
276 1587 327 1635 aut
342 1587 481 1651 tanquam
496 1593 631 1635 erroneos
645 1586 827 1636 contemnere
845 1592 922 1649 pre·
975 1581 1080 1634 rumsit
1098 1580 1140 1634 uel
1158 1578 1327 1648 emitquum,
1343 1581 1539 1635 Latinumesse
1551 1594 1606 1633 non
1624 1582 1728 1648 potest,
1748 1578 1822 1645 uutqt

76 1680 239 1736 sumamus,
263 1667 371 1738 quibus
393 1681 410 1722 a
433 1667 555 1723 Domino
575 1666 685 1723 dictum
710 1673 754 1722 est
774 1682 781 1723 :
799 1670 852 1735 (lui
874 1682 921 1722 uas
975 1672 1067 1724 autem
1104 1682 1185 1736 more,
1205 1671 1277 1724 sicut
1305 1667 1417 1733 dicitur,
1452 1671 1482 1722 ut
1513 1667 1682 1734 ambiguitas
1706 1667 1823 1722 obscuri·

76 1757 164 1820 audit,
180 1757 312 1811 meaudit
329 1775 337 1821 ;
353 1758 402 1822 qui
415 1771 461 1811 vos
476 1758 592 1825 spernit,
603 1772 644 1810 me
655 1757 760 1825 spernit
775 1755 852 1827 (bac.
877 1755 918 1825 x).
975 1762 1070 1823 tasque
1092 1758 1205 1824 uitetur,
1230 1773 1285 1812 noa
1303 1759 1342 1812 sic
1355 1757 1474 1823 meatur,
1491 1760 1521 1811 ul
1542 1771 1560 1810 a
1585 1755 1686 1820 doctis,
1706 1754 1758 1809 sed
1768 1769 1821 1824 po·

75 1843 118 1900 Ad
140 1851 269 1901 nostram
292 1846 390 1914 itaque
420 1853 601 1900 recurrentes
625 1843 850 1900 imbecillitatem
871 1857 921 1899 no·
975 1849 1030 1901 tius
1051 1849 1083 1900 ut
1097 1845 1131 1900 ab
1146 1845 1263 1902 indoctis
1286 1844 1342 1900 dici
1354 1846 1431 1901 solet.
1456 1846 1578 1902 sienim
1597 1858 1654 1898 non
1670 1845 1768 1914 piguit
1781 1842 1821 1898 di-

76 1932 120 1990 bis
148 1933 243 2003 potius
269 1933 395 2004 gratiam
423 1933 608 2004 intelligendo
640 1933 736 1990 deesse
764 1946 854 2003 qnam
880 1933 922 1988 eis
973 1950 1032 1991 cere
1056 1936 1219 2004 interpretes
1247 1938 1353 1988 nostros
1378 1933 1413 1989 de
1431 1931 1628 2004 sanguinibus
1656 1929 1731 2002 (li),
1760 1944 1821 1997 quo·

76 2020 227 2078 scribendo
263 2021 387 2078 doluisse
415 2021 578 2088 credamus,
603 2021 711 2092 quibus
733 2019 770 2076 ab
794 2020 857 2090 ipsa
880 2020 921 2076 di·
973 2025 1049 2079 niam
1068 2027 1211 2078 senserunt
1231 2022 1340 2076 adrem
1364 2024 1514 2093 pertinere,
1534 2024 1568 2076 ut
1586 2035 1616 2075 eo
1631 2020 1689 2074 loco
1702 2019 1824 2089 plurati-

76 2117 153 2166 olum
166 2117 209 2165 est
224 2110 346 2166 Veritate
361 2122 366 2164 ε
382 2111 442 2171 Non
457 2112 529 2164 enim
552 2125 598 2164 uos
618 2111 683 2164 estis
700 2111 748 2175 qui
762 2109 917 2178 loquimini,
975 2115 1016 2167 ter
1026 2113 1182 2167 enuntietur
1204 2111 1251 2166 ltoo
1264 2126 1371 2176 nomen,
1386 2110 1460 2179 quod
1473 2114 1504 2164 in
1517 2110 1616 2164 Latina
1643 2098 1743 2176 linqua
1767 2107 1824 2162 sin·

75 2198 123 2252 sed
151 2198 273 2266 Spiritus
314 2186 412 2253 Patris*
440 2199 535 2263 uestri,
568 2200 617 2266 qui
642 2199 764 2266 loquitur
789 2199 820 2251 in
845 2198 919 2252 uobis
937 2170 956 2226 Β
974 2201 1110 2269 quloriter
1130 2198 1316 2254 tantummodo
1338 2198 1457 2260 dicitur:
1479 2213 1527 2252 cur
1544 2198 1660 2268 pietatis
1688 2195 1825 2250 dorm

75 2285 183 2357 (Mattb
208 2285 251 2353 x).
280 2285 355 2349 Quid
376 2286 474 2356 itaque
494 2285 612 2351 mirum,
638 2285 674 2350 si,
705 2285 823 2341 absente
838 2284 921 2341 nobis
971 2289 1068 2358 pigeat
1087 2289 1222 2357 imperitis
1245 2288 1394 2357 loquentem
1410 2300 1506 2342 ossum
1527 2287 1723 2355 potiusquam
1737 2281 1824 2338 osdi·

76 2368 185 2439 Spiritu
214 2369 284 2439 ipso,
311 2383 361 2438 per
380 2384 467 2438 quem
497 2383 531 2424 ea
561 2376 588 2425 et
617 2369 724 2439 scripta
743 2376 810 2425 sunt
829 2377 857 2425 et
878 2369 920 2424 di·
975 2390 1044 2442 cere,
1057 2391 1090 2430 ne
1104 2377 1161 2430 ista
1175 2373 1284 2444 sqlloba
1297 2389 1350 2429 aon
1365 2374 1399 2428 ab
1414 2389 1443 2428 eo
1459 2373 1533 2443 quod
1547 2377 1609 2428 sunt
1629 2384 1707 2438 ossa,
1723 2370 1773 2427 sed
1790 2368 1823 2424 ab

74 2464 119 2514 cta
143 2456 199 2527 (ld)
216 2465 304 2527 atque
324 2457 383 2526 ipso
413 2471 530 2527 quoque
560 2456 752 2526 scriptoribus
773 2457 917 2523 intimata,
975 2479 1004 2518 eo
1026 2463 1100 2529 quod
1122 2467 1188 2518 sunt
1207 2476 1257 2518 ora
1288 2461 1485 2531 intelligitur?
1510 2461 1582 2529 Quid
1607 2462 1681 2515 enim
1710 2458 1822 2529 modat

75 2545 202 2615 ipsorum
229 2544 313 2601 nobis
349 2544 421 2600 desit
451 2544 651 2616 intelligentia,
680 2545 716 2601 ad
746 2559 835 2616 quam
867 2560 919 2602 nos
974 2554 1119 2608 montenis
1142 2554 1297 2620 inteqritos,
1331 2567 1414 2621 quam
1434 2566 1488 2605 non
1519 2552 1645 2620 sequitur
1668 2548 1822 2603 intellectus

73 2633 201 2690 maxime
216 2633 366 2703 pervenire
382 2634 499 2702 impedit
515 2634 673 2690 inusitatus
692 2634 845 2690 locutionis
860 2649 918 2690 mo·
973 2639 1122 2708 audientis,
1146 2654 1207 2694 cum
1233 2638 1364 2705 loquendi
1389 2639 1498 2693 omnino
1521 2638 1598 2692 nulla
1618 2639 1656 2692 sit
1668 2650 1766 2702 muso,
1793 2637 1818 2690 si

8 2763 12 2775 .
74 2722 131 2780 dus
159 2737 193 2779 ac
221 2722 393 2793 plerumque
426 2722 595 2779 earumdem
618 2737 720 2780 vocum
736 2723 918 2795 significatio·
975 2728 1048 2799 quad
1061 2730 1199 2798 loquimur
1217 2742 1272 2781 non
1293 2727 1450 2794 intelligunt
1463 2732 1578 2796 propter
1595 2740 1674 2794 quos,
1689 2730 1722 2779 ut
1739 2724 1819 2778 intel·

74 2812 200 2879 diversa,
216 2827 283 2868 cum
301 2812 384 2868 modo
401 2813 431 2868 in
448 2813 513 2879 bac,
542 2812 624 2868 modo
653 2812 682 2867 in
700 2812 749 2868 illa
770 2812 920 2882 significa·
975 2817 1072 2885 liqant,
1088 2814 1255 2882 loquimur?
1279 2814 1331 2880 Qui
1352 2830 1415 2883 erqo
1437 2814 1525 2881 docet,
1546 2813 1646 2869 vitabit
1659 2813 1746 2868 uerba
1760 2827 1819 2867 aar·

75 2902 152 2957 tione
170 2915 228 2957 vox
244 2902 344 2958 eadem
360 2899 920 2971 sitpositaiQuippeqnemadmodum
973 2905 1031 2970 nia,
1060 2918 1186 2970 quaenou
1205 2903 1310 2958 dacem.
1342 2907 1436 2959 ltcm:
1460 2903 1580 2970 lnsiqnis
1601 2906 1642 2957 est
1662 2902 1766 2956 indolis
1792 2902 1821 2955 in

76 2990 106 3045 in
127 3004 212 3046 sensu
239 3004 303 3053 suo,
333 2989 372 3044 ita
406 2991 474 3045 etin
504 2989 601 3046 verbis
622 2989 682 3044 suis
715 2989 920 3058 unusquisque
973 2992 1061 3046 uubis
1079 3007 1289 3060 ouumamare,
1313 3007 1367 3046 non
1394 2991 1485 3046 uerbo.
1513 2990 1587 3056 Quid
1610 2994 1683 3044 enim
1704 2987 1818 3060 prodest

74 3075 216 3133 abundat.
232 3077 343 3133 Etcum
366 3075 452 3145 juxta
465 3075 594 3131 Tullium
609 3075 639 3131 in
653 3075 790 3131 omnibus
816 3075 919 3132 identi·
972 3081 1055 3134 clavis
1071 3095 1167 3146 aureo,
1193 3081 1218 3135 sl
1250 3082 1360 3151 aperire
1381 3080 1454 3150 quad
1475 3079 1602 3135 uolumus
1622 3094 1677 3133 non
1701 3076 1818 3147 potasti

76 3170 120 3220 tas
134 3172 225 3220 mater
242 3164 278 3220 sit
310 3164 458 3232 satietatis,
488 3163 517 3218 id
548 3171 591 3219 est
616 3163 763 3220 lastidium
791 3171 917 3235 generet,
974 3174 1021 3224 aut
1036 3168 1105 3237 quid
1119 3169 1306 3238 obe-stliqnea,
1322 3170 1404 3224 sibae
1415 3173 1517 3239 potest,
1533 3167 1645 3239 quando
1659 3166 1817 3237 niltilqua-

73 3260 184 3321 aportet
203 3252 230 3306 in
243 3251 341 3307 eadem
354 3264 472 3321 qnoque
487 3265 517 3307 re
532 3250 622 3307 rerba
645 3252 706 3319 ipsa
720 3251 834 3308 uariare
848 3254 916 3324 (ll),
971 3259 1057 3312 umus
1068 3260 1226 3327 nisipotere
1235 3259 1309 3327 quod
1321 3259 1447 3312 clausum
1461 3257 1523 3312 est?

74 3352 127 3394 nec
153 3339 251 3394 omnia
284 3337 457 3409 vulgaribus
489 3345 516 3394 ct
544 3337 748 3396 communibus
770 3339 918 3398 denudare
1007 3336 1100 3403 Quam
1115 3339 1151 3392 sit
1174 3336 1260 3394 etiam
1285 3338 1469 3393 temerarium
1495 3335 1528 3392 de
1557 3349 1644 3392 sensu
1658 3342 1686 3392 et
1709 3332 1815 3391 intelli·

73 3426 169 3482 verbis
185 3443 192 3492 3
209 3418 286 3496 qne,
301 3434 333 3482 ut
360 3426 517 3483 altbertus
532 3428 726 3498 Augustinus,
749 3428 785 3484 ob
808 3429 861 3485 boo
878 3436 915 3485 te·
933 3451 955 3510 c
972 3427 1069 3500 gentio
1083 3426 1201 3482 alterius
1219 3426 1342 3482 alterum
1357 3425 1497 3496 judicare,
1523 3423 1590 3494 quis
1616 3437 1676 3480 non
1700 3421 1816 3480 videat?

73 3521 193 3586 guntur,
232 3529 268 3571 ne
305 3514 453 3582 vilescant,
485 3522 513 3571 et
545 3530 577 3572 eo
605 3515 728 3585 amplius
759 3524 827 3572 sunt
851 3531 914 3588 gra·
973 3514 1272 3572 cumsolibeocorda
1291 3522 1319 3570 el
1337 3511 1524 3585 cogitationes
1544 3510 1742 3582 praeconum
1768 3523 1816 3566 nos

72 3602 146 3660 liora
164 3605 232 3671 (l‘l),
260 3617 318 3674 quo
347 3611 414 3659 sunt
444 3605 554 3674 majore
576 3604 673 3660 studio
699 3604 873 3676 investigata
889 3615 916 3664 et
969 3605 1055 3660 etlam
1069 3603 1106 3659 ab
1121 3603 1176 3658 bac
1199 3603 1422 3673 presumptione
1436 3614 1573 3657 revocans
1595 3600 1636 3656 ait
1652 3615 1659 3654 :
1673 3600 1764 3656 Nolite
1772 3599 1816 3668 ju·

72 3689 219 3749 dildcilius
240 3692 412 3763 conquisita.
443 3691 522 3763 Saepe
545 3693 643 3757 ctiam,
673 3706 723 3761 pro
751 3692 916 3751 diversitate
970 3694 1073 3760 dicare,
1090 3697 1181 3748 elnon
1195 3691 1390 3762 judicabimini
1405 3690 1479 3761 (Luc.
1495 3688 1550 3770 vr):
1578 3689 1613 3744 Et
1639 3687 1813 3758 Apostolus:

71 3794 171 3839 eorum
187 3781 296 3852 quibus
310 3781 467 3852 loquimur,
483 3781 572 3838 verba
584 3780 756 3837 commutari
782 3788 914 3850 oportet3
969 3783 1068 3849 Nolite,
1086 3781 1190 3851 inquil,
1208 3784 1272 3834 onte
1294 3787 1398 3849 tempus
1422 3779 1559 3848 judicare,
1579 3777 1759 3847 quoadusque
1774 3791 1815 3830 oe·

71 3885 138 3928 oum
154 3871 319 3942 frequenter
340 3872 453 3928 eveniat
477 3880 508 3928 ut
526 3871 680 3927 verborum
697 3870 813 3940 propria
827 3870 916 3941 signi·
969 3873 1030 3924 neat
1055 3873 1104 3938 qui
1126 3867 1296 3923 illuminabit
1309 3867 1469 3923 abscondita
1490 3865 1663 3921 tenebrarum
1676 3870 1703 3920 et
1730 3865 1816 3920 moni·

72 3958 166 4015 dcatio
187 3960 338 4015 nonnullis
366 3959 402 4015 sit
425 3957 570 4030 incognita
593 3961 645 4014 aut
676 3959 774 4015 minus
797 3959 914 4015 usitata.
969 3957 1082 4027 restabit
1114 3956 1231 4011 consilia
1259 3954 1648 4034 cordiumllcor.1v)3ac
1675 3952 1699 4009 si
1721 3958 1816 4022 aperto

72 4045 185 4114 Quibus
201 4048 320 4118 quidem
335 4048 359 4102 si
372 4048 419 4104 lad
441 4047 613 4112 doctrinam,
634 4054 665 4102 nt
687 4055 805 4116 oportet,
835 4046 917 4116 loqm
970 4045 1063 4102 dicat:
1080 4042 1298 4099 illicommittite
1316 4042 1344 4097 in
1361 4041 1467 4098 talibus
1483 4041 1639 4113 judicium,
1662 4055 1715 4111 qur
1738 4039 1815 4096 solus

71 4135 218 4200 volumus,
233 4136 327 4206 magis
353 4149 453 4191 eornm
470 4148 540 4190 usus
556 4149 645 4206 quam
672 4134 831 4204 proprietas
854 4148 913 4191 ser·
970 4130 1066 4188 omnia
1095 4131 1174 4186 novit
1203 4137 1291 4199 atque
1319 4130 1448 4203 ipsarum
1473 4143 1591 4200 qnoque
1615 4128 1757 4185 discretor
1775 4133 1817 4184 est

70 4224 165 4280 monis
188 4215 371 4280 aemnlandus
393 4231 445 4290 est,
473 4223 548 4279 siout
580 4231 608 4278 et
634 4223 693 4293 ipse
717 4222 913 4293 grammatice
970 4218 1189 4291 cogitationum,
1217 4218 1393 4289 juxtaquod
1409 4217 1486 4273 etde
1503 4216 1817 4287 occultiscjusmyste-

70 4309 203 4379 princeps
217 4316 245 4365 et
265 4309 445 4366 locutionum
476 4310 632 4366 instructor
656 4310 915 4367 Priscianusedo·
970 4307 1021 4364 riis
1045 4307 1138 4377 typice
1165 4306 1326 4376 (lilsuper
1347 4319 1423 4376 agno
1450 4304 1578 4376 pascbali
1597 4305 1817 4375 scriptumest:

71 4405 123 4454 oct.
149 4398 230 4463 Quod
262 4398 348 4454 etiam
377 4397 617 4468 diligentissimus
650 4397 783 4455 Ecclesiae
817 4398 916 4455 doctor
971 4395 1001 4452 Si
1015 4393 1083 4465 quia
1105 4396 1248 4451 residuum
1273 4396 1367 4462 tuerit,
1383 4396 1444 4463 iqui
1467 4392 1642 4448 comburatur
1656 4390 1759 4463 (Ecod.
1775 4395 1818 4460 x),

71 4485 174 4543 beatus
188 4485 337 4542 attendens
365 4486 559 4557 Augustinus,
575 4499 641 4541 cnm
658 4486 687 4541 in
702 4489 855 4555 quartoue
867 4486 913 4542 do·
939 4478 942 4483 ’
970 4483 1088 4550 bocest,
1114 4484 1226 4556 siquid
1245 4491 1288 4541 cst
1315 4482 1481 4539 divinorum
1506 4481 1721 4553 mysteriorum,
1739 4479 1819 4553 quad

71 4579 162 4632 ctrina
186 4576 344 4632 christiana
378 4575 605 4633 ecclesiasticum
637 4574 791 4632 instrueret
819 4576 914 4632 docto·
971 4570 1130 4644 intelligere
1157 4586 1215 4628 non
1240 4569 1398 4637 valeamus,
1414 4568 1537 4643 spiritui,
1566 4580 1618 4639 per
1643 4581 1732 4637 quem
1747 4567 1818 4624 sori-

71 4678 143 4732 rem,
174 4664 272 4720 omnia
295 4663 378 4722 illum
400 4678 466 4734 quae
494 4664 711 4735 intelligentiam
735 4664 916 4734 prepediant
931 4655 953 4713 ὓ
970 4669 1019 4732 pta
1032 4667 1112 4728 sunt,
1128 4659 1256 4717 docenda
1272 4661 1367 4730 potins
1381 4670 1573 4726 reminemus,
1598 4667 1688 4726 quam
1712 4661 1819 4712 minero

71 4766 171 4809 eorum
187 4751 295 4823 quibus
311 4752 451 4823 loquitur,
467 4753 613 4823 preterire
641 4753 784 4820 admonet,
806 4759 834 4808 et
856 4762 914 4808 tam
970 4749 1153 4808 definiamus.

70 4848 206 4918 ornatum
228 4854 318 4911 quam
336 4841 538 4910 proprietatem
562 4842 702 4898 sermonis
721 4848 912 4910 contemnere,
1004 4837 1079 4895 illud
1092 4851 1210 4909 quoquc
1224 4835 1377 4907 diligenter
1390 4834 1498 4891 attendi
1513 4832 1658 4918 convenit,
1683 4848 1731 4901 ue,
1748 4832 1818 4890 dom

71 4930 95 4986 si
110 4930 221 5001 absque
236 4929 297 4985 istis
311 4928 347 4985 ad
367 4928 585 5001 intelligentiam
600 4930 713 4989 lacilius
727 4930 830 5002 poterit
849 4943 914 5001 per·
968 4926 1070 4999 alique
1090 4926 1175 4983 nobis
1195 4939 1232 4982 er
1255 4923 1340 4982 dialis
1355 4931 1521 4980 sanctorum
1543 4921 1734 4993 objiciuntur,
1752 4929 1816 4978 tan·

107 5099 146 5172 (9)
176 5099 272 5159 Codex
304 5101 505 5159 Monacensis:
550 5103 713 5159 Aboielordi
745 5104 914 5175 philosophi,
1004 5103 1049 5246 ξω
1075 5102 1151 5159 Mon.
1170 5114 1177 5158 :
1194 5101 1296 5157 deceat.

72 5173 178 5229 omissa
189 5186 259 5229 voce
272 5174 356 5228 Petri.
1018 5175 1050 5228 ll
1076 5174 1121 5229 Ps.
1144 5172 1242 5239 nni:
1272 5172 1331 5228 Non
1355 5168 1525 5240 conqreqato
1553 5170 1746 5225 conventiculo
1772 5185 1819 5225 eo·

124 5245 167 5311 lo)
184 5242 289 5300 Cousin
306 5260 313 5298 :
330 5244 444 5299 dictata.
966 5260 1030 5300 rum
1044 5245 1078 5299 de
1089 5243 1280 5312 sanguinibus.

123 5314 165 5379 tt)
176 5313 252 5369 bion.
271 5329 414 5370 :narrare
506 5331 513 5337 ·
1003 5315 1061 5387 (lli)
1076 5314 1181 5391 Ceus:
1202 5316 1313 5384 tropice.

121 5383 163 5447 it)
179 5382 273 5440 biom:
289 5387 427 5452 gramma.

1855 39 1864 143 l
