3736 5962
70 258 123 313 aas
691 196 693 200 Α
729 247 964 307 recenseam
983 244 1173 304 nescisse.
1770 240 1822 315 ess

68 377 171 436 damni
194 378 288 449 major
309 377 469 444 exstiterat,
492 377 521 432 et
538 375 573 433 de
587 372 747 444 reparando
770 372 918 430 commodo
934 375 958 428 Α
973 371 1076 429 oculus
1088 383 1216 443 nequam
1238 382 1290 441 per
1304 366 1522 426 similitudinem
1537 366 1647 424 dieitur
1667 360 1821 424 bominum

68 469 170 526 minus
184 465 362 538 sperandum
376 465 542 531 videbatur,
558 469 587 521 et
602 462 721 536 gravius
735 469 767 520 ut
781 462 919 531 eveniret,
975 461 1153 524 invidorum,
1177 459 1229 533 qui
1248 459 1314 515 inde
1333 458 1474 515 adversus
1495 455 1568 513 alios
1590 462 1819 519 commoventur,

70 559 181 628 majore
201 569 268 612 cum
293 550 392 610 laetitia
414 553 582 623 suscipitur,
607 558 635 607 et
662 549 766 621 majori
785 548 922 606 sollicitu-
973 551 1049 621 quod
1064 551 1148 622 quasi
1162 558 1261 606 contra
1277 549 1420 605 rationem
1446 547 1567 615 laetum,
1591 545 1669 616 quod
1684 559 1743 603 non
1758 558 1819 603 cre·

71 648 131 703 dini
154 646 190 702 de
215 645 321 701 damno
344 643 439 713 majus
464 641 605 713 gaudium
630 640 757 696 succedit
781 638 816 696 de
843 654 918 695 com·
972 640 1115 706 diderant,
1142 639 1298 695 mirantur.
1321 637 1389 693 Tale
1415 645 1456 693 est
1478 650 1557 707 ergo.
1579 636 1731 691 Anacutas
1755 640 1820 691 toas

69 736 165 792 modo.
183 735 223 790 ile
239 733 327 805 justis
354 738 451 787 autem
481 744 554 801 quos
580 730 610 784 ιιι
633 729 709 785 ιιοιιο
734 742 918 799 perseverare
971 733 1151 798 aequaeuam,
1173 729 1239 798 qaia
1254 741 1301 794 epo
1327 726 1412 780 bonas
1434 739 1494 779 sum
1509 722 1523 778 i
1540 731 1679 793 tanquam
1695 722 1720 779 si
1740 721 1821 779 dice-

68 824 253 889 confidimus,
278 828 305 877 et
329 819 392 877 ideo
418 820 516 876 minus
537 818 577 874 illi
595 818 780 884 intendimus,
798 818 833 873 de
856 817 920 889 qui·
970 825 1022 874 ret.
1043 816 1184 886 Nunquid
1198 829 1277 871 exeo
1293 814 1371 886 quod
1386 813 1469 870 vides
1483 827 1533 883 per
1548 825 1642 867 meam
1657 810 1818 869 bonitatem

68 913 122 969 bus
140 911 301 968 securiores
315 923 428 976 sumus,
449 908 559 965 minore
576 907 684 981 gaudio
704 907 772 963 binc
785 907 917 963 accendi·
969 906 1079 963 iactum
1093 904 1283 961 commoveris
1298 917 1377 959 more
1404 902 1505 958 emundi
1535 916 1572 958 ex
1598 900 1755 971 iniquitate
1779 899 1818 957 ad

67 1016 136 1058 mur
149 1015 240 1073 quam
262 1000 297 1055 de
312 998 498 1056 conversione
524 997 689 1069 peccatoris.
719 1010 786 1067 quae
805 995 916 1053 dillrcil.
972 995 1200 1066 indignationem
1217 992 1231 1048 i
1246 996 1286 1049 Aa
1307 992 1332 1047 si
1345 992 1471 1048 diceret:
1489 992 1682 1063 Nequaquam
1697 989 1740 1046 sic
1752 1004 1820 1073 con·

66 1088 137 1143 lima
158 1087 324 1145 videbatur.
347 1086 410 1142 Non
436 1093 530 1143 tamen
549 1086 612 1143 ideo
634 1086 700 1156 plus
727 1085 803 1142 vaiet
828 1085 918 1156 hujus
970 1085 1059 1141 venit.
1091 1086 1150 1140 iioc
1173 1090 1270 1138 autem
1293 1081 1448 1138 bominum
1477 1081 1617 1152 cuiquam
1645 1079 1751 1148 dicere,
1774 1085 1818 1137 est

64 1175 217 1234 conversio
247 1188 335 1246 quam
359 1174 476 1230 illorum
506 1173 742 1244 perseverantia;
775 1173 823 1230 sed
851 1174 917 1244 plus
971 1171 1178 1243 ipsumlacere.
1194 1171 1247 1227 boc
1268 1171 1437 1241 intelligere,
1460 1169 1538 1241 quod
1553 1183 1611 1226 non
1631 1168 1700 1226 binc
1714 1168 1817 1228 debeat

65 1264 135 1320 inde
150 1263 314 1335 gaudemus
339 1276 407 1319 cnm
430 1261 576 1327 acciderit,
592 1262 669 1318 unde
690 1261 849 1332 plurimum
865 1260 918 1318 sol·
970 1261 1129 1334 indignari,
1146 1261 1195 1318 sed
1206 1261 1300 1333 magis
1314 1260 1434 1317 laudare
1449 1260 1550 1315 Deum.

67 1352 140 1408 liciti
171 1350 321 1408 ineramus
346 1357 379 1406 ut
407 1349 557 1406 accideret,
586 1349 668 1416 Quod
702 1363 771 1421 ergo
799 1349 915 1419 dicitur,
1201 1363 1503 1407 enouunuaureorssm
1521 1364 1581 1404 1111.

66 1440 210 1498 Gaudium
225 1441 278 1494 erit
301 1442 331 1493 in
352 1439 425 1507 cale,
444 1439 474 1494 in
491 1438 616 1495 Ecclesia
640 1438 771 1509 praesenti
788 1437 917 1495 lidelium
1004 1438 1129 1508 Quaestio
1144 1438 1192 1496 illa
1211 1440 1246 1496 de
1261 1447 1376 1510 peccato
1394 1441 1423 1495 in
1437 1438 1579 1509 Spiritum
1593 1443 1728 1495 sanctum
1742 1436 1817 1495 irre·

64 1529 241 1600 intelligitur
254 1528 419 1595 exsultatio,
434 1542 500 1598 quae
524 1541 737 1599 nonnunquam
758 1527 845 1583 etiam
869 1543 917 1585 re·
970 1529 1105 1586 missibili
1120 1544 1172 1585 nos
1186 1543 1304 1600 quoque
1317 1529 1392 1585 sicut
1420 1528 1527 1585 nnultos
1547 1533 1716 1584 commovet.
1737 1524 1817 1594 Quo-

65 1632 162 1690 gnum
177 1617 315 1675 coelorum
330 1617 480 1673 abomino
494 1623 691 1686 nuncupatur.
970 1619 1054 1675 mode
1072 1619 1150 1676 enim
1166 1619 1233 1689 quis
1249 1619 1278 1674 in
1295 1618 1403 1675 Filium
1423 1617 1484 1686 Dei,
1508 1624 1536 1674 et
1551 1631 1609 1673 non
1629 1615 1659 1672 in
1674 1614 1816 1687 Spiritum

308 1720 457 1763 emortuus
473 1720 610 1762 trecorssm
624 1720 675 1762 xit.
931 1680 1248 1781 Bsanetumeeccare
1274 1715 1364 1779 potest
1383 1722 1451 1765 eum
1474 1720 1553 1765 unus
1575 1704 1681 1763 ollandi
1703 1718 1816 1776 nequa·

100 1795 178 1852 illud
194 1809 311 1867 quoque
335 1795 468 1852 nonnihil
490 1795 659 1866 questionis
674 1794 761 1852 babet
789 1793 867 1867 quod
882 1795 913 1852 in
968 1810 1058 1868 quam
1073 1798 1134 1854 sine
1153 1796 1210 1854 alio
1225 1805 1323 1869 queat,
1339 1804 1367 1853 et
1386 1797 1475 1854 unius
1491 1794 1630 1853 ollensam
1652 1793 1681 1850 iu
1696 1801 1817 1852 mtrem·

64 1885 201 1941 llattbaeo
229 1883 353 1956 legimus
381 1883 416 1940 de
439 1885 578 1955 operariis
599 1885 627 1940 in
663 1885 778 1940 vineam
807 1883 910 1952 missis,
968 1900 1025 1958 que
1054 1887 1218 1944 redundare
1245 1886 1282 1942 sit
1304 1900 1439 1956 necesse3
1456 1899 1523 1942 cum
1548 1896 1737 1956 nequaquam
1755 1882 1817 1942 cui·

64 1988 194 2046 quorum
210 1975 321 2044 priores
336 1981 448 2030 tantum
464 1974 627 2030 novissimis
654 1973 788 2031 invidisse
811 1973 913 2031 viden·
967 1988 1057 2047 quam
1073 1975 1160 2046 possit
1175 1989 1236 2032 esse
1250 1975 1400 2046 placatus3
1417 1975 1466 2031 cui
1483 1974 1538 2031 luit
1549 1973 1597 2030 ille
1612 1970 1763 2030 oliensusl

62 2072 123 2131 tur,
157 2070 185 2119 et
219 2063 356 2119 adversus
380 2061 618 2131 patremlamilias
651 2076 851 2119 murmurasse
878 2070 911 2119 ut
1243 2079 1356 2121 sonurvo
1374 2078 1531 2121 anensem.

64 2152 120 2208 tale
135 2161 315 2208 mererentur
325 2165 495 2222 responsum
510 2167 516 2206 :
534 2154 579 2206 Aa
598 2152 692 2207 ocolus
712 2157 775 2208 taus
794 2167 912 2223 aequam
1001 2155 1162 2225 Antequam
1189 2152 1373 2220 solutionem,
1407 2160 1494 2224 prout
1522 2165 1685 2223 possumus,
1721 2164 1812 2222 pona·

64 2247 115 2307 est,
136 2242 204 2310 qaia
219 2256 268 2309 eqo
285 2241 367 2296 bouus
382 2256 442 2295 sam
457 2243 471 2295 i
485 2241 595 2312 (liattlr.
612 2255 664 2309 xx,
693 2241 747 2313 ta.)
762 2242 794 2298 lo
810 2241 910 2298 lutura
965 2257 1050 2310 rnus;
1072 2243 1273 2313 premittenda
1294 2250 1371 2311 sunt,
1396 2249 1424 2299 et
1438 2256 1474 2298 ex
1490 2241 1615 2298 diversis
1626 2238 1816 2313 evangelistis

60 2329 171 2401 quippe
184 2329 254 2396 rita,
277 2329 315 2384 ita
330 2328 435 2400 cuique
458 2328 608 2385 beatorum
626 2327 749 2386 sulileiet
773 2329 910 2386 bravium
965 2331 1125 2403 colligenda
1146 2330 1235 2402 hujus
1249 2331 1398 2387 sententiae
1413 2330 1513 2397 verba,
1528 2338 1556 2387 et
1580 2329 1657 2385 unde
1670 2329 1732 2398 ipsa
1747 2342 1815 2400 pen·

60 2425 240 2488 susceptum,
256 2424 289 2473 ut
312 2431 396 2473 nemo
420 2416 486 2487 plus
502 2416 541 2473 ibi
563 2417 669 2473 habere
689 2425 806 2488 appetat
821 2431 910 2489 quam
964 2419 1320 2491 deutpraemittondnmut
1334 2419 1450 2476 lucilius
1464 2419 1499 2474 ad
1515 2417 1688 2475 solutionem
1696 2416 1733 2474 sit
1745 2430 1815 2489 per·

60 2508 195 2577 accipiet,
211 2506 261 2562 ubi
276 2506 330 2562 erit
350 2512 431 2563 tanta
449 2507 583 2563 omnium
609 2505 744 2574 ebaritas,
767 2513 799 2563 ut
820 2520 911 2564 unus·
964 2509 1152 2565 veniendum.
1170 2507 1250 2564 Sicut
1269 2521 1337 2579 ergo
1352 2508 1506 2564 Matthaeus
1522 2506 1617 2573 relect,
1633 2505 1816 2563 cumdaemo·

62 2595 191 2666 quisque
208 2594 327 2650 alterius
343 2594 450 2650 bonum
466 2593 568 2665 diliqat
581 2602 722 2664 tanquam
742 2608 841 2664 suum,
858 2609 910 2652 uec
964 2597 1048 2653 nium
1064 2596 1220 2667 quemdam
1231 2597 1371 2653 Dominus
1381 2603 1511 2653 curasset
1526 2603 1553 2652 et
1565 2595 1660 2651 invidi
1673 2594 1813 2652 Pbarisaei

59 2699 77 2739 a
93 2683 245 2740 voluntate
259 2682 372 2747 bomini
391 2682 549 2752 quisquam
570 2682 730 2753 discrepare
745 2683 843 2753 possit,
858 2697 910 2739 nec
963 2686 1091 2742 dicerent
1105 2699 1172 2741 eum
1188 2685 1216 2741 id
1229 2685 1321 2741 lacere
1331 2685 1528 2756 perspiritum
1539 2697 1677 2755 nequam,
1694 2697 1751 2740 non
1763 2696 1815 2754 per

61 2786 113 2843 per
128 2771 239 2828 malum
254 2771 370 2827 invidie
384 2771 523 2827 adversus
533 2771 660 2841 aliquem
680 2772 767 2841 possit
781 2786 906 2843 nequam
964 2775 1103 2844 Spiritum
1118 2781 1261 2842 sanctum,
1278 2774 1421 2830 Dominus
1436 2773 1477 2831 ait
1496 2790 1503 2828 ι
1527 2774 1557 2830 Si
1583 2789 1645 2842 erqo
1665 2776 1696 2827 in
1710 2773 1813 2829 licetre-

58 2862 179 2920 oculum
194 2861 309 2927 babere,
321 2862 447 2917 inaximo
462 2876 529 2917 cum
540 2862 649 2917 invidia
672 2862 733 2931 bos,
755 2864 786 2920 in
801 2864 909 2935 quibus
967 2865 1018 2918 buo
1035 2866 1112 2934 ejicio
1122 2864 1264 2930 demeres,
1272 2865 1418 2934 filiioestri
1429 2866 1459 2917 ia
1469 2878 1522 2932 qao
1535 2862 1646 2932 ejieirmt
1656 2860 1671 2917 ι
1682 2861 1715 2917 st
1724 2864 1815 2919 autem

58 2960 110 3020 est,
123 2959 239 3008 tantum
248 2950 359 3022 aliligat
371 2952 524 3019 eteruciet,
535 2951 609 3007 utde
620 2952 681 3021 ipsa
692 2959 775 3023 poeta
785 2953 904 3010 dixerit:
925 2974 948 3033 c
964 2956 993 3008 ia
1009 2955 1118 3023 spiritu
1132 2956 1178 3008 liei
1192 2953 1270 3022 ejicio
1284 2953 1427 3022 moues,
1441 2956 1528 3021 ipitur
1540 2953 1667 3022 peruenit
1677 2952 1706 3006 ia
1718 2965 1815 3008 corre·

168 3039 286 3094 Invidia
303 3039 390 3095 Sicuti
404 3056 458 3094 nort
473 3043 598 3095 invenere
617 3044 730 3112 tyranni
965 3058 1048 3111 prium
1072 3043 1121 3096 liei
1142 3041 1253 3110 (diutile.
1279 3056 1331 3109 xri,
1346 3042 1382 3098 Et
1397 3048 1459 3112 posi
1474 3040 1575 3110 aliqua
1591 3057 1597 3094 :
1613 3040 1676 3095 ideo
1690 3039 1751 3095 dico
1764 3054 1812 3097 oo·

169 3127 260 3200 blajus
274 3134 437 3184 tormentum
965 3133 1006 3187 bis
1020 3151 1031 3187 .·
1047 3135 1131 3189 Omne
1144 3136 1282 3200 peceatum
1301 3135 1327 3186 et
1342 3131 1510 3200 olaspmmia
1524 3130 1678 3185 remittetur
1700 3128 1812 3185 bomini·

258 3218 377 3288 (Homer.
396 3219 488 3275 Eersv.
504 3218 585 3290 epist.
599 3235 617 3288 1,
634 3232 662 3275 v.
681 3221 725 3286 58,
745 3219 799 3288 59.)
965 3222 1013 3277 bas
1027 3241 1038 3277 .·
1053 3222 1175 3291 Spiritus
1183 3225 1272 3275 uatem
1283 3220 1459 3291 blasphemiae
1467 3235 1520 3275 rtort
1528 3221 1694 3275 remittetur.
1709 3221 1744 3276 El
1752 3220 1813 3289 qui·

93 3307 133 3362 Et
147 3306 239 3363 aiibi:
964 3318 1069 3381 eoaque
1090 3309 1193 3364 dicerit
1208 3310 1318 3366 verbum
1333 3316 1428 3365 contra
1451 3311 1552 3364 Filium
1568 3310 1694 3378 bominis,
1716 3310 1811 3365 remit-

167 3396 280 3451 btoidus
300 3396 414 3452 alterius
433 3396 513 3452 rebus
527 3400 671 3453 macrescit
686 3398 795 3467 opimis.
965 3404 1036 3454 tetur
1051 3400 1094 3465 ei;
1111 3401 1158 3465 qai
1186 3404 1275 3454 autem
1288 3398 1392 3455 dicerit
1416 3403 1511 3455 contra
1525 3399 1660 3469 Spiritum
1685 3401 1810 3455 sonetum

472 3485 558 3557 (lbial.
576 3500 651 3543 vers.
668 3486 723 3555 57.)
962 3504 1016 3543 moa
1036 3489 1190 3543 remittetur
1208 3489 1233 3543 ei
1255 3503 1340 3555 aeque
1354 3490 1384 3543 iu
1398 3487 1446 3544 boe
1472 3490 1579 3557 seculo,
1603 3504 1689 3558 oeque
1711 3488 1741 3543 ia
1759 3488 1812 3556 [ιι-

346 3588 460 3632 socurto
475 3589 623 3632 ιιιιιιιιιιιι
964 3580 1024 3633 turo
1039 3578 1130 3650 (ibid,
1148 3577 1203 3647 31).
1220 3577 1335 3634 blancus
1359 3592 1429 3634 vero
1448 3578 1489 3633 sic
1511 3577 1592 3648 ponit
1609 3593 1615 3633 :
1632 3580 1720 3634 Amen
1743 3577 1804 3634 dieo

95 3661 253 3718 Sciendum
273 3676 344 3719 vero
371 3663 501 3720 inomni
526 3664 664 3735 parabola
699 3679 758 3721 nou
782 3672 843 3722 tam
866 3666 907 3722 roi
962 3667 1047 3734 cobis,
1064 3669 1190 3736 quoniam
1206 3668 1297 3721 ommia
1320 3666 1493 3721 dimittentur
1516 3668 1581 3737 filiis
1599 3668 1736 3723 homiaem
1748 3681 1810 3739 pee-

59 3750 214 3807 veritatem
228 3764 396 3820 expressam
419 3766 479 3808 esse
498 3767 587 3824 quam
602 3767 639 3808 ex
658 3760 737 3823 parto
752 3752 852 3824 aliqua
866 3755 907 3810 rei
962 3759 1024 3811 cata
1038 3759 1064 3809 et
1079 3755 1261 3825 blasphemiae,
1277 3756 1375 3824 quibas
1400 3754 1653 3825 blasphemaverant
1672 3772 1680 3824 ;
1697 3757 1746 3829 qai
1759 3772 1809 3812 aa·

57 3836 279 3915 similitudinem
301 3839 448 3895 inductam
462 3853 533 3909 esse,
549 3847 577 3897 et
592 3855 667 3910 saepe
690 3840 816 3898 historiae
832 3843 906 3898 veri·
965 3849 1016 3898 tem
1031 3842 1260 3914 blasphemaverit
1275 3845 1304 3898 in
1326 3844 1460 3914 spiritum
1475 3848 1609 3911 sanetum,
1631 3859 1685 3899 aaa
1698 3844 1808 3900 babebit

57 3928 110 3983 tati
139 3926 359 3983 similitudinem
381 3928 464 3998 quasi
484 3943 544 3985 rem
561 3938 671 4001 gestam
687 3930 817 4003 adjungi.
834 3931 907 3988 Cum
961 3933 1144 3987 remissionem
1158 3934 1326 3987 iaaetcraom
1342 3948 1349 3999 ;
1366 3932 1413 3987 sed
1431 3947 1493 3987 reus
1521 3936 1562 3986 est
1581 3935 1676 3987 eterni
1690 3932 1783 3988 delicti
1799 3951 1808 4001 ;

56 4016 134 4071 enim
166 4015 201 4071 de
225 4014 312 4071 divite
328 4022 356 4071 et
378 4016 484 4073 Lazaro
506 4025 619 4088 gestum
648 4033 709 4074 esse
731 4019 860 4075 creditur
874 4020 903 4076 in
962 4023 1089 4092 qnoniam
1112 4020 1238 4075 dicebant
1252 4039 1263 4076 :
1279 4021 1454 4076 Immundum
1468 4022 1597 4092 spiritum
1612 4021 1692 4076 babet
1706 4020 1806 4092 (itare.

56 4105 176 4161 duabus
190 4104 328 4174 personis,
350 4106 394 4161 vel
409 4107 515 4176 saepius
531 4107 559 4162 in
587 4106 695 4174 multis,
713 4107 791 4178 qnod
815 4108 905 4179 hujus
961 4126 1002 4176 ιιι,
1018 4112 1062 4178 iit,
1079 4110 1134 4182 ιθ).
1152 4109 1245 4166 Lucas
1257 4124 1326 4167 vero
1341 4110 1382 4167 sie
1401 4110 1501 4167 scribit
1516 4110 1669 4167 Dominum
1685 4109 1782 4167 dicere
1798 4124 1808 4170 t

55 4196 158 4251 anima
170 4194 207 4250 sit
224 4193 345 4263 salvata,
362 4194 439 4250 illius
453 4195 601 4263 damnata,
616 4210 805 4267 nequaquam
822 4199 905 4267 juxta
962 4202 1119 4272 Quicunque
1146 4203 1284 4267 coufessus
1305 4202 1391 4266 suerit
1417 4217 1459 4256 me
1479 4216 1568 4256 eoram
1594 4199 1757 4271 bominibus,
1781 4203 1808 4257 et

56 4285 185 4342 litteram
211 4282 301 4352 accipi
330 4288 420 4353 potest
444 4284 522 4353 quod
552 4285 632 4341 dives
656 4285 782 4342 Abrabae
809 4287 902 4343 dicit:
920 4324 943 4378 D
961 4291 1046 4345 Filias
1071 4289 1190 4346 mmiois
1219 4291 1390 4359 confitebitur
1416 4291 1494 4346 itiam
1515 4306 1606 4347 coram
1621 4290 1725 4361 abaelis
1746 4290 1805 4347 liei.

58 4375 146 4429 Mitte
164 4372 310 4439 Lazarum,
331 4377 361 4426 ut
389 4377 541 4428 extremum
566 4374 649 4443 diqiti
668 4379 711 4429 sai
730 4377 850 4443 initaque
876 4381 905 4431 iu
959 4380 1011 4446 Qui
1025 4382 1114 4434 autem
1131 4380 1272 4449 aeqaeertl
1298 4395 1338 4434 me
1353 4395 1443 4435 coram
1471 4380 1632 4448 bominibus,
1661 4379 1807 4449 necabitur

56 4477 161 4532 aquom
183 4467 209 4516 et
229 4463 376 4529 resriqeret
406 4463 530 4531 linquam
553 4480 640 4519 meam
660 4466 736 4533 (bec.
766 4479 825 4533 xvv,
846 4466 902 4539 ai).
958 4484 1048 4523 coram
1063 4469 1166 4534 capelia
1189 4468 1247 4523 Dei.
1272 4470 1405 4524 Etomuis
1433 4471 1481 4538 qui
1496 4469 1564 4525 dicit
1586 4468 1695 4524 verbam
1715 4468 1805 4523 tatti-

54 4552 119 4610 Non
136 4550 215 4607 enim
237 4551 404 4607 animarum
420 4558 461 4607 est
476 4552 600 4625 digitum
623 4553 666 4610 vel
684 4554 814 4624 lingnam
830 4553 859 4608 in
874 4568 904 4609 se
959 4559 1028 4612 lium
1060 4558 1187 4623 bominis,
1216 4559 1371 4613 remittetur
1413 4557 1465 4612 illi.
1495 4560 1530 4614 Ei
1563 4563 1662 4626 autem,
1691 4557 1740 4627 qui
1775 4559 1806 4613 in

53 4640 175 4706 babere,
202 4640 252 4696 sed
271 4654 427 4710 corporum
448 4648 573 4697 tantum.
604 4641 684 4706 Quod
708 4658 777 4714 ergo
798 4644 833 4700 de
859 4643 903 4699 bis
957 4644 1092 4714 Spiritum
1129 4649 1253 4700 sanctam
1291 4645 1518 4716 blasphemaverit
1553 4662 1608 4701 moa
1651 4645 1806 4702 remittetur

53 4729 189 4793 dicitnr,·
202 4741 259 4783 non
281 4728 318 4783 ad
334 4730 483 4785 veritatem
502 4730 623 4800 pertinet
640 4731 679 4787 rei
695 4739 781 4803 geste
795 4745 903 4788 secun·
957 4732 1034 4803 (Lae.
1050 4749 1099 4802 nu,
1116 4732 1154 4805 8).

53 4813 127 4870 dum
147 4813 352 4883 proprietatem
379 4813 492 4883 litterae,
508 4814 606 4871 sedad
624 4814 842 4873 similitudinem
858 4818 903 4872 in·
992 4823 1042 4878 ilis
1069 4823 1169 4893 itaque
1196 4822 1362 4894 praemissis,
1383 4823 1476 4894 primo
1496 4821 1736 4895 distinguendum
1762 4830 1805 4880 est

54 4902 176 4959 ductam
205 4914 242 4957 ex
271 4901 370 4973 aliqua
397 4911 487 4973 parte.
518 4902 563 4961 Sic
592 4911 620 4960 et
643 4903 792 4971 hocloco,
822 4921 902 4964 mur·
956 4911 1026 4982 quid
1042 4912 1078 4967 sit
1098 4920 1249 4984 peceatum
1274 4913 1458 4983 blasphemiae
1485 4913 1513 4968 in
1539 4911 1645 4969 Filium
1665 4909 1803 4981 bominis,

52 5003 175 5047 murare
188 4990 328 5047 dicuntur
338 4991 458 5062 quidam
471 4998 498 5048 et
513 4999 653 5064 tanquam
670 4992 816 5064 indignari
831 4994 902 5053 alios
955 5000 1067 5072 etquid
1082 5001 1111 5056 in
1126 5001 1265 5072 Spiritum
1281 5010 1424 5059 sanctum.
1440 5005 1585 5066 Quantum
1599 5015 1668 5058 vero
1681 5000 1803 5070 aestlmo,

50 5079 108 5135 sibi
130 5077 303 5149 adaequari3
325 5081 520 5137 murmuratio
539 5081 593 5136 ista
607 5094 665 5136 nou
685 5080 901 5153 indignationis,
957 5090 1004 5147 ille
1031 5099 1129 5161 peccat
1146 5090 1373 5161 blasphemando
1400 5093 1428 5147 in
1456 5091 1561 5148 Filium
1587 5089 1722 5159 bominis,
1749 5092 1803 5162 qui

51 5168 101 5224 sed
117 5167 320 5224 admirationis
342 5175 385 5225 est
404 5169 580 5240 accipienda.
609 5168 663 5236 Qui
677 5170 755 5227 enim
770 5185 902 5230 murmu-
954 5179 1067 5237 cbristo
1077 5179 1204 5236 detrabit
1218 5194 1285 5236 eum
1305 5180 1473 5251 denegando
1489 5180 1580 5236 Deum
1595 5193 1654 5236 non
1677 5186 1737 5238 ιιιιι
1751 5193 1802 5252 per

52 5265 133 5323 rant,
161 5255 307 5314 mirantur
330 5257 358 5315 ld
374 5257 435 5315 lieri
450 5259 530 5329 quod
545 5273 604 5314 non
632 5260 796 5318 credebant.
820 5262 901 5320 Unde
956 5267 1097 5324 malitiam
1126 5282 1214 5339 quam
1231 5282 1282 5339 per
1297 5281 1434 5337 errorem,
1464 5282 1498 5324 ex
1521 5274 1669 5339 assumpta
1695 5277 1801 5329 nostrae

54 5346 247 5403 vvrnrmuratio
288 5345 336 5403 illa
351 5361 432 5403 nunc
456 5347 564 5403 dicitur
591 5347 750 5405 multorum
773 5349 902 5407 fidelium
957 5355 1133 5412 infirmitatis
1148 5364 1266 5426 natura,
1288 5371 1374 5429 quam
1390 5357 1419 5413 in
1433 5371 1466 5414 eo
1481 5356 1629 5429 conspicit.
1645 5357 1704 5414 Hoc
1722 5358 1800 5415 enim

52 5435 312 5509 admiratio,quod
326 5435 383 5493 sibi
397 5435 537 5494 videbunt
553 5437 583 5493 in
607 5437 725 5509 praemio
740 5439 901 5511 adequari,
957 5441 1063 5510 innuit,
1098 5455 1164 5498 oum
1194 5441 1263 5499 dicit
1291 5443 1398 5500 Filium
1433 5443 1560 5501 bominis
1587 5442 1685 5515 potios
1713 5456 1802 5516 quam

51 5540 130 5599 qnos
152 5525 282 5598 pauciori
305 5533 434 5601 tempore
456 5533 598 5587 noverant
615 5527 738 5600 operari.
766 5527 903 5588 similiter
957 5531 1062 5589 Filium
1074 5530 1122 5589 liei
1139 5539 1170 5588 ut
1180 5539 1296 5603 propter
1315 5531 1512 5591 infirmitatem
1528 5533 1652 5590 bominis
1666 5546 1755 5606 quam
1765 5546 1803 5590 ex
