3804 5962
113 229 182 287 ¹523
374 229 474 286 Periit
493 229 680 287 ABAELARDI
710 231 787 288 ΟΡΡ.
809 231 1255 291 rlhs111.-rflls0l0drcl
1275 233 1600 291 ETPHILOSOPHICA.
1808 236 1858 290 itti
1887 246 1892 309 l

112 361 203 413 tatem
215 366 277 412 osse
288 359 425 410 naturam
445 359 473 411 ει
491 353 632 424 serpentis
645 354 785 427 etvirgae.
802 356 868 409 Item
885 371 892 409 :
909 354 960 410 Sa·
977 360 1002 413 X
1018 355 1058 426 pit
1074 364 1101 412 ει
1117 357 1209 428 ipsam
1239 371 1355 414 carnem
1385 359 1489 430 [nobis]
1517 359 1553 415 ad
1575 357 1823 415 manducandum
1835 358 1859 413 al
1888 346 1891 391 ¹

115 449 306 509 crementum,
319 441 396 512 quod
412 440 529 510 accipis,
541 441 646 498 Christi
658 442 960 499 sermoneconiicitur.
1019 446 1141 502 salutem
1157 447 1244 503 dedit.
1265 449 1352 503 lierno
1373 458 1468 505 autem
1498 447 1718 521 caruemillam
1750 446 1858 503 mando·

114 531 156 589 De
175 531 260 587 totius
275 529 376 585 mundi
393 527 540 585 clementis
567 528 663 601 legisti
685 533 751 596 quta
768 533 826 600 ipse
839 530 922 596 dicit,
939 536 964 585 et
1019 541 1074 601 cat,
1091 535 1147 591 nisi
1157 540 1237 605 prius
1256 537 1428 593 adoraverit.
1450 537 1530 591 ldem
1557 539 1587 591 ire
1612 537 1728 606 psalmo
1745 537 1858 592 XXl‘lll:

113 621 265 689 factasunt
284 616 479 688 (Psebxxxu,
501 620 538 688 ill.
559 617 964 689 SermoChrisli,quip0tuit
1020 622 1111 680 David
1145 624 1291 680 iercbutur
1319 626 1347 680 in
1377 625 1511 681 manibus
1542 625 1616 681 suis.
1641 625 1783 680 Manibus
1812 626 1859 680 suit

116 721 153 766 ert
161 707 252 764 nihilo
261 705 354 763 lacere
367 705 445 777 quod
461 721 518 762 non
528 716 601 774 erat,
613 720 671 762 non
684 715 773 777 potest
782 720 816 762 ea
825 712 965 777 quaesunt
1021 727 1105 769 nemo
1126 722 1270 782 portatur.
1290 713 1436 779 Quomodo
1453 713 1633 785 intelligatur
1649 713 1758 782 inipso
1772 712 1858 778 Dauid,

115 795 147 854 ιε
162 795 191 852 id
202 802 315 852 mutare
329 794 408 864 quod
424 808 484 850 non
498 796 584 851 erat?
610 797 697 851 Item:
727 796 833 851 Praeter
852 804 966 850 naiurae
1021 802 1181 858 secundum
1198 803 1321 858 litteram
1338 817 1394 858 non
1411 804 1586 870 invenimus,
1605 802 1768 881 inchristo
1780 810 1859 858 auten

116 885 248 944 ordinem
265 884 352 955 Virgo
375 884 543 955 generatim
572 893 599 941 ct
627 885 681 941 hoc
701 884 779 955 quod
798 883 966 940 conficimus
1022 890 1197 947 invenimus.
1210 891 1368 947 Ferebatur
1380 894 1457 947 enirn
1474 892 1503 948 in
1519 890 1743 959 manibussuis,
1761 890 1860 962 quaudo

116 987 234 1045 corpus,
247 985 284 1029 eX
297 970 420 1043 Virgine
441 981 493 1029 esl-
509 972 583 1039 Quid
608 973 964 1045 hicquaerisnatulaeor·
1023 980 1229 1036 contmendans
1257 994 1362 1049 corpus
1392 995 1478 1036 suum
1512 982 1552 1036 ait
1584 996 1591 1035 2
1624 984 1683 1036 Hoc
1712 985 1754 1035 est
1781 995 1859 1049 ωερε

119 1062 254 1120 dinemiu
268 1060 376 1119 Christi
400 1075 529 1132 corpore,
551 1076 617 1119 curn
642 1070 746 1133 praeter
759 1071 893 1119 naturam
907 1063 966 1131 ipsc
1022 1085 1120 1123 meum.
1137 1069 1380 1125 Ferebaturenim
1398 1069 1468 1125 illud
1484 1083 1588 1140 corpus
1600 1070 1629 1125 ιε
1651 1069 1859 1125 manibussuis

119 1150 156 1210 sit
168 1149 311 1208 Dominus
327 1156 428 1221 partus
451 1164 488 1206 ex
517 1149 660 1223 Virgine?
684 1152 755 1208 Vera
784 1151 967 1222 utiquecaro
1023 1158 1062 1211 ln
1090 1157 1203 1212 bomilia
1239 1159 1323 1214 XXXl
1351 1174 1433 1228 super
1466 1162 1615 1215 loannem:
1642 1144 1808 1228 Quousque
1833 1157 1859 1213 bi·

119 1239 238 1308 Christi,
253 1252 320 1311 quae
338 1238 480 1296 crucifixa
502 1247 555 1303 est,
582 1255 648 1310 εεε
668 1242 778 1311 sepulta
806 1249 871 1297 cst:
901 1254 968 1296 vcro
1024 1244 1124 1301 beroni
1146 1247 1331 1317 sanguinein,
1355 1260 1440 1317 quem
1461 1245 1607 1314 fuderant,
1632 1246 1858 1316 desperaverunt

121 1343 190 1402 argo
204 1329 301 1386 earnis
316 1328 396 1386 illius
411 1337 624 1385 sacramentum
649 1337 700 1385 est.
720 1331 782 1401 lpse
796 1328 968 1386 clamatDo·
1023 1334 1102 1388 Idem
1121 1337 1151 1389 ιε
1174 1335 1252 1388 libris
1267 1336 1469 1390 sellentiacum
1488 1336 1636 1403 Prospere:
1668 1335 1731 1389 lloc
1745 1332 1859 1404 estquod
1886 1386 1889 1391 .

122 1419 239 1478 minus:
266 1419 329 1473 Hoc
344 1423 385 1474 est
399 1434 495 1490 eorpus
519 1434 617 1474 meum.
639 1421 704 1476 Post
724 1420 968 1476 consecrationem
1026 1419 1159 1484 dicimus,
1191 1421 1268 1491 quod
1289 1422 1381 1477 modis
1400 1421 1537 1477 omuibus
1563 1421 1733 1491 approbare
1760 1429 1859 1476 coelen

124 1520 230 1578 corpus
243 1506 437 1578 significatur,
466 1508 589 1579 sanguis
613 1516 811 1578 nuncupatur.
829 1507 862 1563 Et
878 1515 909 1563 tu
926 1507 969 1561 di·
1026 1508 1132 1578 dinruS,
1150 1510 1324 1565 sacrificium
1345 1509 1474 1566 Ecclesiae
1498 1510 1613 1565 duobus
1631 1509 1750 1577 contici,
1768 1509 1860 1565 duobrt

125 1596 185 1655 cis:
205 1598 309 1663 Amen,
327 1597 435 1652 hoocst
453 1610 553 1653 verum
582 1604 634 1653 est.
666 1596 747 1661 Quod
772 1609 804 1652 os
830 1596 971 1667 loquitur,
988 1614 1009 1669 Β
1028 1608 1168 1667 constare,
1194 1598 1301 1654 visibili
1325 1599 1532 1655 elementorum
1563 1598 1660 1668 specie
1688 1606 1717 1654 et
1740 1597 1861 1654 invisibli

125 1698 208 1744 mens
224 1684 494 1751 iuternaiateatur;
519 1686 599 1756 quod
618 1699 710 1742 sermo
735 1693 826 1752 sonat,
852 1683 972 1741 allectus
1029 1687 1140 1743 Domini
1162 1687 1253 1743 nostri
1278 1689 1346 1743 lesu
1371 1687 1476 1743 Christi
1506 1701 1593 1743 carne
1618 1694 1647 1742 et
1663 1689 1861 1758 sanguiuesa

126 1773 240 1832 sentiat.
257 1772 324 1829 ilem
341 1772 395 1828 :lu
412 1770 460 1828 illo
487 1780 667 1829 sacramento
689 1772 821 1829 Christus
835 1778 887 1839 ost,
904 1772 974 1843 quie
1028 1784 1173 1833 eramento
1183 1781 1211 1832 et
1235 1791 1265 1833 re
1281 1777 1464 1841 sacramenti,
1495 1776 1522 1831 id
1551 1784 1591 1832 εει
1614 1789 1741 1846 corpore
1766 1775 1861 1838 Christi,

127 1876 234 1933 eorpus
249 1861 354 1918 Christi
376 1867 428 1918 est.
457 1861 521 1918 Nou
547 1876 615 1933 crgo
640 1861 797 1932 corporalis
824 1874 899 1925 esca,
924 1859 974 1915 scd
1028 1865 1103 1921 sieut
1123 1864 1231 1921 Christi
1265 1879 1386 1935 persona
1414 1871 1525 1921 constet
1555 1873 1583 1921 ει
1611 1865 1773 1921 conficitur
1785 1865 1862 1919 Decet

127 1951 287 2024 spiritualis
308 1958 359 2007 est.
377 1950 457 2007 Unde
471 1959 499 2007 et
516 1951 668 2022 Apostolus
694 1950 729 2007 de
752 1958 817 2020 typo
839 1950 901 2020 ejus
924 1949 972 2004 ait.
1029 1954 1155 2022 bomine,
1171 1968 1238 2009 eum
1255 1955 1313 2024 ipse
1328 1953 1461 2010 Christus
1476 1968 1562 2009 verus
1591 1953 1630 2009 sit
1650 1954 1733 2010 Deus
1749 1961 1777 2010 et
1796 1966 1861 2008 verus

129 2043 197 2113 quio
218 2047 312 2112 potres
328 2042 418 2096 mestre·
433 2055 520 2096 esrom
543 2042 716 2111 spiritualem
729 2039 973 2095 manducaverunt.
1029 2044 1125 2111 homo,
1141 2044 1214 2114 quia
1234 2044 1327 2100 omnis
1351 2059 1397 2100 res
1413 2045 1527 2099 illarum
1562 2056 1662 2098 rerum
1693 2051 1825 2098 naturam
1843 2050 1861 2094 et

129 2132 153 2204 (l
168 2133 229 2189 Gor.
252 2145 294 2201 ιε,
323 2131 361 2202 9).
391 2132 592 2202 Corpusonim
613 2131 661 2187 Dei
686 2143 792 2200 corpus
815 2138 858 2187 εει
886 2128 976 2200 εειει-
1029 2132 1178 2189 veritatem
1196 2133 1225 2188 in
1247 2147 1277 2188 se
1302 2134 1437 2195 continet,
1466 2145 1503 2188 ex
1518 2131 1628 2201 quibus
1643 2131 1808 2188 coniicitur.
1826 2129 1861 2186 mr
1885 2106 1888 2141 ¹

128 2219 218 2286 tuale,
252 2233 357 2289 corpus
388 2218 493 2275 Christi
518 2233 624 2290 corpus
653 2227 695 2274 est
724 2217 816 2275 divini
843 2217 972 2289 spiritus.
1030 2235 1099 2291 ergo
1114 2229 1325 2276 sacramentum
1338 2229 1366 2277 et
1392 2235 1437 2277 res
1452 2221 1636 2286 sacramenti,
1654 2220 1684 2274 id
1710 2226 1755 2275 cst
1777 2230 1861 2288 corpm

130 2307 205 2364 idem
219 2311 249 2362 bt
263 2321 382 2364 sermone
404 2307 438 2362 de
451 2308 520 2363 Abel
547 2314 572 2362 et
587 2308 678 2365 Cain:
702 2306 775 2362 liam
798 2307 820 2362 si
846 2304 979 2361 credasa
1033 2309 1149 2366 Christi.
1165 2310 1249 2364 item:
1266 2309 1338 2366 Coro
1357 2311 1430 2381 cJus,
1460 2323 1550 2381 quern
1577 2309 1673 2365 torma
1687 2309 1772 2378 panis
1796 2319 1859 2376 oper·

133 2394 245 2455 Christo
259 2408 376 2452 earnem
386 2410 448 2452 esse
458 2403 638 2466 assumptam
661 2402 689 2452 ει
703 2394 806 2451 odoras
819 2392 976 2464 transfigu-
1034 2407 1091 2454 tam
1116 2398 1146 2454 in
1173 2406 1352 2454 sacramento
1388 2398 1557 2468 accipimus,
1588 2405 1617 2454 et
1654 2394 1859 2468 sanguisejus

133 2491 231 2544 ratum
245 2498 353 2554 corpus
367 2484 519 2551 altaribus,
533 2499 592 2541 uon
615 2493 710 2541 tamen
736 2491 872 2540 naturam
899 2482 979 2539 verbi
1033 2487 1185 2556 quemsub
1210 2487 1269 2542 vini
1292 2487 1384 2557 specie
1403 2501 1437 2542 ae
1463 2500 1563 2556 sapore
1593 2493 1743 2555 potamus,
1759 2480 1860 2541 carori

134 2580 162 2632 ει
183 2572 321 2645 corporis,
349 2581 377 2629 et
402 2572 453 2629 tibi
479 2573 606 2630 dieitur:
628 2574 744 2629 streete
772 2572 881 2641 offeras,
911 2576 980 2625 reete
1033 2574 1136 2631 delicet
1150 2582 1176 2631 ot
1187 2575 1307 2646 sanguis
1317 2583 1358 2631 est
1373 2581 1585 2630 sacramentum
1603 2573 1860 2644 sanguinis3earh
1882 2556 1885 2615 ἶ

135 2666 292 2720 alstemum
306 2657 558 2731 dividstmtssiisssii
573 2659 653 2731 (Gen.
674 2661 862 2731 1r‚7,juxte
886 2657 978 2729 LXX).
1033 2673 1061 2721 et
1073 2665 1224 2735 sanguine,
1250 2669 1373 2735 utroque
1391 2662 1542 2725 invisibili,
1571 2662 1767 2732 intelligibili,
1794 2660 1859 2730 spiri·

134 2753 315 2822 Hieronymus
336 2749 374 2805 ed
399 2750 562 2805 lledibe'em:
596 2749 654 2806 Nec
682 2749 793 2820 Moyses
824 2747 905 2804 nobis
935 2747 981 2802 ds
1035 2753 1107 2810 tueli
1132 2753 1314 2824 intelligitur,
1345 2752 1526 2825 significatur
1549 2765 1656 2820 corpus
1672 2750 1786 2807 visibile
1799 2746 1859 2804 dhri-

135 2841 179 2898 dit
192 2854 294 2912 panem
304 2852 416 2906 verum,
429 2841 478 2895 sed
492 2839 631 2895 Dominus
646 2839 729 2894 lesus
745 2839 804 2908 ipse
814 2835 937 2892 conviva
953 2843 981 2891 et
1036 2842 1071 2898 sti
1086 2851 1114 2898 ot
1125 2842 1277 2912 palpabile,
1298 2843 1414 2911 pienum
1437 2840 1531 2911 gratia
1543 2839 1677 2896 omniunt
1693 2840 1830 2895 virtutum
1843 2843 1859 2888 tt

137 2930 315 2997 convivium,
334 2928 395 2998 ipse
411 2929 565 2984 comedens
588 2927 640 2999 qui
664 2935 691 2983 et
714 2925 883 2983 comeditur.
899 2924 982 2994 tidem
999 2904 1019 2959 C
1037 2929 1137 2985 divina
1150 2930 1308 3000 majestate.
1324 2931 1412 2985 ilem:
1443 2928 1522 2984 Sicut
1541 2942 1610 2997 ergo
1639 2926 1764 2983 coelestis
1789 2922 1859 2994 pauit

136 3033 219 3091 super
230 3017 389 3074 haetheum
404 3016 500 3088 (xxvi,
514 3019 575 3082 lit:
606 3018 729 3086 Accipite
743 3019 769 3069 et
780 3015 917 3082 comedite,
933 3015 983 3069 boc
1037 3018 1087 3089 qui
1104 3031 1169 3073 vere
1185 3017 1289 3074 Christi
1305 3031 1372 3073 earo
1383 3025 1435 3084 εει,
1450 3030 1502 3071 εεε
1523 3016 1608 3071 modo
1636 3023 1761 3070 vocatur
1778 3007 1861 3068 chrisi

137 3113 286 3180 esleorpus
306 3122 412 3174 mcum,
438 3115 590 3177 postquam
611 3107 737 3178 typicum
757 3103 863 3174 pascha
889 3101 983 3159 luerat
1037 3118 1151 3174 corpus,
1167 3118 1234 3160 curn
1247 3117 1347 3160 revera
1357 3104 1393 3159 sit
1407 3111 1622 3159 sacramentum
1647 3102 1777 3171 corporis
1798 3096 1861 3155 Chri·

138 3197 300 3268 impletum,
313 3200 341 3251 ει
361 3196 541 3265 agniearnes
556 3208 623 3250 cum
649 3192 783 3263 apostolis
811 3192 981 3262 comederat,
1037 3192 1084 3260 sti,
1101 3192 1178 3247 illius
1197 3191 1338 3254 videlicet,
1363 3192 1439 3262 quod
1458 3192 1487 3247 in
1515 3206 1601 3247 cruce
1627 3196 1671 3246 est
1685 3191 1817 3259 positum,
1829 3198 1862 3240 re

138 3285 258 3342 assumit
273 3295 387 3354 panem,
402 3281 454 3351 qui
469 3282 610 3339 confortat
629 3294 678 3337 eor
699 3280 833 3348 hominis,
850 3290 877 3337 ct
890 3281 925 3336 ad
937 3294 983 3336 ve-

138 3386 205 3431 rum
214 3371 327 3443 paschae
336 3369 549 3442 transgreditur
559 3368 983 3441 sacramentum,ut,quomodo

138 3460 170 3520 in
183 3459 419 3534 prefiguratione
439 3461 502 3530 ejus
533 3458 743 3517 Melchisedech
769 3472 872 3528 panem
900 3459 983 3515 clvi-

137 3564 209 3608 num
237 3547 360 3606 offerens
384 3549 501 3618 lecerat,
527 3548 587 3618 ipse
615 3560 735 3619 quoque
759 3547 910 3603 veritatem
939 3547 983 3603 sui

1038 3288 1121 3337 catur
1138 3280 1201 3351 ipsa
1224 3281 1319 3337 earnis
1335 3280 1503 3347 immolatio,
1518 3294 1586 3351 quae
1610 3277 1769 3335 sacerdotis
1791 3272 1862 3332 εεει·

1038 3369 1093 3427 bus
1113 3369 1153 3432 fit,
1182 3369 1284 3426 Christi
1315 3369 1419 3440 passio,
1448 3382 1535 3434 mors,
1564 3367 1732 3434 crucifixio,
1758 3378 1810 3421 non
1833 3359 1861 3416 rei

1038 3459 1170 3527 veritate,
1191 3459 1240 3514 sed
1269 3458 1451 3528 significante
1474 3456 1629 3525 mysterio:
1654 3456 1698 3512 sic
1725 3463 1861 3512 sacramen·

1039 3555 1101 3604 turn
1122 3547 1196 3614 lidei,
1228 3546 1305 3617 quod
1334 3546 1494 3615 baptismus
1518 3544 1704 3616 intelligitur,
1738 3541 1802 3599 tides
1822 3544 1859 3592 est.

138 3640 268 3711 eorporis
286 3646 314 3696 et
335 3638 488 3709 sanguinis
517 3645 745 3709 representaret.
774 3637 851 3692 idem
865 3641 894 3692 tn
915 3637 984 3692 libre
1038 3638 1115 3694 idem
1125 3638 1154 3691 in
1166 3638 1273 3707 psalmo
1293 3635 1372 3690 Llll:
1404 3634 1496 3691 ludaei
1521 3632 1719 3704 pascebantur
1745 3635 1860 3698 tauquam
1884 3674 1887 3693 ,

139 3731 177 3786 De
195 3727 321 3784 membris
348 3729 482 3784 Domini:
508 3726 645 3784 Sacerdos
675 3726 728 3784 Dei
754 3726 845 3783 Petris
877 3725 986 3782 dicitur
1040 3727 1075 3782 de
1088 3739 1172 3797 poena
1186 3725 1352 3794 Dourini,et
1374 3738 1427 3780 nos
1441 3724 1475 3779 de
1499 3736 1586 3778 cruce
1600 3720 1720 3777 Domini
1731 3719 1859 3789 pascimur.

140 3817 234 3875 Filius
260 3816 311 3874 Dei
325 3817 485 3874 seeundum
511 3817 731 3885 humanitatem,
757 3816 787 3871 in
811 3828 915 3885 quase
933 3829 985 3885 pro
1041 3817 1111 3887 quia
1123 3828 1226 3884 corpus
1245 3814 1336 3883 ipsius
1351 3812 1571 3868 manducamus.
1588 3810 1707 3866 liabent
1720 3822 1786 3880 ergo
1802 3799 1861 3871 iul'

139 3904 225 3964 nobis
248 3904 422 3976 mtceptahile
437 3914 651 3961 sacramentum
666 3905 724 3983 Deo
743 3904 855 3971 obtulit,
872 3911 905 3958 ut
926 3903 986 3972 ipso
1039 3904 1140 3974 epulas
1152 3915 1229 3970 suas,
1246 3902 1351 3957 habent
1366 3902 1402 3970 pii
1423 3900 1498 3956 beati
1523 3898 1574 3970 εει
1592 3897 1732 3955 esuriunt
1745 3905 1772 3953 ει
1784 3893 1864 3952 sitiunt

139 4001 211 4051 asset
228 3994 361 4050 sacerdos
385 3993 435 4065 εει
455 3992 640 4050 sacrificium.
663 3993 837 4061 Αεεεειιεεε
856 3994 894 4046 De
908 3992 986 4046 utili·
1038 3990 1190 4062 justitiam,
1214 3998 1267 4046 etc.
1287 3991 1339 4044 Leo
1356 4005 1432 4059 popo
1458 3990 1487 4043 in
1512 4002 1633 4042 semoooe
1661 3986 1698 4041 de
1718 3985 1818 4055 peimio
1837 3991 1867 4032 ut

140 4086 197 4140 tote
210 4083 321 4153 opendae
333 4084 519 4153 pestilentie:
546 4083 628 4138 'lunc
648 4080 688 4137 eis
713 4082 814 4138 Petrus
829 4083 984 4138 aununtia—
1040 4081 1139 4134 metuis
1157 4079 1296 4135 :Dicente
1314 4078 1436 4133 Domino
1454 4101 1460 4132 :
1491 4077 1553 4134 Nisi
1576 4076 1810 4130 manducaveritis
1823 4085 1866 4124 cer·

140 4173 260 4231 viteum
274 4171 438 4241 colendum,
455 4185 542 4244 quem
557 4170 775 4234 crucifixerunt,
803 4179 836 4227 ει
850 4170 914 4241 clus
925 4172 985 4242 jam
1040 4185 1100 4224 nero
1121 4171 1185 4224 Filii
1200 4169 1316 4223 bominis
1341 4172 1368 4223 et
1395 4166 1522 4222 biberitis
1548 4166 1607 4234 ejus
1637 4166 1866 4233 scoparumque

140 4259 316 4333 sanguinem
331 4259 463 4317 biberent
483 4260 637 4324 credentes,
667 4273 754 4329 quem
777 4259 910 4316 luderent
933 4274 985 4316 ste·
1001 4247 1024 4302 D
1040 4259 1172 4314 babebitis
1199 4258 1283 4312 vitum
1306 4258 1336 4310 in
1358 4256 1434 4311 eolis
1463 4257 1553 4325 (loon.
1579 4267 1620 4319 vr,
1655 4253 1714 4322 bil,
1739 4252 1781 4308 sic
1801 4256 1865 4305 sacre

140 4350 348 4407 vientesldem
365 4350 395 4404 in
422 4349 546 4419 llpe'stole
573 4348 781 4403 odlrenoeum:
811 4347 985 4419 Corporeum
1040 4361 1146 4406 meusae
1173 4345 1387 4403 communicare
1415 4344 1534 4411 debetis,
1555 4351 1587 4399 ut
1618 4341 1695 4397 nihil
1717 4335 1865 4411 prorsusd

142 4436 429 4496 illudmaunanunc
449 4445 601 4495 nectente
627 4450 673 4493 res
687 4437 831 4505 miraculi,
853 4437 923 4507 quia
935 4451 988 4492 ve·
1041 4437 1163 4493 veritate
1189 4434 1317 4502 corporis
1353 4432 1458 4489 Christi
1490 4439 1517 4487 ει
1543 4429 1702 4500 sanguinis
1729 4425 1864 4498 ambigam.

142 4526 186 4587 nit
198 4528 277 4599 quod
292 4527 450 4599 porrectum
474 4534 527 4584 εει.
553 4526 711 4583 Perfectum
736 4533 832 4582 eutem
847 4532 889 4580 est
905 4524 988 4594 panis
1044 4527 1102 4581 lloc
1116 4525 1193 4580 cuim
1209 4536 1257 4579 ore
1272 4523 1410 4589 sumitur,
1422 4521 1498 4593 quod
1515 4520 1569 4575 tide
1581 4518 1727 4588 creditur,
1741 4527 1771 4575 et
1785 4517 1866 4574 truso

142 4616 178 4674 de
196 4617 278 4683 eoelo,
311 4631 417 4687 corpus
435 4630 472 4674 ex
504 4616 634 4689 Virgine.
660 4615 736 4672 lolem
760 4617 790 4669 m
819 4614 932 4669 bomilia
963 4614 987 4667 ll
1042 4614 1078 4670 ab
1102 4611 1158 4668 illis
1180 4615 1271 4667 Amcn
1299 4612 1415 4678 dicitur,
1435 4624 1452 4665 a
1472 4608 1580 4679 quibus
1603 4606 1715 4662 dicitur
1741 4596 1865 4663 contrad

137 4708 243 4779 psalmi
256 4706 397 4769 XXXhl:
425 4709 615 4764 decesserunt
642 4705 732 4762 ludaei
759 4704 794 4759 ad
822 4704 931 4769 lesum,
956 4710 988 4759 ut
1043 4702 1120 4772 quod
1137 4701 1278 4770 accipitur
1295 4707 1324 4755 et
1339 4698 1514 4767 disputatur.
1537 4697 1613 4750 idem
1629 4697 1660 4748 in
1673 4696 1802 4764 Epistola
1814 4693 1863 4746 Ast·

141 4795 365 4867 crucifigerent;
381 4809 433 4852 nos
443 4795 626 4863 accedamus,
641 4801 674 4851 ut
690 4791 868 4864 corpusejus
886 4800 913 4848 et
924 4803 988 4846 san·
1044 4791 1108 4846 tolio
1141 4792 1263 4860 episcopo
1291 4790 1392 4843 missa:
1430 4786 1521 4841 Aliter
1548 4784 1627 4839 euim
1667 4783 1800 4840 Ecclesia
1827 4778 1863 4833 br

141 4885 259 4958 guinem
282 4884 467 4956 accipiamus.
484 4886 575 4955 ltem;
607 4882 679 4941 Vere
705 4895 829 4953 maguus
849 4879 989 4936 Dominus
1044 4877 1128 4946 mini,
1153 4892 1219 4948 εεε
1234 4885 1277 4933 εει
1299 4890 1405 4945 corpus
1429 4872 1544 4938 Christi,
1571 4886 1622 4927 uec
1637 4880 1706 4929 rata
1720 4873 1864 4927 suutsaeet·

141 4981 169 5032 ει
181 4987 289 5047 magna
308 4973 508 5030 misericordia
527 4973 599 5045 ejus,
624 4971 677 5043 qui
703 4969 788 5026 nobis
809 4969 886 5024 dedit
905 4982 988 5024 man·
1043 4968 1120 5024 dolia
1135 4982 1187 5022 εεε
1205 4979 1276 5022 vera
1289 4964 1440 5029 sacrificia,
1467 4963 1521 5018 nisi
1542 4962 1571 5016 in
1597 4967 1706 5017 uostrae
1721 4958 1864 5030 proprietate

141 5063 249 5123 (lucare
269 5076 375 5136 corpus
389 5075 488 5129 suum,
503 5062 532 5118 in
552 5075 610 5132 quo
629 5066 711 5116 tanta
731 5071 881 5129 perpessus
895 5064 946 5124 est,
962 5062 990 5112 et
1044 5066 1155 5114 naturae
1168 5069 1220 5110 uos
1239 5068 1326 5110 verus
1352 5047 1615 5120 irurnaculatihgni
1640 5050 1766 5119 sanguis
1790 5052 1864 5133 emut-

140 5150 596 5226 sauguinemsuumbibora.1n
619 5149 732 5204 bomilia
750 5148 854 5217 psalmi
878 5144 989 5201 XXVlll
1043 5145 1101 5200 det.
1117 5143 1170 5210 Qui
1191 5143 1255 5198 licet
1277 5142 1306 5197 in
1328 5142 1420 5198 Patris
1449 5141 1484 5195 sit
1512 5138 1632 5193 dextera
1656 5137 1835 5192 constitutus,
1848 5137 1865 5177 tt

141 5242 180 5298 od
192 5243 328 5302 ledeos:
356 5243 418 5299 lam
447 5239 541 5297 securi
563 5237 763 5311 [sanguinem]
790 5235 887 5298 bibite,
902 5247 988 5304 quem
1042 5233 1141 5288 eadem
1163 5241 1364 5299 tamencarne,
1380 5241 1469 5300 quarn
1484 5226 1608 5296 sumpsit
1627 5238 1666 5282 ex
1696 5225 1824 5296 Virgine,
1836 5227 1866 5271 ει·

141 5329 267 5388 indistis.
281 5333 314 5387 ln
330 5331 441 5388 bomilia
452 5330 566 5386 LXXV:
586 5329 683 5398 lpsum
704 5327 887 5398 sauguinem,
901 5336 989 5394 quern
1043 5331 1224 5378 crementum
1254 5318 1465 5390 propitiationis
1487 5315 1672 5384 exsequitur.
1688 5314 1766 5368 idem
1784 5315 1811 5366 bt
1823 5319 1864 5362 set·

144 5418 349 5488 periusaniam
383 5419 531 5488 fuderunt,
556 5432 606 5489 per
634 5416 760 5490 gratiam
792 5415 938 5471 biberunt.
958 5413 989 5465 ln
1043 5425 1120 5464 morte
1138 5413 1175 5465 De
1191 5411 1317 5479 pessime
1332 5407 1457 5462 Domini:
1484 5402 1589 5460 intulit
1614 5401 1793 5474 supplicium
1817 5390 1864 5451 Filo

141 5505 368 5579 bomiliopsalmi
387 5508 496 5567 XXlX:
513 5508 555 5566 De
568 5506 764 5565 camellariae
778 5517 895 5562 carnem
911 5514 990 5560 aece-
1043 5498 1106 5568 Dei,
1133 5496 1209 5555 ludit
1233 5496 1405 5570 sanguinem
1432 5494 1564 5565 justum,
1591 5491 1645 5562 qui
1678 5477 1864 5548 reconciliando
