3804 5962
740 174 793 237 sic
812 175 857 233 ΕΤ
875 173 957 235 diiii.
980 214 983 221 -
1124 232 1129 239 ,
1155 196 1158 203 ·
1428 202 1454 246 ·;
1656 186 1725 245 lm

79 300 255 374 sintangeii.
279 299 332 357 Sed
356 298 405 358 vel
419 299 482 359 celi
501 300 619 359 nomine
636 300 690 359 ubi
713 302 825 361 dictum
840 307 865 359 a
880 303 917 361 ad
928 304 1147 364 similitudinem
1171 304 1413 375 bistandand
1437 304 1621 380 signaculum
1643 312 1720 373 simi·
1776 306 1779 310 ’

85 390 227 463 principio
240 390 349 447 crearit
366 390 457 449 Deum
471 390 577 448 ooelum
591 397 620 448 et
642 400 759 460 terram,
777 393 822 450 vel
878 392 1009 452 titudinis
1022 394 1139 460 dicitur,
1156 402 1189 452 ιιι
1205 409 1264 466 quo
1279 395 1310 451 in
1325 410 1359 452 eo
1382 397 1518 456 subtilior
1540 406 1585 458 est
1604 410 1723 471 natura,

86 479 823 552 tucisbujusmecuatoquendguratisuntdten:
879 482 909 539 in
924 481 972 539 illo
1000 483 1096 554 imago
1120 482 1172 540 liei
1199 483 1357 540 sublimius
1382 485 1548 546 insinuetur
1571 502 1720 560 expressa.

79 569 186 626 bsurde
210 569 354 626 sententia
384 568 455 625 mibi
482 568 607 639 videtur,
623 570 659 634 si,
686 584 753 629 cum
769 571 823 628 lux
876 567 937 636 Quo
959 569 988 627 in
1018 572 1078 628 loco
1104 585 1172 627 mon
1197 572 1356 629 subditur:
1380 573 1473 631 Omnis
1488 576 1565 645 iupis
1583 580 1721 646 meliosus

85 659 160 717 iacta
184 665 237 728 εει,
257 658 354 730 angeli
371 658 461 715 creati
482 672 543 715 esse
564 658 781 731 intelliguntur,
796 667 823 717 ει
876 651 1073 724 οιιειιιιιειιιιιιιι
1106 665 1193 728 ιιιιιιιι,
1218 660 1339 729 sardina,
1368 664 1504 732 topasius,
1531 671 1587 722 etc.
1613 665 1721 737 (Euenit.

82 755 124 805 ter
144 754 259 804 sanctos
275 747 392 817 angelos
419 754 448 803 et
463 747 628 805 immundos
655 747 745 805 luisse
765 749 821 805 dis·
877 759 980 816 xxvnr,
997 749 1052 817 tt).
1070 750 1254 806 Eccenovem
1269 750 1343 806 dixit
1359 750 1478 808 nomina
1492 753 1634 823 tapidum,
1650 756 1724 825 ouis

79 835 288 906 nobillimum
303 844 364 893 est:
392 837 426 891 tii
448 836 547 893 divisit
561 839 633 893 Dens
650 838 724 891 inter
738 838 823 893 iucem
876 835 1002 905 proiecto
1029 851 1131 893 novem
1153 845 1224 893 sunt
1252 838 1368 895 ordines
1400 840 1583 910 angelorum,
1614 843 1723 914 quibus

79 925 153 981 brus.
180 925 338 981 idemtibre
358 923 542 989 Quasttonnn
561 928 660 981 υιιειιι
690 931 716 981 ει
746 942 822 983 neon
876 923 1016 981 nimirum
1029 924 1183 981 ordinibus
1198 924 1244 982 ille
1261 927 1371 997 prunus
1396 927 1517 998 angelus
1541 928 1604 987 ideo
1632 945 1723 988 orna-

80 1031 127 1086 cp.
148 1012 187 1073 lV
206 1015 258 1085 llll
274 1013 368 1070 Maur.
385 1016 412 1080 3,
431 1014 507 1085 App.
524 1027 553 1084 p.
578 1014 642 1087 13);
662 1014 733 1072 bum
757 1014 819 1085 qui·
875 1017 923 1067 ιιιε
937 1021 965 1069 et
988 1013 1132 1084 perlectus
1155 1013 1261 1082 extitit,
1286 1014 1356 1086 quia
1375 1015 1446 1072 dum
1470 1017 1582 1074 cunctis
1596 1020 1720 1091 agmini·

79 1104 157 1161 elem
176 1102 286 1159 iactum
307 1109 351 1158 εει
364 1110 391 1159 ει
405 1110 494 1168 terra,
513 1102 617 1160 deinde
630 1103 694 1170 lux,
712 1118 778 1174 que
791 1103 822 1160 in
876 1100 931 1157 bns
941 1102 1112 1175 angelorum
1130 1102 1266 1174 praelatus
1278 1111 1331 1170 εει,
1348 1117 1383 1160 en
1396 1117 1495 1161 eorum
1507 1109 1722 1178 comparatione

95 1192 156 1250 diss
183 1198 235 1248 est.
269 1191 356 1245 item:
389 1189 508 1246 'terram
523 1197 630 1258 autent,
655 1204 744 1262 quam
758 1199 822 1262 post
874 1188 980 1247 clarior
993 1188 1058 1247 iuit.
1079 1193 1124 1247 llo
1143 1191 1212 1246 tiore
1227 1193 1414 1257 Quaestionum
1441 1194 1533 1251 Oresti
1556 1196 1593 1250 ud
1624 1199 1721 1266 aupe-

108 1280 216 1336 tactam
236 1277 318 1344 dicit,
339 1291 398 1334 non
421 1286 530 1335 terram
550 1278 640 1336 solam
655 1280 719 1336 vult
738 1279 822 1337 intel·
875 1279 1096 1349 stinnrnlllanr.
1130 1280 1179 1348 vi,
1199 1279 1272 1351 App.
1298 1294 1326 1351 p.
1354 1280 1416 1351 til:
1443 1280 1586 1342 Orosius:
1616 1285 1722 1345 Omnes

79 1372 102 1427 td
118 1367 269 1425 prateriam
279 1366 465 1438 significavit,
482 1367 567 1423 idest
582 1369 819 1437 omniainterna,
874 1367 971 1439 angeli
991 1368 1118 1439 aquales
1143 1382 1180 1425 an
1211 1367 1367 1440 inequales
1392 1370 1482 1427 creati
1497 1371 1589 1429 sunt?
1603 1380 1632 1431 et
1645 1375 1670 1431 si
1684 1389 1723 1433 ει·

79 1457 212 1516 emundi
232 1470 346 1514 omnem
361 1456 484 1526 speciem
501 1455 693 1526 pmiecerunt.
708 1459 818 1517 tloelum
875 1455 984 1526 quales,
1000 1470 1124 1513 curnon
1139 1470 1239 1514 omnes
1254 1457 1330 1514 iirmi
1352 1466 1379 1515 et
1402 1459 1519 1517 stabiles
1537 1460 1679 1520 inerunt?
1694 1464 1719 1521 si

83 1561 142 1605 non
161 1545 216 1603 boc
234 1544 368 1615 carnale,
395 1544 445 1601 sed
472 1544 544 1602 illud
562 1558 720 1614 supernum
741 1547 820 1617 quod
874 1543 1042 1615 inaequales,
1057 1560 1115 1616 quo
1144 1547 1246 1603 merito
1273 1547 1322 1603 alii
1348 1548 1536 1617 praescientiae
1550 1565 1611 1609 susc
1634 1551 1723 1609 stabi-

79 1636 125 1693 ale
139 1643 190 1703 est,
207 1635 237 1691 in
253 1633 396 1704 principio
410 1632 530 1702 tactum,
548 1640 591 1701 ut,
606 1648 700 1705 ouum
715 1635 819 1693 cotom
837 1604 857 1658 Β
875 1633 985 1690 litatem
1012 1647 1097 1691 suam
1127 1634 1257 1705 accipere
1286 1636 1483 1695 meruerunt?
1515 1640 1720 1711 Augustinus:

79 1725 186 1782 simum
201 1723 321 1791 tactum,
342 1723 440 1779 omnia
470 1722 628 1779 invisibilia
655 1731 751 1781 creata
778 1723 818 1781 si·
874 1721 980 1780 Omnes
993 1723 1112 1794 quidem
1125 1723 1221 1794 angeli
1235 1725 1362 1795 aequales
1380 1726 1471 1783 creati
1494 1734 1572 1794 sunt,
1599 1729 1648 1787 sed
1671 1742 1723 1785 ca·

79 1822 138 1872 iret.
151 1812 250 1871 Totius
264 1812 344 1869 enlm
359 1818 473 1869 nature
494 1825 610 1869 summa
632 1820 658 1869 et
672 1812 732 1869 ima
746 1827 822 1871 εοιιι-
874 1810 1009 1868 dentibus
1035 1812 1093 1869 illis
1115 1826 1166 1882 per
1198 1813 1374 1882 superbiam,
1403 1817 1498 1873 ceteri
1528 1816 1647 1875 Domino
1673 1818 1724 1889 pis

79 1903 139 1967 ulit,
167 1910 200 1960 ιιι
217 1900 359 1974 quidquid
386 1900 511 1957 medium
539 1908 581 1957 est
605 1901 706 1971 procul
730 1902 820 1960 dubio
874 1900 1038 1958 obedientia
1065 1902 1258 1970 cobaeserunt,
1293 1902 1467 1973 accipientes
1496 1913 1602 1963 certam
1629 1907 1723 1965 scien-

79 2007 86 2049 ι
104 1991 251 2048 credatur.
276 1991 352 2046 iden
375 2005 457 2060 snper
478 1990 613 2048 Genesin:
642 1991 705 2046 Fiet
728 1991 779 2047 inc
793 1996 819 2047 et
874 1989 945 2046 tiam
960 1989 1469 2061 suaestabilitatis,quamnunquam
1483 1992 1524 2049 illi
1539 1993 1719 2053 babuerunt.

79 2086 109 2135 et
125 2080 183 2149 ins,
209 2080 237 2136 id
251 2087 294 2137 εει
308 2079 439 2151 angelica
452 2086 480 2135 et
507 2079 629 2137 eoelestis
644 2079 819 2146 substantia,
873 2075 952 2133 Idem
966 2079 1005 2133 lle
1023 2079 1135 2133 deitate
1152 2078 1212 2146 liei,
1237 2077 1286 2133 tib.
1301 2077 1365 2135 llll.
1382 2078 1456 2151 (tt):
1472 2084 1721 2154 numquampec-

82 2171 137 2228 bus
151 2183 230 2227 unus
244 2168 373 2239 spiritus,
389 2168 441 2239 qui
467 2175 588 2227 vocatur
601 2167 726 2237 buciier,
742 2182 821 2225 crea-
873 2173 985 2222 cassem
999 2166 1107 2237 angeli,
1128 2164 1206 2223 illius
1225 2163 1398 2238 [sapientie]
1424 2168 1543 2226 tuorum
1568 2172 1721 2242 participes

79 2267 104 2328 .ι,
138 2258 295 2329 sapientior
326 2265 354 2315 et
377 2257 548 2314 eminentior
574 2257 712 2315 omnibus
741 2257 817 2323 aliis,
873 2253 998 2312 etbonis
1012 2254 1272 2325 augelisaequalcs.
1288 2252 1437 2320 Quomodo
1460 2256 1568 2315 dicturi
1592 2262 1720 2320 sumus?

79 2349 221 2405 dmodum
241 2347 293 2403 lob
317 2346 375 2417 (ιι,
408 2346 449 2418 tt)
483 2347 551 2403 dicit
572 2346 607 2403 do
634 2345 820 2417 eo:ipseest
874 2341 1285 2415 quandoquidemsiaequales
1304 2342 1383 2399 inea
1405 2344 1537 2413 tuissent,
1562 2348 1651 2406 etiam
1673 2351 1722 2409 isti

79 2439 141 2492 inm
159 2439 268 2491 oicrnrn
281 2438 342 2501 liei,
366 2434 452 2492 idest
468 2434 817 2505 acdonumvetopernm.
875 2431 905 2487 in
932 2433 996 2502 ejus
1017 2430 1178 2489 eternitate
1201 2432 1375 2489 mansissent
1398 2435 1506 2503 pariter
1528 2435 1618 2507 beati,
1647 2441 1721 2510 quia

79 2541 98 2580 n
113 2525 182 2581 libro
204 2523 387 2590 οιιειειιοιιιιιιι
408 2522 500 2579 orosii
514 2523 552 2578 ud
570 2525 683 2594 ipsene:
703 2523 820 2580 Primus
874 2520 983 2590 pariter
998 2520 1096 2577 creati.
1112 2518 1293 2590 Quapropter
1307 2520 1331 2576 si
1346 2535 1413 2579 vere
1436 2522 1617 2597 perlectoque
1635 2527 1720 2587 besta

81 2626 111 2671 se
132 2622 173 2671 est
192 2613 324 2685 angelica
344 2619 461 2680 natura,
477 2626 545 2683 que
559 2612 652 2682 primo
678 2612 742 2669 coeli
768 2627 819 2669 no·
873 2608 932 2665 sita
960 2608 1078 2665 nonnisi
1101 2608 1226 2679 perlecta
1251 2617 1303 2677 est,
1324 2624 1382 2667 non
1411 2619 1473 2691 erat
1501 2614 1566 2671 talis
1587 2616 1718 2684 istorum,

79 2711 247 2774 nuncupata
271 2710 323 2760 εει.
338 2704 426 2757 lien:
452 2701 485 2758 ln
500 2700 642 2771 principio
666 2700 731 2758 tecit
745 2702 820 2758 Deus
874 2696 1050 2769 quandoque
1063 2698 1201 2766 desitura,
1218 2704 1245 2753 ει
1272 2706 1424 2768 propterea
1447 2715 1505 2759 non
1523 2711 1643 2773 esterna,
1656 2707 1718 2766 sire

88 2801 117 2850 et
130 2800 249 2861 terram,
264 2791 293 2848 id
313 2799 355 2847 est
371 2790 401 2846 in
425 2790 497 2846 Filio
510 2803 624 2847 omnent
639 2789 819 2860 spiritualem
835 2825 858 2883 c
875 2784 1030 2854 idseirent,
1047 2786 1107 2842 sive
1122 2786 1275 2853 nescirent,
1303 2788 1373 2857 quia
1395 2788 1517 2845 scientes
1545 2791 1640 2861 timor,
1665 2808 1720 2851 ne-

79 2882 209 2952 uiamque
223 2888 370 2937 naturam.
387 2881 478 2935 Item:
504 2878 587 2944 Quod
613 2879 687 2936 dixit
701 2878 816 2947 ειειιιιιι,
874 2873 995 2930 scientes
1022 2887 1103 2930 error
1126 2872 1225 2931 beatos
1248 2888 1310 2931 esse
1332 2888 1392 2931 nott
1423 2877 1544 2944 sinebat,
1571 2879 1647 2934 iden
1668 2880 1716 2937 tib.

79 2971 113 3027 ,bi
132 2969 249 3027 videtur
273 2969 382 3024 dixisse
406 2981 552 3039 aquarum
575 2968 712 3038 abyssum
742 2970 817 3024 tene·
873 2961 925 3031 ΧΠ
940 2960 1001 3032 ibi:
1030 2961 1125 3017 Causa
1145 2961 1335 3018 beatitudinis
1363 2964 1534 3035 angelorum
1562 2976 1615 3037 est,
1639 2967 1720 3040 quod

79 3073 99 3128 r,
113 3066 200 3116 antea
214 3057 426 3129 quodammodo
451 3056 613 3113 fluitantem
639 3055 740 3120 vitam,
763 3054 820 3112 nisi
873 3047 910 3106 ab
925 3050 985 3118 illo,
1002 3050 1055 3121 qui
1070 3063 1184 3107 summe
1204 3058 1246 3106 est
1262 3051 1368 3119 aversi,
1385 3052 1422 3108 ad
1445 3067 1475 3109 se
1491 3053 1566 3124 ipsos
1586 3057 1720 3115 conversi

79 3154 158 3205 tatur
172 3146 208 3203 ad
222 3146 394 3203 Creatorem.
422 3146 458 3202 lit
483 3144 534 3201 irat
556 3143 618 3210 lux,
645 3151 672 3201 ει
691 3151 818 3201 contem·
872 3145 950 3211 sttui,
978 3138 1030 3209 qui
1050 3151 1109 3195 11011
1142 3141 1493 3196 ⁵¹11111110⁵⁰1¹¹·¹t²⁸'i¹'¹tm
1511 3147 1612 3213 illidit
1629 3147 1717 3203 01111111

80 3236 183 3292 Deum
202 3236 291 3291 item:
308 3233 409 3290 bivisit
424 3232 518 3290 lucem
540 3232 708 3301 ateuebris,
719 3232 819 3289 divisit
869 3228 985 3298 ρεειιιιι,
1005 3227 1138 3297 snperbia
1159 3227 1235 3295 llSlr.
1262 3228 1305 3294 stt,
1337 3228 1380 3299 ¹5)
1417 3231 1502 3291 ltere:
1524 3231 1718 3293 Beatitudinis

79 3338 150 3381 onos
163 3332 192 3381 ct
207 3323 303 3406 malos
325 3322 456 3393 angelos,
491 3322 583 3379 malos
611 3321 759 3392 appellans
779 3329 819 3378 te·
873 3318 991 3375 illorum
1011 3331 1101 3374 causa
1128 3323 1180 3386 εει,
1200 3318 1280 3386 quod
1296 3317 1479 3377 adheserunt
1502 3321 1571 3391 Deo,
1595 3324 1719 3381 istorum

79 3454 87 3482 ,
113 3413 203 3470 bonos
229 3411 333 3468 lucem.
368 3412 551 3482 Hieronymus
589 3412 619 3464 in
653 3411 819 3467 Ειεειιιιιιιιι
872 3407 992 3464 miserta
1010 3421 1069 3464 non
1087 3406 1235 3464 edbaerere
1264 3407 1328 3465 Deo.
1342 3408 1428 3477 idern,
1447 3413 1487 3466 lle
1504 3415 1675 3483 correptione
1688 3419 1716 3470 et

79 3542 86 3570 ,
107 3501 169 3574 tii:
199 3502 232 3556 ln
260 3500 365 3556 deliciis
394 3499 685 3568 pnrudisitnisiiliei,
700 3511 819 3569 proquo
871 3498 965 3563 prutic
979 3495 1054 3568 (cap.
1072 3495 1143 3565 titt:
1166 3496 1267 3568 Angeli
1282 3497 1413 3568 quidam.
1431 3502 1715 3573 qnorumprineeps,

79 3591 156 3647 raico
171 3588 314 3646 babetur:
333 3587 425 3643 Edon.
443 3587 522 3645 Eden
537 3593 635 3643 autem
650 3587 774 3643 vertitur
787 3585 818 3642 in
872 3586 923 3655 qui
938 3584 1045 3642 dicitur
1070 3583 1214 3653 diabolus,
1240 3599 1291 3656 per
1313 3585 1437 3644 liberum
1453 3589 1607 3648 arbitrium
1625 3606 1645 3647 a
1658 3592 1717 3649 beo

79 3694 101 3750 s,
116 3692 174 3750 qno
196 3691 329 3734 sermone
344 3677 533 3743 demonstrat,
559 3687 748 3746 nequaquam
766 3674 817 3731 bo·
872 3671 1057 3744 reingeiaoti
1074 3679 1154 3729 sunt.
1176 3673 1276 3730 Caemri
1303 3682 1401 3732 autom
1424 3689 1476 3746 per
1494 3678 1618 3736 liberum
1644 3680 1719 3738 arbi·

79 3815 81 3823 .
104 3780 175 3835 esse,
191 3767 226 3822 de
251 3781 310 3838 quo
334 3765 483 3828 scribitur,
509 3763 559 3820 sed
577 3762 820 3821 contrariamlor-
872 3762 961 3820 mium
979 3762 1009 3819 in
1023 3762 1147 3819 veritate
1161 3769 1312 3819 steterunt.
1326 3765 1393 3819 ltem
1407 3778 1416 3828 ς
1429 3765 1570 3825 Diabolus
1583 3776 1612 3825 et
1622 3769 1717 3843 angeli

79 3870 134 3923 em,
163 3868 230 3926 qne:
251 3853 400 3925 quondam
425 3853 456 3909 in
482 3851 531 3908 Dei
546 3851 681 3922 paradiso
696 3864 819 3908 commo-
871 3851 935 3920 ejus
958 3851 1010 3907 etsi
1037 3850 1112 3908 beati
1137 3857 1231 3920 erant,
1257 3858 1414 3922 annonam
1436 3855 1582 3924 caderent,
1598 3864 1668 3915 etse
1686 3858 1717 3915 in

79 3951 95 4000 t.
110 3946 176 4000 ιιειιι
191 3959 199 3998 :
215 3944 324 3999 Αιιιιιιιι
333 3957 401 4012 opus
416 3941 523 3996 ιιειοιιι
538 3944 590 4006 tui,
605 3939 794 4011 Septuaginta
809 3955 817 3994 :
873 3940 1019 3996 miseriam
1030 3952 1151 3997 casuros
1168 3953 1229 3996 esse
1243 3939 1418 4009 nesciebant,
1433 3949 1496 3999 erat
1510 3951 1606 4000 tamen
1621 3946 1718 4003 adbuc

79 4034 212 4103 replevisti
233 4032 374 4088 tbescnres
396 4037 469 4097 tuos,
499 4027 580 4100 qnod
605 4027 740 4099 cogitatio
754 4028 819 4099 ejus
874 4028 951 4099 quod
966 4041 1066 4086 eorum
1080 4028 1235 4084 adderetur
1255 4028 1437 4096 beatitudini,
1454 4029 1482 4086 id
1501 4038 1544 4089 est
1564 4039 1596 4088 ut
1611 4047 1718 4106 magua

104 4123 231 4192 patuerit
257 4119 446 4176 sacramentis
467 4125 495 4175 et
521 4117 743 4189 congregaverit
763 4115 817 4173 sibi
833 4093 856 4146 ⁰
872 4115 1076 4186 perspiritum
1092 4124 1224 4172 sanctum
1241 4116 1309 4173 data
1323 4117 1504 4177 abundantia
1516 4119 1655 4179 claritatis
1667 4124 1717 4181 bei

79 4204 816 4280 aediculas,dequibusbominusprecipit(Mutii.
872 4203 974 4261 cadere
987 4203 1109 4263 ulterius
1128 4205 1246 4262 omnino
1275 4220 1334 4263 non
1367 4215 1482 4278 possent
1513 4217 1541 4266 et
1565 4210 1619 4268 boc
1637 4212 1718 4269 dese

91 4299 308 4358 :liescnriznte
335 4298 411 4352 cobis
438 4296 580 4353 thesauros
605 4299 636 4351 in
662 4297 735 4363 ceto,
762 4302 816 4351 etc.
872 4292 1030 4350 certbsime
1044 4301 1173 4350 nossent.
1190 4295 1258 4349 item
1273 4310 1281 4355 :
1296 4296 1351 4353 sed
1370 4297 1440 4368 quia
1457 4299 1623 4358 nesciebant
1632 4314 1717 4359 susm

79 4396 94 4446 ιι
123 4391 277 4447 ιιιεειιιιιιιε
301 4385 500 4454 absconditus,
532 4385 568 4442 de
590 4399 651 4456 ouo
686 4384 818 4455 loquitur
870 4380 1001 4438 loturam
1016 4381 1173 4448 miseriam,
1191 4384 1302 4441 minore
1321 4385 1450 4456 quidem,
1468 4387 1629 4446 εειιιειιιειι
1650 4389 1717 4447 bea·

79 4477 287 4535 reabscondito
302 4476 333 4532 in
362 4489 444 4546 agro.
473 4475 621 4543 Gregorius
652 4476 683 4529 in
705 4473 816 4528 iterati·
871 4469 994 4527 titudine
1026 4469 1088 4526 sine
1111 4469 1172 4527 ulio
1200 4471 1272 4528 vitio
1298 4471 1481 4532 truebantur.
1505 4474 1615 4535 Namsi
1629 4493 1717 4538 ειιιιιιι

79 4580 124 4639 pse
145 4574 189 4623 εει
208 4565 387 4637 principium
405 4564 520 4621 riarum
547 4562 612 4619 Dei.
643 4564 715 4619 Cum
743 4562 819 4618 Deus
870 4573 973 4615 casum
997 4558 1132 4615 luterum
1158 4568 1274 4617 nossent
1300 4568 1502 4634 aemrnumque
1528 4566 1715 4637 supplicium,

85 4655 204 4722 crearit,
229 4655 308 4711 bunc
331 4654 458 4724 primum
477 4652 614 4719 condidit,
636 4664 724 4720 quem
748 4649 817 4707 reli·
870 4648 947 4721 beati
962 4649 1065 4719 utique
1080 4663 1138 4705 non
1151 4663 1212 4705 esse
1231 4658 1353 4719 possent,
1369 4665 1442 4721 quos
1456 4652 1544 4724 bajus
1559 4655 1629 4711 mali
1644 4658 1718 4715 tanti

79 4744 382 4817 :geliseminentierem
400 4740 579 4799 iecitiudaei
594 4742 672 4811 quod
688 4740 816 4810 primum
871 4745 965 4795 metus
990 4737 1052 4808 jans
1072 4744 1145 4795 tnnc
1176 4738 1295 4795 miseros
1321 4753 1382 4796 esse
1410 4742 1601 4811 compelleret.
1625 4745 1714 4805 lien:

91 4840 120 4891 et
141 4833 290 4906 propbetis
314 4832 356 4888 sic
373 4836 526 4888 senserunt
546 4829 673 4886 dicentes
701 4827 733 4883 in
754 4828 818 4885 liel-
871 4826 1008 4885 Similiter
1021 4827 1169 4884 bominem
1181 4827 1247 4885 lecit
1261 4842 1328 4885 cum
1340 4827 1429 4886 libero
1439 4829 1562 4888 arbitrio
1574 4840 1602 4890 et
1616 4847 1718 4904 quam·

79 4964 85 4992 ,
112 4923 273 4995 principem
299 4920 519 4978 daemoniorum.
542 4918 620 4976 idern
645 4918 676 4973 in
704 4916 818 4973 domnio
870 4916 914 4974 vis
929 4916 974 4973 sui
988 4930 1074 4973 casus
1097 4912 1245 4989 ignarum,
1261 4925 1357 4976 tamen
1373 4917 1437 4976 ideo
1457 4919 1584 4989 beatum,
1600 4922 1671 4993 quia
1689 4929 1717 4980 et

79 5012 133 5078 elis,
147 5016 258 5083 poesie
275 5012 397 5081 incipit:
421 5010 557 5066 AEstienm
581 5011 687 5076 ternpus
709 5004 814 5077 (llaur.
870 5018 928 5061 non
944 5005 1019 5062 mori
1036 5012 1065 5061 et
1078 5005 1218 5062 miserum
1233 5006 1302 5063 non*
1312 5005 1373 5063 tisri
1388 5006 1418 5063 in
1436 5021 1490 5065 sua
1504 5016 1642 5080 potestate
1655 5022 1717 5067 esse

79 5103 102 5168 l:
129 5100 232 5158 Procul
260 5099 351 5156 dubio
374 5111 478 5155 novem
506 5097 622 5154 ordines
644 5093 817 5167 angelorum
870 5093 1021 5151 sentiebat.
1043 5095 1075 5148 S.
1099 5093 1242 5165 Pbitippns
1268 5096 1422 5165 presbyter,
1439 5098 1551 5153 ιιιιιιιοι·
1578 5100 1715 5171 Hieronp-

79 5196 172 5258 1ntur‚
191 5188 270 5246 unde
289 5187 391 5258 stipsi
415 5185 528 5257 angelo,
557 5184 610 5256 qui
635 5185 746 5256 primus
773 5191 818 5243 est
870 5184 918 5248 ni,
942 5184 973 5237 in
992 5181 1089 5237 Jobnrn
1113 5183 1162 5253 (ιι,
1194 5183 1260 5253 18);
1285 5187 1361 5254 Ecce,
1391 5186 1441 5255 qni
1465 5188 1588 5243 sercinnt
1611 5189 1646 5256 ei,
1662 5203 1718 5247 non

79 5295 113 5347 ιε,
137 5293 189 5350 per
216 5278 387 5349 prophetam
412 5275 537 5336 dicitur:
566 5272 817 5345 resignaculum
870 5269 1110 5341 :constantiensi
1133 5273 1163 5326 in
1189 5274 1293 5341 angelis
1321 5276 1381 5330 suis
1402 5277 1508 5346 reperit
1535 5279 1715 5346 pronitatem.

78 5368 168 5426 rdinis
182 5367 284 5439 plenus
299 5364 440 5436 sapientia
462 5371 489 5423 et
505 5361 649 5435 perlectus
662 5362 762 5421 decore
786 5362 817 5420 in
870 5360 984 5417 Dicitur
998 5360 1052 5418 boe
1065 5360 1185 5432 quidem
1208 5361 1243 5418 de
1265 5362 1388 5434 diabolo,
1412 5364 1464 5435 qui
1490 5366 1637 5436 quondam
1652 5380 1717 5426 san-

79 5471 82 5512 t
104 5454 233 5528 paradisi
249 5452 341 5515 luisti.
371 5454 434 5521 tluo
461 5452 636 5525 nonedam,
651 5451 732 5526 qued
756 5465 816 5516 non
872 5456 937 5510 ctus
957 5449 1079 5523 angelus
1096 5448 1165 5510 luit.
1198 5451 1362 5513 Διιιιιιιιιι
1386 5454 1541 5529 despectis
1570 5458 1601 5515 tn
1626 5456 1714 5530 spec.
