3804 5962
116 185 169 240 623
402 179 501 236 PETRI
519 179 707 236 tumtunm
725 179 802 236 OPP.
823 178 913 236 PARS
932 180 969 235 ll.
1041 177 1228 238 summittis
1252 180 1295 236 ET
1317 179 1438 240 OPUSC·
1457 179 1579 240 Ascnr.
1813 187 1867 242 cit

151 307 253 364 Filium
268 305 337 377 cius,
360 304 389 361 id
404 311 445 362 cst
460 304 512 360 Dei
527 303 630 372 Patris,
646 305 758 360 usuum
778 320 785 372 ;
801 317 838 361 no
852 301 961 374 adopti·
976 298 1004 365 Α
1017 303 1052 360 de
1067 303 1231 362 substantia
1244 304 1308 378 ejus
1327 312 1468 377 tanquam
1480 305 1582 363 matris
1606 319 1724 364 carnem
1748 320 1866 379 accepa-

118 410 182 464 vus,
208 394 257 452 scd
281 393 539 450 consubstantialis
564 400 691 464 putetur.
710 391 745 448 Et
769 406 898 461 rursum,
917 394 965 460 qui
1019 391 1058 450 rit
1074 407 1081 448 :
1097 393 1131 450 dc
1143 393 1253 465 Spiritu
1265 408 1342 462 vero,
1357 395 1581 452 secundumlroc
1595 394 1672 467 quod
1688 396 1864 467 perdivinae,

119 487 258 555 conceptus
290 486 339 551 est,
368 489 421 539 etc
453 481 534 547 Quod
556 489 652 539 tamen
680 480 806 538 dicimus
829 482 962 563 unicum,
1019 487 1053 537 ut
1067 482 1176 539 dictum
1191 490 1244 549 est,
1260 483 1361 555 gratiae
1375 497 1481 540 novam
1492 496 1526 541 ac
1540 484 1705 541 mirandam
1721 487 1864 557 operatio·

118 571 296 644 quibusdam
316 570 432 628 videtur
462 570 555 642 magis
570 570 606 626 ad
626 570 780 627 Dominum
810 582 898 641 quam
928 569 964 626 ad
1019 584 1085 629 nem
1105 571 1290 629 factumest:
1321 573 1462 645 adquam
1485 571 1566 630 nulla
1583 572 1727 631 institutio
1752 582 1867 633 natura)

118 655 224 717 Filium
234 674 294 717 esse
304 659 553 732 conjungendum,
568 659 629 716 sive
645 661 681 715 ad
692 666 852 731 utmmque
862 657 962 726 simul,
1017 659 1149 719 sultlcerc
1161 668 1283 733 poterat.
1299 661 1363 718 Non
1382 676 1450 734 crgo
1466 662 1506 718 ita
1523 661 1552 720 in
1572 662 1628 719 hac
1640 663 1793 721 nativitate
1819 664 1865 722 vel

118 756 150 805 ut
178 749 254 806 sicut
281 756 322 806 cst
346 750 452 805 unicus
485 749 575 805 Filius
605 749 699 815 Patri,
726 750 766 804 ita
788 747 896 805 unicus
927 755 964 804 srt
1019 751 1218 808 incarnatione
1232 750 1349 807 Domini
1375 751 1565 824 patremejus
1592 751 1750 824 intelligere
1780 753 1863 811 debc-

116 838 257 895 Dominus
272 839 366 896 nobis.
390 839 470 895 Sicut
485 839 563 895 enim
597 852 749 909 personam
770 837 863 894 Patris
887 851 962 893 ccm-
1018 851 1083 895 mus
1098 837 1240 909 Spiritum
1266 845 1409 907 sanctum,
1437 838 1514 894 sicut
1529 838 1592 910 ejus
1607 846 1730 896 matrem
1746 839 1858 911 prolite-

118 929 269 996 mendans,
298 942 365 985 cum
380 935 407 985 et
436 928 671 999 omnipotentem,
692 934 720 983 et
752 925 816 982 coeli
831 933 857 981 ει
881 932 964 982 terrae
1017 941 1084 984 mur
1097 927 1258 999 Virginem.
1275 925 1355 983 Sicut
1373 926 1453 983 enim
1469 927 1518 984 illa
1532 927 1595 999 eJus
1621 935 1728 984 aeterna
1744 942 1862 1001 genera-

117 1016 192 1074 dixit
214 1026 382 1087 creatorem,
410 1018 450 1074 ita
476 1031 556 1073 nunc
577 1016 612 1073 ad
634 1016 772 1073 honorem
797 1014 872 1084 Filii,
895 1029 963 1071 eum
1017 1016 1100 1072 tiode
1119 1015 1282 1073 substantia
1298 1014 1392 1071 Patris
1414 1015 1477 1072 sine
1498 1015 1701 1085 matrcest,sic
1714 1016 1768 1074 ista
1789 1022 1860 1075 tem·

105 1120 175 1163 ·non
199 1106 377 1164 solummodo
398 1106 545 1164 Christum
569 1113 596 1163 et
610 1107 718 1174 lesum,
744 1118 848 1161 verum
874 1104 963 1161 etiam
1016 1105 1155 1176 puraliter
1170 1106 1204 1162 de
1217 1114 1308 1161 matre
1321 1105 1385 1161 sine
1401 1110 1482 1175 patre
1497 1112 1548 1161 est.

116 1193 274 1252 Dominum
305 1196 477 1253 confitemur
500 1201 633 1252 nostrum
649 1202 677 1252 ει
701 1193 834 1261 unicum,
859 1193 888 1249 id
921 1201 963 1250 est
1051 1193 1235 1265 Operatorem
1268 1195 1425 1264 itaque‚ut
1447 1193 1626 1261 dictumest,
1654 1194 1861 1267 potiusquam

115 1284 208 1341 solum
224 1285 379 1342 Dominum
396 1293 537 1355 nostrum,
554 1283 714 1340 secundum
731 1283 785 1339 hoc
805 1282 884 1354 quod
899 1283 963 1354 ejus
1016 1281 1276 1354 patremSpiritum
1291 1290 1425 1339 sanctum
1446 1282 1515 1338 hinc
1540 1283 1679 1355 intellige.
1695 1283 1769 1341 sicut
1784 1292 1812 1341 et
1832 1285 1863 1342 in

62 1433 65 1440 ,
115 1374 206 1431 solius
222 1376 344 1445 pretioso
359 1375 503 1447 sanguine
517 1373 606 1445 empti
633 1387 746 1430 sumus.
771 1372 829 1429 Aut
849 1371 875 1428 si
890 1371 962 1427 torto
1016 1371 1143 1443 singulis
1157 1372 1300 1444 quraelacit
1314 1372 1390 1429 Deus
1405 1380 1539 1444 operator
1553 1372 1672 1442 dicitur,
1688 1372 1733 1430 vel
1750 1382 1862 1431 creator

116 1477 204 1535 quem
223 1472 318 1522 movet
340 1465 428 1521 ctiam
452 1466 564 1520 Patrem
591 1471 618 1520 ει
650 1463 790 1534 Spiritum
828 1468 962 1517 sonetum
1016 1460 1216 1532 potiusquam
1232 1463 1315 1517 Pater
1331 1461 1446 1532 proprie
1463 1461 1603 1518 dicendus
1622 1468 1673 1518 est.
1692 1462 1725 1518 Et
1743 1463 1862 1519 attendo

107 1559 173 1607 ‘non
188 1551 287 1608 minus
302 1562 435 1610 nostrum
450 1553 508 1609 dici
522 1552 689 1621 Dominum,
707 1552 780 1608 sciat
797 1551 836 1607 ita
853 1551 960 1606 Filium
978 1580 999 1636 Β
1017 1548 1176 1620 quodcum
1192 1549 1263 1606 dicit
1276 1550 1384 1606 Silium
1400 1550 1450 1606 Dei
1464 1550 1498 1607 dc
1513 1551 1631 1622 Virgine
1647 1558 1761 1619 natum,
1777 1566 1859 1609 eum·

116 1640 208 1695 solum
223 1640 282 1698 dici
299 1643 454 1700 Dominum
481 1650 622 1710 nostrum,
639 1649 672 1697 ut
700 1648 885 1712 pictoreum
901 1654 960 1697 non
1017 1638 1141 1710 demque
1162 1647 1221 1695 tam
1235 1639 1284 1695 Dei
1308 1653 1396 1710 quam
1412 1639 1540 1697 hominis
1554 1639 1647 1696 filium
1662 1654 1722 1697 csso
1745 1641 1861 1710 astruit,

114 1730 151 1785 sil
175 1730 250 1788 allus
278 1733 411 1788 omnium
440 1732 591 1788 Dominus.
623 1732 699 1788 Licet
728 1731 807 1787 enim
836 1737 961 1800 utraque
1017 1729 1301 1799 unitatcmpersonae
1322 1728 1350 1784 in
1365 1727 1482 1785 duabus
1496 1729 1622 1796 naturis,
1638 1728 1740 1785 divina
1753 1730 1861 1786 scilicet

115 1819 240 1876 aliarum
256 1835 445 1892 personamm
469 1835 550 1892 aequc
566 1821 708 1879 Dominus
723 1819 910 1877 nostersicut
934 1823 963 1875 et
1016 1824 1103 1887 atque
1117 1816 1256 1885 humana,
1273 1817 1434 1874 confirmat.
1451 1816 1591 1882 Quamvis
1605 1818 1685 1874 enim
1700 1820 1860 1875 secundum

115 1909 191 1966 Deus
206 1910 242 1967 sit
271 1910 403 1978 dicenda,
420 1910 491 1982 quia
507 1925 565 1967 non
580 1917 621 1966 est
636 1909 712 1966 alius
740 1909 885 1966 Dominus
900 1921 961 1964 una
1016 1906 1195 1962 divinitatem
1212 1905 1320 1963 exsulo
1344 1908 1428 1963 Patro
1451 1907 1487 1963 sit
1504 1907 1631 1980 genitus,
1648 1915 1676 1963 ct
1698 1910 1859 1964 secundum

113 2012 234 2068 persona
249 2013 338 2072 quam
363 1999 431 2068 alia,
452 2001 528 2056 sicut
549 2014 601 2057 nec
623 1999 701 2055 alius
724 1999 800 2054 Deus
823 1996 960 2068 quaelihet
1015 1981 1227 2051 humanitatom
1253 2009 1289 2051 ειι
1305 1994 1365 2051 sola
1394 2004 1485 2052 matre
1511 1995 1548 2051 sit
1577 2002 1663 2052 natus
1678 1993 1796 2068 aliaque
1820 1997 1858 2053 sit

113 2101 215 2144 carum
232 2106 238 2143 :
260 2088 299 2146 ita
325 2089 401 2146 Deus
416 2089 459 2146 vel
483 2089 621 2145 Dominus
635 2087 696 2144 sola
710 2094 753 2144 est
762 2072 901 2154 dicenda,
928 2091 961 2140 ut
1015 2092 1122 2140 natura
1136 2084 1198 2151 Dei,
1223 2083 1280 2140 alia
1297 2084 1423 2141 hominis
1438 2099 1446 2152 ;
1462 2084 1543 2141 aliud
1558 2084 1596 2141 sit
1611 2085 1860 2152 divinitasaliud

112 2176 279 2234 nullatenus
307 2192 353 2235 res
367 2178 425 2234 alia
455 2177 597 2235 Dominus
617 2176 655 2234 sit
682 2176 888 2238 existimanda,
915 2173 960 2231 rel
1014 2173 1182 2229 humanitas
1198 2188 1204 2228 :
1223 2188 1283 2230 una
1311 2180 1407 2231 tamen
1421 2181 1463 2230 est
1487 2175 1517 2230 in
1540 2173 1654 2232 Christo
1676 2187 1810 2246 persona,
1829 2173 1858 2230 in

112 2264 188 2320 allus
216 2265 272 2336 (76)
301 2267 337 2322 ah
382 2281 417 2323 ea
443 2267 583 2323 Dominus
609 2266 646 2322 sit
674 2265 845 2331 credendus,
891 2278 959 2320 cum
1014 2261 1129 2318 duahus
1144 2262 1257 2320 naturis
1272 2264 1440 2330 consistens,
1457 2277 1509 2319 noc
1523 2272 1565 2321 est
1580 2263 1660 2320 aliud
1678 2264 1708 2320 in
1736 2276 1859 2334 persona

112 2353 187 2409 idem
217 2354 358 2411 Dominus
372 2354 449 2411 sicut
464 2361 491 2410 et
522 2356 598 2410 Deus
612 2367 672 2409 una
687 2354 724 2409 sit
741 2365 862 2425 persona
890 2366 958 2410 cum
1015 2349 1107 2406 Filius
1123 2352 1172 2408 Dei
1188 2366 1277 2422 quam
1294 2351 1371 2409 filius
1388 2352 1523 2409 hominis.
1543 2350 1684 2419 Quamvis
1710 2351 1792 2407 aliud
1820 2350 1856 2407 sit

114 2441 182 2498 alia.
1014 2438 1044 2495 in
1065 2448 1171 2496 natura
1185 2440 1309 2498 Verbum
1325 2442 1401 2513 quod
1418 2441 1564 2498 hominem
1577 2440 1744 2511 assumpsit,
1766 2454 1856 2512 quam

145 2531 198 2598 Qui
221 2537 361 2603 conceptus
390 2536 438 2587 est.
470 2532 537 2599 Qui,
566 2533 699 2603 inquam,
726 2531 867 2599 Christus,
897 2532 958 2589 sivo
1013 2528 1097 2585 homo
1113 2529 1375 2601 ipseassumptus;
1399 2544 1453 2587 nec
1470 2532 1529 2587 duo
1546 2538 1614 2587 sunt
1640 2530 1758 2594 Christi.
1775 2543 1854 2587 assu·

110 2621 163 2693 qui
182 2621 275 2679 Filius
292 2623 340 2679 Dei
357 2622 520 2679 secundum
538 2629 718 2693 assumptam
745 2621 958 2678 humanitatem
1013 2629 1095 2673 mens
1104 2624 1133 2674 ει
1147 2626 1324 2690 assumptus,
1340 2619 1387 2675 sed
1404 2633 1480 2676 unus
1499 2618 1649 2677 Christus:
1665 2618 1708 2675 sic
1727 2632 1780 2675 nec
1796 2617 1855 2674 duo

111 2718 263 2781 conceptus
276 2719 330 2780 est,
346 2719 400 2768 etc.
417 2713 458 2766 hc
473 2711 497 2767 si
513 2710 659 2767 diceretur
675 2727 682 2768 ι
700 2710 790 2782 Cuius
819 2709 955 2766 humani·
1013 2715 1080 2763 sunt
1103 2708 1232 2765 homines
1252 2709 1298 2765 vel
1326 2711 1392 2766 duae
1419 2722 1546 2780 personae
1556 2710 1654 2765 anima
1677 2707 1805 2765 hominis
1828 2714 1857 2764 et

112 2805 155 2854 ius
180 2799 214 2856 dc
240 2798 303 2871 ipsa
335 2799 498 2857 substantia
526 2799 659 2871 Virginis
687 2813 738 2870 per
761 2799 956 2868 operationem
1012 2797 1075 2867 ejus
1090 2811 1168 2864 carc,
1185 2797 1251 2855 licet
1266 2798 1347 2854 aliud
1370 2800 1531 2855 secundum
1548 2806 1684 2855 naturam
1702 2797 1740 2854 sit
1755 2796 1857 2854 anima

45 2881 51 2896 '
109 2887 216 2944 dirinae
241 2890 342 2960 gratim
366 2897 502 2959 concepta
530 2895 572 2944 est
600 2896 627 2944 ει
654 2887 863 2944 ιιειε.Νειιιει
886 2902 953 2943 ειιιιι
1012 2899 1102 2957 quam
1118 2900 1195 2952 caro,
1213 2901 1280 2943 cum
1305 2888 1356 2943 illa
1376 2887 1508 2944 videlicet
1524 2887 1561 2944 sit
1587 2887 1752 2957 incorporea
1784 2885 1853 2942 suh·

108 2976 220 3049 singuli
237 2978 370 3034 hominos
385 2992 423 3034 ex
439 2978 538 3033 anima
564 2983 694 3032 constent
709 2982 737 3032 ct
752 2990 881 3046 corpore,
910 2989 953 3031 se·
1011 2976 1129 3043 stantia,
1143 2977 1203 3032 hacc
1217 2991 1363 3047 corporea,
1381 2976 1435 3033 hoc
1448 2985 1502 3046 est,
1523 2976 1571 3032 illa
1586 2990 1700 3046 corpus,
1717 2975 1777 3032 hec
1796 2973 1854 3045 spi·

108 3066 237 3122 cundum
265 3074 361 3122 tamen
382 3066 471 3122 solum
487 3065 615 3135 corporis
630 3072 777 3131 naturam,
803 3079 869 3134 ouae
898 3072 954 3120 tra·
1011 3064 1093 3121 ritus.
1112 3065 1141 3120 Si
1157 3079 1225 3137 crgo
1245 3066 1275 3120 in
1291 3065 1417 3137 singulis
1441 3063 1610 3122 hominibus
1623 3064 1688 3120 duae
1708 3068 1777 3120 sunt
1804 3076 1855 3119 na·

108 3154 235 3220 ducitur,
261 3155 374 3225 concipi
399 3168 416 3210 a
454 3154 605 3221 matribus,
626 3158 672 3209 rel
695 3153 775 3208 nasci
805 3152 954 3209 dicuntur.
1011 3162 1093 3222 turae,
1117 3168 1253 3225 corporea
1278 3155 1388 3211 scilicet
1411 3162 1497 3225 atque
1514 3154 1693 3225 incorporea,
1717 3153 1765 3210 sed
1795 3165 1857 3209 una

106 3241 180 3297 Bene
196 3252 292 3298 autom
309 3243 443 3299 dicturus
465 3255 532 3298 eum
557 3243 592 3297 de
621 3242 744 3313 Virgine
772 3247 888 3308 natum,
920 3255 956 3297 ns
1010 3250 1126 3299 tantum
1141 3257 1273 3313 persona,
1288 3243 1330 3299 sio
1344 3250 1372 3300 ει
1393 3243 1422 3299 in
1438 3243 1551 3300 Christo
1566 3243 1632 3299 duic
1647 3250 1715 3299 sunl
1731 3249 1854 3311 naturae,

106 3329 174 3400 quis
187 3339 327 3402 quaereret
342 3331 470 3401 qualiter
485 3331 512 3386 id
528 3331 617 3399 tieret,
634 3331 955 3401 pracmisitconceptum
1010 3332 1112 3388 divina
1135 3333 1243 3389 scilicet
1256 3341 1343 3404 atquc
1359 3332 1499 3394 humana.
1520 3332 1569 3388 scd
1588 3344 1648 3387 una
1674 3331 1857 3388 solummodo

106 3419 320 3490 perspiritum
352 3427 498 3487 sanctum,
528 3419 603 3475 sicut
630 3428 656 3475 ει
678 3419 763 3475 matri
790 3419 952 3490 qtraerenti:
1009 3436 1140 3491 persona.
1158 3423 1282 3478 Persona
1298 3421 1406 3493 quippo
1427 3421 1513 3493 quasi
1540 3435 1590 3492 per
1604 3435 1634 3477 se
1658 3435 1720 3477 una
1734 3419 1854 3491 dicitur,

105 3505 242 3572 Quomodo
284 3511 330 3579 rtet
373 3507 476 3563 hlud?
509 3508 620 3564 dictum
662 3515 705 3563 cst
732 3508 768 3564 ah
808 3507 910 3579 angelo
945 3524 952 3562 ε
1009 3511 1063 3567 hoc
1077 3519 1129 3579 est,
1146 3511 1310 3568 substantia
1327 3511 1461 3583 quaelihet
1478 3509 1629 3566 rationalis
1643 3511 1683 3565 ita
1702 3524 1797 3580 persa
1816 3507 1855 3565 ab

104 3595 224 3668 Spiritus
248 3603 359 3653 sancius
387 3598 601 3668 stepervmietiu
625 3601 660 3662 le,
677 3603 730 3652 tte·
760 3595 834 3666 (Luc.
866 3596 951 3663 1‚34‚
1008 3600 1074 3658 aliis
1088 3600 1175 3657 rohus
1189 3600 1344 3673 disjuncta,
1362 3608 1394 3656 ut
1410 3601 1471 3671 ipsa
1495 3600 1689 3656 substantiam
1704 3613 1773 3656 cum
1801 3598 1852 3654 ali·

105 3684 160 3757 35).
178 3686 292 3757 Exquo
307 3686 427 3757 quidem
443 3700 500 3742 non
515 3685 698 3742 mediocriter
722 3685 814 3756 ipsam
835 3698 953 3755 quoquc
1008 3704 1068 3761 qua
1087 3704 1117 3747 rc
1141 3690 1199 3747 alia
1224 3705 1281 3747 non
1300 3690 1469 3747 constituat.
1493 3687 1631 3753 Quandiu
1657 3702 1725 3759 crgo
1754 3687 1854 3745 anima

104 3774 391 3846 Spirituspersonam
406 3774 489 3831 nohis
502 3775 694 3843 commendat,
721 3774 844 3831 dicendo
868 3772 950 3832 vide·
1007 3777 1137 3834 humana
1160 3777 1190 3834 in
1218 3790 1334 3848 corpore
1361 3785 1411 3845 est,
1437 3788 1557 3848 persona
1581 3775 1639 3832 dici
1663 3790 1720 3832 non
1751 3782 1852 3847 potest,

103 3861 170 3921 licet
189 3879 237 3935 per
260 3864 457 3936 operationem
479 3864 543 3937 ejus
562 3865 632 3921 illud
651 3877 756 3934 corpus
768 3878 827 3920 csse
850 3877 948 3919 conce·
1006 3867 1078 3938 quia
1090 3866 1437 3935 carniconjunctaunam
1449 3864 1578 3921 hominis
1593 3878 1745 3935 personam
1763 3871 1853 3936 atquc

101 3959 197 4024 plum,
215 3953 245 4010 in
264 3957 350 4025 cujus
369 3954 463 4012 hostia
481 3954 613 4011 omnium
630 3947 795 4023 redemptio
817 3960 858 4008 est
882 3966 948 4008 con·
1006 3970 1096 4012 unam
1107 3956 1277 4012 rationalem
1292 3955 1486 4013 substantiam
1502 3967 1569 4011 cum
1584 3966 1618 4010 ea
1633 3953 1792 4010 constituit.
1805 3952 1853 4010 Sic

102 4051 256 4100 summata.
288 4042 372 4108 Quod
401 4059 455 4100 nec
478 4043 574 4097 minus
603 4056 653 4112 per
684 4042 780 4111 ipsum
807 4041 949 4112 Spiritum
1005 4052 1032 4101 ει
1047 4043 1175 4103 Verbum
1191 4043 1303 4100 homini
1321 4044 1351 4100 in
1365 4042 1478 4100 Christo
1492 4042 1610 4099 unitum
1631 4054 1720 4098 unam
1741 4041 1851 4100 Christi

101 4130 333 4203 Apostolusdicu
346 4131 490 4202 pronohis
503 4130 632 4187 oblatum
643 4131 947 4202 sicutetconccptum.
1002 4146 1164 4205 personam,
1189 4147 1248 4189 non
1275 4116 1348 4188 duas
1374 4132 1481 4189 reddit.
1506 4133 1596 4189 Juxta
1617 4143 1706 4202 quam
1731 4131 1850 4202 quidem

101 4218 175 4276 Hinc
189 4226 231 4276 est
243 4220 315 4275 illud
335 4219 371 4275 ad
387 4219 528 4289 liebraeos,
544 4218 598 4275 uhi
614 4219 644 4275 in
665 4218 719 4276 hac
742 4226 846 4276 nostru
868 4219 945 4276 salu·
1004 4221 1141 4278 unionem
1157 4235 1286 4293 persona·
1299 4220 1434 4277 eumdem
1446 4219 1593 4278 Christum
1609 4227 1668 4275 tam
1678 4219 1726 4276 Dei
1742 4219 1849 4277 Filium

79 4307 137 4364 'tis
169 4307 419 4364 consummatione
452 4308 539 4364 totius
568 4307 720 4364 Trinitatis
743 4308 943 4380 operationem
961 4277 986 4335 Β
1001 4325 1091 4384 quam
1107 4310 1235 4368 hominis
1250 4309 1432 4380 profitemur,
1448 4316 1476 4366 et
1491 4315 1549 4366 tam
1569 4310 1617 4366 Dei
1634 4308 1742 4365 Filium
1757 4323 1848 4380 quam

99 4409 333 4464 commemorans,
361 4398 402 4453 ait
423 4412 430 4452 :
454 4397 573 4453 sienim
601 4401 717 4466 sanguis
754 4397 891 4453 hircorum
919 4403 946 4456 et
1001 4399 1128 4458 hominis
1152 4399 1280 4456 dicimus
1307 4399 1674 4463 crucifixummortuum,
1705 4406 1733 4456 et
1748 4399 1844 4469 sepul·

99 4491 249 4558 taurorum,
264 4492 290 4542 et
312 4488 379 4542 ciuis
395 4488 487 4543 ollula
506 4502 632 4556 uspersus
658 4488 817 4557 inquinatos
834 4490 940 4560 saulifi·
999 4494 1072 4558 tum,
1086 4491 1154 4544 cum
1168 4496 1265 4546 tamen
1282 4488 1336 4545 ista
1351 4503 1410 4546 non
1428 4487 1485 4544 nisi
1501 4486 1661 4543 secundum
1678 4486 1847 4543 humanita-

98 4582 142 4632 cot
168 4576 206 4632 ad
232 4576 450 4632 emundationem
479 4578 569 4633 comis
593 4597 603 4632 .·
633 4581 734 4644 qucum
762 4579 850 4646 magis
877 4594 942 4633 son·
998 4580 1129 4636 temsint
1152 4578 1329 4649 accipienda.
1346 4577 1469 4637 Undcct
1493 4576 1601 4633 Paulus
1610 4577 1765 4633 Dominum
1786 4575 1846 4648 glo·

96 4669 159 4737 guis
199 4667 311 4733 Christi,
350 4667 398 4733 qui
433 4682 485 4737 per
528 4667 662 4736 Spiritum
696 4671 819 4722 sunctum
848 4674 940 4724 semet·
998 4669 1050 4726 riae
1063 4667 1240 4726 crucilixum
1254 4681 1381 4725 essenon
1396 4673 1514 4724 veretur
1527 4667 1623 4723 dicere
1643 4666 1664 4738 (l
1689 4667 1789 4734 Comi,
1806 4665 1846 4739 8),

96 4755 506 4827 ipsumohtulitimmaculatum
535 4758 599 4820 Deo,
625 4756 783 4810 emundabit
807 4758 939 4811 couscien-
996 4764 1024 4813 ει
1039 4756 1092 4828 qui
1107 4755 1254 4813 descendit
1272 4757 1307 4812 de
1326 4755 1405 4819 coelo,
1424 4763 1452 4812 et
1471 4755 1523 4827 qui
1552 4753 1690 4822 escendit,
1711 4754 1846 4810 eumdem

97 4847 164 4900 tium
180 4844 343 4901 uostrcmuh
359 4844 483 4914 operibus
495 4847 608 4900 mortuis
619 4843 633 4899 i
646 4844 730 4916 (licor
743 4859 784 4911 rx,
799 4844 853 4915 ι3.)
866 4845 940 4901 Cum
995 4859 1065 4902 esse.
1076 4846 1112 4902 lit
1127 4844 1187 4916 ipsc
1204 4843 1345 4901 Dominus
1369 4845 1504 4902 Christus
1530 4845 1564 4900 dc
1580 4845 1673 4913 seipso
1697 4844 1819 4915 loquens
1835 4857 1843 4899 ε

97 4943 193 4990 aulem
228 4934 321 5005 ipsum
336 4933 381 4990 vel
398 4940 569 5004 conceptum
592 4934 637 4990 vel
653 4940 755 4989 natum
771 4933 805 4990 de
828 4932 941 5003 Spiritu
995 4935 1093 4999 Nemo,
1125 4933 1665 5006 inquit,oscmditincoelum,nisiqui
1705 4930 1846 4988 descendit

95 5030 193 5079 sancto
204 5024 350 5092 audimus,
365 5023 449 5080 aliter
464 5037 481 5079 a
495 5023 617 5095 Virgine
641 5030 821 5094 conceptum,
855 5022 939 5081 aliter
994 5023 1028 5080 de
1043 5024 1105 5080 culo
1120 5025 1207 5079 Filius
1235 5025 1351 5080 hominis
1366 5026 1415 5095 qui
1433 5029 1473 5080 esi
1488 5026 1516 5078 in
1543 5024 1606 5077 colo
1622 5024 1708 5092 (loon.
1726 5038 1765 5089 ιιι,
1789 5021 1843 5090 ¹3).

94 5125 165 5168 curn
180 5111 214 5167 de
230 5112 341 5182 Spiritu
360 5120 554 5186 conceptum3
571 5111 616 5169 vel
639 5112 723 5170 aliter
744 5128 810 5170 eum
826 5113 860 5170 dc
876 5112 937 5184 Spi·
994 5114 1029 5170 Dt
1057 5113 1162 5169 iterum
1179 5130 1186 5168 :
1203 5114 1234 5170 Si
1248 5130 1312 5183 ergo
1337 5115 1461 5170 videritis
1489 5112 1589 5168 Filium
1604 5111 1719 5168 hominis
1752 5125 1844 5167 oscen-

96 5200 154 5256 ritu
177 5207 289 5268 natum,
300 5201 383 5258 aliter
397 5203 431 5259 dc
448 5202 568 5275 Virgine
592 5210 693 5260 natum
715 5203 912 5277 intelligamus
929 5217 936 5258 :
993 5202 1099 5259 dmtem
1114 5203 1162 5257 udi
1177 5208 1235 5258 emi
1246 5205 1337 5273 prius,
1351 5210 1404 5260 etc.
1423 5202 1510 5273 (icoo.
1527 5216 1568 5268 vr,
1585 5200 1646 5272 63).

94 5303 110 5346 a
125 5289 246 5361 Virgine
262 5291 391 5361 quidem,
409 5291 453 5348 rel
470 5292 504 5349 do
515 5292 647 5365 Virgine,
669 5293 830 5351 secundum
859 5292 936 5365 quod
1028 5293 1099 5350 cum
1109 5291 1209 5365 itaque
1223 5290 1479 5364 Christuspropric
1493 5290 1608 5350 dicatur
1622 5288 1700 5349 Deus
1714 5295 1742 5346 ει
1754 5286 1840 5346 homo

126 5440 182 5512 (ιι)
197 5443 279 5499 Alius
293 5455 330 5500 ex
349 5442 446 5501 codice
464 5444 611 5503 Victorino
634 5449 686 5502 ιιι
707 5446 852 5519 supplevit
875 5448 908 5503 D.
923 5444 1124 5519 coccimopp.
1136 5444 1292 5517 occludi,
1305 5457 1333 5518 p.
1352 5446 1416 5503 908.
