3804 5962
710 155 823 215 EHST.
842 154 888 213 lx.
1628 157 1682 216 aab

79 282 262 357 tlpostdo:
293 281 471 354 mibiquare
494 288 579 353 turpe
597 281 634 339 sit
656 288 719 352 post
733 280 778 338 ri·
794 278 985 352 nqutpptam
999 277 1092 336 lamro
1118 275 1277 347 videretur,
1304 284 1458 350 postquam
1482 280 1571 339 sendt
1595 281 1682 342 tidem

79 382 138 432 eet
151 373 274 430 laminas
287 370 301 424 ι
312 373 379 431 llec
392 379 421 429 et
440 369 611 439 istiusmodi,
637 367 781 443 σεμνοτάτη
836 367 990 441 apostolico
1007 381 1056 425 ore
1083 366 1236 426 laudatum
1264 367 1294 424 in
1308 367 1441 440 plerique
1455 368 1559 428 violari
1584 371 1623 429 ita
1651 380 1685 430 ιιι

79 463 178 522 ttrinxi
200 461 336 531 breviter,
361 469 458 519 utnec
472 468 499 517 te
522 460 670 532 poeniteret
696 473 784 517 sexus
836 458 996 516 sacerdotes
1036 471 1163 529 quoque,
1209 465 1238 515 et
1274 457 1431 516 nonnullos
1462 461 1683 531 monachornm,

108 553 289 610 virossuum
305 564 411 607 nomen
433 550 567 622 erigeret,
601 549 631 605 in
657 562 784 619 quorum
837 548 1022 619 maximeque
1042 547 1141 604 seculi
1162 547 1293 604 bomines
1320 548 1351 604 in
1374 561 1525 607 assensum
1549 551 1596 607 sni
1625 558 1685 609 tra-

79 641 212 707 ationem,
238 640 414 698 laminarum
440 639 470 695 in
495 637 653 708 scripturis
676 635 785 695 sanctis
838 636 926 703 beret,
943 650 978 692 ac
999 634 1173 706 simplicitati
1189 635 1324 695 illuderet
1348 637 1484 709 episcopi,
1501 639 1554 711 qui
1581 640 1617 698 de
1631 655 1686 699 suo
1760 653 1764 660 ·

79 735 154 786 atur.
169 749 185 780 a
199 729 287 786 Juvat
308 733 373 799 post
400 726 539 799 virginee,
567 725 673 783 intueri
693 724 728 782 de
741 725 785 782 vi·
838 721 955 795 ingenio
969 731 1085 781 ceteros
1098 724 1270 795 aestimabat,
1283 725 1402 799 publice
1430 728 1545 796 restitit,
1575 729 1686 787 malens

79 823 173 876 tntum
187 826 215 874 et
231 816 341 888 ipsaeiu
369 815 467 873 studia
495 828 648 872 sacrarum
667 813 782 871 littera·
838 811 895 868 boo
921 811 1033 883 placere
1056 827 1145 884 quam
1176 813 1352 872 nominibus.
1370 815 1568 874 Damnationis
1594 817 1686 876 baere·

79 922 120 966 :ua
144 907 309 964 testimonio
333 912 361 962 et
387 904 474 962 laude
497 904 678 975 profecerint.
709 902 784 960 Seri·
838 900 962 959 ticorum
978 901 1040 960 baec
1063 902 1118 960 luit
1146 902 1333 975 principium,
1360 903 1431 962 dum
1445 905 1563 965 adducit
1591 913 1687 977 testm,

79 1011 114 1055 nr
132 996 206 1053 idem
226 996 325 1053 doctor
338 993 375 1051 ad
385 994 516 1052 eamdem
527 993 671 1067 virginem
699 993 787 1050 Prin·
840 989 891 1062 qui
902 991 983 1062 priua
996 991 1034 1049 ab
1044 992 1085 1050 eis
1098 992 1216 1062 eruditi,
1244 1001 1272 1050 et
1287 1000 1384 1064 postea
1404 993 1440 1051 ab
1467 994 1613 1053 haeretico
1627 996 1690 1054 lne-
1735 1007 1748 1023 ‘

79 1085 175 1144 evita
197 1092 303 1142 sancte
330 1083 473 1141 Marcella
490 1084 566 1141 sicut
592 1082 642 1139 illa
660 1081 788 1154 postula·
839 1085 907 1136 rant
928 1092 1024 1137 errore
1056 1081 1191 1151 correpti.
1229 1079 1300 1137 dum
1323 1081 1446 1139 ostendit
1471 1083 1690 1142 multitudinem

79 1189 111 1233 er
136 1175 280 1232 virtutum
299 1173 364 1246 ejtts
387 1173 537 1245 insignia:
568 1193 583 1224 ι
603 1173 786 1240 Divinarum,
840 1167 1036 1238 deceptorum,
1049 1167 1120 1225 dum
1138 1168 1226 1239 impia
1241 1167 1394 1244 πιριᾰρχῶν
1408 1170 1513 1243 ingerit
1527 1171 1690 1239 volumina,

87 1263 304 1334 Scripturarum
346 1261 433 1318 ardor
469 1268 530 1319 erat
578 1259 785 1318 incredibilis:
841 1256 1073 1329 quaemendata
1101 1270 1192 1314 manu
1221 1259 1324 1330 scorpii
1352 1260 1602 1331 monstrabantur,
1619 1262 1690 1320 dum

79 1367 108 1411 re
123 1352 281 1410 cantabat:
311 1353 374 1407 «ln
389 1349 474 1407 corde
497 1364 560 1407 meo
579 1349 716 1406 abscondi
729 1347 788 1405 elo·
841 1346 925 1403 acciti
937 1346 1137 1417 trequentibus
1166 1346 1267 1404 litteris
1282 1348 1421 1419 heretici,
1441 1351 1475 1407 ut
1497 1364 1527 1408 se
1554 1351 1691 1408 delenda-

79 1455 120 1512 ra,
137 1449 170 1498 ut
192 1455 249 1497 non
270 1453 383 1512 peccem
397 1438 451 1497 tibi
473 1439 560 1511 (Psoi.
587 1453 685 1504 cxvrn,
709 1436 786 1509 ill.»
842 1444 915 1505 rent,
931 1435 1031 1493 venire
1045 1450 1104 1493 non
1127 1436 1192 1493 ausi
1206 1443 1283 1493 sunt.
1309 1437 1460 1510 Tantaque
1475 1438 1519 1496 vis
1542 1440 1692 1497 censcien-

79 1531 112 1589 de
127 1530 250 1601 perlecto
263 1530 347 1586 viro:
377 1531 442 1586 «lit
457 1528 486 1585 in
510 1529 572 1600 lege
598 1526 712 1585 bomini
733 1540 787 1583 ro-
842 1524 888 1582 tiae
915 1523 982 1594 iuit,
1008 1531 1041 1582 ut
1076 1524 1207 1583 absentes
1234 1526 1377 1597 damnari,
1419 1541 1509 1599 quam
1537 1535 1712 1599 presentes
1794 1534 1797 1539 '

81 1621 154 1694 ejus,
168 1620 237 1677 etin
250 1619 385 1692 legeejus
398 1616 585 1676 meditabitur
599 1617 644 1675 die
657 1630 691 1674 ae
705 1623 788 1673 noete
804 1585 825 1642 Β
842 1614 974 1685 coargui,
1002 1613 1169 1672 maluerint.
1207 1615 1301 1685 nujus
1323 1623 1381 1673 tam
1407 1616 1539 1688 gloriosa
1563 1617 1692 1676 victorita

85 1724 105 1777 t,
133 1709 219 1781 t);‹
248 1715 276 1765 et
306 1723 314 1764 :
358 1706 547 1764 amandatis
572 1707 631 1764 tuis
660 1705 788 1764 intellexi
842 1703 933 1774 origo,
956 1703 1088 1760 llarcella
1115 1711 1167 1760 est.
1199 1723 1214 1754 a
1230 1703 1349 1773 Videtis,
1380 1704 1580 1776 dilectissimae,
1601 1720 1694 1778 quan·

79 1812 171 1867 rann,
191 1797 287 1869 lodi.»
314 1796 454 1868 benique,
478 1809 545 1853 cum
560 1802 647 1852 etme
668 1796 790 1852 Romam
843 1798 906 1849 tum
925 1791 1054 1850 attulerit
1067 1790 1208 1858 fructum,
1228 1792 1367 1864 repressis
1382 1793 1551 1864 heresibus,
1573 1795 1605 1851 in
1618 1796 1691 1853 urbe

79 1887 153 1945 netis
179 1885 365 1957 pontificibus
402 1884 534 1953 Paulino,
566 1891 594 1942 et
619 1883 789 1955 Epiphanio.
844 1880 976 1938 ddelibus
996 1881 1130 1940 omnibus
1154 1882 1183 1938 in
1209 1889 1297 1953 caput
1321 1883 1484 1940 constitute
1511 1883 1600 1941 unius
1626 1897 1693 1940 ma-

79 1976 133 2035 tica
151 1976 286 2034 traxisset
314 1975 477 2042 necessitas,
504 1980 532 2031 et
563 1973 726 2032 verecunde
741 1988 792 2031 no-
843 1976 935 2028 tronae
957 1970 1103 2028 laudabile
1131 1971 1271 2037 studium,
1293 1979 1321 2028 et
1346 1980 1457 2044 quanta
1484 1973 1617 2044 lampade
1643 1974 1693 2031 do·

79 2065 245 2125 'aminarum
276 2064 376 2122 oeulos
414 2063 617 2120 declinarem:
646 2062 686 2118 ita
721 2060 790 2133 egit,
844 2059 944 2116 ctrina
974 2058 1102 2130 ipsorum
1125 2074 1243 2132 quoque
1257 2060 1407 2119 doctorum
1434 2061 1692 2121 ecclesiasticorum

79 2171 103 2214 m
116 2155 297 2227 Apostolum,
315 2174 329 2205 o
347 2155 511 2225 importune
534 2159 706 2224 opportune,
724 2173 735 2203 ι
754 2149 793 2220 (ιι
844 2146 978 2204 tenebras
991 2161 1052 2205 una
1074 2149 1179 2206 mulier
1201 2150 1355 2221 expulerit.
1372 2152 1411 2208 De
1438 2151 1524 2223 cujus
1550 2152 1646 2210 studio
1662 2151 1692 2208 in

79 2245 117 2315 ll3
136 2265 149 2295 ι
166 2251 200 2302 ut
214 2243 354 2315 pudorem
382 2257 480 2301 meum
509 2256 564 2298 sua
578 2248 727 2313 superaret
746 2240 791 2296 in·
845 2236 934 2294 saeris
948 2235 1060 2307 litteris,
1094 2251 1154 2308 quo
1168 2239 1232 2309 ipsa
1259 2238 1412 2297 victoriam
1435 2239 1518 2297 istam
1543 2240 1692 2310 meruerit,

79 2334 118 2392 ltt
146 2333 358 2406 quiaalicujus
385 2341 457 2390 tunc
483 2330 611 2388 nominis
640 2344 701 2387 esse
727 2328 792 2387 exi-
845 2325 1030 2384 idemdoctor
1049 2327 1186 2398 proemio
1215 2327 1340 2385 lib.1in
1368 2328 1527 2400 Epistulam
1549 2329 1631 2387 Pauli
1657 2329 1695 2386 ad

79 2440 82 2455 ’
117 2437 206 2495 super
234 2422 329 2481 studio
372 2421 598 2493 Scripturarum,
639 2432 792 2491 nunqnam
846 2415 971 2486 Galatas,
1000 2415 1037 2473 ad
1069 2415 1298 2474 exhortationem
1328 2423 1451 2475 vestram
1476 2418 1516 2478 ita
1541 2418 1692 2478 meminit:

108 2513 182 2587 quin
207 2512 242 2570 de
276 2510 432 2584 Scripturis
452 2509 565 2583 aliquid
591 2509 792 2581 interrogaret,
848 2525 864 2558 a
882 2504 945 2562 Scio
967 2505 1103 2578 equidem
1128 2507 1261 2564 ardorem
1290 2507 1364 2578 ejus,
1389 2507 1447 2567 scio
1483 2507 1568 2567 iidem
1591 2511 1695 2583 (quam

81 2616 112 2661 m
137 2601 342 2675 acquiesceret,
369 2600 418 2657 sed
451 2604 579 2657 moveret
608 2595 794 2655 econtrario
848 2594 997 2652 flammam
1011 2596 1242 2666 somperbabeat
1257 2595 1285 2652 in
1305 2597 1695 2668 pectorelsuperaresexum

79 2706 128 2761 tes,
158 2705 217 2748 non
236 2698 269 2748 ut
297 2689 489 2758 contenderet,
520 2688 571 2746 sed
586 2694 619 2745 ιιι
638 2686 794 2759 quaerendo
847 2683 978 2742 oblivisci
993 2684 1127 2753 bominis,
1156 2692 1184 2743 et
1215 2684 1382 2742 divinorum
1403 2687 1588 2746 voluminum
1616 2697 1694 2762 tym-

90 2793 193 2837 earum
222 2777 388 2847 solutiones,
415 2790 490 2848 quaa
518 2775 622 2847 opponi
651 2788 732 2846 posse
746 2774 794 2830 in·
849 2788 925 2847 pano
951 2780 1151 2845 concrepante,
1179 2773 1313 2831 ltubrum
1345 2774 1435 2845 nujus
1459 2777 1555 2835 saeculi
1576 2778 1697 2851 pelagus

79 2874 101 2926 t.
116 2866 190 2937 Quid
205 2866 235 2924 in
247 2865 465 2933 illavirtutnm,
486 2865 558 2937 quid
582 2863 692 2937 ingenii
713 2862 794 2921 inve·
849 2863 1048 2921 transiretare.
1067 2864 1148 2920 Certe
1163 2877 1230 2919 oum
1249 2863 1456 2934 Romaessem,
1470 2879 1622 2937 nunquam
1637 2875 1696 2925 tam

79 2970 166 3015 creor
180 2955 296 3012 dicere:
325 2968 361 3011 ne
393 2954 478 3011 fldem
506 2952 685 3011 credulitatis
711 2966 794 3009 exee-
810 2909 834 2970 ⁰
850 2952 1006 3011 lestiname
1029 2951 1111 3021 vidit,
1128 2956 1161 3009 ut
1183 2966 1243 3008 non
1270 2952 1304 3008 de
1334 2951 1489 3024 seripturis
1516 2953 1627 3027 aliquid
1655 2956 1698 3013 in·

81 3044 134 3103 tint
150 3045 289 3117 majorem
304 3042 430 3100 dolorem
455 3042 605 3110 incutiam,
633 3040 795 3098 recordanti
850 3048 1018 3114 terrogaret.
1050 3041 1151 3113 Neque
1177 3054 1248 3098 rere
1284 3055 1364 3099 more
1389 3042 1590 3116 Pythagorico,
1614 3046 1698 3117 quid·

81 3135 159 3193 bono
198 3131 336 3190 carueris.
365 3133 426 3189 lloe
459 3131 554 3188 solum
582 3130 687 3197 dicam,
717 3127 797 3200 quod
850 3132 921 3204 quid
944 3131 1156 3202 responderam,
1181 3138 1293 3189 rectum
1321 3131 1451 3204 putabat,
1480 3148 1533 3192 nec
1559 3133 1622 3194 sine
1646 3149 1699 3194 ra-

79 3223 93 3281 i
114 3223 145 3280 in
159 3221 242 3280 nobis
256 3220 343 3295 longo
364 3220 420 3279 luit
451 3220 547 3278 studio
576 3224 796 3292 congregatum,
850 3221 927 3280 tione
939 3220 1129 3292 praejudicata
1144 3220 1222 3292 apud
1231 3234 1295 3278 eam
1309 3221 1425 3280 valebat
1450 3225 1608 3283 auctoritas
1624 3239 1632 3282 ε
1649 3225 1700 3284 aed

79 3311 174 3371 atione
188 3310 339 3374 diuturna,
361 3308 444 3382 quasi
459 3309 489 3366 in
509 3314 647 3366 naturam
667 3321 795 3376 versum,
850 3309 1036 3369 examinabat
1058 3310 1166 3378 omnia,
1185 3308 1215 3367 et
1235 3310 1333 3383 sagaci
1353 3319 1448 3370 mente
1476 3313 1612 3371 universa
1632 3329 1701 3387 pen·

83 3401 197 3471 libavit,
217 3399 328 3470 didicit,
356 3406 444 3471 atque
467 3398 600 3470 possedit,
622 3397 662 3454 ιιι
685 3403 720 3455 ut
735 3403 798 3468 post
851 3400 943 3468 sabat,
968 3406 1002 3456 nt
1016 3413 1060 3456 me
1074 3399 1211 3458 sentirem
1235 3415 1294 3458 non
1309 3408 1367 3458 tam
1393 3401 1564 3475 discipulam
1592 3403 1700 3464 babere

79 3504 150 3547 »nem
164 3496 301 3558 nostram,
325 3487 350 3545 si
369 3486 685 3558 ineliquotestimonio
722 3484 797 3542 Scri·
852 3502 942 3561 qnam
964 3488 1101 3560 judicem.
1130 3513 1144 3538 a
1174 3489 1297 3551 tanum
1326 3504 1359 3548 eo
1386 3498 1513 3564 tempore
1537 3494 1567 3550 in
1594 3496 1702 3553 sanctis

79 3594 106 3638 m
120 3586 194 3637 esset
206 3579 307 3636 oborta
325 3577 481 3638 contentio,
510 3575 547 3633 ad
566 3575 644 3632 illam
670 3574 797 3646 jndicem
851 3577 974 3647 leminis,
991 3578 1066 3635 sicut
1080 3586 1109 3636 et
1135 3579 1164 3635 in
1185 3579 1266 3648 viris,
1287 3579 1418 3637 studium
1447 3582 1575 3641 terrebat
1593 3584 1703 3642 littera·

79 3682 129 3728 ιιι.
151 3668 185 3726 Et
199 3667 269 3740 quia
291 3666 376 3726 valde
388 3666 516 3738 prudens
536 3672 609 3732 erat,
640 3664 681 3721 sie
704 3662 741 3719 ad
755 3663 799 3719 in·
852 3680 929 3734 rum,
945 3672 979 3723 nt
992 3680 1180 3738 nequaquam
1204 3680 1264 3724 sua
1281 3666 1390 3740 linguae
1404 3667 1555 3746 disciplina
1584 3679 1703 3731 conten-

79 3757 312 3829 arespondebat,
329 3762 362 3814 ut
377 3757 465 3813 etiam
489 3768 543 3811 sna
567 3767 626 3810 non
647 3766 701 3811 sua
719 3752 799 3808 dice-
852 3763 900 3824 ιι,
927 3756 1004 3826 ipsos
1019 3753 1236 3827 Scripturarum
1252 3756 1372 3827 rivulos,
1394 3772 1468 3830 quos
1482 3759 1639 3832 debebant,
1667 3762 1704 3820 ab

79 3847 145 3906 ‚rel
176 3860 250 3914 mea,
273 3843 318 3903 rel
332 3844 487 3917 cujuslibet
503 3843 632 3911 alterius,
661 3848 695 3899 ut
722 3840 752 3898 ιιι
766 3855 800 3898 eo
853 3845 923 3918 ipsis
946 3842 1129 3916 inquirerent
1143 3844 1290 3914 lontibus:
1310 3859 1364 3903 neo
1384 3846 1511 3917 inopiam
1532 3848 1623 3907 unius
1646 3851 1704 3909 lin-

79 3936 130 3996 tod
157 3935 286 4005 docebat,
310 3950 340 3992 se
369 3933 541 4005 discipulam
561 3932 709 3989 lateretur.
726 3929 800 3988 Scie-
854 3932 986 4006 gnaesibi
1009 3931 1158 3989 crederent
1185 3930 1326 3989 sulficere.
1346 3932 1428 3990 Unde
1445 3939 1474 3990 et
1493 3934 1565 3992 illud
1592 3944 1635 3994 est
1659 3952 1707 3996 su·

79 4025 219 4085 edictum
234 4024 271 4081 ab
284 4023 438 4095 apostolo:
456 4043 467 4072 ι
485 4023 589 4079 Docere
619 4024 714 4078 autem
730 4033 800 4077 mu·
854 4037 908 4095 pra
935 4021 1086 4080 memorati
1105 4022 1231 4079 doctoris
1260 4022 1296 4079 ad
1323 4021 1444 4080 Paulam
1473 4022 1508 4082 de
1531 4034 1623 4083 morte
1647 4026 1707 4084 Ble-

80 4128 140 4173 aon
176 4113 310 4185 permitto
336 4112 361 4185 (l
381 4114 449 4168 line
478 4125 508 4180 u,
534 4110 627 4182 lap·
659 4124 696 4166 ne
720 4107 800 4166 virili
857 4112 928 4171 silla
951 4111 1016 4170 filiae
1031 4126 1101 4179 suae,
1125 4111 1167 4169 sie
1191 4111 1265 4169 inter
1288 4119 1392 4170 catera
1404 4112 1434 4169 in
1445 4113 1509 4186 ejus
1529 4116 1707 4187 praecipuam

79 4210 104 4263 ιι
132 4201 279 4261 interdum
306 4201 514 4269 sacerdotibus,
553 4200 589 4257 de
617 4197 749 4256 obscuris
775 4204 804 4255 et
820 4234 841 4292 Β
857 4201 974 4260 laudem
999 4200 1176 4258 scribentis:
1196 4201 1268 4266 Quis
1292 4201 1354 4260 sine
1379 4203 1556 4276 singultibus
1580 4212 1709 4264 transeat

79 4293 101 4350 ia
132 4291 354 4361 sciscitantibus,
379 4288 633 4347 lacererideretur
651 4287 800 4361 iniuriam.
857 4290 960 4348 orandi
975 4290 1154 4361 instantiam,
1178 4290 1302 4348 nitorem
1316 4291 1436 4364 linguae,
1464 4295 1610 4354 memorie
1625 4303 1710 4354 tena-

79 4394 122 4439 ttn
136 4381 228 4439 nostri
242 4380 352 4439 mutuis
363 4377 666 4450 solabaturalloquiis,
683 4384 712 4435 et
723 4376 802 4450 quod
861 4378 987 4447 citatem,
1004 4393 1128 4438 acumen
1152 4378 1286 4452 ingenili
1300 4379 1328 4436 Si
1344 4381 1440 4438 Graece
1466 4383 1630 4456 toquentem
1658 4400 1712 4444 au·

79 4484 123 4529 ron
136 4477 312 4543 poteramus,
335 4469 440 4542 spiritu
453 4467 660 4527 reddebamus:
690 4480 804 4538 semper
857 4467 957 4539 disses,
970 4469 1070 4527 Latine
1083 4483 1148 4526 eam
1169 4468 1281 4526 nemire
1294 4476 1422 4540 putares.
1452 4470 1480 4529 st
1495 4472 1524 4529 in
1544 4474 1708 4532 Romanum

99 4559 238 4633 epistolis,
270 4571 408 4631 superare
435 4557 548 4629 oldeiis,
578 4556 803 4615 salutationibus
857 4571 963 4615 sonum
991 4556 1096 4629 lingna
1123 4571 1154 4614 se
1168 4563 1302 4626 verteret,
1334 4558 1407 4616 nibil
1435 4560 1554 4617 omnino
1567 4560 1713 4635 peregrini

79 4650 125 4709 be.
154 4648 218 4708 Non
242 4649 367 4707 multum
401 4647 539 4720 perdebat
563 4646 703 4714 absentia,
736 4659 803 4718 quaa
858 4659 951 4704 sermo
960 4644 1118 4703 redolebat.
1139 4646 1202 4703 lam
1229 4659 1310 4714 vero,
1324 4647 1404 4726 quod
1434 4647 1464 4703 in
1491 4647 1613 4721 Origene
1636 4663 1714 4720 quo-

94 4737 152 4797 aibi
165 4737 268 4797 litteris
278 4737 467 4811 jungebatur.
492 4736 526 4794 ln
553 4735 609 4794 bae
636 4735 803 4807 tranquilli·
859 4750 918 4808 que
933 4734 1105 4793 illoGraeeia
1128 4742 1190 4794 tota
1204 4734 1342 4807 miratur,
1363 4736 1391 4791 in
1405 4737 1506 4806 paucis
1529 4752 1589 4795 non
1621 4737 1717 4797 dicant

79 4827 192 4886 bomini
205 4827 354 4897 servitute,
374 4825 509 4885 heretica
533 4825 565 4882 in
587 4824 633 4882 bis
648 4823 804 4897 provinciis
859 4824 1020 4894 mensibus,
1043 4825 1091 4886 sed
1122 4824 1238 4896 diebus,
1271 4825 1310 4882 ita
1323 4824 1451 4883 Hebraeae
1474 4825 1582 4899 lingua
1608 4825 1718 4886 ricemt

79 4923 340 4989 empestascnncta
355 4915 487 4975 turbavit
507 4922 559 4973 :et
574 4915 605 4972 in
621 4921 732 4972 tantam
756 4928 803 4972 ra·
861 4912 1056 4984 dildeultates,
1086 4921 1119 4972 ut
1143 4914 1173 4970 in
1204 4914 1350 4973 discendis
1377 4914 1573 4988 canendisque
1597 4916 1717 4988 psalma

80 5007 182 5066 mitata
199 5015 252 5077 est,
278 5014 312 5065 nt
326 5020 380 5065 neo
410 5004 475 5075 sibi,
498 5019 552 5062 nec
578 5003 632 5062 ulli
660 5003 805 5062 bonorum
860 5017 927 5062 cum
957 5010 1051 5061 matre
1075 5003 1307 5062 contenderet.»
1338 5007 1435 5078 ipsam
1463 5005 1570 5078 quippe
1595 5013 1719 5065 matrem

79 5104 110 5155 t:
136 5102 165 5153 et
187 5095 272 5169 quasi
300 5109 406 5168 parum
420 5102 503 5164 ιιιιι,
519 5093 567 5152 bic
588 5093 726 5152 universa
749 5108 805 5150 no-
859 5092 1069 5166 eJusPaulam,
1084 5105 1138 5149 nec
1156 5104 1216 5150 nou
1232 5099 1260 5150 et
1281 5092 1400 5152 alteram
1427 5093 1519 5167 ipsius
1541 5094 1629 5153 liliam
1659 5097 1719 5156 Eu-

79 5196 168 5242 arem
195 5183 310 5256 plenam
339 5181 587 5255 blasphemiarum
616 5182 745 5238 Romano
764 5181 807 5238 in·
861 5179 1006 5238 stoebium
1020 5179 1165 5252 virginem
1193 5178 1251 5237 Deo
1279 5179 1414 5251 dicatam,
1444 5181 1475 5240 in
1497 5183 1595 5241 eodem
1623 5184 1720 5247 studio

79 5270 160 5341 uini,
189 5286 257 5330 cum
274 5280 380 5330 renata
404 5284 571 5344 spurcaque
597 5270 729 5328 doctrina
752 5272 807 5329 ito-
862 5270 1027 5330 litterarum
1058 5275 1149 5340 atque
1175 5268 1351 5342 linguarum
1369 5287 1428 5331 non
1454 5274 1553 5333 minus
1567 5284 1722 5350 occupatas

80 5361 189 5432 «terit,
211 5375 286 5434 quos
312 5361 470 5420 induceret.
497 5360 581 5420 Tnnc
603 5358 708 5418 Sancta
732 5359 808 5419 blar-
860 5373 932 5428 esse,
950 5357 1027 5415 idem
1045 5371 1105 5417 non
1136 5358 1264 5430 preterit
1290 5358 1399 5420 doctor.
1422 5360 1469 5420 Sic
1496 5364 1605 5441 quippe
1628 5366 1663 5427 de
1676 5368 1723 5428 bia

79 5449 188 5515 :edin
209 5449 488 5521 eenamcenam
514 5463 567 5525 per
593 5447 807 5511 emundabam
861 5453 1079 5519 commemorat,
1108 5447 1199 5508 ιιιιιι
1225 5447 1320 5522 ipatus
1352 5449 1451 5513 Paula
1474 5454 1614 5536 mribens,
1639 5464 1669 5522 et
1687 5456 1725 5521 de

138 5548 272 5648 Pateat:
293 5545 473 5623 cltllxvlll
1497 5556 1537 5621 lt
