3804 5962
71 116 125 179 375
527 113 631 175 Putet
649 116 837 178 summum
855 117 934 189 ΟΡΡ.
955 115 1046 193 PARS
1065 116 1089 175 1.
1108 145 1144 160 ·-
1161 115 1351 176 EPISTOLAE.
1762 116 1815 172 otc
1866 162 1871 177 .

69 239 156 317 (Ptol
170 251 273 307 cxxxt,
300 236 327 312 ³)
339 277 346 295 .
360 235 424 296 Non
448 252 566 313 possum
580 254 639 299 non
655 241 751 301 dolere
769 249 831 303 tam
847 256 913 317 pro·
929 244 997 302 det
1011 247 1117 302 muco
1132 240 1282 316 religionis
1294 241 1439 311 habitunt,
1454 239 1644 309 ncnlnvitns,
1654 239 1702 298 sed
1716 245 1818 313 sponte
1866 262 1871 304 t

69 327 160 397 broco
178 333 274 384 tactus
297 325 500 398 incommodo,
527 329 666 400 quoniam
686 329 742 389 boc
762 330 914 391 hominnm
969 329 1128 405 sumpsisti.
1142 330 1206 390 Non
1221 331 1312 405 igitur
1324 329 1450 402 emplius
1465 329 1515 388 tibi
1530 328 1688 388 vindictam
1703 328 1819 401 exigere
1867 352 1871 393 ι

71 427 165 503 genus
189 427 274 472 suam
285 414 356 473 solet
367 422 480 474 etatem
495 416 649 476 adducere.
663 418 821 479 Nudentnr
834 434 916 495 gena
969 418 1045 490 licet,
1061 419 1127 479 siin
1137 417 1258 478 veritate
1270 419 1316 478 vis
1329 427 1426 479 tenere
1438 426 1466 478 et
1480 431 1578 476 amare
1592 418 1671 491 quod
1685 417 1717 475 in
1729 416 1819 488 bujus
1869 443 1871 482 :

70 509 133 577 post
154 502 298 561 modicum
324 512 493 562 ornamento
516 504 642 577 pilorum
657 548 666 577 ,
679 515 707 566 et
728 509 820 581 glorie
843 510 916 568 cutis
970 508 1096 567 nominis
1116 508 1325 582 significatione
1344 515 1523 567 monstretur
1537 506 1691 566 contineri.
1712 506 1819 564 sivero
1868 507 1869 511 ’

70 591 102 648 in
117 590 190 649 lacie
204 591 234 648 in
255 606 359 665 rugam
379 593 563 653 contrahitur
579 638 587 663 ,
604 597 917 669 pellorinconveniens
970 597 1036 657 odio
1070 597 1208 657 habueris
1229 598 1319 657 etiam
1344 598 1497 656 inimicum
1508 597 1559 670 qui
1579 597 1634 655 boc
1648 610 1722 669 opus
1740 594 1819 669 lecit,

69 679 220 738 contundit
233 681 366 750 vultum,
381 690 409 739 et
425 684 476 755 qui
498 698 544 742 me
571 684 730 758 aliquando
759 694 916 758 noverunt,
970 701 1025 746 nec
1038 686 1118 746 odire
1133 687 1240 745 desinis
1254 705 1263 758 ;
1279 687 1381 747 aderet
1395 687 1475 745 eliud
1490 687 1541 759 qui
1557 685 1627 744 velit
1642 727 1650 755 ,
1666 700 1735 758 ergo
1749 697 1818 741 con-

70 783 181 841 exque
199 768 301 827 taciem
316 784 410 828 meam
426 771 563 841 viderint,
578 775 674 833 statim
689 790 750 835 esse
781 777 918 836 mutilum
972 775 1092 834 fidenter
1117 789 1236 845 assere,
1272 784 1379 836 vestem
1411 777 1531 850 quidem
1564 775 1670 833 Christi
1706 781 1822 846 portare

70 857 126 915 bac
148 858 274 930 corporis
301 867 383 931 parte
409 868 479 920 sunt
502 862 667 936 cognituri.
702 866 823 939 Exigam
850 879 918 940 ergo
972 871 1071 938 potes,
1086 865 1136 923 sed
1159 864 1196 923 ad
1215 864 1327 924 nullam
1339 865 1391 924 tibi
1419 865 1571 923 utilitatem
1587 864 1744 945 proveniet5
1770 863 1820 919 Se-

70 947 128 1005 mei
143 947 301 1006 vindictam
322 948 468 1008 dedecoris
482 959 528 1023 ,et
549 958 641 1011 totum
661 968 732 1013 mee
747 954 863 1028 pondus
876 956 919 1012 in·
973 956 1111 1027 qetmici,
1140 955 1237 1027 inquit
1264 953 1436 1026 Apostolus,
1462 970 1557 1026 peccet
1570 970 1631 1010 cum
1654 953 1777 1010 omnibus
1800 956 1825 1007 et

68 1034 157 1109 juria
178 1036 315 1095 Romanis
350 1038 473 1097 auribus
503 1040 637 1101 intimare
658 1043 796 1115 studebo,
819 1051 919 1103 ettam
973 1048 1180 1101 scncecmmom
1207 1048 1265 1101 stuc
1298 1061 1354 1115 quc
1378 1059 1454 1101 nemo
1483 1044 1586 1100 uidebit
1608 1046 1694 1100 Deum
1720 1041 1822 1114 (θεὸν.

70 1124 237 1197 episcopum
247 1139 337 1199 quem
351 1128 515 1200 canonicos,
532 1130 672 1204 quoniam
692 1132 824 1205 primum
843 1132 921 1208 judi·
973 1147 1025 1198 xu,
1040 1135 1074 1191 ll
1084 1135 1104 1207 l.
1118 1133 1332 1204 blidicindicta,
1349 1133 1444 1207 inquit
1456 1132 1606 1201 Dominus,
1621 1137 1715 1199 eterqo
1732 1131 1822 1202 lretri·

71 1212 151 1271 dnm
163 1213 199 1271 de
213 1212 261 1271 illo
287 1214 339 1288 qui
353 1214 384 1275 in
403 1231 450 1274 me
461 1218 557 1277 melus
569 1220 679 1278 exstitit
698 1261 707 1291 ,
730 1228 845 1281 mutare
858 1236 920 1280 ma·
975 1223 1058 1280 ceam
1080 1221 1181 1296 (Rem.
1196 1236 1249 1292 xn,
1275 1222 1320 1295 te)
1337 1263 1344 1279 .
1371 1220 1400 1279 Si
1413 1221 1457 1279 vis
1471 1235 1532 1279 esse
1545 1220 1698 1293 perlectus,
1725 1218 1819 1289 incipe

72 1301 183 1360 cbineti
210 1311 298 1374 sunt,
315 1313 461 1377 qnantum
484 1313 581 1378 potero
594 1310 773 1381 perturbabo
787 1353 796 1375 ‚
810 1325 845 1370 ec
857 1318 921 1369 tum
975 1310 1122 1369 Christum
1136 1311 1259 1383 perlecte
1272 1310 1393 1384 diligere
1411 1350 1418 1378 ,
1431 1317 1460 1368 ct
1473 1309 1617 1382 usquead
1645 1308 1824 1380 diligendum

73 1387 191 1450 demum
212 1391 374 1466 intelligent
405 1396 553 1467 quamsit
579 1399 757 1458 centrarium
778 1399 922 1459 honestati
976 1400 1132 1473 pertinges.
1147 1400 1264 1458 Dimitte
1275 1400 1403 1457 minaset
1416 1397 1825 1469 verbaampnlloseincassum

73 1480 198 1553 erigere
222 1480 343 1554 iustitiae
366 1482 503 1543 deviasse.
520 1485 579 1560 (it)
630 1528 873 1549 ......
913 1504 920 1519 ·
939 1526 960 1580 Β
977 1488 1126 1548 effundere
1145 1531 1152 1546 .
1176 1488 1276 1562 Neque
1298 1488 1376 1546 enim
1391 1494 1470 1560 potes
1491 1488 1611 1559 implere
1626 1485 1705 1559 quod
1719 1484 1825 1555 cupis.

74 1566 104 1625 Si
118 1567 153 1625 de
173 1567 300 1627 vindicta
323 1572 478 1643 quereris,
495 1588 585 1645 quam
604 1575 730 1634 multum
743 1576 802 1635 sitit
824 1575 924 1635 anima
977 1577 1089 1650 lnjurie
1104 1577 1212 1650 injuste
1235 1577 1381 1651 irrogata,
1410 1591 1470 1635 non
1502 1577 1550 1634 cui
1578 1575 1747 1647 irrogetur,
1774 1572 1825 1629 sed

75 1663 128 1715 tue
145 1663 175 1714 et
193 1653 363 1731 desideret,
389 1661 447 1720 noli
472 1663 611 1722 continuo
634 1665 760 1723 morderi
785 1664 882 1723 dolore
896 1671 925 1723 et
978 1666 1005 1726 ei
1031 1666 1083 1738 qui
1111 1666 1250 1740 irroget,
1280 1666 1399 1724 inlamle
1426 1673 1488 1724 est.
1508 1664 1574 1723 Noli
1605 1664 1640 1721 de
1665 1670 1766 1720 cetero
1793 1660 1828 1717 de

77 1746 221 1805 tabescere
242 1746 387 1822 quiajam
400 1750 431 1808 in
454 1753 584 1810 maxima
597 1761 679 1825 parte
702 1755 767 1813 vise
779 1762 820 1813 est
836 1753 925 1812 edim·
979 1757 1086 1815 amissa
1112 1755 1206 1813 dolere
1233 1754 1403 1824 felicitate,
1433 1768 1523 1828 quem
1552 1765 1664 1824 semper
1699 1749 1827 1808 adversi·

76 1833 158 1907 pleri.
187 1835 262 1895 Nam
290 1839 411 1911 quidem
435 1841 572 1912 illorum,
599 1844 651 1917 qui
665 1843 717 1902 tibi
738 1851 924 1912 nocuerunt,
979 1845 1047 1904 tetis
1074 1843 1256 1902 incommode
1282 1849 1500 1916 prosequuntur
1515 1885 1522 1898 .
1535 1842 1563 1898 Si
1584 1855 1653 1913 erge
1677 1843 1706 1897 in
1729 1845 1828 1896 sancto

75 1923 227 1982 oculorum
245 1926 407 1997 privatione
428 1938 455 1988 et
469 1931 640 2004 genitalium
654 1933 830 1992 abscissione
858 1947 923 1990 mu·
980 1934 1123 2008 proposito
1147 1933 1340 2006 permanseris
1370 1931 1519 2004 usquein
1546 1931 1633 1988 linem
1663 1943 1715 1986 nec
1752 1926 1830 1983 dele·

77 2011 151 2070 tilati
169 2020 249 2071 sunt.
271 2015 322 2074 llle
341 2024 438 2076 autem
463 2020 515 2093 qui
529 2035 580 2093 per
594 2037 623 2080 se
651 2022 761 2081 lactum
775 2022 925 2094 abneget,
981 2024 1073 2094 ceris,
1088 2023 1220 2083 cbristus
1247 2022 1345 2081 omnia
1373 2036 1440 2094 quae
1458 2019 1617 2092 'perdidisti
1634 2061 1642 2090 ,
1658 2014 1830 2087 multiplici·

74 2098 269 2172 jamebomni
289 2105 466 2175 possessione
479 2121 534 2165 sue
550 2109 693 2167 bonorum
714 2123 924 2167 suorumcom-
981 2118 1071 2170 teret
1093 2110 1263 2169 mirabiliter
1285 2108 1453 2169 relormahit
1478 2107 1510 2166 in
1533 2107 1740 2180 glorificatione
1769 2118 1832 2160 cor-

79 2190 241 2260 portatione
274 2195 449 2253 exturbatus
465 2204 518 2254 est.
538 2195 601 2255 Noli
615 2211 685 2273 ergo
703 2197 857 2255 canonicos
881 2196 928 2255 vel
982 2215 1087 2274 perum
1103 2201 1133 2258 in
1156 2198 1255 2259 loturo
1267 2199 1418 2257 beatorum
1432 2239 1440 2268 ,
1454 2211 1488 2255 ec
1502 2205 1565 2255 tum
1586 2196 1703 2253 demum
1728 2193 1831 2264 regule

77 2278 246 2364 episcopum
270 2282 313 2340 tui
345 2285 498 2357 sanguinis
526 2284 664 2344 effusores
691 2287 737 2345 vel
770 2286 928 2358 perditores
981 2288 1199 2348 dialecticorum
1227 2287 1301 2346 lelse
1323 2287 1497 2359 apparebit,
1522 2285 1681 2342 dicentium
1713 2280 1835 2339 inhabi-

81 2368 262 2440 vccare,qui
288 2378 404 2442 prepter
424 2381 487 2431 teet
505 2382 621 2446 propter
646 2391 688 2444 se,
718 2382 864 2448 qnantum
878 2389 926 2446 pc-
981 2384 1045 2435 tum
1072 2391 1225 2450 nunquam
1250 2390 1333 2450 posse
1360 2375 1455 2434 redire
1477 2372 1692 2446 privationem.
1721 2368 1831 2426 Valein

81 2456 216 2522 tuerent,
242 2456 362 2530 justitiae
376 2460 563 2520 intenderunt
578 2505 586 2532 ,
602 2464 652 2521 sed
678 2464 749 2523 audi
775 2462 929 2521 consilinm
982 2467 1113 2526 Dotmno.

81 2539 192 2603 bonum
202 2552 230 2604 et
257 2547 319 2606 veri
334 2548 419 2606 amici
447 2549 693 2610 consolationem.
722 2551 881 2612 blonecbus
898 2563 929 2608 es

812 2832 1014 2903 EPISTULA
1031 2831 1129 2901 xvlt.

439 2973 519 3052 Qum
535 2979 587 3040 eet
601 2972 692 3041 Petri
705 2972 872 3043 Abaelerdi
886 2977 965 3044 fldei
980 2975 1165 3081 confessio,
1196 2976 1239 3042 ed
1258 2974 1441 3041 Heloisem.

85 3143 174 3215 (Haec
203 3150 347 3221 epistolant
363 3191 371 3219 ,
385 3150 434 3206 sed
456 3165 510 3208 uon
534 3150 833 3220 succendebantur
858 3152 888 3207 in
917 3152 1081 3220 &eugerio
1106 3150 1296 3217 Pemeutmct,
1325 3148 1467 3205 abelardi
1492 3149 1682 3223 discipulum
1701 3144 1838 3220 Apologia

510 3223 698 3292 magistriani
711 3226 806 3281 centra
818 3224 850 3278 S.
864 3221 1048 3292 Bemcrdutn,
1064 3237 1147 3289 qttcm
1161 3222 1243 3277 luebat
1260 3222 1291 3276 itt
1300 3220 1480 3292 Appendice.)

122 3378 207 3438 Soror
239 3394 303 3438 mea
336 3381 465 3440 lleloissa
499 3381 647 3453 qnondam
676 3381 748 3439 mibi
775 3381 806 3440 in
829 3381 934 3440 monle
950 3380 972 3439 C
989 3380 1095 3454 gnebn
1126 3380 1216 3439 Credo
1243 3381 1273 3438 in
1302 3379 1439 3450 Patrem,
1455 3386 1483 3438 et
1505 3378 1633 3449 Filium,
1649 3386 1677 3436 et
1700 3377 1837 3450 Spiritum

86 3467 195 3538 chara,
214 3482 295 3527 nnnc
315 3470 346 3529 in
373 3470 487 3530 cbristo
514 3470 706 3540 charissima,
731 3470 863 3528 odiosum
888 3483 935 3528 me
989 3477 1143 3538 sanctum,
1170 3484 1264 3528 unum
1283 3468 1457 3527 naturaliter
1485 3476 1512 3527 et
1535 3481 1639 3527 verum
1659 3468 1769 3525 Deum
1785 3466 1839 3539 qui

86 3556 197 3617 mundo
212 3558 337 3619 reddidit
346 3557 450 3632 logice.
467 3559 559 3618 Aiunt
572 3559 649 3617 enim
672 3559 798 3631 perversi
820 3572 936 3631 perver-
988 3559 1029 3618 sic
1043 3560 1073 3617 in
1092 3560 1222 3631 personis
1244 3559 1385 3631 approbet
1412 3558 1584 3616 l'riuitatem
1600 3599 1608 3623 ,
1625 3565 1658 3615 ut
1667 3570 1780 3627 semper
1807 3556 1838 3612 in

87 3652 196 3716 tentes,
212 3661 338 3720 quorum
366 3646 509 3720 sapientia
522 3657 563 3706 est
587 3649 617 3706 in
638 3648 797 3721 perditione
812 3688 821 3718 ,
836 3662 883 3706 me
904 3648 935 3705 in
988 3647 1555 3707 substantiecustodiatunitatem.Credo
1565 3644 1670 3704 Filium
1678 3658 1731 3718 per
1739 3644 1838 3702 omnia

87 3734 181 3809 logica
202 3738 472 3807 praestantissimum
497 3752 581 3807 esse,
610 3738 660 3794 sed
687 3738 717 3794 in
743 3737 837 3796 Paulo
874 3751 934 3795 non
989 3737 1067 3796 Petri
1087 3752 1149 3796 esse
1166 3737 1361 3809 coequalem,
1380 3735 1486 3794 scilicet
1501 3734 1662 3792 eternitate
1677 3775 1685 3802 ,
1699 3740 1838 3806 potestate

88 3824 269 3884 mediocriter
295 3825 459 3884 claudicare
489 3841 615 3899 cumque
639 3825 747 3900 ingenii
779 3825 936 3899 predicent
988 3828 1139 3886 voluntate
1156 3835 1185 3885 et
1197 3841 1292 3898 opere.
1312 3826 1371 3885 Nec
1389 3825 1476 3882 audio
1494 3824 1612 3893 Arium,
1628 3824 1680 3896 qni
1699 3834 1836 3894 perverso

89 3913 203 3983 eciem,
246 3914 418 3973 christianae
450 3914 515 3973 fidei
538 3915 731 3974 substrahent
766 3915 933 3987 puritatem.
989 3916 1107 3990 ingenio
1128 3922 1210 3974 ectus
1225 3957 1233 3982 ,
1251 3916 1308 3973 imo
1336 3914 1512 3972 demoniaco
1536 3913 1673 3970 seductus
1699 3910 1833 3982 spiritu,

89 4003 171 4074 Quia,
187 4011 220 4061 ut
242 4004 312 4061 mibi
327 4003 443 4063 videtur
458 4043 466 4071 ,
481 4005 616 4076 opinione
632 4004 727 4076 potius
741 4003 937 4062 traducuntur
989 4006 1099 4078 gradus
1112 4005 1180 4063 lacit
1198 4006 1228 4062 in
1241 4005 1380 4063 Trinitete
1396 4019 1404 4075 ς
1424 4003 1539 4061 Patrem
1549 4003 1688 4074 majorem
1706 4041 1714 4068 ,
1730 4001 1835 4057 Filium

90 4092 302 4166 adjudicium,
324 4106 414 4164 quem
435 4093 622 4164 experientiae
651 4093 845 4166 magistratu.
861 4091 934 4152 Nolo
990 4094 1186 4167 dogmatizans
1222 4094 1363 4152 minorem
1377 4134 1386 4162 ,
1402 4091 1509 4150 oblitus
1544 4091 1646 4165 legalis
1678 4089 1836 4162 precepti:

90 4183 130 4241 sic
143 4197 204 4241 esse
219 4182 417 4253 philosophus,
444 4191 477 4240 ut
489 4183 669 4241 recalcitrem
684 4183 784 4240 Paulo.
808 4182 871 4241 Non
895 4183 937 4241 sic
989 4183 1199 4247 depascendas,
1222 4181 1564 4255 inquitlex,pargrcdcs
1588 4181 1626 4237 ed
1640 4196 1728 4237 meum
1747 4180 1837 4236 altare

89 4285 151 4330 cese
182 4269 358 4340 Aristoteles,
384 4276 417 4327 ut
441 4270 571 4330 secludat
586 4285 605 4328 e
623 4272 737 4330 Cbristo
753 4314 760 4330 .
778 4274 839 4331 Noe
865 4275 937 4330 seim
991 4273 1089 4343 (deod.
1106 4286 1159 4340 xx,
1175 4274 1242 4344 26).
1257 4270 1302 4329 Ad
1329 4270 1419 4328 altare
1446 4269 1553 4342 quippe
1579 4269 1631 4326 bei
1654 4283 1705 4340 per
1730 4269 1841 4340 gradus

90 4359 170 4417 eliud
190 4374 287 4416 meten
314 4364 354 4416 cst
366 4359 416 4416 seed
445 4361 508 4417 culo
532 4401 542 4429 ,
572 4363 602 4416 bt
622 4376 675 4431 qao
689 4364 863 4433 eportectme
876 4364 936 4419 sel-
990 4360 1134 4431 ascendit,
1160 4358 1213 4433 qui
1231 4359 1352 4432 priuset
1370 4359 1513 4430 posterius
1527 4358 1557 4414 in
1571 4357 1711 4415 Trinitete
1732 4358 1837 4428 ponit,

90 4465 155 4507 cece
170 4450 231 4522 teri
249 4447 330 4520 (Act.
348 4463 391 4518 rx,
417 4450 471 4522 lt).
492 4450 586 4509 Adoro
600 4450 746 4510 Christum
761 4451 792 4510 in
820 4452 938 4510 dextera
991 4450 1132 4525 Spiritum
1145 4449 1232 4507 etiem
1247 4456 1381 4507 sanctum
1396 4447 1473 4505 Patri
1483 4455 1511 4504 et
1522 4445 1593 4505 Filio
1607 4446 1838 4504 consubstantia-

90 4539 184 4598 Patris
197 4539 552 4611 regnantemlmplectcr
561 4539 714 4599 eumolpis
727 4540 793 4599 ildei
806 4540 837 4599 in
851 4555 938 4599 carue
991 4538 1048 4596 lem
1062 4546 1090 4595 et
1115 4537 1291 4610 coequalem
1319 4537 1480 4609 peremnia
1493 4543 1581 4594 testor
1595 4578 1603 4604 ,
1619 4543 1652 4595 ut
1665 4543 1729 4608 pote
1744 4549 1833 4607 quem

90 4627 228 4702 virginali
250 4626 286 4686 de
321 4626 467 4687 Paracleto
490 4637 608 4702 sumpte
640 4630 764 4703 gloriosa
796 4630 938 4690 divinitus
992 4625 1128 4686 bonitatis
1142 4625 1258 4683 nomine
1270 4624 1417 4698 designari
1434 4622 1584 4682 volumine
1611 4637 1675 4680 mea
1698 4636 1774 4694 sape
1790 4623 1837 4680 de·

91 4723 269 4789 operantem.
285 4716 322 4775 Et
333 4724 365 4776 ut
379 4718 490 4789 trepide
499 4717 671 4787 sollicitudo,
690 4726 862 4791 cuncteque
875 4733 937 4776 am·
991 4715 1112 4773 clarent.
1137 4714 1249 4772 Damno
1261 4711 1437 4781 sabellium,
1462 4711 1514 4786 qui
1537 4711 1669 4770 eamdem
1687 4724 1839 4784 personam

90 4805 179 4879 bages
192 4819 210 4863 a
223 4806 308 4864 corde
322 4805 366 4864 tui
390 4807 512 4879 pectoris
525 4807 721 4879 explodantur
737 4846 745 4876 ,
773 4807 829 4866 hcc
843 4807 879 4866 de
893 4822 938 4866 me
991 4817 1122 4862 essemus
1135 4802 1228 4861 Petris
1239 4809 1268 4860 et
1281 4801 1355 4872 Filii,
1375 4803 1489 4861 Patrem
1508 4814 1627 4874 pessum
1649 4801 1815 4857 autumavit
1830 4814 1839 4869 ;

91 4903 196 4964 teneto,
210 4896 289 4967 quod
309 4910 398 4969 super
411 4895 490 4955 illam
504 4891 618 4969 petrem
643 4897 767 4956 lundavi
785 4898 937 4956 conscicn-
991 4895 1106 4953 undeet
1121 4891 1326 4967 patripassiani
1341 4891 1410 4950 dicti
1423 4899 1501 4950 sunt.
1519 4890 1610 4948 Credo
1625 4889 1712 4947 etiam
1728 4888 1836 4946 Filium

91 4983 163 5040 tiam
177 4996 271 5042 meam
297 4998 387 5058 super
407 5000 497 5057 quam
506 4984 639 5046 cbristus
660 4985 815 5044 edificavit
841 4984 937 5044 liccle·
990 4982 1041 5041 ilci
1059 4984 1167 5042 tamum
1180 4995 1242 5040 csse
1252 4981 1358 5039 Filium
1371 4979 1506 5050 bominis,
1522 4993 1670 5051 unamque
1684 4990 1839 5050 persenam

91 5072 164 5130 dam
176 5085 278 5130 snam.
304 5074 395 5148 Cipus
409 5083 497 5147 petre
512 5075 628 5134 titulum
656 5075 709 5133 tibi
723 5074 849 5134 breviter
863 5078 938 5134 assl·
990 5087 1028 5133 cx
1041 5073 1157 5133 duabus
1169 5078 1198 5129 et
1209 5071 1240 5129 in
1258 5071 1371 5130 naturis
1391 5070 1506 5130 duabus
1529 5070 1694 5127 consistere.
1711 5066 1766 5136 Qui
1776 5074 1841 5139 post

127 5197 184 5271 (tt)
201 5197 298 5274 Pergit
311 5201 399 5260 Falco
414 5202 613 5272 bbaelerdnm,
629 5201 702 5276 quin
721 5202 841 5260 Romam
860 5207 938 5274 petat
991 5200 1093 5273 quales
1119 5196 1265 5267 heretici,
1280 5196 1337 5254 imo
1363 5194 1526 5267 impiissimi
1548 5203 1654 5278 nestra
1670 5193 1763 5251 aetatis
1785 5196 1837 5251 bo-

93 5269 128 5327 iis
152 5271 300 5328 rationum
325 5274 477 5333 momentis
504 5274 687 5342 absterrere,
702 5289 769 5346 quaa
791 5287 849 5332 non
875 5273 939 5332 elne
990 5269 1083 5329 mines
1105 5282 1250 5340 usurpare
1263 5272 1482 5326 consueverant.
1498 5266 1583 5323 llunc
1606 5272 1697 5347 egitur
1715 5265 1835 5346 locum,

92 5341 220 5399 maximo
243 5342 379 5401 mandale
402 5345 550 5404 cetbolicse
577 5359 663 5404 auree
699 5344 876 5417 exciperent,
897 5345 938 5402 si·
990 5350 1024 5402 ut
1037 5347 1143 5400 sanctae
1158 5339 1307 5410 licclesiee,
1324 5339 1364 5397 ite
1387 5337 1543 5396 lectoribus
1558 5346 1663 5394 nostrus
1676 5337 1837 5394 molestissi-

92 5411 210 5484 quidem
228 5414 409 5486 Romanam,
434 5416 545 5476 curiam
565 5416 673 5476 talibus
691 5415 803 5475 lacessit
821 5415 937 5489 iniuriis
989 5427 1081 5482 mum,
1105 5425 1273 5486 expungere
1289 5424 1348 5476 non
1369 5408 1576 5470 dubitavimus.
1591 5408 1683 5480 (Eum.
1702 5406 1836 5472 cancul
