3804 5962
137 179 204 236 itta
401 174 502 231 PETRI
521 173 708 231 ABAEARDI
727 144 803 229 OPP.
824 173 914 230 PARS
932 173 981 232 111.
997 172 1265 231 -tnuotoutcn
1284 174 1328 231 ΕΤ
1347 174 1611 234 enitescamus.
1821 178 1866 236 ilii

134 299 210 367 Ouid
225 296 281 356 sibi
295 304 346 354 aut
360 295 390 351 in
411 296 465 352 hoc
492 294 553 350 loca
583 293 708 351 voluerit
735 292 823 350 editio
845 292 975 365 vulgata,
992 294 1017 349 A
1032 293 1159 352 haretici
1173 296 1376 367 destruuntur,
1406 299 1459 370 qui
1481 306 1665 369 negaverunt
1692 312 1768 358 eum
1787 313 1867 358 reran

132 387 357 463 pessumdicere
377 390 404 441 et
423 395 540 439 sensum
568 380 696 453 aliquem
722 380 858 452 reperire,
872 381 929 438 nisi
943 382 978 439 de
1031 384 1158 441 animam
1169 384 1317 455 habuisse,
1343 387 1414 458 quia
1442 388 1518 445 sicut
1533 402 1662 446 crescere
1690 389 1820 460 pertinet
1844 390 1868 447 al

133 479 229 538 verbis
242 474 291 532 Ilei
314 474 443 530 humane
471 483 558 526 sensu
581 469 779 540 argumentari
801 477 874 526 esset
888 469 976 526 sacri·
1031 486 1146 543 cerpus,
1162 473 1202 530 ita
1217 475 1357 545 sapientia
1373 475 1496 546 pertinet
1509 477 1545 532 ad
1560 477 1702 534 animam.

133 567 253 641 legium.
281 561 406 618 Ambros.
432 573 515 629 super
543 559 645 613 Lucam
677 559 708 629 (ι,
736 555 810 628 bil:
839 557 977 612 Elisabeth
1385 580 1514 638 LXXIII·

133 656 275 726 impletum
296 653 347 707 cst.
382 649 476 704 Itan:
501 645 601 718 Neque
620 647 698 702 enim
725 644 816 702 uliam
848 643 977 702 infantiae
1029 666 1108 737 Quod
1134 669 1291 724 humanitas
1322 670 1425 727 Chris„
1453 685 1508 726 m
1533 672 1649 727 omem
1674 675 1706 727 in
1732 676 1868 744 sapim

132 743 221 802 001811
239 744 361 806 11110111,
385 737 437 809 qui
464 748 553 806 011010
578 742 724 802 1101010111,
752 747 841 803 witra
863 741 976 790 aetatem
1065 738 1107 793 uel
1132 740 1205 806 quod
1233 741 1401 797 tantumdem
1424 745 1518 797 scierit
1544 749 1681 812 quantum
1698 745 1870 813 dictatione

134 833 164 888 in
192 838 275 887 utero
297 826 399 884 matris
420 825 504 893 situs,
530 837 547 879 a
570 836 707 880 mensura
736 822 865 893 perlectae
891 822 976 893 eoepit
1066 814 1172 867 contra.

71 949 74 954 ·
131 920 222 978 aetatis
262 913 450 988 plenitudinis
489 911 604 970 Christi.
642 912 847 980 chrysostomus
882 911 975 966 bomit.
1064 916 1231 987 Bedosuper
1250 918 1371 972 Lucam:
1396 916 1481 974 Recte
1507 918 1614 976 dicitur
1637 918 1750 990 plenus
1771 922 1868 993 sapien

131 1009 219 1066 xxvi
231 1007 264 1063 de
279 1005 448 1075 expositione
461 1002 588 1074 symboli,
618 1016 677 1067 qiua
699 1004 739 1055 sic
761 1002 883 1070 incipit:
906 1002 975 1056 Uni·
1030 1003 1070 1060 tia
1088 1019 1146 1061 nen
1170 1018 1221 1076 per
1241 1005 1393 1063 intervalla
1408 1013 1568 1077 temporum
1590 1009 1775 1079 proficienda
1794 1011 1823 1067 in
1835 1025 1868 1069 sa·

131 1097 245 1154 casalis
268 1094 388 1151 Ecclesia
415 1090 574 1159 conpaudet.
606 1088 702 1145 Crevit
724 1088 807 1145 alvus
835 1087 972 1159 Virginis,
1029 1091 1175 1163 pientiam,
1201 1107 1261 1163 qua
1288 1106 1401 1164 semper
1426 1093 1530 1164 plenus
1547 1093 1603 1151 fuit
1634 1097 1673 1153 ab
1698 1097 1775 1154 bora
1791 1113 1868 1156 susos

129 1188 215 1259 uirga
228 1191 301 1251 erat,
312 1189 339 1240 et
353 1192 507 1254 praeguaus
522 1177 650 1235 servavit
663 1185 691 1235 et
706 1177 902 1249 virginitatem
917 1191 974 1234 uon
1029 1181 1142 1251 ptionis,
1155 1182 1293 1252 quoniam
1308 1183 1338 1238 in
1353 1182 1476 1252 Christo,
1495 1191 1527 1240 ut
1554 1184 1594 1240 ait
1613 1186 1786 1256 Apostolus,
1802 1187 1867 1245 iram

130 1273 235 1334 amisit.
254 1275 390 1343 lsteerqo
407 1275 493 1326 natus
511 1265 610 1335 crevit,
626 1267 663 1323 ad
695 1267 854 1336 passionem
873 1280 973 1338 perve—
1029 1269 1176 1325 tatomnis
1203 1270 1350 1340 plenitudo
1373 1266 1531 1328 divinitatis
1558 1274 1763 1344 corporaliter.
1786 1275 1867 1332 Gratis

129 1366 184 1422 nit.
207 1366 252 1419 Ea
267 1361 384 1432 epistota
398 1360 495 1414 Leonis
519 1371 600 1426 papa
622 1355 660 1410 ad
684 1355 843 1411 Palaestinos
871 1358 973 1424 episco·
1027 1371 1154 1429 namque
1183 1359 1234 1414 Dei
1262 1359 1375 1416 eratin
1400 1359 1458 1428 llio,
1482 1361 1553 1432 quia
1568 1361 1641 1418 nulli
1668 1364 1867 1421 mongum„

128 1468 177 1525 pos
190 1453 334 1523 (ballerin.
353 1464 374 1512 1,
393 1446 470 1518 itit)
488 1444 650 1512 :Quamvis
674 1457 744 1515 erge
757 1443 796 1501 ab
816 1443 865 1501 ilie
880 1443 973 1514 initio,
1026 1454 1054 1503 et
1065 1446 1129 1503 talis
1143 1447 1210 1504 data
1224 1454 1276 1515 est,
1291 1456 1323 1505 ut
1340 1461 1377 1504 ex
1402 1462 1461 1520 quo
1477 1449 1505 1504 in
1532 1457 1615 1507 utero
1629 1451 1768 1524 Virginis
1786 1455 1867 1511 rond·

128 1557 188 1614 que
203 1541 233 1597 iu
252 1547 334 1597 utero
353 1535 482 1608 Virginis
498 1533 626 1591 Verbum
649 1546 715 1589 caro
735 1532 910 1601 factumest,
926 1534 969 1589 ui·
1027 1539 1145 1605 peretur
1170 1535 1312 1606 perlectus
1339 1544 1413 1593 esset
1448 1538 1533 1594 Deus.
1567 1539 1625 1596 Iste
1654 1540 1745 1599 bomo
1770 1541 1865 1598 nequ

126 1629 169 1689 hil
187 1641 318 1700 unquam
337 1626 414 1682 inter
436 1622 567 1679 divinam
592 1621 809 1692 humanamque
839 1621 973 1678 substan·
989 1587 1009 1640 Β
1027 1630 1205 1681 momentum
1216 1624 1297 1681 aliud
1312 1623 1368 1681 luit
1384 1638 1473 1696 quam
1488 1627 1575 1683 Deus.
1594 1627 1766 1686 Ambrosius
1780 1630 1813 1685 de
1824 1631 1865 1699 fide

128 1721 198 1777 tiam
210 1713 359 1774 divisionis
380 1711 534 1776 exstiterit,
553 1716 580 1766 et
605 1723 655 1781 per
675 1709 772 1766 omnia
796 1710 972 1767 incrementa
1026 1708 1263 1765 adGratianum:
1283 1709 1356 1766 Sunt
1371 1708 1504 1781 plerique
1527 1724 1586 1768 neu
1608 1712 1650 1767 ita
1665 1711 1828 1770 timidiores
1841 1720 1865 1768 nt

128 1819 276 1878 corperea,
302 1804 390 1860 unius
421 1800 549 1872 corporis
583 1812 711 1869 personae
747 1796 856 1855 fuerint
885 1799 972 1855 totius
1026 1812 1089 1869 ego.
1110 1797 1182 1855 bialo
1196 1798 1274 1855 enim
1290 1797 1349 1855 alta
1372 1800 1472 1855 timere
1485 1813 1576 1870 quam
1595 1813 1709 1871 sapere.
1730 1801 1806 1858 Sunt
1819 1801 1863 1873 ple

126 1891 414 1967 temporisacticnes,
434 1903 468 1947 ea
488 1888 549 1959 ipsa
568 1893 675 1956 tamen,
700 1892 777 1957 quae'
793 1886 970 1957 inseparabi·
1026 1887 1119 1958 rique,
1151 1887 1222 1958 quia
1250 1887 1390 1958 scriptum
1418 1895 1484 1944 est:
1509 1890 1587 1944 tasas
1614 1890 1779 1959 proficiebat
1798 1895 1864 1947 amc

125 1983 191 2042 liter
220 1982 296 2039 lacta
322 1983 402 2045 sunt,
436 1975 620 2047 permistione
646 1972 729 2030 nulla
754 1973 969 2038 contundimus,
1026 1980 1052 2030 et
1081 1977 1220 2045 sapientia
1247 1980 1272 2031 et
1301 1977 1396 2044 qratia
1422 1976 1499 2046 apud
1521 1979 1664 2033 bammum
1697 1983 1724 2033 et
1756 1979 1864 2036 Ιιοιιιιιιιι

125 2071 174 2127 sed
193 2069 264 2141 quid
277 2066 362 2139 cuius
382 2064 481 2122 termae
493 2064 540 2131 sit,
554 2076 591 2120 ex
606 2076 726 2133 operum
747 2061 886 2132 qualitate
905 2076 970 2119 sen·
1026 2062 1103 2131 (luc.
1120 2081 1152 2130 u,
1176 2064 1231 2135 ιι),
1253 2065 1305 2135 qui
1334 2064 1434 2121 dicunt
1458 2065 1593 2123 humanae
1621 2066 1799 2125 wnqqqfflj,
1823 2081 1862 2124 25.

125 2160 226 2218 timus.
243 2157 300 2215 Nec
318 2154 417 2212 divina
444 2155 521 2210 euim
549 2151 686 2209 humanis
709 2150 900 2222 praejudicant
917 2164 970 2206 nec
1023 2152 1217 2223 sumptionem
1246 2154 1382 2224 ignorare
1420 2167 1459 2210 se.
1488 2156 1584 2214 Item:
1616 2155 1707 2226 Magis
1749 2157 1862 2214 arbim

125 2244 472 2323 bumana‘divinismum
489 2240 572 2297 itaiu
588 2240 616 2296 id
635 2241 730 2310 ipsum
756 2247 882 2311 utraque
901 2253 967 2296 con·
1024 2246 1056 2295 ut
1099 2247 1197 2297 nestra
1239 2241 1420 2311 ignoratione
1457 2242 1567 2299 nescire
1598 2256 1628 2300 se
1661 2243 1781 2313 diceret,
1813 2258 1860 2301 nen

125 2340 257 2400 currant,
285 2339 319 2388 ut
346 2331 376 2386 in
403 2330 438 2386 iis
467 2342 520 2385 nec
538 2327 697 2398 proprietas
717 2326 899 2397 absumatur,
916 2342 969 2384 nec
1023 2328 1095 2398 quia
1122 2329 1237 2400 aliquid
1263 2329 1324 2400 ipse
1358 2344 1417 2386 uon
1451 2331 1547 2389 sciret.
1577 2332 1657 2388 Idem
1696 2332 1732 2388 de
1778 2335 1860 2388 incu-

126 2435 250 2494 persana
276 2417 446 2491 geminetur.
477 2415 557 2470 Idem
580 2414 616 2469 ad
647 2416 788 2470 lulianum
815 2419 969 2486 episcopum
1022 2419 1133 2473 natione
1170 2420 1312 2475 flaminica
1343 2434 1350 2474 ι
1393 2421 1469 2476 Deus
1512 2420 1600 2492 igitur
1635 2428 1703 2478 ante
1742 2435 1858 2486 carnem,

126 2514 221 2567 contm
248 2505 411 2577 Eutqcbena
436 2505 587 2575 impietatis
612 2519 751 2559 ornnem:
771 2503 835 2561 Nou
849 2504 968 2562 alterius
1022 2506 1100 2565 Deus
1115 2507 1145 2563 iu
1175 2520 1262 2564 carne
1289 2508 1491 2578 perlectionem
1510 2516 1623 2566 natura
1646 2511 1793 2582 assumpsi
1814 2511 1859 2567 bu·

123 2607 238 2656 naturae
262 2603 325 2655 erat
346 2594 409 2666 ejus
435 2606 501 2649 caro
521 2606 610 2663 quam
634 2600 742 2649 nostra.
771 2594 968 2662 aequalium
1023 2609 1127 2669 manaa,
1161 2596 1274 2666 suscepi
1311 2610 1428 2653 sensum
1463 2597 1597 2665 hominis,
1630 2598 1681 2655 sed
1708 2613 1771 2656 non
1803 2613 1858 2656 sun

120 2687 230 2759 psalmo
248 2685 331 2743 LIV:
352 2683 491 2740 [lominus
518 2682 601 2738 lesus
625 2681 761 2738 novimus
782 2683 966 2740 undc‘acce·
1021 2698 1108 2741 sensu
1145 2685 1243 2741 carnis
1284 2684 1412 2742 indatus,
1446 2684 1536 2742 sensu
1573 2686 1700 2744 hominis
1741 2688 1856 2744 animm

126 2777 202 2849 perit
215 2790 342 2843 carnem,
362 2785 399 2829 ea
413 2770 532 2843 Virgine
551 2768 597 2826 rel
616 2770 714 2826 bieria.
731 2771 829 2827 tutans
844 2770 967 2829 lactatus
1020 2787 1114 2830 meam
1130 2772 1192 2829 dixi
1207 2786 1267 2830 esse
1290 2774 1447 2841 turbatam,
1476 2787 1563 2833 sensu
1590 2775 1717 2833 heminis
1744 2775 1855 2840 esuriu,

121 2873 173 2936 est,
190 2865 321 2923 nutritus
335 2868 387 2930 est,
400 2859 501 2927 crevit,
531 2858 567 2915 ad
589 2858 747 2929 juvenilem
773 2867 885 2916 aetatem
900 2874 965 2933 per·
1024 2860 1136 2932 rogavi,
1153 2860 1270 2931 proieci,
1287 2860 1518 2932 sicutscriptum
1541 2869 1599 2920 est:
1627 2864 1664 2919 lit
1692 2866 1770 2919 lesus
1782 2864 1854 2933 prot·

121 2955 228 3012 ductus
256 2959 307 3020 est,
336 2957 389 3007 etc.
410 2948 490 3004 Idem
518 2949 548 3002 in
564 2951 644 3017 epist.
673 2947 711 3002 ad
741 2947 922 3003 Volusianum
933 2950 967 3004 de
983 2929 1006 2988 0
1022 2950 1107 3006 ciebat
1119 2953 1210 3013 aetate,
1225 2954 1251 3004 ct
1265 2951 1413 3019 sapientia,
1439 2955 1464 3005 et
1484 2953 1577 3018 qratia
1588 2952 1665 3021 apud
1679 2954 1765 3008 Deum
1782 2951 1855 3007 ellac

119 3044 309 3099 incarnatione
342 3038 445 3096 chricti
474 3038 500 3090 et
526 3036 688 3103 uirqinitate
714 3037 826 3092 Maria:
857 3036 967 3101 Quaeris
1020 3040 1116 3093 mines.
1140 3038 1286 3102 Quomodo
1314 3035 1481 3107 proficiebat
1503 3039 1646 3110 sapientia
1673 3039 1750 3097 Dei?
1766 3041 1855 3096 bacen

121 3139 220 3189 utrum
235 3126 361 3201 [muudi]
390 3125 530 3182 Dominus
550 3131 577 3179 ct
610 3130 702 3179 rector
726 3137 827 3193 passus
857 3124 966 3197 [tuerit]
1020 3130 1048 3182 te
1062 3124 1131 3181 erdo
1144 3124 1312 3182 verborum.
1341 3125 1487 3183 Proiectus
1509 3127 1601 3183 aetatis
1616 3135 1644 3184 et
1663 3127 1854 3198 prolectussa·

120 3216 296 3292 puerilitatis
309 3227 411 3282 annos,
429 3211 596 3276 adoleverit,
612 3209 642 3266 in
663 3210 815 3281 juventute
827 3212 966 3274 solidatus
1019 3212 1504 3284 pienciae,sednumanacst.1deo
1527 3223 1640 3272 aetatem
1662 3224 1731 3274 ante
1751 3216 1853 3288 prami-

119 3309 165 3376 sit,
187 3306 251 3363 cibo
270 3303 368 3369 alitus,
379 3314 478 3358 omnes
492 3297 612 3356 aliectus
639 3298 805 3356 mortalium
834 3303 963 3370 senserit,
1019 3301 1066 3368 sit,
1082 3307 1117 3358 ut
1144 3303 1307 3359 secundum
1333 3303 1479 3360 bominem
1494 3305 1624 3361 crederes
1649 3304 1770 3363 dictum.
1785 3305 1854 3361 AEtaa

119 3404 174 3453 etc.
190 3392 254 3451 Neu
273 3389 459 3447 metuendum
474 3394 516 3443 εει
543 3386 749 3457 corpusculum
773 3387 911 3460 tutantia,
928 3407 964 3449 ne
1017 3389 1095 3446 enim
1120 3403 1180 3446 nou
1209 3390 1381 3453 divinitatis,
1416 3392 1465 3449 sed
1490 3393 1619 3464 corperis
1644 3400 1698 3450 est.
1731 3392 1851 3466 Erqasi

119 3485 149 3541 ιιι
165 3482 214 3540 ilio
228 3487 324 3539 lautas
348 3479 425 3534 Deus
453 3475 603 3548 angustias
624 3475 729 3547 'passm
743 3479 962 3538 esserideatur.
1018 3478 1186 3549 proficiebat
1213 3486 1295 3537 aetate
1327 3480 1463 3549 hominis,
1484 3480 1653 3552 proficiebat
1677 3489 1706 3538 ει
1723 3480 1852 3553 sapientia

118 3572 219 3644 Neque
246 3567 323 3626 enim
351 3565 434 3634 mole,
462 3565 511 3622 sed
537 3564 644 3624 virtute
669 3579 794 3637 magnus
815 3575 856 3624 est
875 3570 961 3627 Deus.
1017 3567 1153 3624 hominis.
1184 3567 1331 3639 Sapientia
1353 3576 1448 3625 autem
1473 3583 1560 3625 sensu
1575 3569 1701 3640 proficit,
1717 3577 1852 3628 utsensus

118 3662 172 3719 llic
191 3660 217 3718 si
230 3657 304 3716 ratio
323 3654 473 3727 queritur,
489 3667 548 3710 non
569 3653 624 3711 erit
645 3653 778 3711 mirabile
785 3671 794 3726 3
820 3656 845 3712 si
870 3671 963 3716 erem·
1017 3656 1171 3727 sapientia.
1196 3657 1279 3714 lesus
1306 3664 1403 3714 autem
1418 3657 1585 3728 proficiebat
1599 3657 1711 3716 scilicet
1725 3664 1753 3715 et
1770 3663 1850 3715 atate

119 3749 198 3820 plum
235 3745 376 3817 00011101,
402 3757 461 3799 11011
486 3740 541 3798 erit
574 3740 722 3813 singulare
754 3742 821 3815 (39).
854 3746 962 3803 Demus
1016 3743 1085 3811 Quis
1107 3759 1210 3802 sensus
1238 3745 1426 3816 proficiebant
1452 3745 1481 3802 Si
1508 3747 1667 3816 humanus,
1707 3761 1776 3818 ergo
1800 3746 1852 3817 ipso

118 3838 210 3894 ileum
222 3832 333 3906 aliquid
348 3845 439 3903 posse,
456 3830 533 3902 quod
548 3844 601 3887 nos
619 3830 762 3888 fateamur
788 3833 962 3906 investigare
1016 3840 1167 3903 susceptus
1178 3842 1238 3904 est;
1255 3835 1278 3890 si
1307 3834 1435 3904 divinus,
1452 3849 1522 3906 ergo
1547 3835 1698 3893 mutabilis
1724 3849 1775 3907 per
1798 3847 1852 3905 pre

117 3940 177 3984 nen
189 3937 280 3996 posse.
297 3925 330 3977 iu
353 3919 460 3978 talibus
474 3919 562 3976 rebus
589 3926 648 3975 teta
675 3920 749 3975 ratio
774 3919 962 3993 tactiestpo·
1016 3919 1133 3978 lectum.
1167 3922 1248 3987 Quod
1277 3922 1354 3981 euim
1386 3922 1508 3994 prolicit,
1546 3925 1651 3995 utique
1676 3930 1808 3982 mutatur
1829 3922 1854 3978 ln

72 4070 73 4074 ,
116 4013 204 4072 tentia
218 4009 357 4068 incientis
373 4007 447 4073 Quid
469 4006 493 4063 si
511 4005 608 4063 nullas
624 4007 797 4077 cuperculo
813 4007 845 4064 in
855 4008 961 4080 jureu-
1016 4010 1131 4067 melius.
1148 4010 1202 4067 Sed
1214 4011 1292 4083 qued
1304 4011 1438 4069 divinum
1453 4019 1495 4069 est
1519 4025 1577 4068 non
1606 4019 1750 4070 mutatur.
1780 4010 1855 4077 eunt

115 4111 176 4160 tam
195 4099 359 4156 imitaretur
377 4095 551 4165 (dolectatus,
568 4093 768 4162 nulioscibos,
796 4095 892 4153 nullos
912 4111 961 4154 ca·
1015 4113 1084 4170 erge
1094 4107 1226 4157 mutatur
1247 4100 1382 4158 divinum
1406 4115 1464 4158 nou
1485 4108 1537 4158 est.
1565 4101 1674 4159 Sensus
1688 4102 1780 4174 igitur
1797 4113 1855 4172 pro.

116 4195 335 4261 1010100110οι
352 4197 448 4241 101110
475 4182 641 4252 0011101011
668 4182 853 4240 10111111οῐ11
878 4193 998 4251 erro-n
1016 4186 1128 4245 liciebat
1142 4187 1299 4257 humanus,
1323 4202 1440 4246 sensum
1461 4203 1529 4260 ergo
1544 4189 1671 4261 suscepit
1685 4190 1856 4249 humanum.

115 4278 166 4347 ris,
183 4289 237 4333 uec
250 4273 395 4354 huminem
410 4269 568 4341 suscepisse
597 4269 657 4328 ullo
685 4270 769 4328 mode
784 4272 957 4340 crederetur,
1015 4276 1051 4332 Et
1073 4275 1145 4346 quia
1164 4276 1324 4354 secundum
1353 4277 1498 4334 homiuem
1528 4277 1705 4349 loquebatur
1724 4279 1856 4350 praemisit

113 4370 142 4421 et
155 4364 227 4420 dum
245 4361 342 4418 omnia
357 4357 529 4416 mirabiliter
542 4357 619 4426 lacit,
647 4357 776 4415 auferret
797 4360 875 4430 quod
893 4360 959 4418 iecit
1014 4363 1114 4420 diceus
1136 4361 1213 4434 (Luc.
1229 4379 1260 4432 u,
1282 4363 1348 4435 ibi:
1377 4365 1452 4420 Puer
1469 4370 1559 4421 autem
1585 4367 1724 4423 erescebat
1745 4373 1773 4424 et
1800 4383 1857 4424 coa·

113 4447 361 4508 misericorditer?
383 4446 458 4516 Quid
472 4453 569 4504 autem
597 4460 656 4503 non
676 4446 780 4503 miram
799 4447 868 4506 iacit
883 4450 959 4507 Deus
1013 4451 1172 4519 sectabatur
1200 4459 1226 4507 ct
1254 4453 1419 4523 implebatur
1454 4457 1613 4526 sapientia,
1643 4460 1669 4511 et
1695 4460 1791 4527 oratio
1813 4459 1856 4513 net

113 4539 144 4596 iu
172 4539 306 4596 omnibus
331 4543 471 4594 creaturae
500 4535 635 4603 motibus,
669 4534 727 4591 nisi
750 4537 959 4596 cousuetudine
1013 4544 1074 4596 crat
1099 4555 1158 4596 cum
1173 4541 1229 4597 ilto.
1254 4544 1331 4599 Puer
1358 4550 1463 4599 nostrae
1478 4558 1583 4600 nomen
1608 4545 1704 4601 aetatis
1728 4551 1788 4617 est;
1811 4558 1856 4602 nec
1899 4587 1901 4609 .

113 4625 283 4699 quetidiana
297 4624 474 4682 viluissent?
489 4623 643 4695 llleigitur
661 4623 723 4680 sine
739 4624 847 4682 minine
861 4640 959 4696 epera-
1013 4627 1169 4685 coulortari
1194 4629 1288 4687 virtus
1313 4637 1423 4701 poterat
1451 4630 1512 4698 liei,
1537 4645 1591 4688 nec
1616 4645 1746 4689 crescere
1775 4632 1854 4695 bens,

113 4722 160 4773 tus
173 4721 216 4772 est
231 4714 388 4781 hominem,
403 4712 456 4784 qui
478 4712 509 4768 in
524 4726 622 4769 rerum
640 4718 747 4769 natura
767 4714 958 4773 sinesemini-
1012 4731 1065 4774 nec
1079 4716 1359 4789 altitudcsapientiae
1378 4718 1439 4788 nei,
1459 4733 1513 4776 nee
1535 4717 1686 4790 plenitudo
1699 4717 1855 4778 divinitatis
1899 4758 1901 4801 Ι

111 4803 357 4876 busoperaturet
375 4800 560 4858 seminante
590 4800 621 4856 in
645 4814 698 4857 suo
717 4813 836 4872 corpore
858 4816 958 4861 nume
1013 4804 1136 4877 impleri.
1167 4806 1238 4871 Quae
1261 4805 1352 4877 igitur
1371 4806 1556 4878 implebatur,
1580 4815 1643 4865 erat
1669 4823 1732 4865 nen
1747 4807 1798 4866 liei
1817 4819 1854 4864 sa

111 4905 159 4950 ras
171 4899 334 4964 temporum
357 4902 566 4960 mensurasque
594 4889 723 4946 serravit
751 4894 879 4959 alatum,
905 4893 957 4963 qui
1012 4893 1133 4963 pientia,
1147 4893 1197 4950 sed
1221 4901 1329 4951 nostra.
1357 4895 1411 4950 Per
1424 4909 1512 4966 quem
1534 4901 1631 4953 autem
1647 4910 1767 4953 sensum
1787 4894 1854 4954 dixit

112 4979 248 5039 sineulla
268 4980 315 5037 sui
337 4977 527 5036 mutabilitate
549 4977 690 5034 mutando
713 4981 861 5039 contexuit
883 4980 958 5038 ordi·
1012 4980 1110 5050 isaias,
1127 4981 1196 5052 lviii,
1213 4981 1258 5053 il:
1288 4984 1359 5038 Puer
1371 4987 1479 5053 patrem
1501 4983 1637 5040 noscebat
1659 4982 1853 5039 ontmatncnt

110 5084 178 5129 nem
192 5070 375 5127 saeculorum.
391 5068 449 5124 linc
466 5066 543 5124 enim
558 5065 650 5123 crevit
677 5065 708 5123 in
735 5068 791 5139 (tr)
819 5076 954 5141 tempore,
1013 5069 1158 5141 Scriptum
1177 5077 1220 5128 est
1245 5070 1348 5128 enlm:
1374 5073 1542 5142 Priusquam
1568 5074 1637 5128 sciat
1661 5088 1736 5143 puer
1745 5077 1850 5128 ιιιιιειι
1899 5088 1901 5100 ·

111 5157 190 5227 quod
205 5159 290 5230 coepit
308 5172 346 5216 ex
362 5164 499 5228 tempore.
528 5154 604 5210 acac
626 5169 708 5226 super
730 5158 854 5214 Lucam:
879 5159 957 5215 Puer
1012 5163 1190 5230 autpatrem,
1217 5161 1333 5231 accipiet
1358 5163 1487 5216 uirtutem
1512 5164 1637 5218 Damasci
1655 5166 1681 5218 et
1704 5163 1794 5233 spolia
1805 5160 1849 5217 Sc·

110 5250 202 5302 autom
234 5247 369 5303 crescebat
397 5252 423 5301 et
451 5244 668 5314 confortabatur.
691 5244 740 5303 llis
780 5247 877 5305 verbis
914 5247 955 5306 illi
1011 5249 1107 5303 maria
1148 5247 1251 5319 (ιιι).
1291 5247 1437 5319 Sapientia
1469 5248 1519 5305 Dei
1551 5249 1653 5327 lutura
1692 5257 1722 5308 et
1761 5245 1847 5307 cecul-

65 5404 73 5411 .
157 5351 202 5492 ³⁹3
217 5353 326 5411 benaa.
341 5367 348 5409 z
364 5354 463 5409 simile.
945 5424 949 5430 ¹
1047 5353 1105 5424 (ii)
1120 5353 1251 5412 Manae:
1269 5369 1313 5409 ec.

156 5420 191 5474 lb
216 5422 308 5481 Maur.
322 5440 331 5481 c
346 5427 474 5482 mutaret.

1895 3996 1901 4335 l
