3804 5962
85 175 136 231 5ιὸ
365 159 470 218 Parui
488 157 682 217 nummum
700 157 777 217 OPP.
798 157 888 216 PARS
904 158 941 213 ll.
961 182 996 199 -·
1014 154 1200 217 suuuorllis
1217 155 1265 214 ΕΤ
1282 154 1404 215 OPUSC.
1424 154 1546 214 iscar.
1785 165 1834 218 ili

83 303 245 358 mruscme,
273 294 302 347 ιι
324 293 393 343 tam=
408 284 488 343 verbi
507 297 597 356 quam
618 284 708 341 animi
729 282 838 341 virtute
859 281 963 340 taciti
979 283 1046 336 tiam
1069 283 1272 352 predicationis
1295 283 1384 337 saluos
1411 282 1501 349 facere
1524 282 1671 338 credentes.
1699 284 1832 350 Quoniam

83 380 279 456 praeminere.
301 378 342 432 De
365 374 472 446 quibus
491 373 587 430 adbuc
611 370 771 431 subditur:
793 372 930 429 mirabitis
984 370 1072 427 iudei
1091 373 1172 441 sipna
1200 376 1309 443 petunt,
1335 375 1360 426 ιι
1397 372 1484 426 Greci
1506 373 1673 441 sapientiam
1697 381 1832 442 querunt.

83 472 198 528 Deusin
224 469 327 524 sanaim
344 467 403 520 suis
424 464 510 534 (Psoi.
536 477 623 530 xxvn,
645 463 702 534 36),
725 476 777 533 per
792 476 865 533 quos
883 461 931 517 vi·
984 461 1038 517 Nos
1059 464 1151 516 autem
1171 462 1352 532 praedicamus
1377 460 1514 516 Christum
1534 463 1705 530 crucifixum,
1733 463 1833 519 iudeis

83 560 183 618 delicet
210 557 321 627 maiora
346 567 435 625 quam
465 566 515 623 per
539 551 725 624 mmetipsum
748 550 860 623 operari
889 549 931 607 di·
984 549 1093 615 quidem
1112 550 1285 616 socndotum,
1312 549 1438 619 pentibus
1461 555 1551 604 autem
1574 551 1743 617 stultitiam
1767 554 1834 622 ipsis

84 655 191 722 gnatus
221 652 274 711 est,
307 651 366 700 tam
391 641 598 697 miraculorum
630 640 806 698 exhibitione
840 653 930 711 quam
984 643 1076 694 autem
1110 642 1211 696 uocatis
1244 639 1347 695 iudeis
1381 645 1463 709 utque
1499 639 1598 695 dream
1622 641 1761 696 Curictum
1788 644 1837 696 bei

85 735 296 810 predicationis
334 731 508 803 operatione,
550 738 691 801 tanquam
726 731 833 801 spiritu
861 729 931 786 Elia
983 728 1111 783 uirtutem
1133 733 1159 784 et
1185 730 1234 782 liei
1256 730 1429 798 sapientiam,
1464 728 1531 796 quio
1559 730 1633 798 quod
1656 729 1771 784 stultum
1797 735 1836 786 est

82 827 184 884 Elisaeo
205 824 359 896 geminato.
385 820 466 878 Unde
493 826 521 877 et
547 820 588 876 cis
607 819 783 891 promiserat,
804 819 928 877 dicens:
984 817 1034 871 Det
1055 818 1209 886 sapientius
1232 822 1272 873 cst
1300 817 1465 884 bominibus,
1494 822 1520 872 ιι
1542 819 1614 884 quod
1638 822 1776 889 infirmum
1797 824 1837 875 cst

82 915 134 982 Oui
148 913 235 970 credit
250 914 281 965 in
298 925 349 977 nne,
373 925 456 980 opero
474 924 535 978 que
549 924 596 978 ego
619 910 691 977 facio
711 914 738 964 ct
756 912 816 981 ipse
832 910 929 978 faciet,
983 907 1032 961 Dei
1056 907 1158 974 fortius
1185 912 1225 962 ost
1252 907 1416 963 bominibus.
1446 907 1540 964 Videte
1571 909 1643 962 enim
1669 912 1836 964 coactionem

82 1009 108 1060 et
124 1003 233 1073 maiora
257 1003 352 1056 luorum
378 1001 462 1066 ιαιίιι
486 1001 571 1068 (loon.
597 1011 658 1066 xlv,
691 997 741 1068 li).
768 997 880 1055 Scimus
903 1002 931 1056 et
983 1000 1110 1066 uestram,
1134 998 1248 1065 putres,
1271 999 1407 1066 quianon
1431 997 1512 1051 multi
1533 999 1672 1067 sopientes
1687 999 1836 1054 secundnm

83 1091 305 1164 primogenitum
327 1088 455 1155 tratrem,
472 1087 501 1143 id
522 1094 564 1144 est
588 1085 746 1155 Christum,
766 1086 850 1158 quasi
867 1087 930 1146 sine
984 1101 1099 1152 carnem,
1123 1103 1177 1143 non
1201 1088 1281 1144 multi
1305 1091 1439 1158 potentes,
1461 1102 1516 1141 non
1546 1088 1626 1143 multi
1652 1089 1770 1144 nobiles:
1788 1089 1836 1143 sed

84 1180 181 1239 liberis
204 1179 383 1246 deiunctum,
409 1184 437 1233 ιι
455 1175 558 1232 iratres
583 1175 656 1246 ejus,
685 1175 715 1231 id
745 1183 788 1231 est
819 1184 930 1246 aposto·
984 1190 1043 1243 qua
1058 1176 1144 1232 stulto
1159 1181 1224 1231 sunt
1246 1177 1352 1244 mundi,
1376 1176 1456 1244 etegit
1476 1177 1547 1230 Deus
1568 1180 1600 1229 nt
1613 1176 1765 1243 contundat
1786 1193 1834 1232 sa-

82 1269 134 1339 los,
159 1282 293 1341 sponsam
318 1268 391 1338 ejus,
427 1265 455 1321 id
488 1271 530 1321 ιιι
561 1264 718 1321 Ecclesiam
760 1265 927 1335 suscepisse,
981 1267 1096 1334 pientes,
1124 1269 1151 1320 et
1167 1265 1301 1333 ignobitio
1332 1269 1357 1320 et
1397 1265 1611 1334 contemptibilia
1635 1266 1733 1319 mundi
1755 1267 1835 1333 clepit

81 1364 109 1417 et
138 1357 169 1414 in
193 1370 227 1413 ea
244 1355 366 1427 prolem
401 1353 527 1410 filiorum
552 1351 736 1410 innumeram
767 1367 928 1425 generasse,
982 1356 1092 1409 Deuset
1107 1368 1211 1420 eaque
1229 1369 1283 1409 non
1306 1356 1381 1420 sunt,
1398 1357 1474 1407 uteo
1499 1369 1559 1422 qum
1582 1358 1649 1409 sunt
1671 1355 1833 1420 destrueret,

81 1453 110 1505 ιι
130 1447 167 1503 ab
182 1445 227 1502 his
251 1445 384 1515 deinceps
398 1442 499 1499 diebus
519 1443 688 1499 universum
709 1442 851 1501 mundum
870 1442 928 1501 col·
982 1448 1081 1496 utnon
1099 1442 1234 1511 glorietur
1257 1445 1344 1497 omnis
1361 1456 1424 1496 coro
1445 1447 1475 1496 in
1493 1448 1638 1513 conspectu
1662 1443 1720 1512 ejus
1735 1443 1756 1511 (I
1771 1445 1830 1499 Cor.

80 1533 192 1606 legisse.
982 1546 1002 1598 ι,
1018 1534 1050 1586 l‘l
1068 1537 1096 1587 et
1109 1531 1213 1604 seqq).
1233 1531 1294 1587 Non
1309 1531 1386 1587 enim
1402 1529 1534 1588 mirabile
1552 1539 1626 1588 esset
1641 1532 1664 1588 si
1680 1546 1767 1602 super
1786 1548 1832 1603 po·
1863 1546 1864 1573 ³

117 1622 198 1682 Unde
227 1630 371 1693 quantum
397 1621 488 1692 nujus
511 1620 699 1679 solemnitatis
722 1622 822 1695 gratiae
841 1637 927 1680 mun·
943 1640 965 1696 B
982 1625 1074 1678 tentes
1087 1619 1133 1677 vel
1156 1619 1298 1691 sapientes
1317 1619 1414 1676 saeculi
1429 1633 1536 1688 magna
1551 1629 1729 1691 operaretur,
1755 1621 1832 1693 quod
1858 1632 1864 1699 ς’

82 1711 137 1770 dus
151 1710 263 1780 debeat,
285 1723 395 1782 semper
416 1709 554 1778 attendat,
570 1710 606 1768 ad
621 1724 708 1782 quem
726 1711 855 1784 undique
869 1713 927 1770 col·
983 1709 1120 1766 humanm
1145 1709 1247 1765 virtuti
1266 1708 1362 1779 potins
1383 1722 1473 1780 quam
1498 1709 1605 1765 divine
1630 1711 1831 1768 ascriberetur.
1859 1714 1862 1729 ¹

79 1800 229 1874 ligandum
243 1799 345 1857 collata
359 1799 416 1856 sint
429 1799 513 1856 modo
532 1799 670 1857 universa
683 1814 789 1873 genera
810 1800 928 1874 lingua·
984 1799 1065 1856 Unde
1079 1799 1162 1865 bene,
1186 1798 1261 1854 sicut
1283 1797 1331 1854 bic
1354 1798 1471 1865 dicitnr,
1487 1797 1545 1868 ipse
1569 1800 1645 1855 Deus
1668 1799 1764 1868 lsrael,
1782 1799 1832 1871 qni

79 1903 156 1949 rum.
183 1888 358 1947 intueamini
382 1889 534 1945 universas
557 1887 660 1946 Gbmsti
687 1889 878 1946 solemnitates
891 1889 928 1947 ab
982 1886 1114 1951 videlicet
1134 1887 1288 1958 antiquum
1307 1885 1450 1959 populum
1477 1887 1580 1958 elegit;
1606 1888 1677 1958 ipsc,
1703 1888 1832 1959 inquam,

79 1976 143 2050 ipsa
161 1977 226 2050 eJus
240 1977 395 2035 Nativitate
417 1976 562 2048 usquead
584 1975 799 2044 ascensionem,
815 1976 927 2046 etquid
982 1990 1040 2033 non
1057 1976 1129 2033 alter
1147 1983 1198 2032 aut
1224 1988 1323 2031 recens
1342 1976 1426 2031 oens.
1451 1975 1502 2032 liis
1523 1974 1641 2045 plebeiis
1654 1984 1682 2032 et
1701 1977 1834 2047 pauperi·

80 2072 151 2123 tunc
169 2066 299 2124 mundus
321 2064 480 2136 perceperit
500 2064 570 2120 huic
593 2063 693 2137 gratiae
711 2071 885 2135 comparate,
900 2070 928 2121 ct
982 2065 1037 2122 bus
1053 2064 1122 2121 viris
1141 2064 1176 2120 de
1197 2062 1303 2134 populo
1328 2064 1426 2120 eodem
1443 2065 1616 2134 assumptis,
1636 2072 1664 2121 et
1683 2079 1763 2121 nunc
1778 2066 1834 2123 vir·

78 2153 165 2227 longe
187 2155 297 2212 coeteris
318 2154 394 2211 banc
426 2153 608 2210 testivitatem
632 2151 767 2210 videbitis
797 2152 928 2223 praeemi-
982 2159 1043 2210 tute
1057 2166 1094 2208 ex
1109 2151 1167 2208 alto
1182 2151 1301 2218 indutis,
1319 2150 1399 2208 dabit
1413 2151 1550 2208 virtutem
1567 2153 1834 2211 verborumcontrt

79 2257 158 2301 nere.
185 2246 218 2299 ln
236 2243 291 2299 hac
319 2242 427 2314 quippe
454 2248 569 2298 centum
598 2241 702 2312 viginti
728 2241 877 2312 discipulis
897 2240 926 2297 in
983 2240 1081 2298 saeculi
1102 2240 1255 2311 sapientes,
1278 2247 1305 2295 et
1327 2238 1523 2296 tortitudinem
1548 2241 1712 2297 animorum
1734 2250 1834 2299 contra

79 2331 228 2388 cenaculo
248 2331 430 2402 congregatis
448 2328 572 2400 Spiritus
591 2336 708 2386 sanctus
732 2329 855 2398 inlusus,
877 2343 928 2400 per
982 2328 1142 2402 potentium
1167 2327 1409 2400 impugnationes.
1431 2328 1593 2384 Berucdictus
1620 2331 1702 2398 Deus,
1723 2330 1832 2387 subau-

79 2417 457 2491 ipsoseademdiecirciter
476 2417 532 2473 tria
551 2417 641 2474 millia
661 2417 927 2475 hominumlncra-
982 2417 1099 2486 dns,sit,
1126 2416 1181 2474 boc
1204 2423 1246 2473 est
1277 2415 1313 2472 ab
1344 2416 1480 2474 omnibus
1510 2417 1687 2489 glorificatus
1716 2425 1744 2474 et
1765 2418 1834 2490 llau·
1861 2396 1864 2473 i

79 2515 127 2566 tus
140 2514 192 2565 est.
218 2506 299 2573 Quod
321 2506 437 2578 quidem
464 2512 496 2563 ut
519 2506 606 2572 sserct,
621 2506 762 2576 dispersos
784 2506 852 2563 olim
872 2506 927 2563 sub
981 2508 1076 2571 datus,
1096 2507 1148 2580 qui
1167 2520 1218 2578 per
1243 2506 1312 2564 tales
1336 2505 1406 2562 talia
1429 2515 1566 2578 operatus
1591 2515 1633 2563 est
1656 2506 1830 2565 hisdiebus.

78 2596 210 2654 Antiochi
239 2595 434 2667 persecutione
456 2595 570 2652 ludens
589 2596 623 2652 de
639 2595 783 2652 universis
807 2595 927 2652 nationi·
981 2596 1083 2654 Amen.

80 2685 135 2744 bus
157 2685 339 2756 ierosolymis
362 2685 392 2740 in
407 2685 541 2755 praesenti
555 2683 710 2742 festivitate
728 2696 926 2756 congregave-
1305 2685 1424 2744 sunno
1447 2686 1511 2742 xx.

78 2780 138 2846 rat;
154 2774 232 2846 quod
256 2787 408 2846 nunquam
430 2773 460 2830 ia
482 2773 541 2830 alla
564 2771 716 2830 testivitate
734 2771 857 2845 legimus
879 2771 926 2829 ia·
1052 2790 1056 2797 ·
1171 2791 1199 2833 nn
1217 2788 1303 2834 annm
1320 2789 1424 2832 runrm
1443 2790 1641 2833 renrucosrus.

78 2871 156 2921 ctum
171 2877 242 2920 esso.
258 2864 303 2919 Ex
322 2878 381 2934 quo
403 2863 489 2920 etiem
515 2862 614 2934 liquet,
636 2870 780 2933 qnantum
798 2861 834 2917 ad
854 2875 925 2932 prae·
1015 2866 1188 2922 Hesternum
1218 2880 1377 2923 sermonem
1399 2880 1435 2922 cx
1465 2866 1647 2927 testimoniis.
1661 2864 1832 2937 sexagesimi

78 2959 186 3010 sentem
208 2953 369 3024 gratiarum
386 2950 565 3008 testivitatem
586 2951 686 3022 populi
709 2949 839 3022 undique
853 2965 925 3008 con·
979 2954 1090 3025 septimi
1110 2954 1215 3026 psalmi
1235 2954 1412 3027 collegimus.
1435 2954 1519 3011 Nunc
1537 2963 1634 3012 autem
1663 2955 1699 3011 ad
1723 2964 1834 3025 mutua

78 3039 177 3099 venire
199 3040 332 3109 debcant,
356 3039 408 3109 qui
434 3039 568 3110 spiritalis
590 3040 691 3112 gratiae
710 3039 785 3096 dona
814 3038 925 3096 deside·
979 3042 1121 3114 gosimnm
1139 3042 1283 3114 psalmum
1308 3050 1506 3098 convertentes
1522 3042 1640 3113 stylum,
1654 3042 1740 3113 juvat
1766 3043 1834 3099 binc

77 3135 152 3186 rant.
180 3130 246 3184 ilaec
279 3141 340 3185 una
366 3126 503 3184 festivitas
518 3126 629 3198 ubique
655 3135 798 3184 terrarum
824 3127 925 3184 Eccle-
979 3146 1096 3204 qnoque
1124 3131 1215 3202 hujus
1240 3130 1428 3189 solemnitatis
1461 3132 1636 3201 preconium
1659 3130 1832 3189 subinferre.

77 3217 149 3273 siam
166 3215 309 3285 dilatavit,
324 3222 352 3271 ιι
366 3206 433 3271 cum
456 3215 517 3286 ipsa
531 3216 639 3286 pariter
653 3214 767 3272 divinas
788 3215 926 3273 solemni·
979 3219 1122 3290 Scriptum
1152 3217 1192 3275 ibi
1217 3227 1279 3276 est:
1296 3220 1394 3276 Nolam
1416 3220 1508 3286 iecisti
1529 3222 1560 3273 in
1579 3221 1690 3291 populis
1705 3223 1833 3275 uirtutem

76 3315 149 3365 tates
167 3321 219 3377 per
229 3309 399 3365 universum
413 3306 555 3364 mnndum
572 3305 714 3377 plantavit
727 3306 924 3376 celebrandas,
980 3314 1065 3375 tuam,
1084 3308 1225 3364 remmmti
1246 3311 1275 3364 iu
1298 3309 1408 3365 bractio
1429 3313 1475 3363 tuo
1494 3309 1626 3379 populum
1651 3315 1739 3377 tuum,
1761 3309 1832 3379 pios

75 3402 104 3453 ιι
117 3394 248 3453 οιιιιιίιιιιι
268 3395 435 3466 linguarum
457 3393 611 3466 generibus
633 3393 734 3450 laudes
748 3394 798 3451 Del
814 3393 925 3465 disper·
978 3398 1060 3454 Jacob
1074 3402 1100 3452 et
1114 3399 1223 3469 Josept.
1249 3398 1382 3456 Viderunt
1402 3402 1532 3467 leoque,
1556 3401 1638 3465 Deus,
1660 3399 1789 3454 viderunt
1807 3402 1833 3452 te

76 3484 126 3553 sit;
144 3483 261 3542 uthinc
288 3490 425 3554 appareat
450 3489 591 3554 quantum
617 3483 686 3539 buic
708 3481 855 3540 festivitati
874 3498 927 3540 cte·
979 3502 1065 3557 aqua,
1101 3490 1307 3557 attinuerunt,
1339 3493 1364 3543 et
1386 3487 1502 3542 mndata
1519 3492 1584 3540 sunt
1613 3487 1717 3556 aopssi.
1734 3486 1830 3541 liutti-

76 3580 143 3631 torae
157 3587 255 3631 omnes
270 3572 327 3629 sint
342 3571 483 3640 obnoxiae,
505 3585 555 3643 per
569 3570 645 3628 hano
665 3571 800 3629 videlicet
814 3570 925 3644 ubique
979 3577 1044 3632 tudo
1070 3577 1176 3633 sonitus
1202 3594 1348 3648 aquarum,
1375 3592 1464 3633 oocmn
1492 3575 1625 3631 dederunt
1650 3576 1746 3643 nubes,
1775 3582 1828 3631 eto.

76 3670 218 3721 terrarum
244 3660 447 3719 disseminate.
466 3660 547 3719 Unde
570 3667 598 3717 ιι
617 3660 653 3717 ad
668 3660 760 3731 hujus
778 3661 834 3719 dici
850 3675 924 3733 prae·
978 3666 1063 3738 (Psoi.
1091 3682 1191 3734 cxxxi,
1235 3667 1290 3740 lii.)
1318 3667 1361 3724 Ad
1387 3668 1479 3724 Deum
1511 3664 1661 3723 Psalmista
1690 3662 1830 3734 loquitur,

74 3751 157 3808 conia
174 3766 240 3808 cunr
265 3750 439 3822 promissum
463 3750 508 3817 sit,
539 3749 675 3805 mirabilis
690 3751 758 3805 beus
773 3753 804 3805 in
821 3754 923 3807 sancus
977 3756 1137 3827 previdens
1152 3758 1182 3812 in
1192 3755 1312 3827 Spiritu,
1328 3770 1395 3827 quae
1410 3753 1607 3826 pereumdem
1628 3751 1768 3823 Spiritum
1784 3750 1829 3807 his

74 3841 142 3908 snio,
161 3847 188 3896 ιι
203 3847 235 3896 nt
258 3838 368 3896 dictum
390 3845 443 3907 est,
460 3837 672 3909 quodammodo
693 3838 723 3894 in
744 3839 786 3894 eis
804 3837 922 3896 mirabi·
976 3844 1077 3903 diebus
1099 3844 1218 3916 apostoli
1242 3844 1386 3901 mirabilia
1421 3852 1490 3901 sunt
1513 3842 1646 3914 operati:
1670 3843 1769 3898 Notum
1791 3843 1830 3908 fe-

74 3927 128 3986 lior
143 3941 231 4001 quam
249 3926 278 3984 ln
292 3927 452 3998 semetipso,
470 3928 567 3984 statim
582 3926 732 3995 annexuit,
748 3928 826 3984 unde
844 3941 923 3986 nunc
976 3937 1050 4000 cisti,
1064 3933 1171 4006 inquit,
1188 3938 1217 3989 in
1238 3934 1348 4005 populis
1372 3934 1467 3988 multis
1490 3934 1618 3987 uirtutem
1643 3935 1728 3998 tuam,
1750 3929 1830 3985 illam

76 4017 202 4074 maxima
215 4015 355 4074 mirabilis
376 4017 537 4088 apparuit:
563 4017 635 4085 litii,
654 4015 759 4086 inquii,
775 4015 854 4071 dotit
867 4021 922 4071 oir-
975 4022 1107 4080 videlicet
1127 4037 1217 4094 quam
1243 4022 1378 4093 apostolis
1402 4020 1583 4092 promiserat,
1608 4020 1707 4076 dicens
1736 4033 1742 4074 :
1776 4019 1827 4074 Vos

74 4111 157 4163 tutem
184 4110 210 4161 ιι
241 4104 432 4173 fortitudinem
464 4106 539 4176 plebi
570 4119 635 4160 sue.
672 4105 784 4161 Plebem
812 4105 921 4176 quippe
976 4114 1066 4166 αιιιιι
1090 4111 1180 4168 sedete
1204 4112 1235 4165 in
1263 4112 1373 4165 civitate
1394 4109 1476 4164 donec
1496 4109 1653 4163 induamini
1676 4111 1777 4161 virtute
1797 4120 1831 4159 cm

73 4209 157 4254 suam
171 4193 324 4265 discipulos
342 4193 422 4260 dicit,
447 4192 616 4260 illitteratos,
633 4192 802 4261 rusticanos,
817 4193 851 4250 de
865 4193 921 4251 bu·
934 4187 1031 4269 n¹atto
1053 4199 1130 4270 (luc.
1146 4212 1230 4269 xxxv,
1251 4197 1309 4268 ii).
1332 4198 1428 4268 Atque
1447 4197 1487 4253 ita
1502 4195 1531 4251 in
1555 4193 1673 4252 brachio
1697 4200 1758 4260 tuo,
1776 4191 1830 4247 boc

73 4284 133 4340 mili
151 4282 232 4353 plebe
258 4289 431 4352 assumptos,
454 4294 505 4351 per
526 4295 599 4351 quos
625 4279 757 4338 mirabile
782 4288 827 4338 cst
841 4288 922 4339 tanta
975 4295 1028 4356 est,
1045 4287 1076 4343 in
1095 4287 1144 4343 illa
1158 4286 1265 4344 virtute
1279 4285 1325 4344 ιιι
1345 4285 1512 4343 tortitudine
1522 4277 1674 4342 'redemisti
1690 4278 1830 4352 populum

72 4386 139 4429 eum
151 4370 277 4442 operari.
295 4371 335 4427 iic
350 4370 458 4441 quibus
471 4383 550 4426 unus
563 4383 665 4426 eornm
680 4369 835 4427 Corinthiis
848 4371 919 4428 scri·
976 4384 1059 4434 tuum
1076 4389 1094 4432 a
1108 4376 1247 4433 servitute
1270 4375 1376 4432 scilicet
1397 4376 1513 4446 peccati,
1531 4371 1658 4430 liberasti
1675 4384 1727 4442 per
1741 4369 1830 4441 Spiri-

38 4516 42 4531 .
72 4458 152 4529 noos,
179 4466 207 4516 et
231 4457 393 4530 ruorooaus
418 4457 598 4531 sapientium
633 4463 662 4514 u
689 4457 852 4528 rotantibus
871 4473 922 4516 ιι·
975 4472 1038 4523 cum
1066 4463 1199 4522 vaccino
1226 4464 1338 4531 aarum,
1364 4464 1399 4520 ce
1423 4478 1482 4535 quo
1498 4463 1567 4520 aton
1586 4459 1760 4532 apostotus:
1781 4458 1831 4514 uos

71 4547 140 4618 culi,
168 4546 238 4604 tales
261 4547 363 4604 idiotas
385 4554 412 4604 ιι
438 4547 609 4618 impotentes
634 4545 702 4618 eligi
725 4547 920 4612 considerans,
976 4554 1097 4624 spiritus
1121 4552 1240 4619 Domino,
1266 4551 1306 4606 ibi
1327 4551 1437 4606 libertos
1458 4551 1495 4622 (ll
1522 4552 1582 4607 cor.
1610 4566 1649 4618 ιιι,
1673 4549 1728 4620 lt).
1743 4547 1831 4618 ,Quis

71 4636 133 4694 ait:
157 4638 219 4694 llon
244 4638 319 4692 misit
339 4653 379 4692 me
406 4636 532 4693 dirutus
561 4637 710 4707 baptizare,
735 4636 783 4692 red
805 4653 922 4707 conuoc-
975 4642 1042 4714 quis
1056 4640 1135 4698 enim
1152 4655 1189 4697 ex
1214 4640 1362 4709 charitato,
1384 4655 1450 4712 qua
1465 4654 1515 4711 per
1531 4640 1671 4711 Spiritum
1696 4647 1829 4696 sanctum

71 4727 163 4782 lucre.
182 4728 243 4785 Non
256 4728 285 4782 in
305 4727 444 4798 supientia
458 4727 542 4796 umbi,
564 4731 596 4782 ut
616 4741 670 4781 non
692 4731 837 4782 evacuetur
853 4742 922 4782 crue
975 4728 1150 4797 intenditur,
1167 4727 1262 4800 potius
1285 4741 1374 4801 quam
1393 4744 1429 4786 ex
1451 4730 1553 4786 timore
1572 4730 1629 4787 lieo
1646 4728 1745 4798 servit,
1762 4727 1831 4784 ami·

71 4815 182 4872 diruti.
223 4816 341 4874 Verbum
374 4818 446 4871 enim
472 4817 561 4871 crums
597 4815 773 4886 pereuntibus
810 4816 920 4886 quiden
975 4818 1135 4890 cuspotius
1153 4832 1243 4890 quam
1271 4833 1372 4876 servus
1395 4818 1534 4876 dicendus
1560 4826 1613 4888 est,
1638 4826 1667 4876 et
1693 4817 1828 4887 liberum,

70 4906 191 4961 stultitia
211 4908 261 4974 cst,
285 4903 328 4960 itis
344 4909 435 4960 autent
461 4906 511 4973 qui
528 4904 598 4958 calui
618 4907 697 4973 tunt,
722 4903 752 4958 id
775 4908 815 4959 est
831 4904 918 4975 mois,
973 4922 1032 4965 non
1054 4916 1185 4966 coactum
1216 4908 1356 4979 impendit
1379 4908 1560 4980 obsequium.
1590 4908 1674 4964 Filios
1693 4908 1776 4963 Jacob
1804 4911 1830 4963 et

69 4995 157 5048 emtus
176 4996 224 5050 Dei
247 4999 296 5050 ert.
322 4995 462 5064 Scriptum
488 4996 529 5047 est
552 4993 644 5047 enim:
673 4992 789 5048 Perdam
814 4995 922 5064 snpien-
973 4999 1081 5068 ioscplc.
1111 4997 1185 5054 Cum
1209 4998 1345 5068 superius
1378 4996 1496 5053 dixisset
1521 4997 1641 5068 populos
1668 4996 1828 5053 secundum

72 5085 323 5150 “marmium
347 5086 373 5137 ti
393 5082 569 5153 prudentiam
590 5080 772 5151 prudentium
793 5083 921 5154 reproba·
975 5087 1188 5145 multitudinem
1212 5086 1376 5156 hominum,
1391 5086 1436 5142 vel
1461 5085 1654 5143 diversitatem
1671 5091 1826 5153 terrarum,

71 5169 113 5224 bo.
141 5169 192 5224 libi
215 5173 336 5238 sapiens,
357 5171 405 5224 ubi
418 5170 519 5237 samba,
534 5169 582 5224 ubi
604 5170 752 5240 inquisitor
770 5170 851 5239 nujus
869 5187 920 5227 se·
974 5182 1025 5233 aut
1051 5175 1218 5248 regionum3
1244 5183 1271 5234 ct
1295 5190 1374 5233 nuno
1399 5173 1548 5246 adjecisset
1571 5174 1711 5247 populum
1725 5187 1828 5230 secun

70 5254 145 5314 ⁶⁰²⁶?
191 5259 426 5314 N⁰⁷²⁷12⁸¹¹¹li⁰m
454 5260 521 5327 itti*
545 5262 617 5314 bens
645 5260 809 5328 sapientium
838 5259 920 5330 inim
973 5263 1103 5322 cundum
1124 5266 1264 5323 unitatem
1296 5263 1443 5331 lidelmi
1473 5263 1633 5321 dilectionis
1661 5262 1824 5320 vinculum»

38 5406 40 5420 Ι
70 5343 187 5401 mundi?
220 5346 291 5403 Nam
320 5349 387 5417 quia
416 5350 447 5403 in
474 5348 525 5404 liei
552 5351 689 5419 supientia
716 5364 770 5404 non
795 5352 920 5420 cognouit
974 5353 1118 5424 quomodo
1144 5360 1173 5411 ιι
1191 5354 1320 5412 diversas
1343 5351 1486 5410 Ecclesiae
1512 5361 1540 5410 et
1566 5366 1655 5410 unam
1684 5350 1824 5419 diximus,

69 5434 188 5494 mundae
198 5450 252 5507 per
271 5439 436 5506 sapientiam
452 5440 549 5510 licum
567 5438 676 5510 placuit
688 5439 741 5495 beo
761 5453 814 5512 per
825 5441 917 5497 stulti·
973 5455 1010 5499 ne
1032 5440 1180 5505 rideretur
1197 5443 1296 5520 populi
1318 5441 1436 5503 nomino
1453 5450 1505 5503 aut
1526 5441 1680 5501 indulsum
1695 5449 1824 5512 tantum,
