<?xml version="1.0" encoding="UTF-8"?>
<!DOCTYPE html PUBLIC "-//W3C//DTD XHTML 1.0 Transitional//EN"
    "http://www.w3.org/TR/xhtml1/DTD/xhtml1-transitional.dtd">
<html xmlns="http://www.w3.org/1999/xhtml" xml:lang="en" lang="en">
 <head>
  <title>
</title>
<meta http-equiv="Content-Type" content="text/html;charset=utf-8" />
  <meta name='ocr-system' content='tesseract 3.04.00' />
  <meta name='ocr-capabilities' content='ocr_page ocr_carea ocr_par ocr_line ocrx_word'/>
</head>
<body>
  <div class='ocr_page' id='page_1' title='image "./patrologiaecurs53unkngoog/patrologiaecurs53unkngoog_0139.png"; bbox 0 0 3804 5962; ppageno 0'>
   <div class='ocr_carea' id='block_1_1' title="bbox 97 104 1389 169">
    <p class='ocr_par' dir='ltr' id='par_1_1' title="bbox 97 104 1389 169">
     <span class='ocr_line' id='line_1_1' title="bbox 97 104 1389 169; baseline -0.003 0"><span class='ocrx_word' id='word_1_1' title='bbox 97 107 153 169; x_wconf 63' lang='grc' dir='ltr'>Μ</span> <span class='ocrx_word' id='word_1_2' title='bbox 563 104 670 166; x_wconf 80' lang='lat' dir='ltr'><strong>Pll&#39;l&#39;lil</strong></span> <span class='ocrx_word' id='word_1_3' title='bbox 688 107 881 167; x_wconf 75' lang='lat' dir='ltr'><strong>nominent</strong></span> <span class='ocrx_word' id='word_1_4' title='bbox 900 105 976 164; x_wconf 84' lang='lat' dir='ltr'><strong>OPP.</strong></span> <span class='ocrx_word' id='word_1_5' title='bbox 997 105 1086 166; x_wconf 71' lang='lat' dir='ltr'><strong>PARS</strong></span> <span class='ocrx_word' id='word_1_6' title='bbox 1104 110 1126 166; x_wconf 93' lang='lat'><strong>1.</strong></span> <span class='ocrx_word' id='word_1_7' title='bbox 1146 136 1182 152; x_wconf 93' lang='lat'><em>-</em></span> <span class='ocrx_word' id='word_1_8' title='bbox 1199 106 1389 168; x_wconf 74' lang='lat' dir='ltr'><strong>EPISTOLAE.</strong></span> 
     </span>
    </p>
   </div>
   <div class='ocr_carea' id='block_1_2' title="bbox 69 224 1722 5468">
    <p class='ocr_par' dir='ltr' id='par_1_2' title="bbox 93 224 1722 396">
     <span class='ocr_line' id='line_1_2' title="bbox 95 224 1722 306; baseline 0.001 -16"><span class='ocrx_word' id='word_1_9' title='bbox 95 244 148 290; x_wconf 86' lang='lat' dir='ltr'><strong>nce</strong></span> <span class='ocrx_word' id='word_1_10' title='bbox 175 228 298 303; x_wconf 84' lang='lat' dir='ltr'><strong>adeptus</strong></span> <span class='ocrx_word' id='word_1_11' title='bbox 317 228 501 301; x_wconf 86' lang='lat' dir='ltr'><strong>esset,rclicto</strong></span> <span class='ocrx_word' id='word_1_12' title='bbox 523 231 699 290; x_wconf 86' lang='lat' dir='ltr'><strong>monasterio</strong></span> <span class='ocrx_word' id='word_1_13' title='bbox 722 231 858 301; x_wconf 86' lang='lat' dir='ltr'><strong>civitatis,</strong></span> <span class='ocrx_word' id='word_1_14' title='bbox 874 245 940 289; x_wconf 90' lang='lat' dir='ltr'><strong>cnm</strong></span> <span class='ocrx_word' id='word_1_15' title='bbox 957 236 980 289; x_wconf 82' lang='grc' dir='ltr'>Α</span> <span class='ocrx_word' id='word_1_16' title='bbox 995 224 1100 291; x_wconf 79' lang='lat' dir='ltr'><strong>sedulo</strong></span> <span class='ocrx_word' id='word_1_17' title='bbox 1128 234 1338 303; x_wconf 87' lang='lat' dir='ltr'><strong>renuntiantes,</strong></span> <span class='ocrx_word' id='word_1_18' title='bbox 1364 233 1504 306; x_wconf 85' lang='lat' dir='ltr'><strong>obsequio</strong></span> <span class='ocrx_word' id='word_1_19' title='bbox 1530 235 1700 293; x_wconf 89' lang='lat' dir='ltr'><strong>monialium</strong></span> <span class='ocrx_word' id='word_1_20' title='bbox 1721 257 1722 292; x_wconf 77' lang='lat' dir='ltr'><strong>t</strong></span> 
     </span>
     <span class='ocr_line' id='line_1_3' title="bbox 93 319 1710 396; baseline 0.002 -17"><span class='ocrx_word' id='word_1_21' title='bbox 93 319 250 379; x_wconf 82' lang='lat' dir='ltr'><strong>mobilibus</strong></span> <span class='ocrx_word' id='word_1_22' title='bbox 276 319 364 377; x_wconf 90' lang='lat' dir='ltr'><strong>rebus</strong></span> <span class='ocrx_word' id='word_1_23' title='bbox 387 319 481 377; x_wconf 87' lang='lat' dir='ltr'><strong>nudos</strong></span> <span class='ocrx_word' id='word_1_24' title='bbox 500 333 600 377; x_wconf 90' lang='lat' dir='ltr'><strong>secum</strong></span> <span class='ocrx_word' id='word_1_25' title='bbox 622 321 658 377; x_wconf 93' lang='lat' dir='ltr'><strong>ad</strong></span> <span class='ocrx_word' id='word_1_26' title='bbox 687 333 816 378; x_wconf 91' lang='lat' dir='ltr'><strong>eremum</strong></span> <span class='ocrx_word' id='word_1_27' title='bbox 840 320 943 377; x_wconf 82' lang='lat' dir='ltr'><strong>traxit.</strong></span> <span class='ocrx_word' id='word_1_28' title='bbox 996 330 1074 390; x_wconf 93' lang='lat' dir='ltr'><strong>runt,</strong></span> <span class='ocrx_word' id='word_1_29' title='bbox 1091 323 1194 381; x_wconf 91' lang='lat' dir='ltr'><strong>babitu</strong></span> <span class='ocrx_word' id='word_1_30' title='bbox 1209 325 1335 395; x_wconf 86' lang='lat' dir='ltr'><strong>quodam</strong></span> <span class='ocrx_word' id='word_1_31' title='bbox 1357 325 1501 396; x_wconf 92' lang='lat' dir='ltr'><strong>religioso,</strong></span> <span class='ocrx_word' id='word_1_32' title='bbox 1532 335 1710 383; x_wconf 90' lang='lat' dir='ltr'><strong>nontamen</strong></span> 
     </span>
    </p>

    <p class='ocr_par' dir='ltr' id='par_1_3' title="bbox 94 408 1722 576">
     <span class='ocr_line' id='line_1_4' title="bbox 94 408 1722 488; baseline 0.004 -21"><span class='ocrx_word' id='word_1_33' title='bbox 94 408 151 479; x_wconf 84' lang='lat' dir='ltr'><strong>iiui</strong></span> <span class='ocrx_word' id='word_1_34' title='bbox 178 408 360 482; x_wconf 86' lang='lat' dir='ltr'><strong>postmodum</strong></span> <span class='ocrx_word' id='word_1_35' title='bbox 388 423 466 466; x_wconf 89' lang='lat' dir='ltr'><strong>more</strong></span> <span class='ocrx_word' id='word_1_36' title='bbox 493 409 642 466; x_wconf 86' lang='lat' dir='ltr'><strong>Israelitici</strong></span> <span class='ocrx_word' id='word_1_37' title='bbox 673 410 774 483; x_wconf 91' lang='lat' dir='ltr'><strong>populi</strong></span> <span class='ocrx_word' id='word_1_38' title='bbox 803 409 943 469; x_wconf 83' lang='lat' dir='ltr'><strong>adversos</strong></span> <span class='ocrx_word' id='word_1_39' title='bbox 994 412 1073 481; x_wconf 83' lang='lat' dir='ltr'><strong>stica,</strong></span> <span class='ocrx_word' id='word_1_40' title='bbox 1088 415 1170 484; x_wconf 86' lang='lat' dir='ltr'><strong>quasi</strong></span> <span class='ocrx_word' id='word_1_41' title='bbox 1183 415 1291 484; x_wconf 92' lang='lat' dir='ltr'><strong>pedites</strong></span> <span class='ocrx_word' id='word_1_42' title='bbox 1304 414 1468 472; x_wconf 82' lang='lat' dir='ltr'><strong>interiorem</strong></span> <span class='ocrx_word' id='word_1_43' title='bbox 1488 417 1618 473; x_wconf 77' lang='lat' dir='ltr'>obtinent</span> <span class='ocrx_word' id='word_1_44' title='bbox 1638 417 1722 488; x_wconf 91' lang='lat' dir='ltr'><strong>gradt</strong></span> 
     </span>
     <span class='ocr_line' id='line_1_5' title="bbox 95 497 1717 576; baseline 0.002 -17"><span class='ocrx_word' id='word_1_45' title='bbox 95 499 220 571; x_wconf 83' lang='lat' dir='ltr'><strong>lloysem</strong></span> <span class='ocrx_word' id='word_1_46' title='bbox 231 497 445 570; x_wconf 84' lang='lat' dir='ltr'><strong>conquerentis,</strong></span> <span class='ocrx_word' id='word_1_47' title='bbox 459 497 537 569; x_wconf 85' lang='lat' dir='ltr'><strong>quod</strong></span> <span class='ocrx_word' id='word_1_48' title='bbox 557 512 606 555; x_wconf 90' lang='lat' dir='ltr'><strong>eos</strong></span> <span class='ocrx_word' id='word_1_49' title='bbox 627 498 713 556; x_wconf 91' lang='lat' dir='ltr'><strong>etiam</strong></span> <span class='ocrx_word' id='word_1_50' title='bbox 743 501 778 556; x_wconf 93' lang='lat' dir='ltr'><strong>de</strong></span> <span class='ocrx_word' id='word_1_51' title='bbox 805 499 939 571; x_wconf 80' lang='lat' dir='ltr'><strong>AEgypto,</strong></span> <span class='ocrx_word' id='word_1_52' title='bbox 1029 502 1113 559; x_wconf 86' lang='lat' dir='ltr'><strong>Nunc</strong></span> <span class='ocrx_word' id='word_1_53' title='bbox 1138 518 1205 559; x_wconf 90' lang='lat' dir='ltr'><strong>vero</strong></span> <span class='ocrx_word' id='word_1_54' title='bbox 1236 514 1376 575; x_wconf 75' lang='lat' dir='ltr'><strong>superest,</strong></span> <span class='ocrx_word' id='word_1_55' title='bbox 1398 505 1518 562; x_wconf 85' lang='lat' dir='ltr'><strong>Domino</strong></span> <span class='ocrx_word' id='word_1_56' title='bbox 1549 507 1717 576; x_wconf 79' lang='lat' dir='ltr'><strong>inspirante,</strong></span> 
     </span>
    </p>

    <p class='ocr_par' dir='ltr' id='par_1_4' title="bbox 92 585 1722 842">
     <span class='ocr_line' id='line_1_6' title="bbox 93 585 1722 664; baseline 0.002 -17"><span class='ocrx_word' id='word_1_57' title='bbox 93 587 200 647; x_wconf 87' lang='lat' dir='ltr'><strong>relictis</strong></span> <span class='ocrx_word' id='word_1_58' title='bbox 211 586 275 645; x_wconf 90' lang='lat' dir='ltr'><strong>ollis</strong></span> <span class='ocrx_word' id='word_1_59' title='bbox 293 585 427 643; x_wconf 90' lang='lat' dir='ltr'><strong>carnium</strong></span> <span class='ocrx_word' id='word_1_60' title='bbox 440 593 468 644; x_wconf 92' lang='lat' dir='ltr'><strong>et</strong></span> <span class='ocrx_word' id='word_1_61' title='bbox 489 586 671 645; x_wconf 89' lang='lat' dir='ltr'><strong>abundantia</strong></span> <span class='ocrx_word' id='word_1_62' title='bbox 694 596 779 646; x_wconf 80' lang='lat' dir='ltr'><strong>terrae</strong></span> <span class='ocrx_word' id='word_1_63' title='bbox 793 587 823 645; x_wconf 92' lang='lat' dir='ltr'><strong>in</strong></span> <span class='ocrx_word' id='word_1_64' title='bbox 838 588 938 645; x_wconf 91' lang='lat' dir='ltr'><strong>solitu·</strong></span> <span class='ocrx_word' id='word_1_65' title='bbox 994 589 1103 646; x_wconf 87' lang='lat' dir='ltr'><strong>militiae</strong></span> <span class='ocrx_word' id='word_1_66' title='bbox 1119 592 1227 663; x_wconf 86' lang='lat' dir='ltr'><strong>gradus</strong></span> <span class='ocrx_word' id='word_1_67' title='bbox 1240 593 1371 664; x_wconf 85' lang='lat' dir='ltr'><strong>singulos</strong></span> <span class='ocrx_word' id='word_1_68' title='bbox 1385 593 1531 664; x_wconf 90' lang='lat' dir='ltr'><strong>ordinare,</strong></span> <span class='ocrx_word' id='word_1_69' title='bbox 1563 604 1593 652; x_wconf 94' lang='lat' dir='ltr'><strong>ut</strong></span> <span class='ocrx_word' id='word_1_70' title='bbox 1622 595 1722 651; x_wconf 82' lang='lat' dir='ltr'><strong>advers</strong></span> 
     </span>
     <span class='ocr_line' id='line_1_7' title="bbox 92 675 1722 753; baseline 0.002 -17"><span class='ocrx_word' id='word_1_71' title='bbox 92 677 191 736; x_wconf 88' lang='lat' dir='ltr'><strong>dinem</strong></span> <span class='ocrx_word' id='word_1_72' title='bbox 204 675 361 744; x_wconf 83' lang='lat' dir='ltr'><strong>eduxisset,</strong></span> <span class='ocrx_word' id='word_1_73' title='bbox 377 683 594 735; x_wconf 81' lang='lat' dir='ltr'><strong>murmurantes</strong></span> <span class='ocrx_word' id='word_1_74' title='bbox 612 677 768 748; x_wconf 84' lang='lat' dir='ltr'><strong>incassum,</strong></span> <span class='ocrx_word' id='word_1_75' title='bbox 783 675 937 735; x_wconf 87' lang='lat' dir='ltr'><strong>dicebant:</strong></span> <span class='ocrx_word' id='word_1_76' title='bbox 993 683 1184 751; x_wconf 88' lang='lat' dir='ltr'><strong>pugnationes</strong></span> <span class='ocrx_word' id='word_1_77' title='bbox 1207 681 1371 737; x_wconf 79' lang='lat' dir='ltr'><strong>damonum</strong></span> <span class='ocrx_word' id='word_1_78' title='bbox 1399 696 1465 738; x_wconf 88' lang='lat' dir='ltr'><strong>vero</strong></span> <span class='ocrx_word' id='word_1_79' title='bbox 1480 682 1516 738; x_wconf 92' lang='lat' dir='ltr'><strong>sit</strong></span> <span class='ocrx_word' id='word_1_80' title='bbox 1543 683 1620 753; x_wconf 86' lang='lat' dir='ltr'><strong>quod</strong></span> <span class='ocrx_word' id='word_1_81' title='bbox 1638 683 1722 739; x_wconf 91' lang='lat' dir='ltr'><strong>dicitu</strong></span> 
     </span>
     <span class='ocr_line' id='line_1_8' title="bbox 93 763 1715 842; baseline 0.006 -24"><span class='ocrx_word' id='word_1_82' title='bbox 93 763 485 838; x_wconf 75' lang='lat' dir='ltr'><strong>‹Nunquidsolainoremo</strong></span> <span class='ocrx_word' id='word_1_83' title='bbox 500 765 626 833; x_wconf 87' lang='lat' dir='ltr'><strong>castitas,</strong></span> <span class='ocrx_word' id='word_1_84' title='bbox 659 781 725 837; x_wconf 84' lang='lat' dir='ltr'><strong>qne</strong></span> <span class='ocrx_word' id='word_1_85' title='bbox 756 766 786 822; x_wconf 94' lang='lat' dir='ltr'><strong>in</strong></span> <span class='ocrx_word' id='word_1_86' title='bbox 815 766 938 823; x_wconf 90' lang='lat' dir='ltr'><strong>urbibus</strong></span> <span class='ocrx_word' id='word_1_87' title='bbox 992 775 1120 826; x_wconf 88' lang='lat' dir='ltr'><strong>strorum</strong></span> <span class='ocrx_word' id='word_1_88' title='bbox 1146 770 1221 826; x_wconf 89' lang='lat' dir='ltr'><strong>acics</strong></span> <span class='ocrx_word' id='word_1_89' title='bbox 1245 770 1385 827; x_wconf 91' lang='lat' dir='ltr'><strong>ordinata.</strong></span> <span class='ocrx_word' id='word_1_90' title='bbox 1407 791 1418 820; x_wconf 76' lang='grc' dir='ltr'><strong>ι</strong></span> <span class='ocrx_word' id='word_1_91' title='bbox 1442 771 1484 828; x_wconf 79' lang='lat' dir='ltr'><strong>Ab</strong></span> <span class='ocrx_word' id='word_1_92' title='bbox 1509 771 1715 842; x_wconf 84' lang='lat' dir='ltr'><strong>ips0,tnquam</strong></span> 
     </span>
    </p>

    <p class='ocr_par' dir='ltr' id='par_1_5' title="bbox 87 851 1722 3246">
     <span class='ocr_line' id='line_1_9' title="bbox 92 851 1722 928; baseline 0.002 -14"><span class='ocrx_word' id='word_1_93' title='bbox 92 854 233 914; x_wconf 77' lang='lat' dir='ltr'><strong>nonest?</strong></span> <span class='ocrx_word' id='word_1_94' title='bbox 247 854 305 912; x_wconf 84' lang='lat' dir='ltr'><strong>Cur</strong></span> <span class='ocrx_word' id='word_1_95' title='bbox 327 851 426 925; x_wconf 85' lang='lat' dir='ltr'><strong>itaque</strong></span> <span class='ocrx_word' id='word_1_96' title='bbox 455 868 514 910; x_wconf 94' lang='lat' dir='ltr'><strong>non</strong></span> <span class='ocrx_word' id='word_1_97' title='bbox 528 854 558 910; x_wconf 92' lang='lat' dir='ltr'><strong>in</strong></span> <span class='ocrx_word' id='word_1_98' title='bbox 580 854 725 913; x_wconf 87' lang='lat' dir='ltr'><strong>civitatem</strong></span> <span class='ocrx_word' id='word_1_99' title='bbox 754 855 936 923; x_wconf 77' lang='lat' dir='ltr'><strong>revertimur,</strong></span> <span class='ocrx_word' id='word_1_100' title='bbox 988 858 1069 913; x_wconf 87' lang='lat' dir='ltr'><strong>&#39;ctum</strong></span> <span class='ocrx_word' id='word_1_101' title='bbox 1085 865 1127 914; x_wconf 93' lang='lat' dir='ltr'><strong>est</strong></span> <span class='ocrx_word' id='word_1_102' title='bbox 1149 857 1249 927; x_wconf 90' lang='lat' dir='ltr'><strong>eapite,</strong></span> <span class='ocrx_word' id='word_1_103' title='bbox 1266 858 1344 928; x_wconf 88' lang='lat' dir='ltr'><strong>quod</strong></span> <span class='ocrx_word' id='word_1_104' title='bbox 1367 858 1558 916; x_wconf 81' lang='lat' dir='ltr'><strong>diaconissam</strong></span> <span class='ocrx_word' id='word_1_105' title='bbox 1588 859 1722 927; x_wconf 84' lang='lat' dir='ltr'><strong>dicimus,</strong></span> 
     </span>
     <span class='ocr_line' id='line_1_10' title="bbox 92 941 1722 1021; baseline 0.001 -17"><span class='ocrx_word' id='word_1_106' title='bbox 92 943 246 1018; x_wconf 86' lang='lat' dir='ltr'><strong>dequaad</strong></span> <span class='ocrx_word' id='word_1_107' title='bbox 261 951 373 1015; x_wconf 90' lang='lat' dir='ltr'><strong>tempus</strong></span> <span class='ocrx_word' id='word_1_108' title='bbox 386 941 532 1001; x_wconf 77' lang='lat' dir='ltr'><strong>exivimus</strong></span> <span class='ocrx_word' id='word_1_109' title='bbox 546 944 560 1000; x_wconf 83' lang='grc' dir='ltr'><strong>ι</strong></span> <span class='ocrx_word' id='word_1_110' title='bbox 575 943 621 1000; x_wconf 82' lang='lat' dir='ltr'><strong>An</strong></span> <span class='ocrx_word' id='word_1_111' title='bbox 642 944 673 1001; x_wconf 92' lang='lat' dir='ltr'><strong>ln</strong></span> <span class='ocrx_word' id='word_1_112' title='bbox 692 955 823 1001; x_wconf 89' lang='lat' dir='ltr'><strong>eremum</strong></span> <span class='ocrx_word' id='word_1_113' title='bbox 844 942 938 1000; x_wconf 90' lang='lat' dir='ltr'><strong>solum</strong></span> <span class='ocrx_word' id='word_1_114' title='bbox 993 946 1182 1004; x_wconf 90' lang='lat' dir='ltr'><strong>institutionis</strong></span> <span class='ocrx_word' id='word_1_115' title='bbox 1210 946 1346 1004; x_wconf 84' lang='lat' dir='ltr'><strong>ducentes</strong></span> <span class='ocrx_word' id='word_1_116' title='bbox 1375 948 1538 1018; x_wconf 78' lang='lat' dir='ltr'><strong>exordium,</strong></span> <span class='ocrx_word' id='word_1_117' title='bbox 1568 948 1603 1006; x_wconf 90' lang='lat' dir='ltr'><strong>de</strong></span> <span class='ocrx_word' id='word_1_118' title='bbox 1619 950 1680 1020; x_wconf 90' lang='lat' dir='ltr'><strong>ipsa</strong></span> <span class='ocrx_word' id='word_1_119' title='bbox 1704 965 1722 1021; x_wconf 97' lang='lat' dir='ltr'><strong>p</strong></span> 
     </span>
     <span class='ocr_line' id='line_1_11' title="bbox 90 1031 1722 1109; baseline 0 -15"><span class='ocrx_word' id='word_1_120' title='bbox 90 1035 167 1093; x_wconf 84' lang='lat' dir='ltr'><strong>oeus</strong></span> <span class='ocrx_word' id='word_1_121' title='bbox 179 1032 315 1092; x_wconf 85' lang='lat' dir='ltr'><strong>exaudiet</strong></span> <span class='ocrx_word' id='word_1_122' title='bbox 337 1031 483 1089; x_wconf 77' lang='lat' dir='ltr'><strong>orantes?</strong></span> <span class='ocrx_word' id='word_1_123' title='bbox 508 1032 578 1102; x_wconf 81' lang='lat' dir='ltr'><strong>Quis</strong></span> <span class='ocrx_word' id='word_1_124' title='bbox 605 1031 668 1090; x_wconf 91' lang='lat' dir='ltr'><strong>cibo</strong></span> <span class='ocrx_word' id='word_1_125' title='bbox 690 1033 862 1106; x_wconf 90' lang='lat' dir='ltr'><strong>angolorum</strong></span> <span class='ocrx_word' id='word_1_126' title='bbox 894 1032 937 1089; x_wconf 89' lang='lat' dir='ltr'><strong>vi·</strong></span> <span class='ocrx_word' id='word_1_127' title='bbox 992 1034 1189 1105; x_wconf 84' lang='lat' dir='ltr'><strong>disponamus,</strong></span> <span class='ocrx_word' id='word_1_128' title='bbox 1206 1049 1361 1106; x_wconf 86' lang='lat' dir='ltr'><strong>perquam</strong></span> <span class='ocrx_word' id='word_1_129' title='bbox 1376 1037 1556 1093; x_wconf 89' lang='lat' dir='ltr'><strong>suntomnia</strong></span> <span class='ocrx_word' id='word_1_130' title='bbox 1574 1038 1722 1109; x_wconf 77' lang='lat' dir='ltr'><strong>disponent</strong></span> 
     </span>
     <span class='ocr_line' id='line_1_12' title="bbox 91 1120 1722 1196; baseline 0.001 -14"><span class='ocrx_word' id='word_1_131' title='bbox 91 1124 163 1182; x_wconf 82' lang='lat' dir='ltr'><strong>vata</strong></span> <span class='ocrx_word' id='word_1_132' title='bbox 190 1123 279 1189; x_wconf 82' lang='lat' dir='ltr'><strong>ouem</strong></span> <span class='ocrx_word' id='word_1_133' title='bbox 309 1134 445 1192; x_wconf 91' lang='lat' dir='ltr'><strong>pecorum</strong></span> <span class='ocrx_word' id='word_1_134' title='bbox 461 1127 488 1178; x_wconf 92' lang='lat' dir='ltr'><strong>et</strong></span> <span class='ocrx_word' id='word_1_135' title='bbox 514 1121 641 1180; x_wconf 85' lang='lat' dir='ltr'><strong>terarum</strong></span> <span class='ocrx_word' id='word_1_136' title='bbox 668 1121 789 1179; x_wconf 84' lang='lat' dir='ltr'><strong>delectat</strong></span> <span class='ocrx_word' id='word_1_137' title='bbox 803 1120 939 1178; x_wconf 89' lang='lat' dir='ltr'><strong>beritsc-</strong></span> <span class='ocrx_word' id='word_1_138' title='bbox 990 1122 1040 1194; x_wconf 86' lang='lat' dir='ltr'><strong>jus</strong></span> <span class='ocrx_word' id='word_1_139' title='bbox 1058 1137 1126 1180; x_wconf 92' lang='lat' dir='ltr'><strong>vero</strong></span> <span class='ocrx_word' id='word_1_140' title='bbox 1140 1125 1329 1191; x_wconf 80' lang='lat' dir='ltr'><strong>sanctitatem,</strong></span> <span class='ocrx_word' id='word_1_141' title='bbox 1345 1125 1722 1196; x_wconf 79' lang='lat' dir='ltr'><strong>sicuttnpracedentimem</strong></span> 
     </span>
     <span class='ocr_line' id='line_1_13' title="bbox 91 1208 1722 1284; baseline 0.001 -14"><span class='ocrx_word' id='word_1_142' title='bbox 91 1211 170 1270; x_wconf 79' lang='lat' dir='ltr'><strong>dnm</strong></span> <span class='ocrx_word' id='word_1_143' title='bbox 184 1210 325 1280; x_wconf 80' lang='lat' dir='ltr'><strong>topanta</strong></span> <span class='ocrx_word' id='word_1_144' title='bbox 337 1224 389 1268; x_wconf 85' lang='lat' dir='ltr'><strong>nos</strong></span> <span class='ocrx_word' id='word_1_145' title='bbox 404 1210 492 1267; x_wconf 92' lang='lat' dir='ltr'><strong>babet</strong></span> <span class='ocrx_word' id='word_1_146' title='bbox 500 1210 656 1269; x_wconf 89' lang='lat' dir='ltr'><strong>necessitas</strong></span> <span class='ocrx_word' id='word_1_147' title='bbox 669 1211 717 1267; x_wconf 90' lang='lat' dir='ltr'><strong>bic</strong></span> <span class='ocrx_word' id='word_1_148' title='bbox 731 1209 864 1267; x_wconf 78' lang='lat' dir='ltr'><strong>morari?</strong></span> <span class='ocrx_word' id='word_1_149' title='bbox 880 1208 939 1266; x_wconf 84' lang='lat' dir='ltr'><strong>Cur</strong></span> <span class='ocrx_word' id='word_1_150' title='bbox 992 1212 1122 1283; x_wconf 89' lang='lat' dir='ltr'><strong>epistola,</strong></span> <span class='ocrx_word' id='word_1_151' title='bbox 1139 1213 1241 1269; x_wconf 89' lang='lat' dir='ltr'><strong>beatus</strong></span> <span class='ocrx_word' id='word_1_152' title='bbox 1254 1212 1362 1269; x_wconf 89' lang='lat' dir='ltr'><strong>Paulus</strong></span> <span class='ocrx_word' id='word_1_153' title='bbox 1372 1214 1517 1284; x_wconf 90' lang='lat' dir='ltr'><strong>apostolus</strong></span> <span class='ocrx_word' id='word_1_154' title='bbox 1530 1215 1677 1272; x_wconf 77' lang='lat' dir='ltr'><strong>Timotheo</strong></span> <span class='ocrx_word' id='word_1_155' title='bbox 1697 1230 1722 1272; x_wconf 84' lang='grc' dir='ltr'><strong>ιι</strong></span> 
     </span>
     <span class='ocr_line' id='line_1_14' title="bbox 92 1298 1722 1374; baseline -0.002 -14"><span class='ocrx_word' id='word_1_156' title='bbox 92 1303 191 1374; x_wconf 84' lang='lat' dir='ltr'><strong>itaqm</strong></span> <span class='ocrx_word' id='word_1_157' title='bbox 214 1314 272 1357; x_wconf 93' lang='lat' dir='ltr'><strong>non</strong></span> <span class='ocrx_word' id='word_1_158' title='bbox 292 1299 414 1372; x_wconf 89' lang='lat' dir='ltr'><strong>regressi</strong></span> <span class='ocrx_word' id='word_1_159' title='bbox 429 1298 579 1368; x_wconf 84' lang='lat' dir='ltr'><strong>inlocum,</strong></span> <span class='ocrx_word' id='word_1_160' title='bbox 598 1300 629 1356; x_wconf 92' lang='lat' dir='ltr'><strong>in</strong></span> <span class='ocrx_word' id='word_1_161' title='bbox 658 1313 717 1371; x_wconf 87' lang='lat' dir='ltr'><strong>qno</strong></span> <span class='ocrx_word' id='word_1_162' title='bbox 742 1299 803 1355; x_wconf 89' lang='lat' dir='ltr'><strong>nati</strong></span> <span class='ocrx_word' id='word_1_163' title='bbox 824 1310 937 1365; x_wconf 89' lang='lat' dir='ltr'><strong>sumus,</strong></span> <span class='ocrx_word' id='word_1_164' title='bbox 993 1315 1081 1371; x_wconf 87' lang='lat' dir='ltr'><strong>qnam</strong></span> <span class='ocrx_word' id='word_1_165' title='bbox 1110 1302 1283 1358; x_wconf 88' lang='lat' dir='ltr'><strong>eminentem</strong></span> <span class='ocrx_word' id='word_1_166' title='bbox 1305 1308 1333 1357; x_wconf 83' lang='lat' dir='ltr'><strong>et</strong></span> <span class='ocrx_word' id='word_1_167' title='bbox 1360 1303 1509 1372; x_wconf 89' lang='lat' dir='ltr'><strong>probatam</strong></span> <span class='ocrx_word' id='word_1_168' title='bbox 1533 1311 1661 1374; x_wconf 91' lang='lat' dir='ltr'><strong>oporteat</strong></span> <span class='ocrx_word' id='word_1_169' title='bbox 1688 1317 1722 1360; x_wconf 71' lang='lat' dir='ltr'><strong>est</strong></span> 
     </span>
     <span class='ocr_line' id='line_1_15' title="bbox 91 1386 1721 1465; baseline 0.001 -16"><span class='ocrx_word' id='word_1_170' title='bbox 91 1389 290 1449; x_wconf 81' lang='lat' dir='ltr'><strong>benedicimus</strong></span> <span class='ocrx_word' id='word_1_171' title='bbox 304 1386 484 1446; x_wconf 77' lang='lat' dir='ltr'><strong>Dominum?</strong></span> <span class='ocrx_word' id='word_1_172' title='bbox 500 1407 513 1440; x_wconf 77' lang='lat' dir='ltr'><strong>a</strong></span> <span class='ocrx_word' id='word_1_173' title='bbox 530 1388 604 1444; x_wconf 84' lang='lat' dir='ltr'><strong>ilinc</strong></span> <span class='ocrx_word' id='word_1_174' title='bbox 614 1395 643 1445; x_wconf 93' lang='lat' dir='ltr'><strong>et</strong></span> <span class='ocrx_word' id='word_1_175' title='bbox 665 1388 790 1446; x_wconf 92' lang='lat' dir='ltr'><strong>lacobus</strong></span> <span class='ocrx_word' id='word_1_176' title='bbox 805 1387 940 1443; x_wconf 89' lang='lat' dir='ltr'><strong>admonet</strong></span> <span class='ocrx_word' id='word_1_177' title='bbox 993 1398 1094 1461; x_wconf 88' lang='lat' dir='ltr'><strong>genter</strong></span> <span class='ocrx_word' id='word_1_178' title='bbox 1108 1390 1253 1459; x_wconf 88' lang='lat' dir='ltr'><strong>describit,</strong></span> <span class='ocrx_word' id='word_1_179' title='bbox 1275 1390 1393 1449; x_wconf 85' lang='lat' dir='ltr'><strong>dicens:</strong></span> <span class='ocrx_word' id='word_1_180' title='bbox 1410 1411 1425 1442; x_wconf 71' lang='lat' dir='ltr'><strong>e</strong></span> <span class='ocrx_word' id='word_1_181' title='bbox 1440 1392 1534 1448; x_wconf 89' lang='lat' dir='ltr'><strong>Vidua</strong></span> <span class='ocrx_word' id='word_1_182' title='bbox 1554 1392 1680 1465; x_wconf 90' lang='lat' dir='ltr'><strong>eligatur</strong></span> <span class='ocrx_word' id='word_1_183' title='bbox 1701 1406 1721 1450; x_wconf 95' lang='lat' dir='ltr'><strong>n</strong></span> 
     </span>
     <span class='ocr_line' id='line_1_16' title="bbox 91 1475 1722 1552; baseline -0.001 -15"><span class='ocrx_word' id='word_1_184' title='bbox 91 1479 238 1552; x_wconf 85' lang='lat' dir='ltr'><strong>apostolus</strong></span> <span class='ocrx_word' id='word_1_185' title='bbox 252 1494 260 1533; x_wconf 76' lang='grc' dir='ltr'><strong><em>ε</em></strong></span> <span class='ocrx_word' id='word_1_186' title='bbox 275 1477 403 1546; x_wconf 78' lang='lat' dir='ltr'><strong>«Nolite,</strong></span> <span class='ocrx_word' id='word_1_187' title='bbox 425 1477 530 1549; x_wconf 85' lang='lat' dir='ltr'><strong>inquit,</strong></span> <span class='ocrx_word' id='word_1_188' title='bbox 542 1478 641 1548; x_wconf 85' lang='lat' dir='ltr'><strong>plures</strong></span> <span class='ocrx_word' id='word_1_189' title='bbox 655 1476 786 1550; x_wconf 77' lang='lat' dir='ltr'><strong>magistri</strong></span> <span class='ocrx_word' id='word_1_190' title='bbox 801 1475 863 1534; x_wconf 87' lang='lat' dir='ltr'><strong>lieri</strong></span> <span class='ocrx_word' id='word_1_191' title='bbox 878 1475 939 1531; x_wconf 87' lang='grc' dir='ltr'>ιιι·</span> <span class='ocrx_word' id='word_1_192' title='bbox 994 1493 1050 1537; x_wconf 90' lang='lat' dir='ltr'><strong>nus</strong></span> <span class='ocrx_word' id='word_1_193' title='bbox 1063 1479 1216 1551; x_wconf 84' lang='lat' dir='ltr'><strong>sexaginta</strong></span> <span class='ocrx_word' id='word_1_194' title='bbox 1227 1492 1380 1547; x_wconf 91' lang='lat' dir='ltr'><strong>annorum,</strong></span> <span class='ocrx_word' id='word_1_195' title='bbox 1394 1494 1461 1550; x_wconf 79' lang='lat' dir='ltr'><strong>qua</strong></span> <span class='ocrx_word' id='word_1_196' title='bbox 1477 1480 1562 1536; x_wconf 86' lang='lat' dir='ltr'><strong>tuerit</strong></span> <span class='ocrx_word' id='word_1_197' title='bbox 1578 1479 1666 1537; x_wconf 91' lang='lat' dir='ltr'><strong>unius</strong></span> <span class='ocrx_word' id='word_1_198' title='bbox 1680 1480 1722 1536; x_wconf 92' lang='lat' dir='ltr'><strong>vir</strong></span> 
     </span>
     <span class='ocr_line' id='line_1_17' title="bbox 91 1561 1722 1639; baseline -0.001 -12"><span class='ocrx_word' id='word_1_199' title='bbox 91 1576 150 1628; x_wconf 89' lang='lat' dir='ltr'><strong>tres</strong></span> <span class='ocrx_word' id='word_1_200' title='bbox 165 1567 232 1636; x_wconf 91' lang='lat' dir='ltr'><strong>mei,</strong></span> <span class='ocrx_word' id='word_1_201' title='bbox 247 1567 368 1625; x_wconf 89' lang='lat' dir='ltr'><strong>scientes</strong></span> <span class='ocrx_word' id='word_1_202' title='bbox 386 1566 527 1639; x_wconf 88' lang='lat' dir='ltr'><strong>quoniam</strong></span> <span class='ocrx_word' id='word_1_203' title='bbox 553 1567 649 1639; x_wconf 80' lang='lat' dir='ltr'><strong>majus</strong></span> <span class='ocrx_word' id='word_1_204' title='bbox 661 1566 808 1638; x_wconf 82' lang='lat' dir='ltr'><strong>judicium</strong></span> <span class='ocrx_word' id='word_1_205' title='bbox 822 1561 938 1622; x_wconf 91' lang='lat' dir='ltr'><strong>sumitis</strong></span> <span class='ocrx_word' id='word_1_206' title='bbox 955 1583 976 1637; x_wconf 77' lang='lat' dir='ltr'><strong>p</strong></span> <span class='ocrx_word' id='word_1_207' title='bbox 994 1566 1023 1622; x_wconf 93' lang='lat' dir='ltr'><strong>in</strong></span> <span class='ocrx_word' id='word_1_208' title='bbox 1036 1567 1171 1637; x_wconf 89' lang='lat' dir='ltr'><strong>operibus</strong></span> <span class='ocrx_word' id='word_1_209' title='bbox 1185 1566 1268 1623; x_wconf 91' lang='lat' dir='ltr'><strong>bonis</strong></span> <span class='ocrx_word' id='word_1_210' title='bbox 1280 1568 1476 1624; x_wconf 89' lang='lat' dir='ltr'><strong>testimonium</strong></span> <span class='ocrx_word' id='word_1_211' title='bbox 1488 1569 1606 1636; x_wconf 89' lang='lat' dir='ltr'><strong>babens,</strong></span> <span class='ocrx_word' id='word_1_212' title='bbox 1624 1569 1647 1623; x_wconf 91' lang='lat' dir='ltr'><strong>si</strong></span> <span class='ocrx_word' id='word_1_213' title='bbox 1677 1567 1722 1625; x_wconf 88' lang='lat' dir='ltr'><strong>tili</strong></span> 
     </span>
     <span class='ocr_line' id='line_1_18' title="bbox 92 1653 1722 1730; baseline 0 -16"><span class='ocrx_word' id='word_1_214' title='bbox 92 1659 168 1730; x_wconf 79' lang='lat' dir='ltr'><strong>(Jcc.</strong></span> <span class='ocrx_word' id='word_1_215' title='bbox 184 1672 225 1727; x_wconf 87' lang='grc' dir='ltr'>ιιι,</span> <span class='ocrx_word' id='word_1_216' title='bbox 243 1657 279 1728; x_wconf 92' lang='grc' dir='ltr'><strong>ι).</strong></span> <span class='ocrx_word' id='word_1_217' title='bbox 296 1676 311 1707; x_wconf 75' lang='grc' dir='ltr'><strong>ι</strong></span> <span class='ocrx_word' id='word_1_218' title='bbox 331 1655 402 1713; x_wconf 84' lang='lat' dir='ltr'><strong>ilinc</strong></span> <span class='ocrx_word' id='word_1_219' title='bbox 420 1669 539 1728; x_wconf 87' lang='lat' dir='ltr'><strong>qnoque</strong></span> <span class='ocrx_word' id='word_1_220' title='bbox 553 1655 758 1727; x_wconf 84' lang='lat' dir='ltr'><strong>&#39;Hieronymus</strong></span> <span class='ocrx_word' id='word_1_221' title='bbox 781 1654 819 1712; x_wconf 86' lang='lat' dir='ltr'><strong>ad</strong></span> <span class='ocrx_word' id='word_1_222' title='bbox 842 1653 939 1712; x_wconf 85' lang='lat' dir='ltr'><strong>Rusti·</strong></span> <span class='ocrx_word' id='word_1_223' title='bbox 995 1656 1080 1725; x_wconf 90' lang='lat' dir='ltr'><strong>cavit,</strong></span> <span class='ocrx_word' id='word_1_224' title='bbox 1104 1656 1128 1712; x_wconf 88' lang='lat' dir='ltr'><strong>si</strong></span> <span class='ocrx_word' id='word_1_225' title='bbox 1150 1655 1274 1726; x_wconf 90' lang='lat' dir='ltr'><strong>bospitio</strong></span> <span class='ocrx_word' id='word_1_226' title='bbox 1294 1657 1410 1726; x_wconf 85' lang='lat' dir='ltr'><strong>recepit,</strong></span> <span class='ocrx_word' id='word_1_227' title='bbox 1440 1657 1464 1714; x_wconf 93' lang='lat' dir='ltr'><strong>sl</strong></span> <span class='ocrx_word' id='word_1_228' title='bbox 1492 1664 1660 1714; x_wconf 90' lang='lat' dir='ltr'><strong>sanctorum</strong></span> <span class='ocrx_word' id='word_1_229' title='bbox 1681 1672 1722 1729; x_wconf 78' lang='lat' dir='ltr'><strong>pet</strong></span> 
     </span>
     <span class='ocr_line' id='line_1_19' title="bbox 91 1742 1722 1815; baseline 0.001 -11"><span class='ocrx_word' id='word_1_230' title='bbox 91 1761 160 1806; x_wconf 91' lang='lat' dir='ltr'><strong>cum</strong></span> <span class='ocrx_word' id='word_1_231' title='bbox 178 1745 354 1804; x_wconf 88' lang='lat' dir='ltr'><strong>monachum</strong></span> <span class='ocrx_word' id='word_1_232' title='bbox 369 1744 405 1802; x_wconf 92' lang='lat' dir='ltr'><strong>de</strong></span> <span class='ocrx_word' id='word_1_233' title='bbox 423 1744 604 1803; x_wconf 87' lang='lat' dir='ltr'><strong>institutione</strong></span> <span class='ocrx_word' id='word_1_234' title='bbox 618 1745 685 1802; x_wconf 79' lang='lat' dir='ltr'><strong>vite</strong></span> <span class='ocrx_word' id='word_1_235' title='bbox 700 1745 828 1802; x_wconf 90' lang='lat' dir='ltr'><strong>scribens</strong></span> <span class='ocrx_word' id='word_1_236' title='bbox 842 1742 938 1814; x_wconf 87' lang='lat' dir='ltr'><strong>(epist.</strong></span> <span class='ocrx_word' id='word_1_237' title='bbox 994 1745 1044 1813; x_wconf 90' lang='grc' dir='ltr'>ιιι,</span> <span class='ocrx_word' id='word_1_238' title='bbox 1062 1745 1085 1802; x_wconf 85' lang='grc' dir='ltr'><strong>ιι</strong></span> <span class='ocrx_word' id='word_1_239' title='bbox 1115 1744 1330 1802; x_wconf 85' lang='lat' dir='ltr'><strong>tribulationem</strong></span> <span class='ocrx_word' id='word_1_240' title='bbox 1354 1745 1530 1815; x_wconf 90' lang='lat' dir='ltr'><strong>patientibus</strong></span> <span class='ocrx_word' id='word_1_241' title='bbox 1556 1747 1722 1805; x_wconf 90' lang='lat' dir='ltr'><strong>subministr</strong></span> 
     </span>
     <span class='ocr_line' id='line_1_20' title="bbox 91 1833 1722 1910; baseline 0 -17"><span class='ocrx_word' id='word_1_242' title='bbox 91 1834 121 1910; x_wconf 77' lang='grc' dir='ltr'><strong>ι)</strong></span> <span class='ocrx_word' id='word_1_243' title='bbox 137 1852 145 1891; x_wconf 87' lang='lat'>:</span> <span class='ocrx_word' id='word_1_244' title='bbox 162 1855 177 1886; x_wconf 76' lang='grc' dir='ltr'><strong>ι</strong></span> <span class='ocrx_word' id='word_1_245' title='bbox 193 1834 290 1905; x_wconf 85' lang='grc' dir='ltr'>Νιιιι,</span> <span class='ocrx_word' id='word_1_246' title='bbox 307 1833 413 1906; x_wconf 86' lang='lat' dir='ltr'><strong>lnquit,</strong></span> <span class='ocrx_word' id='word_1_247' title='bbox 442 1846 491 1890; x_wconf 90' lang='lat' dir='ltr'><strong>ars</strong></span> <span class='ocrx_word' id='word_1_248' title='bbox 519 1833 629 1904; x_wconf 87' lang='lat' dir='ltr'><strong>absque</strong></span> <span class='ocrx_word' id='word_1_249' title='bbox 654 1835 794 1906; x_wconf 91' lang='lat' dir='ltr'><strong>magistro</strong></span> <span class='ocrx_word' id='word_1_250' title='bbox 806 1833 938 1890; x_wconf 88' lang='lat' dir='ltr'><strong>discitur.</strong></span> <span class='ocrx_word' id='word_1_251' title='bbox 993 1848 1078 1892; x_wconf 92' lang='lat' dir='ltr'><strong>omno</strong></span> <span class='ocrx_word' id='word_1_252' title='bbox 1096 1847 1170 1904; x_wconf 91' lang='lat' dir='ltr'><strong>opus</strong></span> <span class='ocrx_word' id='word_1_253' title='bbox 1188 1833 1297 1890; x_wconf 92' lang='lat' dir='ltr'><strong>bonum</strong></span> <span class='ocrx_word' id='word_1_254' title='bbox 1321 1835 1475 1891; x_wconf 90' lang='lat' dir='ltr'><strong>subsecuta</strong></span> <span class='ocrx_word' id='word_1_255' title='bbox 1489 1841 1540 1891; x_wconf 92' lang='lat' dir='ltr'><strong>est.</strong></span> <span class='ocrx_word' id='word_1_256' title='bbox 1561 1836 1722 1893; x_wconf 81' lang='lat' dir='ltr'><strong>adolescent</strong></span> 
     </span>
     <span class='ocr_line' id='line_1_21' title="bbox 91 1920 1722 1995; baseline -0.001 -11"><span class='ocrx_word' id='word_1_257' title='bbox 91 1925 188 1984; x_wconf 80' lang='lat' dir='ltr'><strong>Etiam</strong></span> <span class='ocrx_word' id='word_1_258' title='bbox 209 1931 290 1982; x_wconf 90' lang='lat' dir='ltr'><strong>muta</strong></span> <span class='ocrx_word' id='word_1_259' title='bbox 309 1921 448 1980; x_wconf 87' lang='lat' dir='ltr'><strong>animalia</strong></span> <span class='ocrx_word' id='word_1_260' title='bbox 470 1929 499 1980; x_wconf 91' lang='lat' dir='ltr'><strong>et</strong></span> <span class='ocrx_word' id='word_1_261' title='bbox 519 1922 648 1980; x_wconf 86' lang='lat' dir='ltr'><strong>terarum</strong></span> <span class='ocrx_word' id='word_1_262' title='bbox 676 1937 776 1995; x_wconf 79' lang='lat' dir='ltr'><strong>greges</strong></span> <span class='ocrx_word' id='word_1_263' title='bbox 807 1920 941 1979; x_wconf 87' lang='lat' dir='ltr'><strong>ductores</strong></span> <span class='ocrx_word' id='word_1_264' title='bbox 993 1931 1050 1981; x_wconf 88' lang='lat' dir='ltr'><strong>tem</strong></span> <span class='ocrx_word' id='word_1_265' title='bbox 1064 1923 1168 1980; x_wconf 87' lang='lat' dir='ltr'><strong>viduas</strong></span> <span class='ocrx_word' id='word_1_266' title='bbox 1183 1921 1279 1980; x_wconf 87' lang='lat' dir='ltr'><strong>devita</strong></span> <span class='ocrx_word' id='word_1_267' title='bbox 1299 1922 1333 1994; x_wconf 86' lang='lat' dir='ltr'><strong>(l.</strong></span> <span class='ocrx_word' id='word_1_268' title='bbox 1352 1925 1419 1979; x_wconf 81' lang='grc' dir='ltr'>ιιιι.</span> <span class='ocrx_word' id='word_1_269' title='bbox 1444 1938 1473 1993; x_wconf 88' lang='grc' dir='ltr'><strong>ι,</strong></span> <span class='ocrx_word' id='word_1_270' title='bbox 1498 1925 1564 1991; x_wconf 78' lang='grc'><strong>9).»</strong></span> <span class='ocrx_word' id='word_1_271' title='bbox 1589 1926 1668 1982; x_wconf 86' lang='lat' dir='ltr'><strong>tuem</strong></span> <span class='ocrx_word' id='word_1_272' title='bbox 1694 1939 1722 1983; x_wconf 86' lang='lat' dir='ltr'><strong>st</strong></span> 
     </span>
     <span class='ocr_line' id='line_1_22' title="bbox 90 2010 1721 2086; baseline -0.001 -14"><span class='ocrx_word' id='word_1_273' title='bbox 90 2020 342 2086; x_wconf 73' lang='lat' dir='ltr'><strong>mquuutmsuos.</strong></span> <span class='ocrx_word' id='word_1_274' title='bbox 370 2012 403 2068; x_wconf 92' lang='lat' dir='ltr'><strong>ln</strong></span> <span class='ocrx_word' id='word_1_275' title='bbox 422 2011 527 2084; x_wconf 87' lang='lat' dir='ltr'><strong>apibus</strong></span> <span class='ocrx_word' id='word_1_276' title='bbox 542 2025 630 2069; x_wconf 90' lang='lat' dir='ltr'><strong>unam</strong></span> <span class='ocrx_word' id='word_1_277' title='bbox 644 2013 852 2083; x_wconf 83' lang='lat' dir='ltr'><strong>praecedentem</strong></span> <span class='ocrx_word' id='word_1_278' title='bbox 876 2010 940 2068; x_wconf 90' lang='lat' dir='ltr'><strong>reli·</strong></span> <span class='ocrx_word' id='word_1_279' title='bbox 992 2011 1170 2079; x_wconf 86' lang='lat' dir='ltr'><strong>diaconissis,</strong></span> <span class='ocrx_word' id='word_1_280' title='bbox 1203 2025 1270 2068; x_wconf 92' lang='lat' dir='ltr'><strong>cum</strong></span> <span class='ocrx_word' id='word_1_281' title='bbox 1285 2012 1371 2068; x_wconf 91' lang='lat' dir='ltr'><strong>etiam</strong></span> <span class='ocrx_word' id='word_1_282' title='bbox 1398 2013 1586 2070; x_wconf 84' lang='lat' dir='ltr'><strong>diaconorum</strong></span> <span class='ocrx_word' id='word_1_283' title='bbox 1605 2013 1721 2071; x_wconf 90' lang='lat' dir='ltr'><strong>institue</strong></span> 
     </span>
     <span class='ocr_line' id='line_1_23' title="bbox 91 2098 1722 2176; baseline -0.001 -15"><span class='ocrx_word' id='word_1_284' title='bbox 91 2116 158 2176; x_wconf 79' lang='lat' dir='ltr'><strong>qua</strong></span> <span class='ocrx_word' id='word_1_285' title='bbox 186 2102 418 2173; x_wconf 85' lang='lat' dir='ltr'><strong>subsequuntur.</strong></span> <span class='ocrx_word' id='word_1_286' title='bbox 433 2101 523 2157; x_wconf 84' lang='lat' dir='ltr'><strong>Grues</strong></span> <span class='ocrx_word' id='word_1_287' title='bbox 538 2114 631 2157; x_wconf 90' lang='lat' dir='ltr'><strong>unum</strong></span> <span class='ocrx_word' id='word_1_288' title='bbox 657 2107 823 2172; x_wconf 84' lang='lat' dir='ltr'><strong>sequuntur</strong></span> <span class='ocrx_word' id='word_1_289' title='bbox 837 2098 939 2156; x_wconf 87' lang='lat' dir='ltr'><strong>ordine</strong></span> <span class='ocrx_word' id='word_1_290' title='bbox 991 2108 1078 2159; x_wconf 75' lang='lat' dir='ltr'><strong>em:</strong></span> <span class='ocrx_word' id='word_1_291' title='bbox 1106 2121 1118 2151; x_wconf 81' lang='grc' dir='ltr'><strong>ι</strong></span> <span class='ocrx_word' id='word_1_292' title='bbox 1146 2100 1289 2163; x_wconf 82' lang='lat' dir='ltr'><strong>Mulieres,</strong></span> <span class='ocrx_word' id='word_1_293' title='bbox 1320 2100 1425 2172; x_wconf 83' lang='lat' dir='ltr'><strong>inquit,</strong></span> <span class='ocrx_word' id='word_1_294' title='bbox 1459 2102 1590 2160; x_wconf 85' lang='lat' dir='ltr'><strong>similiter</strong></span> <span class='ocrx_word' id='word_1_295' title='bbox 1618 2104 1722 2173; x_wconf 91' lang='lat' dir='ltr'><strong>pudica</strong></span> 
     </span>
     <span class='ocr_line' id='line_1_24' title="bbox 91 2186 1722 2262; baseline -0.002 -12"><span class='ocrx_word' id='word_1_296' title='bbox 91 2190 228 2250; x_wconf 91' lang='lat' dir='ltr'><strong>litterato.</strong></span> <span class='ocrx_word' id='word_1_297' title='bbox 255 2190 413 2262; x_wconf 88' lang='lat' dir='ltr'><strong>imperator</strong></span> <span class='ocrx_word' id='word_1_298' title='bbox 437 2203 525 2257; x_wconf 90' lang='lat' dir='ltr'><strong>unus,</strong></span> <span class='ocrx_word' id='word_1_299' title='bbox 554 2189 646 2260; x_wconf 82' lang='lat' dir='ltr'><strong>judex</strong></span> <span class='ocrx_word' id='word_1_300' title='bbox 668 2203 746 2245; x_wconf 90' lang='lat' dir='ltr'><strong>unus</strong></span> <span class='ocrx_word' id='word_1_301' title='bbox 776 2186 939 2259; x_wconf 76' lang='lat' dir='ltr'><strong>provincie.</strong></span> <span class='ocrx_word' id='word_1_302' title='bbox 992 2189 1183 2257; x_wconf 89' lang='lat' dir='ltr'><strong>detrabentes,</strong></span> <span class='ocrx_word' id='word_1_303' title='bbox 1224 2189 1342 2253; x_wconf 88' lang='lat' dir='ltr'><strong>sobrias,</strong></span> <span class='ocrx_word' id='word_1_304' title='bbox 1374 2189 1471 2246; x_wconf 89' lang='lat' dir='ltr'><strong>lideies</strong></span> <span class='ocrx_word' id='word_1_305' title='bbox 1506 2192 1533 2246; x_wconf 92' lang='lat' dir='ltr'><strong>in</strong></span> <span class='ocrx_word' id='word_1_306' title='bbox 1556 2192 1722 2260; x_wconf 74' lang='lat' dir='ltr'><strong>omnibus&lt;</strong></span> 
     </span>
     <span class='ocr_line' id='line_1_25' title="bbox 91 2276 1719 2351; baseline -0.001 -11"><span class='ocrx_word' id='word_1_307' title='bbox 91 2281 183 2340; x_wconf 82' lang='lat' dir='ltr'><strong>Roma</strong></span> <span class='ocrx_word' id='word_1_308' title='bbox 200 2288 233 2338; x_wconf 89' lang='lat' dir='ltr'><strong>nt</strong></span> <span class='ocrx_word' id='word_1_309' title='bbox 253 2278 370 2337; x_wconf 91' lang='lat' dir='ltr'><strong>condita</strong></span> <span class='ocrx_word' id='word_1_310' title='bbox 391 2284 434 2335; x_wconf 90' lang='grc' dir='ltr'><strong>ιιι</strong></span> <span class='ocrx_word' id='word_1_311' title='bbox 450 2278 523 2336; x_wconf 91' lang='lat' dir='ltr'><strong>duos</strong></span> <span class='ocrx_word' id='word_1_312' title='bbox 545 2278 649 2335; x_wconf 84' lang='lat' dir='ltr'><strong>iratres</strong></span> <span class='ocrx_word' id='word_1_313' title='bbox 668 2277 755 2334; x_wconf 90' lang='lat' dir='ltr'><strong>simul</strong></span> <span class='ocrx_word' id='word_1_314' title='bbox 777 2276 939 2334; x_wconf 89' lang='lat' dir='ltr'><strong>haberere·</strong></span> <span class='ocrx_word' id='word_1_315' title='bbox 990 2294 1032 2347; x_wconf 89' lang='grc' dir='ltr'>ιιι,</span> <span class='ocrx_word' id='word_1_316' title='bbox 1068 2279 1152 2349; x_wconf 76' lang='lat' dir='ltr'><strong>tlt.»</strong></span> <span class='ocrx_word' id='word_1_317' title='bbox 1180 2278 1249 2346; x_wconf 74' lang='grc' dir='ltr'>(ιιι</span> <span class='ocrx_word' id='word_1_318' title='bbox 1275 2278 1393 2349; x_wconf 86' lang='lat' dir='ltr'><strong>quidem</strong></span> <span class='ocrx_word' id='word_1_319' title='bbox 1427 2279 1525 2336; x_wconf 89' lang='lat' dir='ltr'><strong>omnia</strong></span> <span class='ocrx_word' id='word_1_320' title='bbox 1547 2281 1618 2351; x_wconf 85' lang='lat' dir='ltr'><strong>quid</strong></span> <span class='ocrx_word' id='word_1_321' title='bbox 1639 2280 1719 2338; x_wconf 88' lang='lat' dir='ltr'><strong>intell</strong></span> 
     </span>
     <span class='ocr_line' id='line_1_26' title="bbox 91 2358 1722 2444; baseline -0.002 -16"><span class='ocrx_word' id='word_1_322' title='bbox 91 2383 212 2444; x_wconf 86' lang='lat' dir='ltr'><strong>gesnon</strong></span> <span class='ocrx_word' id='word_1_323' title='bbox 226 2367 331 2441; x_wconf 90' lang='lat' dir='ltr'><strong>potuit,</strong></span> <span class='ocrx_word' id='word_1_324' title='bbox 346 2374 374 2424; x_wconf 92' lang='lat' dir='ltr'><strong>et</strong></span> <span class='ocrx_word' id='word_1_325' title='bbox 392 2364 548 2437; x_wconf 91' lang='lat' dir='ltr'><strong>parricidio</strong></span> <span class='ocrx_word' id='word_1_326' title='bbox 571 2363 730 2421; x_wconf 77' lang='lat' dir='ltr'><strong>dedicatur.</strong></span> <span class='ocrx_word' id='word_1_327' title='bbox 755 2364 790 2421; x_wconf 93' lang='lat' dir='ltr'><strong>ln</strong></span> <span class='ocrx_word' id='word_1_328' title='bbox 804 2363 938 2420; x_wconf 82' lang='lat' dir='ltr'><strong>Rebeccae</strong></span> <span class='ocrx_word' id='word_1_329' title='bbox 990 2369 1035 2425; x_wconf 89' lang='lat' dir='ltr'><strong>vel</strong></span> <span class='ocrx_word' id='word_1_330' title='bbox 1050 2367 1171 2424; x_wconf 90' lang='lat' dir='ltr'><strong>rationis</strong></span> <span class='ocrx_word' id='word_1_331' title='bbox 1185 2367 1309 2424; x_wconf 87' lang='lat' dir='ltr'><strong>habeant</strong></span> <span class='ocrx_word' id='word_1_332' title='bbox 1338 2372 1481 2438; x_wconf 87' lang='lat' dir='ltr'><strong>quantum</strong></span> <span class='ocrx_word' id='word_1_333' title='bbox 1503 2358 1690 2437; x_wconf 80' lang='lat' dir='ltr'><strong>aestimamus,</strong></span> <span class='ocrx_word' id='word_1_334' title='bbox 1717 2385 1722 2424; x_wconf 87' lang='grc' dir='ltr'><strong>ι</strong></span> 
     </span>
     <span class='ocr_line' id='line_1_27' title="bbox 91 2449 1722 2528; baseline -0.001 -14"><span class='ocrx_word' id='word_1_335' title='bbox 91 2467 174 2519; x_wconf 87' lang='lat' dir='ltr'><strong>utero</strong></span> <span class='ocrx_word' id='word_1_336' title='bbox 187 2458 267 2516; x_wconf 78' lang='lat' dir='ltr'><strong>Esau</strong></span> <span class='ocrx_word' id='word_1_337' title='bbox 284 2463 313 2513; x_wconf 87' lang='lat' dir='ltr'><strong>at</strong></span> <span class='ocrx_word' id='word_1_338' title='bbox 337 2453 426 2512; x_wconf 82' lang='lat' dir='ltr'><strong>iacob</strong></span> <span class='ocrx_word' id='word_1_339' title='bbox 445 2452 694 2526; x_wconf 85' lang='lat' dir='ltr'><strong>bellagesserttnt.</strong></span> <span class='ocrx_word' id='word_1_340' title='bbox 722 2450 833 2524; x_wconf 75' lang='lat' dir='ltr'><strong>Singuli</strong></span> <span class='ocrx_word' id='word_1_341' title='bbox 847 2449 935 2508; x_wconf 73' lang='lat' dir='ltr'><strong>eccle·</strong></span> <span class='ocrx_word' id='word_1_342' title='bbox 991 2457 1168 2528; x_wconf 78' lang='lat' dir='ltr'><strong>praecedente</strong></span> <span class='ocrx_word' id='word_1_343' title='bbox 1193 2463 1289 2512; x_wconf 87' lang='lat' dir='ltr'><strong>nostra</strong></span> <span class='ocrx_word' id='word_1_344' title='bbox 1314 2457 1384 2512; x_wconf 91' lang='lat' dir='ltr'><strong>satis</strong></span> <span class='ocrx_word' id='word_1_345' title='bbox 1410 2455 1608 2514; x_wconf 87' lang='lat' dir='ltr'><strong>disseruimus</strong></span> <span class='ocrx_word' id='word_1_346' title='bbox 1636 2457 1722 2513; x_wconf 86' lang='lat' dir='ltr'><strong>llaxir</strong></span> 
     </span>
     <span class='ocr_line' id='line_1_28' title="bbox 90 2520 1722 2617; baseline -0.009 0"><span class='ocrx_word' id='word_1_347' title='bbox 90 2547 202 2607; x_wconf 85' lang='lat' dir='ltr'><strong>siarum</strong></span> <span class='ocrx_word' id='word_1_348' title='bbox 216 2542 353 2617; x_wconf 89' lang='lat' dir='ltr'><strong>episcopi,</strong></span> <span class='ocrx_word' id='word_1_349' title='bbox 369 2542 477 2615; x_wconf 61' lang='lat' dir='ltr'><strong>sindili</strong></span> <span class='ocrx_word' id='word_1_350' title='bbox 493 2520 744 2613; x_wconf 46' lang='lat' dir='ltr'><strong>asssliiliffi&#39;biisslb</strong></span> <span class='ocrx_word' id='word_1_351' title='bbox 764 2540 873 2613; x_wconf 66' lang='lat' dir='ltr'><strong>Singuli</strong></span> <span class='ocrx_word' id='word_1_352' title='bbox 886 2553 936 2596; x_wconf 62' lang='grc' dir='ltr'><strong>ιι·</strong></span> <span class='ocrx_word' id='word_1_353' title='bbox 990 2563 1053 2605; x_wconf 92' lang='lat' dir='ltr'><strong>cam</strong></span> <span class='ocrx_word' id='word_1_354' title='bbox 1079 2545 1230 2617; x_wconf 81' lang='lat' dir='ltr'><strong>Apostolus</strong></span> <span class='ocrx_word' id='word_1_355' title='bbox 1257 2546 1346 2602; x_wconf 88' lang='lat' dir='ltr'><strong>unius</strong></span> <span class='ocrx_word' id='word_1_356' title='bbox 1375 2546 1430 2602; x_wconf 93' lang='lat' dir='ltr'><strong>viri</strong></span> <span class='ocrx_word' id='word_1_357' title='bbox 1458 2554 1485 2602; x_wconf 92' lang='lat' dir='ltr'><strong>et</strong></span> <span class='ocrx_word' id='word_1_358' title='bbox 1513 2555 1652 2616; x_wconf 76' lang='lat' dir='ltr'><strong>provecte</strong></span> <span class='ocrx_word' id='word_1_359' title='bbox 1676 2547 1722 2604; x_wconf 88' lang='lat' dir='ltr'><strong>vel</strong></span> 
     </span>
     <span class='ocr_line' id='line_1_29' title="bbox 91 2628 1722 2706; baseline -0.007 -9"><span class='ocrx_word' id='word_1_360' title='bbox 91 2635 265 2704; x_wconf 80' lang='lat' dir='ltr'><strong>ehtdiaeotti,</strong></span> <span class='ocrx_word' id='word_1_361' title='bbox 279 2642 308 2692; x_wconf 86' lang='lat' dir='ltr'><strong>el</strong></span> <span class='ocrx_word' id='word_1_362' title='bbox 328 2630 422 2691; x_wconf 77' lang='lat' dir='ltr'><strong>omnis</strong></span> <span class='ocrx_word' id='word_1_363' title='bbox 445 2631 515 2689; x_wconf 83' lang='lat' dir='ltr'><strong>ordo</strong></span> <span class='ocrx_word' id='word_1_364' title='bbox 536 2630 746 2689; x_wconf 84' lang='lat' dir='ltr'><strong>ecclesiasticus</strong></span> <span class='ocrx_word' id='word_1_365' title='bbox 770 2628 832 2687; x_wconf 82' lang='lat' dir='ltr'><strong>suis</strong></span> <span class='ocrx_word' id='word_1_366' title='bbox 845 2637 938 2687; x_wconf 87' lang='lat' dir='ltr'><strong>recto·</strong></span> <span class='ocrx_word' id='word_1_367' title='bbox 990 2637 1090 2694; x_wconf 82' lang='lat' dir='ltr'><strong>aetatis.</strong></span> <span class='ocrx_word' id='word_1_368' title='bbox 1120 2635 1201 2691; x_wconf 86' lang='lat' dir='ltr'><strong>Unde</strong></span> <span class='ocrx_word' id='word_1_369' title='bbox 1226 2649 1283 2690; x_wconf 89' lang='lat' dir='ltr'><strong>nen</strong></span> <span class='ocrx_word' id='word_1_370' title='bbox 1314 2633 1493 2691; x_wconf 81' lang='lat' dir='ltr'><strong>mediocriter</strong></span> <span class='ocrx_word' id='word_1_371' title='bbox 1517 2636 1660 2691; x_wconf 85' lang='lat' dir='ltr'><strong>miramur</strong></span> <span class='ocrx_word' id='word_1_372' title='bbox 1687 2649 1722 2706; x_wconf 89' lang='lat' dir='ltr'><strong>qu</strong></span> 
     </span>
     <span class='ocr_line' id='line_1_30' title="bbox 91 2718 1722 2796; baseline -0.009 -8"><span class='ocrx_word' id='word_1_373' title='bbox 91 2728 176 2788; x_wconf 91' lang='lat' dir='ltr'><strong>ribus</strong></span> <span class='ocrx_word' id='word_1_374' title='bbox 201 2725 314 2784; x_wconf 90' lang='lat' dir='ltr'><strong>nititur.</strong></span> <span class='ocrx_word' id='word_1_375' title='bbox 337 2723 370 2779; x_wconf 94' lang='lat' dir='ltr'><strong>ln</strong></span> <span class='ocrx_word' id='word_1_376' title='bbox 390 2735 465 2779; x_wconf 87' lang='lat' dir='ltr'><strong>navo</strong></span> <span class='ocrx_word' id='word_1_377' title='bbox 491 2734 569 2778; x_wconf 91' lang='lat' dir='ltr'><strong>nnus</strong></span> <span class='ocrx_word' id='word_1_378' title='bbox 596 2721 780 2793; x_wconf 89' lang='lat' dir='ltr'><strong>gubernator.</strong></span> <span class='ocrx_word' id='word_1_379' title='bbox 796 2718 830 2775; x_wconf 94' lang='lat' dir='ltr'><strong>ln</strong></span> <span class='ocrx_word' id='word_1_380' title='bbox 854 2718 937 2774; x_wconf 92' lang='lat' dir='ltr'><strong>domo</strong></span> <span class='ocrx_word' id='word_1_381' title='bbox 991 2724 1151 2796; x_wconf 67' lang='lat' dir='ltr'><strong>perniciosa</strong></span> <span class='ocrx_word' id='word_1_382' title='bbox 1177 2722 1237 2779; x_wconf 64' lang='grc' dir='ltr'><strong>ιιι</strong></span> <span class='ocrx_word' id='word_1_383' title='bbox 1263 2724 1293 2778; x_wconf 83' lang='lat' dir='ltr'><strong>in</strong></span> <span class='ocrx_word' id='word_1_384' title='bbox 1317 2723 1444 2780; x_wconf 70' lang='lat' dir='ltr'><strong>Ecclesia</strong></span> <span class='ocrx_word' id='word_1_385' title='bbox 1463 2723 1641 2781; x_wconf 71' lang='lat' dir='ltr'><strong>consuetudo</strong></span> <span class='ocrx_word' id='word_1_386' title='bbox 1653 2723 1722 2781; x_wconf 72' lang='lat' dir='ltr'><strong>inola</strong></span> 
     </span>
     <span class='ocr_line' id='line_1_31' title="bbox 91 2806 1722 2885; baseline -0.004 -10"><span class='ocrx_word' id='word_1_387' title='bbox 91 2831 170 2879; x_wconf 92' lang='lat' dir='ltr'><strong>unus</strong></span> <span class='ocrx_word' id='word_1_388' title='bbox 187 2813 333 2873; x_wconf 87' lang='lat' dir='ltr'><strong>dominns.</strong></span> <span class='ocrx_word' id='word_1_389' title='bbox 361 2813 394 2869; x_wconf 92' lang='lat' dir='ltr'><strong>ln</strong></span> <span class='ocrx_word' id='word_1_390' title='bbox 410 2810 545 2883; x_wconf 88' lang='lat' dir='ltr'><strong>quamvis</strong></span> <span class='ocrx_word' id='word_1_391' title='bbox 572 2808 676 2881; x_wconf 91' lang='lat' dir='ltr'><strong>grandi</strong></span> <span class='ocrx_word' id='word_1_392' title='bbox 697 2807 826 2865; x_wconf 84' lang='lat' dir='ltr'><strong>exercitu</strong></span> <span class='ocrx_word' id='word_1_393' title='bbox 848 2806 937 2864; x_wconf 89' lang='lat' dir='ltr'><strong>unius</strong></span> <span class='ocrx_word' id='word_1_394' title='bbox 991 2829 1057 2885; x_wconf 82' lang='lat' dir='ltr'><strong>quae</strong></span> <span class='ocrx_word' id='word_1_395' title='bbox 1072 2812 1199 2884; x_wconf 86' lang='lat' dir='ltr'><strong>virgines</strong></span> <span class='ocrx_word' id='word_1_396' title='bbox 1213 2819 1282 2868; x_wconf 92' lang='lat' dir='ltr'><strong>sunt</strong></span> <span class='ocrx_word' id='word_1_397' title='bbox 1303 2814 1504 2883; x_wconf 80' lang='lat' dir='ltr'><strong>potiusquam</strong></span> <span class='ocrx_word' id='word_1_398' title='bbox 1524 2827 1591 2883; x_wconf 81' lang='lat' dir='ltr'><strong>que</strong></span> <span class='ocrx_word' id='word_1_399' title='bbox 1604 2812 1682 2869; x_wconf 91' lang='lat' dir='ltr'><strong>viros</strong></span> <span class='ocrx_word' id='word_1_400' title='bbox 1697 2827 1722 2871; x_wconf 85' lang='grc' dir='ltr'><strong>ιι</strong></span> 
     </span>
     <span class='ocr_line' id='line_1_32' title="bbox 90 2872 1722 2981; baseline -0.006 -15"><span class='ocrx_word' id='word_1_401' title='bbox 90 2908 209 2981; x_wconf 89' lang='lat' dir='ltr'><strong>signum</strong></span> <span class='ocrx_word' id='word_1_402' title='bbox 229 2910 385 2976; x_wconf 86' lang='lat' dir='ltr'><strong>spectatur.</strong></span> <span class='ocrx_word' id='word_1_403' title='bbox 415 2899 469 2957; x_wconf 84' lang='lat' dir='ltr'><strong>Per</strong></span> <span class='ocrx_word' id='word_1_404' title='bbox 494 2899 556 2955; x_wconf 80' lang='lat' dir='ltr'><strong>bec</strong></span> <span class='ocrx_word' id='word_1_405' title='bbox 576 2895 674 2954; x_wconf 91' lang='lat' dir='ltr'><strong>omnia</strong></span> <span class='ocrx_word' id='word_1_406' title='bbox 701 2896 737 2953; x_wconf 92' lang='lat' dir='ltr'><strong>ad</strong></span> <span class='ocrx_word' id='word_1_407' title='bbox 753 2895 822 2953; x_wconf 87' lang='lat' dir='ltr'><strong>illud</strong></span> <span class='ocrx_word' id='word_1_408' title='bbox 844 2895 936 2952; x_wconf 91' lang='lat' dir='ltr'><strong>tendit</strong></span> <span class='ocrx_word' id='word_1_409' title='bbox 952 2872 973 2929; x_wconf 73' lang='lat' dir='ltr'>C</span> <span class='ocrx_word' id='word_1_410' title='bbox 989 2912 1060 2961; x_wconf 91' lang='lat' dir='ltr'><strong>runt</strong></span> <span class='ocrx_word' id='word_1_411' title='bbox 1084 2901 1120 2956; x_wconf 91' lang='lat' dir='ltr'><strong>ad</strong></span> <span class='ocrx_word' id='word_1_412' title='bbox 1148 2901 1201 2957; x_wconf 86' lang='lat' dir='ltr'><strong>boc</strong></span> <span class='ocrx_word' id='word_1_413' title='bbox 1222 2900 1377 2972; x_wconf 85' lang='lat' dir='ltr'><strong>eligantur.</strong></span> <span class='ocrx_word' id='word_1_414' title='bbox 1403 2908 1431 2958; x_wconf 93' lang='lat' dir='ltr'><strong>et</strong></span> <span class='ocrx_word' id='word_1_415' title='bbox 1452 2902 1618 2972; x_wconf 82' lang='lat' dir='ltr'><strong>trequentar</strong></span> <span class='ocrx_word' id='word_1_416' title='bbox 1637 2901 1722 2972; x_wconf 82' lang='lat' dir='ltr'><strong>junio</strong></span> 
     </span>
     <span class='ocr_line' id='line_1_33' title="bbox 89 2985 1722 3064; baseline -0.009 -9"><span class='ocrx_word' id='word_1_417' title='bbox 89 2995 192 3064; x_wconf 89' lang='lat' dir='ltr'><strong>oratio,</strong></span> <span class='ocrx_word' id='word_1_418' title='bbox 217 2992 378 3051; x_wconf 87' lang='lat' dir='ltr'><strong>utdoceam</strong></span> <span class='ocrx_word' id='word_1_419' title='bbox 396 2996 423 3046; x_wconf 89' lang='lat' dir='ltr'><strong>te</strong></span> <span class='ocrx_word' id='word_1_420' title='bbox 437 3001 496 3044; x_wconf 93' lang='lat' dir='ltr'><strong>non</strong></span> <span class='ocrx_word' id='word_1_421' title='bbox 510 2993 560 3044; x_wconf 91' lang='lat' dir='ltr'><strong>tuo</strong></span> <span class='ocrx_word' id='word_1_422' title='bbox 583 2985 703 3043; x_wconf 91' lang='lat' dir='ltr'><strong>arbitrio</strong></span> <span class='ocrx_word' id='word_1_423' title='bbox 722 2985 933 3054; x_wconf 89' lang='lat' dir='ltr'><strong>dimittendum,</strong></span> <span class='ocrx_word' id='word_1_424' title='bbox 988 2990 1118 3049; x_wconf 79' lang='lat' dir='ltr'><strong>niortbus</strong></span> <span class='ocrx_word' id='word_1_425' title='bbox 1155 2988 1361 3059; x_wconf 74' lang='lat' dir='ltr'><strong>praeripiantur.</strong></span> <span class='ocrx_word' id='word_1_426' title='bbox 1405 2989 1478 3046; x_wconf 74' lang='lat' dir='ltr'><strong>cum</strong></span> <span class='ocrx_word' id='word_1_427' title='bbox 1518 2997 1615 3047; x_wconf 76' lang='lat' dir='ltr'><strong>tamen</strong></span> <span class='ocrx_word' id='word_1_428' title='bbox 1654 2989 1722 3047; x_wconf 78' lang='grc' dir='ltr'>ιιιιιι</span> 
     </span>
     <span class='ocr_line' id='line_1_34' title="bbox 88 3072 1722 3153; baseline -0.005 -11"><span class='ocrx_word' id='word_1_429' title='bbox 88 3085 139 3143; x_wconf 85' lang='lat' dir='ltr'><strong>aed</strong></span> <span class='ocrx_word' id='word_1_430' title='bbox 154 3083 254 3141; x_wconf 89' lang='lat' dir='ltr'><strong>vivere</strong></span> <span class='ocrx_word' id='word_1_431' title='bbox 268 3079 372 3137; x_wconf 85' lang='lat' dir='ltr'><strong>debere</strong></span> <span class='ocrx_word' id='word_1_432' title='bbox 400 3078 430 3133; x_wconf 91' lang='lat' dir='ltr'><strong>in</strong></span> <span class='ocrx_word' id='word_1_433' title='bbox 453 3076 631 3153; x_wconf 88' lang='lat' dir='ltr'><strong>monasterio</strong></span> <span class='ocrx_word' id='word_1_434' title='bbox 645 3074 700 3131; x_wconf 92' lang='lat' dir='ltr'><strong>sub</strong></span> <span class='ocrx_word' id='word_1_435' title='bbox 725 3074 815 3132; x_wconf 89' lang='lat' dir='ltr'><strong>unius</strong></span> <span class='ocrx_word' id='word_1_436' title='bbox 847 3072 934 3130; x_wconf 90' lang='lat' dir='ltr'><strong>disci·</strong></span> <span class='ocrx_word' id='word_1_437' title='bbox 987 3077 1063 3134; x_wconf 92' lang='lat' dir='ltr'><strong>dicat</strong></span> <span class='ocrx_word' id='word_1_438' title='bbox 1079 3093 1086 3130; x_wconf 91' lang='lat'>:</span> <span class='ocrx_word' id='word_1_439' title='bbox 1104 3096 1115 3125; x_wconf 75' lang='grc' dir='ltr'><strong>ι</strong></span> <span class='ocrx_word' id='word_1_440' title='bbox 1135 3076 1183 3134; x_wconf 86' lang='lat' dir='ltr'><strong>Vae</strong></span> <span class='ocrx_word' id='word_1_441' title='bbox 1198 3077 1259 3144; x_wconf 91' lang='lat' dir='ltr'><strong>tibi,</strong></span> <span class='ocrx_word' id='word_1_442' title='bbox 1270 3085 1347 3133; x_wconf 88' lang='lat' dir='ltr'><strong>terra</strong></span> <span class='ocrx_word' id='word_1_443' title='bbox 1360 3076 1445 3148; x_wconf 81' lang='lat' dir='ltr'><strong>cuius</strong></span> <span class='ocrx_word' id='word_1_444' title='bbox 1459 3090 1510 3134; x_wconf 84' lang='lat' dir='ltr'><strong>rex</strong></span> <span class='ocrx_word' id='word_1_445' title='bbox 1527 3091 1600 3149; x_wconf 91' lang='lat' dir='ltr'><strong>puer</strong></span> <span class='ocrx_word' id='word_1_446' title='bbox 1617 3085 1661 3134; x_wconf 91' lang='lat' dir='ltr'><strong>est</strong></span> <span class='ocrx_word' id='word_1_447' title='bbox 1675 3076 1722 3148; x_wconf 78' lang='lat' dir='ltr'><strong>(nc</strong></span> 
     </span>
     <span class='ocr_line' id='line_1_35' title="bbox 87 3163 1719 3246; baseline -0.006 -17"><span class='ocrx_word' id='word_1_448' title='bbox 87 3173 169 3246; x_wconf 89' lang='lat' dir='ltr'><strong>plina</strong></span> <span class='ocrx_word' id='word_1_449' title='bbox 183 3168 276 3228; x_wconf 89' lang='lat' dir='ltr'><strong>Patris</strong></span> <span class='ocrx_word' id='word_1_450' title='bbox 288 3164 490 3237; x_wconf 86' lang='lat' dir='ltr'><strong>consortioque</strong></span> <span class='ocrx_word' id='word_1_451' title='bbox 505 3163 674 3221; x_wconf 92' lang='lat' dir='ltr'><strong>multorum.</strong></span> <span class='ocrx_word' id='word_1_452' title='bbox 689 3184 704 3213; x_wconf 86' lang='lat'><strong><em>»</em></strong></span> <span class='ocrx_word' id='word_1_453' title='bbox 989 3165 1032 3236; x_wconf 81' lang='lat'><strong>16)</strong></span> <span class='ocrx_word' id='word_1_454' title='bbox 1049 3180 1057 3219; x_wconf 75' lang='grc' dir='ltr'><strong>ι</strong></span> <span class='ocrx_word' id='word_1_455' title='bbox 1072 3184 1083 3213; x_wconf 76' lang='grc' dir='ltr'><strong>ι</strong></span> <span class='ocrx_word' id='word_1_456' title='bbox 1101 3165 1217 3220; x_wconf 83' lang='lat' dir='ltr'><strong>Etcum</strong></span> <span class='ocrx_word' id='word_1_457' title='bbox 1245 3164 1317 3220; x_wconf 90' lang='lat' dir='ltr'><strong>illud</strong></span> <span class='ocrx_word' id='word_1_458' title='bbox 1332 3164 1407 3220; x_wconf 91' lang='lat' dir='ltr'><strong>beati</strong></span> <span class='ocrx_word' id='word_1_459' title='bbox 1420 3163 1474 3220; x_wconf 87' lang='lat' dir='ltr'><strong>tob</strong></span> <span class='ocrx_word' id='word_1_460' title='bbox 1497 3178 1595 3221; x_wconf 91' lang='lat' dir='ltr'><strong>omnes</strong></span> <span class='ocrx_word' id='word_1_461' title='bbox 1610 3165 1719 3235; x_wconf 87' lang='lat' dir='ltr'><strong>pariter</strong></span> 
     </span>
    </p>

    <p class='ocr_par' dir='ltr' id='par_1_6' title="bbox 123 3251 1711 3331">
     <span class='ocr_line' id='line_1_36' title="bbox 123 3251 1711 3331; baseline -0.006 -13"><span class='ocrx_word' id='word_1_462' title='bbox 123 3260 160 3318; x_wconf 87' lang='lat' dir='ltr'><strong>Ut</strong></span> <span class='ocrx_word' id='word_1_463' title='bbox 183 3257 274 3331; x_wconf 90' lang='lat' dir='ltr'><strong>igitur</strong></span> <span class='ocrx_word' id='word_1_464' title='bbox 301 3256 331 3312; x_wconf 92' lang='lat' dir='ltr'><strong>in</strong></span> <span class='ocrx_word' id='word_1_465' title='bbox 357 3254 491 3312; x_wconf 89' lang='lat' dir='ltr'><strong>omnibus</strong></span> <span class='ocrx_word' id='word_1_466' title='bbox 516 3251 670 3309; x_wconf 88' lang='lat' dir='ltr'><strong>concordia</strong></span> <span class='ocrx_word' id='word_1_467' title='bbox 701 3251 813 3309; x_wconf 89' lang='lat' dir='ltr'><strong>servari</strong></span> <span class='ocrx_word' id='word_1_468' title='bbox 847 3251 935 3322; x_wconf 83' lang='lat' dir='ltr'><strong>possit</strong></span> <span class='ocrx_word' id='word_1_469' title='bbox 987 3252 1108 3309; x_wconf 87' lang='lat' dir='ltr'><strong>bemus:</strong></span> <span class='ocrx_word' id='word_1_470' title='bbox 1140 3271 1154 3300; x_wconf 80' lang='grc' dir='ltr'><strong>ι</strong></span> <span class='ocrx_word' id='word_1_471' title='bbox 1181 3253 1213 3307; x_wconf 95' lang='lat' dir='ltr'><strong>ln</strong></span> <span class='ocrx_word' id='word_1_472' title='bbox 1241 3251 1371 3323; x_wconf 85' lang='lat' dir='ltr'><strong>antiquis</strong></span> <span class='ocrx_word' id='word_1_473' title='bbox 1398 3260 1440 3310; x_wconf 88' lang='lat' dir='ltr'><strong>est</strong></span> <span class='ocrx_word' id='word_1_474' title='bbox 1460 3253 1612 3323; x_wconf 89' lang='lat' dir='ltr'><strong>sapientia,</strong></span> <span class='ocrx_word' id='word_1_475' title='bbox 1641 3251 1711 3310; x_wconf 92' lang='lat' dir='ltr'><strong>etin</strong></span> 
     </span>
    </p>

    <p class='ocr_par' dir='ltr' id='par_1_7' title="bbox 69 3339 1722 5468">
     <span class='ocr_line' id='line_1_37' title="bbox 87 3339 1722 3415; baseline -0.006 -8"><span class='ocrx_word' id='word_1_476' title='bbox 87 3361 178 3407; x_wconf 87' lang='lat' dir='ltr'><strong>unam</strong></span> <span class='ocrx_word' id='word_1_477' title='bbox 206 3345 342 3404; x_wconf 90' lang='lat' dir='ltr'><strong>omnibus</strong></span> <span class='ocrx_word' id='word_1_478' title='bbox 372 3356 491 3415; x_wconf 76' lang='lat' dir='ltr'><strong>preesse</strong></span> <span class='ocrx_word' id='word_1_479' title='bbox 518 3341 663 3407; x_wconf 89' lang='lat' dir='ltr'><strong>convenit,</strong></span> <span class='ocrx_word' id='word_1_480' title='bbox 692 3341 739 3397; x_wconf 91' lang='lat' dir='ltr'><strong>cni</strong></span> <span class='ocrx_word' id='word_1_481' title='bbox 768 3353 819 3411; x_wconf 92' lang='lat' dir='ltr'><strong>per</strong></span> <span class='ocrx_word' id='word_1_482' title='bbox 837 3339 946 3398; x_wconf 87' lang='lat' dir='ltr'><strong>omnia</strong></span> <span class='ocrx_word' id='word_1_483' title='bbox 986 3350 1115 3414; x_wconf 87' lang='lat' dir='ltr'><strong>tempore</strong></span> <span class='ocrx_word' id='word_1_484' title='bbox 1131 3342 1367 3413; x_wconf 79' lang='lat' dir='ltr'><strong>prudentiatlco.</strong></span> <span class='ocrx_word' id='word_1_485' title='bbox 1397 3357 1451 3411; x_wconf 82' lang='lat' dir='ltr'><strong>arr,</strong></span> <span class='ocrx_word' id='word_1_486' title='bbox 1470 3341 1548 3414; x_wconf 71' lang='lat' dir='ltr'><strong>lii·</strong></span> <span class='ocrx_word' id='word_1_487' title='bbox 1569 3343 1642 3398; x_wconf 86' lang='lat' dir='ltr'><strong>ilinc</strong></span> <span class='ocrx_word' id='word_1_488' title='bbox 1662 3349 1690 3399; x_wconf 91' lang='lat' dir='ltr'><strong>et</strong></span> <span class='ocrx_word' id='word_1_489' title='bbox 1714 3342 1722 3398; x_wconf 89' lang='lat' dir='ltr'><strong>i</strong></span> 
     </span>
     <span class='ocr_line' id='line_1_38' title="bbox 85 3427 1722 3503; baseline -0.005 -7"><span class='ocrx_word' id='word_1_490' title='bbox 85 3451 185 3497; x_wconf 88' lang='lat' dir='ltr'><strong>omnes</strong></span> <span class='ocrx_word' id='word_1_491' title='bbox 213 3434 359 3493; x_wconf 89' lang='lat' dir='ltr'><strong>obediant.</strong></span> <span class='ocrx_word' id='word_1_492' title='bbox 376 3432 436 3490; x_wconf 89' lang='lat' dir='ltr'><strong>Sub</strong></span> <span class='ocrx_word' id='word_1_493' title='bbox 460 3431 514 3488; x_wconf 91' lang='lat' dir='ltr'><strong>bac</strong></span> <span class='ocrx_word' id='word_1_494' title='bbox 530 3431 619 3488; x_wconf 88' lang='lat' dir='ltr'><strong>etiam</strong></span> <span class='ocrx_word' id='word_1_495' title='bbox 634 3428 719 3501; x_wconf 85' lang='lat' dir='ltr'><strong>quasi</strong></span> <span class='ocrx_word' id='word_1_496' title='bbox 746 3427 934 3502; x_wconf 80' lang='lat' dir='ltr'><strong>magistratus</strong></span> <span class='ocrx_word' id='word_1_497' title='bbox 986 3434 1092 3490; x_wconf 87' lang='lat' dir='ltr'><strong>verbiis</strong></span> <span class='ocrx_word' id='word_1_498' title='bbox 1110 3433 1249 3502; x_wconf 91' lang='lat' dir='ltr'><strong>scriptum</strong></span> <span class='ocrx_word' id='word_1_499' title='bbox 1271 3439 1336 3487; x_wconf 88' lang='lat' dir='ltr'><strong>est:</strong></span> <span class='ocrx_word' id='word_1_500' title='bbox 1356 3451 1367 3480; x_wconf 87' lang='lat'><strong>‹</strong></span> <span class='ocrx_word' id='word_1_501' title='bbox 1386 3431 1498 3487; x_wconf 84' lang='lat' dir='ltr'><strong>Corona</strong></span> <span class='ocrx_word' id='word_1_502' title='bbox 1523 3430 1673 3503; x_wconf 87' lang='lat' dir='ltr'><strong>dignitatis</strong></span> <span class='ocrx_word' id='word_1_503' title='bbox 1687 3443 1722 3487; x_wconf 88' lang='lat' dir='ltr'><strong>set</strong></span> 
     </span>
     <span class='ocr_line' id='line_1_39' title="bbox 84 3517 1722 3599; baseline -0.008 -15"><span class='ocrx_word' id='word_1_504' title='bbox 84 3524 227 3599; x_wconf 85' lang='lat' dir='ltr'><strong>quosdam</strong></span> <span class='ocrx_word' id='word_1_505' title='bbox 250 3521 406 3582; x_wconf 91' lang='lat' dir='ltr'><strong>nonnullas</strong></span> <span class='ocrx_word' id='word_1_506' title='bbox 430 3520 502 3576; x_wconf 90' lang='lat' dir='ltr'><strong>alias</strong></span> <span class='ocrx_word' id='word_1_507' title='bbox 527 3532 675 3590; x_wconf 85' lang='lat' dir='ltr'><strong>personas,</strong></span> <span class='ocrx_word' id='word_1_508' title='bbox 696 3525 782 3589; x_wconf 87' lang='lat' dir='ltr'><strong>prout</strong></span> <span class='ocrx_word' id='word_1_509' title='bbox 801 3517 862 3588; x_wconf 88' lang='lat' dir='ltr'><strong>ipsa</strong></span> <span class='ocrx_word' id='word_1_510' title='bbox 887 3519 933 3574; x_wconf 85' lang='grc' dir='ltr'><strong>ιιι</strong></span> <span class='ocrx_word' id='word_1_511' title='bbox 986 3538 1052 3594; x_wconf 81' lang='lat' dir='ltr'><strong>quaa</strong></span> <span class='ocrx_word' id='word_1_512' title='bbox 1068 3523 1096 3577; x_wconf 92' lang='lat' dir='ltr'><strong>in</strong></span> <span class='ocrx_word' id='word_1_513' title='bbox 1112 3521 1167 3577; x_wconf 89' lang='lat' dir='ltr'><strong>viis</strong></span> <span class='ocrx_word' id='word_1_514' title='bbox 1178 3519 1299 3591; x_wconf 80' lang='lat' dir='ltr'><strong>justitie</strong></span> <span class='ocrx_word' id='word_1_515' title='bbox 1312 3517 1470 3589; x_wconf 88' lang='lat' dir='ltr'><strong>reperietur</strong></span> <span class='ocrx_word' id='word_1_516' title='bbox 1484 3519 1576 3591; x_wconf 81' lang='lat' dir='ltr'><strong>(Prae.</strong></span> <span class='ocrx_word' id='word_1_517' title='bbox 1610 3534 1669 3587; x_wconf 79' lang='lat' dir='ltr'><strong>avr,</strong></span> <span class='ocrx_word' id='word_1_518' title='bbox 1697 3520 1722 3574; x_wconf 78' lang='lat' dir='ltr'><strong>et</strong></span> 
     </span>
     <span class='ocr_line' id='line_1_40' title="bbox 83 3605 1721 3685; baseline -0.006 -12"><span class='ocrx_word' id='word_1_519' title='bbox 83 3614 216 3685; x_wconf 89' lang='lat' dir='ltr'><strong>creverit,</strong></span> <span class='ocrx_word' id='word_1_520' title='bbox 232 3611 367 3672; x_wconf 89' lang='lat' dir='ltr'><strong>constitui</strong></span> <span class='ocrx_word' id='word_1_521' title='bbox 395 3615 513 3682; x_wconf 87' lang='lat' dir='ltr'><strong>oportet.</strong></span> <span class='ocrx_word' id='word_1_522' title='bbox 538 3607 606 3675; x_wconf 85' lang='lat' dir='ltr'><strong>Quae</strong></span> <span class='ocrx_word' id='word_1_523' title='bbox 621 3605 844 3678; x_wconf 83' lang='lat' dir='ltr'><strong>quibusolllciis</strong></span> <span class='ocrx_word' id='word_1_524' title='bbox 867 3607 930 3677; x_wconf 91' lang='lat' dir='ltr'><strong>ipsa</strong></span> <span class='ocrx_word' id='word_1_525' title='bbox 986 3612 1015 3668; x_wconf 95' lang='lat' dir='ltr'><strong>in</strong></span> <span class='ocrx_word' id='word_1_526' title='bbox 1036 3610 1233 3667; x_wconf 81' lang='lat' dir='ltr'><strong>Ecclesiastico</strong></span> <span class='ocrx_word' id='word_1_527' title='bbox 1250 3625 1256 3663; x_wconf 92' lang='lat'>:</span> <span class='ocrx_word' id='word_1_528' title='bbox 1273 3628 1288 3659; x_wconf 72' lang='lat' dir='ltr'><strong>a</strong></span> <span class='ocrx_word' id='word_1_529' title='bbox 1316 3607 1407 3675; x_wconf 85' lang='lat' dir='ltr'><strong>Quam</strong></span> <span class='ocrx_word' id='word_1_530' title='bbox 1433 3608 1592 3679; x_wconf 90' lang='lat' dir='ltr'><strong>speciosum</strong></span> <span class='ocrx_word' id='word_1_531' title='bbox 1616 3607 1721 3664; x_wconf 91' lang='lat' dir='ltr'><strong>canitie</strong></span> 
     </span>
     <span class='ocr_line' id='line_1_41' title="bbox 82 3696 1722 3777; baseline -0.007 -15"><span class='ocrx_word' id='word_1_532' title='bbox 82 3703 259 3777; x_wconf 76' lang='lat' dir='ltr'><strong>preceperit,</strong></span> <span class='ocrx_word' id='word_1_533' title='bbox 274 3709 303 3760; x_wconf 91' lang='lat' dir='ltr'><strong>et</strong></span> <span class='ocrx_word' id='word_1_534' title='bbox 319 3707 463 3772; x_wconf 85' lang='lat' dir='ltr'><strong>quantum</strong></span> <span class='ocrx_word' id='word_1_535' title='bbox 481 3696 603 3756; x_wconf 89' lang='lat' dir='ltr'><strong>volucrit</strong></span> <span class='ocrx_word' id='word_1_536' title='bbox 617 3697 746 3768; x_wconf 79' lang='lat' dir='ltr'><strong>presint,</strong></span> <span class='ocrx_word' id='word_1_537' title='bbox 771 3703 802 3754; x_wconf 90' lang='lat' dir='ltr'><strong>ut</strong></span> <span class='ocrx_word' id='word_1_538' title='bbox 817 3696 874 3753; x_wconf 89' lang='lat' dir='ltr'><strong>sint</strong></span> <span class='ocrx_word' id='word_1_539' title='bbox 884 3696 927 3752; x_wconf 91' lang='lat' dir='ltr'><strong>vi·</strong></span> <span class='ocrx_word' id='word_1_540' title='bbox 984 3702 1074 3770; x_wconf 91' lang='lat' dir='ltr'><strong>cium,</strong></span> <span class='ocrx_word' id='word_1_541' title='bbox 1088 3708 1116 3756; x_wconf 93' lang='grc' dir='ltr'><strong>ιι</strong></span> <span class='ocrx_word' id='word_1_542' title='bbox 1135 3712 1152 3755; x_wconf 92' lang='grc' dir='ltr'><strong>ι</strong></span> <span class='ocrx_word' id='word_1_543' title='bbox 1169 3697 1340 3768; x_wconf 87' lang='lat' dir='ltr'><strong>presbyteria</strong></span> <span class='ocrx_word' id='word_1_544' title='bbox 1354 3711 1525 3769; x_wconf 86' lang='lat' dir='ltr'><strong>cognoscere</strong></span> <span class='ocrx_word' id='word_1_545' title='bbox 1557 3697 1722 3754; x_wconf 91' lang='lat' dir='ltr'><strong>consilium.</strong></span> 
     </span>
     <span class='ocr_line' id='line_1_42' title="bbox 81 3785 1722 3863; baseline -0.006 -12"><span class='ocrx_word' id='word_1_546' title='bbox 81 3791 182 3851; x_wconf 87' lang='lat' dir='ltr'><strong>delicet</strong></span> <span class='ocrx_word' id='word_1_547' title='bbox 209 3791 271 3850; x_wconf 84' lang='lat' dir='ltr'><strong>istae</strong></span> <span class='ocrx_word' id='word_1_548' title='bbox 295 3790 379 3863; x_wconf 87' lang='lat' dir='ltr'><strong>qnasi</strong></span> <span class='ocrx_word' id='word_1_549' title='bbox 404 3788 492 3846; x_wconf 88' lang='lat' dir='ltr'><strong>duces</strong></span> <span class='ocrx_word' id='word_1_550' title='bbox 518 3786 562 3844; x_wconf 91' lang='lat' dir='ltr'><strong>vel</strong></span> <span class='ocrx_word' id='word_1_551' title='bbox 590 3785 723 3842; x_wconf 89' lang='lat' dir='ltr'><strong>consules</strong></span> <span class='ocrx_word' id='word_1_552' title='bbox 742 3785 773 3841; x_wconf 92' lang='lat' dir='ltr'><strong>in</strong></span> <span class='ocrx_word' id='word_1_553' title='bbox 799 3785 928 3842; x_wconf 80' lang='lat' dir='ltr'><strong>exercitu</strong></span> <span class='ocrx_word' id='word_1_554' title='bbox 984 3791 1112 3860; x_wconf 88' lang='lat' dir='ltr'><strong>speciosa</strong></span> <span class='ocrx_word' id='word_1_555' title='bbox 1123 3787 1250 3844; x_wconf 89' lang='lat' dir='ltr'><strong>veterani</strong></span> <span class='ocrx_word' id='word_1_556' title='bbox 1267 3786 1418 3857; x_wconf 86' lang='lat' dir='ltr'><strong>sapientia,</strong></span> <span class='ocrx_word' id='word_1_557' title='bbox 1434 3795 1462 3843; x_wconf 92' lang='lat' dir='ltr'><strong>et</strong></span> <span class='ocrx_word' id='word_1_558' title='bbox 1492 3786 1634 3858; x_wconf 88' lang='lat' dir='ltr'><strong>gloriosus</strong></span> <span class='ocrx_word' id='word_1_559' title='bbox 1658 3785 1722 3843; x_wconf 90' lang='lat' dir='ltr'><strong>intel</strong></span> 
     </span>
     <span class='ocr_line' id='line_1_43' title="bbox 81 3875 1722 3954; baseline -0.006 -14"><span class='ocrx_word' id='word_1_560' title='bbox 81 3881 244 3954; x_wconf 86' lang='lat' dir='ltr'><strong>Dominico3</strong></span> <span class='ocrx_word' id='word_1_561' title='bbox 271 3880 392 3951; x_wconf 83' lang='lat' dir='ltr'><strong>relique</strong></span> <span class='ocrx_word' id='word_1_562' title='bbox 411 3886 509 3936; x_wconf 90' lang='lat' dir='ltr'><strong>autom</strong></span> <span class='ocrx_word' id='word_1_563' title='bbox 536 3889 636 3933; x_wconf 91' lang='lat' dir='ltr'><strong>omnes</strong></span> <span class='ocrx_word' id='word_1_564' title='bbox 659 3883 799 3946; x_wconf 88' lang='lat' dir='ltr'><strong>tanquam</strong></span> <span class='ocrx_word' id='word_1_565' title='bbox 826 3875 931 3932; x_wconf 92' lang='lat' dir='ltr'><strong>milites</strong></span> <span class='ocrx_word' id='word_1_566' title='bbox 983 3891 1009 3936; x_wconf 91' lang='grc' dir='ltr'><strong>ιι</strong></span> <span class='ocrx_word' id='word_1_567' title='bbox 1022 3879 1183 3942; x_wconf 88' lang='lat' dir='ltr'><strong>consilium,</strong></span> <span class='ocrx_word' id='word_1_568' title='bbox 1201 3890 1306 3933; x_wconf 89' lang='lat' dir='ltr'><strong>corona</strong></span> <span class='ocrx_word' id='word_1_569' title='bbox 1328 3891 1440 3932; x_wconf 89' lang='lat' dir='ltr'><strong>senum.</strong></span> <span class='ocrx_word' id='word_1_570' title='bbox 1466 3875 1557 3931; x_wconf 88' lang='lat' dir='ltr'><strong>llulta</strong></span> <span class='ocrx_word' id='word_1_571' title='bbox 1581 3875 1684 3946; x_wconf 90' lang='lat' dir='ltr'><strong>peritia</strong></span> <span class='ocrx_word' id='word_1_572' title='bbox 1696 3883 1722 3932; x_wconf 90' lang='lat' dir='ltr'><strong>ct</strong></span> 
     </span>
     <span class='ocr_line' id='line_1_44' title="bbox 79 3964 1719 4045; baseline -0.007 -14"><span class='ocrx_word' id='word_1_573' title='bbox 79 3973 128 4031; x_wconf 88' lang='lat' dir='ltr'><strong>vel</strong></span> <span class='ocrx_word' id='word_1_574' title='bbox 138 3971 255 4045; x_wconf 88' lang='lat' dir='ltr'><strong>pedites,</strong></span> <span class='ocrx_word' id='word_1_575' title='bbox 279 3969 401 4028; x_wconf 87' lang='lat' dir='ltr'><strong>istarum</strong></span> <span class='ocrx_word' id='word_1_576' title='bbox 424 3981 496 4025; x_wconf 89' lang='lat' dir='ltr'><strong>cura</strong></span> <span class='ocrx_word' id='word_1_577' title='bbox 511 3965 553 4023; x_wconf 91' lang='lat' dir='ltr'><strong>eis</strong></span> <span class='ocrx_word' id='word_1_578' title='bbox 575 3964 761 4036; x_wconf 80' lang='lat' dir='ltr'><strong>presidente,</strong></span> <span class='ocrx_word' id='word_1_579' title='bbox 791 3964 930 4022; x_wconf 87' lang='lat' dir='ltr'><strong>adversus</strong></span> <span class='ocrx_word' id='word_1_580' title='bbox 984 3968 1099 4025; x_wconf 90' lang='lat' dir='ltr'><strong>illorum</strong></span> <span class='ocrx_word' id='word_1_581' title='bbox 1123 3967 1210 4025; x_wconf 89' lang='lat' dir='ltr'><strong>timor</strong></span> <span class='ocrx_word' id='word_1_582' title='bbox 1234 3967 1284 4022; x_wconf 85' lang='lat' dir='ltr'><strong>liei</strong></span> <span class='ocrx_word' id='word_1_583' title='bbox 1312 3967 1406 4037; x_wconf 81' lang='grc' dir='ltr'>(ιιιιιι.</span> <span class='ocrx_word' id='word_1_584' title='bbox 1435 3980 1505 4035; x_wconf 84' lang='lat' dir='ltr'><strong>xxv,</strong></span> <span class='ocrx_word' id='word_1_585' title='bbox 1534 3965 1602 4035; x_wconf 78' lang='lat' dir='ltr'><strong>ti).»</strong></span> <span class='ocrx_word' id='word_1_586' title='bbox 1628 3965 1719 4021; x_wconf 82' lang='lat' dir='ltr'><strong>item.-</strong></span> 
     </span>
     <span class='ocr_line' id='line_1_45' title="bbox 78 4052 1722 4134; baseline -0.006 -15"><span class='ocrx_word' id='word_1_587' title='bbox 78 4061 241 4134; x_wconf 87' lang='lat' dir='ltr'><strong>malignum</strong></span> <span class='ocrx_word' id='word_1_588' title='bbox 253 4059 376 4131; x_wconf 85' lang='lat' dir='ltr'><strong>ejusque</strong></span> <span class='ocrx_word' id='word_1_589' title='bbox 390 4057 525 4114; x_wconf 90' lang='lat' dir='ltr'><strong>satellites</strong></span> <span class='ocrx_word' id='word_1_590' title='bbox 540 4054 628 4112; x_wconf 86' lang='lat' dir='ltr'><strong>libero</strong></span> <span class='ocrx_word' id='word_1_591' title='bbox 651 4061 792 4127; x_wconf 92' lang='lat' dir='ltr'><strong>pugnent.</strong></span> <span class='ocrx_word' id='word_1_592' title='bbox 817 4052 929 4125; x_wconf 85' lang='lat' dir='ltr'><strong>Septem</strong></span> <span class='ocrx_word' id='word_1_593' title='bbox 983 4071 1072 4129; x_wconf 87' lang='lat' dir='ltr'><strong>quere</strong></span> <span class='ocrx_word' id='word_1_594' title='bbox 1091 4058 1184 4128; x_wconf 86' lang='lat' dir='ltr'><strong>major</strong></span> <span class='ocrx_word' id='word_1_595' title='bbox 1211 4064 1293 4123; x_wconf 94' lang='lat' dir='ltr'><strong>natu,</strong></span> <span class='ocrx_word' id='word_1_596' title='bbox 1314 4055 1393 4112; x_wconf 87' lang='lat' dir='ltr'><strong>decet</strong></span> <span class='ocrx_word' id='word_1_597' title='bbox 1418 4055 1495 4111; x_wconf 90' lang='lat' dir='ltr'><strong>enim</strong></span> <span class='ocrx_word' id='word_1_598' title='bbox 1520 4062 1555 4110; x_wconf 91' lang='lat' dir='ltr'><strong>te.</strong></span> <span class='ocrx_word' id='word_1_599' title='bbox 1584 4054 1722 4110; x_wconf 81' lang='lat' dir='ltr'><strong>Adolesce:</strong></span> 
     </span>
     <span class='ocr_line' id='line_1_46' title="bbox 76 4143 1719 4222; baseline -0.006 -14"><span class='ocrx_word' id='word_1_600' title='bbox 76 4164 146 4208; x_wconf 84' lang='lat' dir='ltr'><strong>vcro</strong></span> <span class='ocrx_word' id='word_1_601' title='bbox 156 4161 294 4221; x_wconf 88' lang='lat' dir='ltr'><strong>personas</strong></span> <span class='ocrx_word' id='word_1_602' title='bbox 308 4162 345 4204; x_wconf 84' lang='lat' dir='ltr'><strong>ex</strong></span> <span class='ocrx_word' id='word_1_603' title='bbox 356 4146 440 4204; x_wconf 90' lang='lat' dir='ltr'><strong>vobis</strong></span> <span class='ocrx_word' id='word_1_604' title='bbox 456 4146 492 4202; x_wconf 91' lang='lat' dir='ltr'><strong>ad</strong></span> <span class='ocrx_word' id='word_1_605' title='bbox 507 4158 622 4201; x_wconf 93' lang='lat' dir='ltr'><strong>omnem</strong></span> <span class='ocrx_word' id='word_1_606' title='bbox 653 4143 817 4200; x_wconf 90' lang='lat' dir='ltr'><strong>monasterii</strong></span> <span class='ocrx_word' id='word_1_607' title='bbox 837 4143 927 4199; x_wconf 91' lang='lat' dir='ltr'><strong>admi·</strong></span> <span class='ocrx_word' id='word_1_608' title='bbox 943 4167 964 4222; x_wconf 70' lang='grc' dir='ltr'>ὓ</span> <span class='ocrx_word' id='word_1_609' title='bbox 983 4160 1071 4217; x_wconf 87' lang='lat' dir='ltr'><strong>quere</strong></span> <span class='ocrx_word' id='word_1_610' title='bbox 1095 4144 1125 4200; x_wconf 90' lang='lat' dir='ltr'><strong>in</strong></span> <span class='ocrx_word' id='word_1_611' title='bbox 1140 4147 1191 4201; x_wconf 89' lang='lat' dir='ltr'><strong>tua</strong></span> <span class='ocrx_word' id='word_1_612' title='bbox 1213 4144 1369 4221; x_wconf 72' lang='lat' dir='ltr'><strong>pausavit</strong></span> <span class='ocrx_word' id='word_1_613' title='bbox 1396 4158 1463 4200; x_wconf 93' lang='lat' dir='ltr'><strong>cum</strong></span> <span class='ocrx_word' id='word_1_614' title='bbox 1484 4157 1598 4200; x_wconf 88' lang='lat' dir='ltr'><strong>necessa</strong></span> <span class='ocrx_word' id='word_1_615' title='bbox 1622 4143 1719 4199; x_wconf 92' lang='lat' dir='ltr'><strong>luerit.</strong></span> 
     </span>
     <span class='ocr_line' id='line_1_47' title="bbox 76 4230 1715 4305; baseline -0.005 -8"><span class='ocrx_word' id='word_1_616' title='bbox 76 4238 277 4297; x_wconf 87' lang='lat' dir='ltr'><strong>nistrationem</strong></span> <span class='ocrx_word' id='word_1_617' title='bbox 292 4233 470 4292; x_wconf 88' lang='lat' dir='ltr'><strong>necessarias</strong></span> <span class='ocrx_word' id='word_1_618' title='bbox 491 4247 553 4291; x_wconf 91' lang='lat' dir='ltr'><strong>esse</strong></span> <span class='ocrx_word' id='word_1_619' title='bbox 568 4231 714 4289; x_wconf 90' lang='lat' dir='ltr'><strong>credimus</strong></span> <span class='ocrx_word' id='word_1_620' title='bbox 741 4230 925 4302; x_wconf 82' lang='lat' dir='ltr'><strong>atpussutd-</strong></span> <span class='ocrx_word' id='word_1_621' title='bbox 980 4237 1173 4305; x_wconf 88' lang='lat' dir='ltr'><strong>interrogatus</strong></span> <span class='ocrx_word' id='word_1_622' title='bbox 1190 4233 1289 4299; x_wconf 85' lang='lat' dir='ltr'><strong>lucris,</strong></span> <span class='ocrx_word' id='word_1_623' title='bbox 1310 4232 1414 4289; x_wconf 90' lang='lat' dir='ltr'><strong>babeat</strong></span> <span class='ocrx_word' id='word_1_624' title='bbox 1433 4241 1521 4303; x_wconf 91' lang='lat' dir='ltr'><strong>caput</strong></span> <span class='ocrx_word' id='word_1_625' title='bbox 1545 4245 1715 4303; x_wconf 92' lang='lat' dir='ltr'><strong>responsum</strong></span> 
     </span>
     <span class='ocr_line' id='line_1_48' title="bbox 76 4321 1721 4397; baseline -0.005 -12"><span class='ocrx_word' id='word_1_626' title='bbox 76 4340 150 4396; x_wconf 88' lang='lat' dir='ltr'><strong>cere,</strong></span> <span class='ocrx_word' id='word_1_627' title='bbox 166 4324 322 4397; x_wconf 87' lang='lat' dir='ltr'><strong>portariam</strong></span> <span class='ocrx_word' id='word_1_628' title='bbox 337 4323 454 4394; x_wconf 88' lang='lat' dir='ltr'><strong>scillcet,</strong></span> <span class='ocrx_word' id='word_1_629' title='bbox 471 4321 661 4389; x_wconf 88' lang='lat' dir='ltr'><strong>cellerariam,</strong></span> <span class='ocrx_word' id='word_1_630' title='bbox 690 4321 865 4388; x_wconf 90' lang='lat' dir='ltr'><strong>vestiariam,</strong></span> <span class='ocrx_word' id='word_1_631' title='bbox 882 4321 924 4377; x_wconf 94' lang='lat' dir='ltr'><strong>in·</strong></span> <span class='ocrx_word' id='word_1_632' title='bbox 978 4325 1011 4379; x_wconf 90' lang='lat' dir='ltr'><strong>ln</strong></span> <span class='ocrx_word' id='word_1_633' title='bbox 1028 4322 1125 4380; x_wconf 90' lang='lat' dir='ltr'><strong>multis</strong></span> <span class='ocrx_word' id='word_1_634' title='bbox 1135 4330 1195 4379; x_wconf 92' lang='lat' dir='ltr'><strong>esto</strong></span> <span class='ocrx_word' id='word_1_635' title='bbox 1209 4322 1293 4393; x_wconf 89' lang='lat' dir='ltr'><strong>quasi</strong></span> <span class='ocrx_word' id='word_1_636' title='bbox 1320 4322 1438 4390; x_wconf 85' lang='lat' dir='ltr'><strong>inscius,</strong></span> <span class='ocrx_word' id='word_1_637' title='bbox 1459 4331 1486 4379; x_wconf 94' lang='lat' dir='ltr'><strong>et</strong></span> <span class='ocrx_word' id='word_1_638' title='bbox 1497 4322 1565 4379; x_wconf 91' lang='lat' dir='ltr'><strong>audi</strong></span> <span class='ocrx_word' id='word_1_639' title='bbox 1586 4330 1682 4378; x_wconf 89' lang='lat' dir='ltr'><strong>tacens</strong></span> <span class='ocrx_word' id='word_1_640' title='bbox 1697 4321 1721 4377; x_wconf 87' lang='lat' dir='ltr'><strong>si</strong></span> 
     </span>
     <span class='ocr_line' id='line_1_49' title="bbox 76 4389 1719 4484; baseline -0.006 -10"><span class='ocrx_word' id='word_1_641' title='bbox 76 4414 247 4482; x_wconf 87' lang='lat' dir='ltr'><strong>llrmariam,</strong></span> <span class='ocrx_word' id='word_1_642' title='bbox 275 4413 430 4472; x_wconf 89' lang='lat' dir='ltr'><strong>cantricem</strong></span> <span class='ocrx_word' id='word_1_643' title='bbox 449 4413 509 4484; x_wconf 74' lang='lat' dir='ltr'><strong>tal,</strong></span> <span class='ocrx_word' id='word_1_644' title='bbox 536 4410 735 4478; x_wconf 89' lang='lat' dir='ltr'><strong>cantatricem,</strong></span> <span class='ocrx_word' id='word_1_645' title='bbox 760 4411 809 4466; x_wconf 86' lang='lat' dir='ltr'><strong>sed</strong></span> <span class='ocrx_word' id='word_1_646' title='bbox 826 4411 922 4482; x_wconf 80' lang='lat' dir='ltr'><strong>male),</strong></span> <span class='ocrx_word' id='word_1_647' title='bbox 977 4426 1120 4482; x_wconf 77' lang='lat' dir='ltr'><strong>quaerens,</strong></span> <span class='ocrx_word' id='word_1_648' title='bbox 1136 4412 1161 4468; x_wconf 89' lang='lat' dir='ltr'><strong>ei</strong></span> <span class='ocrx_word' id='word_1_649' title='bbox 1185 4410 1306 4482; x_wconf 85' lang='lat' dir='ltr'><strong>loquiin</strong></span> <span class='ocrx_word' id='word_1_650' title='bbox 1330 4413 1423 4468; x_wconf 91' lang='lat' dir='ltr'><strong>modio</strong></span> <span class='ocrx_word' id='word_1_651' title='bbox 1447 4389 1652 4483; x_wconf 67' lang='lat' dir='ltr'><strong>magnator&#39;om</strong></span> <span class='ocrx_word' id='word_1_652' title='bbox 1679 4411 1719 4483; x_wconf 80' lang='lat' dir='ltr'><strong>(al</strong></span> 
     </span>
     <span class='ocr_line' id='line_1_50' title="bbox 74 4499 1722 4571; baseline -0.004 -7"><span class='ocrx_word' id='word_1_653' title='bbox 74 4506 271 4571; x_wconf 83' lang='lat' dir='ltr'><strong>sacristamet</strong></span> <span class='ocrx_word' id='word_1_654' title='bbox 283 4503 492 4560; x_wconf 84' lang='lat' dir='ltr'><strong>adextremum</strong></span> <span class='ocrx_word' id='word_1_655' title='bbox 505 4501 707 4568; x_wconf 91' lang='lat' dir='ltr'><strong>diaconissam,</strong></span> <span class='ocrx_word' id='word_1_656' title='bbox 733 4513 823 4571; x_wconf 87' lang='lat' dir='ltr'><strong>quam</strong></span> <span class='ocrx_word' id='word_1_657' title='bbox 843 4514 922 4556; x_wconf 91' lang='lat' dir='ltr'><strong>nuuc</strong></span> <span class='ocrx_word' id='word_1_658' title='bbox 977 4500 1110 4571; x_wconf 81' lang='lat' dir='ltr'><strong>gnatum)</strong></span> <span class='ocrx_word' id='word_1_659' title='bbox 1140 4513 1198 4555; x_wconf 94' lang='lat' dir='ltr'><strong>non</strong></span> <span class='ocrx_word' id='word_1_660' title='bbox 1231 4512 1403 4568; x_wconf 78' lang='lat' dir='ltr'><strong>presumas,</strong></span> <span class='ocrx_word' id='word_1_661' title='bbox 1426 4507 1454 4556; x_wconf 92' lang='lat' dir='ltr'><strong>et</strong></span> <span class='ocrx_word' id='word_1_662' title='bbox 1481 4499 1531 4556; x_wconf 90' lang='lat' dir='ltr'><strong>ubl</strong></span> <span class='ocrx_word' id='word_1_663' title='bbox 1565 4508 1634 4557; x_wconf 91' lang='lat' dir='ltr'><strong>sunt</strong></span> <span class='ocrx_word' id='word_1_664' title='bbox 1661 4513 1722 4557; x_wconf 85' lang='lat' dir='ltr'><strong>sent</strong></span> 
     </span>
     <span class='ocr_line' id='line_1_51' title="bbox 73 4586 1722 4661; baseline -0.009 -7"><span class='ocrx_word' id='word_1_665' title='bbox 73 4594 248 4654; x_wconf 85' lang='lat' dir='ltr'><strong>abbatissam</strong></span> <span class='ocrx_word' id='word_1_666' title='bbox 259 4593 418 4650; x_wconf 89' lang='lat' dir='ltr'><strong>nominant.</strong></span> <span class='ocrx_word' id='word_1_667' title='bbox 436 4591 526 4648; x_wconf 88' lang='lat' dir='ltr'><strong>lnhis</strong></span> <span class='ocrx_word' id='word_1_668' title='bbox 537 4591 635 4661; x_wconf 82' lang='lat' dir='ltr'><strong>itaque</strong></span> <span class='ocrx_word' id='word_1_669' title='bbox 645 4588 755 4656; x_wconf 90' lang='lat' dir='ltr'><strong>castris,</strong></span> <span class='ocrx_word' id='word_1_670' title='bbox 773 4596 801 4645; x_wconf 93' lang='lat' dir='ltr'><strong>et</strong></span> <span class='ocrx_word' id='word_1_671' title='bbox 822 4589 921 4645; x_wconf 89' lang='lat' dir='ltr'><strong>divina</strong></span> <span class='ocrx_word' id='word_1_672' title='bbox 976 4588 1101 4644; x_wconf 88' lang='lat' dir='ltr'><strong>multum</strong></span> <span class='ocrx_word' id='word_1_673' title='bbox 1125 4588 1254 4659; x_wconf 87' lang='lat' dir='ltr'><strong>loquaris</strong></span> <span class='ocrx_word' id='word_1_674' title='bbox 1273 4587 1368 4658; x_wconf 77' lang='lat' dir='ltr'><strong>(dccli.</strong></span> <span class='ocrx_word' id='word_1_675' title='bbox 1399 4603 1489 4653; x_wconf 79' lang='grc' dir='ltr'>ιιιιιι,</span> <span class='ocrx_word' id='word_1_676' title='bbox 1519 4589 1548 4661; x_wconf 87' lang='grc'><strong>4)</strong></span> <span class='ocrx_word' id='word_1_677' title='bbox 1577 4609 1589 4637; x_wconf 76' lang='grc' dir='ltr'><strong>ι</strong></span> <span class='ocrx_word' id='word_1_678' title='bbox 1617 4586 1697 4644; x_wconf 88' lang='lat' dir='ltr'><strong>Unde</strong></span> <span class='ocrx_word' id='word_1_679' title='bbox 1719 4609 1722 4639; x_wconf 88' lang='lat' dir='ltr'><strong>t</strong></span> 
     </span>
     <span class='ocr_line' id='line_1_52' title="bbox 73 4675 1722 4759; baseline -0.007 -15"><span class='ocrx_word' id='word_1_680' title='bbox 73 4685 201 4759; x_wconf 85' lang='lat' dir='ltr'><strong>quadam</strong></span> <span class='ocrx_word' id='word_1_681' title='bbox 228 4682 331 4742; x_wconf 90' lang='lat' dir='ltr'><strong>militia</strong></span> <span class='ocrx_word' id='word_1_682' title='bbox 359 4681 434 4740; x_wconf 92' lang='lat' dir='ltr'><strong>sicut</strong></span> <span class='ocrx_word' id='word_1_683' title='bbox 456 4679 595 4751; x_wconf 89' lang='lat' dir='ltr'><strong>scripturn</strong></span> <span class='ocrx_word' id='word_1_684' title='bbox 620 4684 681 4735; x_wconf 89' lang='lat' dir='ltr'><strong>est:</strong></span> <span class='ocrx_word' id='word_1_685' title='bbox 709 4700 723 4729; x_wconf 82' lang='grc' dir='ltr'><strong>ι</strong></span> <span class='ocrx_word' id='word_1_686' title='bbox 748 4676 850 4734; x_wconf 87' lang='grc' dir='ltr'>ιιιιιιιι</span> <span class='ocrx_word' id='word_1_687' title='bbox 877 4683 920 4734; x_wconf 83' lang='grc' dir='ltr'><strong>ιιι</strong></span> <span class='ocrx_word' id='word_1_688' title='bbox 975 4675 1188 4746; x_wconf 83' lang='lat' dir='ltr'><strong>sbyteriquiin</strong></span> <span class='ocrx_word' id='word_1_689' title='bbox 1209 4676 1335 4733; x_wconf 83' lang='lat' dir='ltr'><strong>Ecclesia</strong></span> <span class='ocrx_word' id='word_1_690' title='bbox 1350 4678 1455 4748; x_wconf 92' lang='lat' dir='ltr'><strong>populo</strong></span> <span class='ocrx_word' id='word_1_691' title='bbox 1482 4685 1611 4749; x_wconf 81' lang='lat' dir='ltr'><strong>praesunt</strong></span> <span class='ocrx_word' id='word_1_692' title='bbox 1636 4676 1722 4734; x_wconf 84' lang='lat' dir='ltr'><strong>senior</strong></span> 
     </span>
     <span class='ocr_line' id='line_1_53' title="bbox 71 4766 1722 4844; baseline -0.006 -12"><span class='ocrx_word' id='word_1_693' title='bbox 71 4774 272 4834; x_wconf 86' lang='lat' dir='ltr'><strong>vitabominis</strong></span> <span class='ocrx_word' id='word_1_694' title='bbox 291 4781 500 4844; x_wconf 90' lang='lat' dir='ltr'><strong>superterram</strong></span> <span class='ocrx_word' id='word_1_695' title='bbox 520 4768 580 4841; x_wconf 78' lang='lat' dir='ltr'><strong>(lob</strong></span> <span class='ocrx_word' id='word_1_696' title='bbox 595 4782 644 4836; x_wconf 88' lang='lat' dir='ltr'><strong>vn,</strong></span> <span class='ocrx_word' id='word_1_697' title='bbox 664 4767 689 4839; x_wconf 93' lang='grc' dir='ltr'><strong>ι)</strong></span> <span class='ocrx_word' id='word_1_698' title='bbox 704 4783 713 4839; x_wconf 88' lang='grc'><strong>;</strong></span> <span class='ocrx_word' id='word_1_699' title='bbox 729 4788 744 4818; x_wconf 77' lang='grc' dir='ltr'><strong>ι</strong></span> <span class='ocrx_word' id='word_1_700' title='bbox 770 4775 799 4824; x_wconf 89' lang='grc' dir='ltr'><strong>ιι</strong></span> <span class='ocrx_word' id='word_1_701' title='bbox 825 4768 918 4824; x_wconf 92' lang='lat' dir='ltr'><strong>alibi:</strong></span> <span class='ocrx_word' id='word_1_702' title='bbox 974 4772 1180 4835; x_wconf 90' lang='lat' dir='ltr'><strong>terpretantur,</strong></span> <span class='ocrx_word' id='word_1_703' title='bbox 1211 4774 1242 4823; x_wconf 89' lang='lat' dir='ltr'><strong>ut</strong></span> <span class='ocrx_word' id='word_1_704' title='bbox 1269 4767 1330 4836; x_wconf 91' lang='lat' dir='ltr'><strong>ipso</strong></span> <span class='ocrx_word' id='word_1_705' title='bbox 1357 4782 1475 4839; x_wconf 86' lang='lat' dir='ltr'><strong>quoque</strong></span> <span class='ocrx_word' id='word_1_706' title='bbox 1499 4767 1615 4824; x_wconf 90' lang='lat' dir='ltr'><strong>nomine</strong></span> <span class='ocrx_word' id='word_1_707' title='bbox 1639 4766 1722 4837; x_wconf 85' lang='lat' dir='ltr'><strong>quale</strong></span> 
     </span>
     <span class='ocr_line' id='line_1_54' title="bbox 71 4852 1722 4928; baseline -0.005 -8"><span class='ocrx_word' id='word_1_708' title='bbox 71 4863 220 4922; x_wconf 75' lang='lat' dir='ltr'><strong>Terribilis</strong></span> <span class='ocrx_word' id='word_1_709' title='bbox 242 4870 278 4922; x_wconf 87' lang='lat' dir='ltr'><strong>nt</strong></span> <span class='ocrx_word' id='word_1_710' title='bbox 302 4870 463 4921; x_wconf 91' lang='lat' dir='ltr'><strong>castrorum</strong></span> <span class='ocrx_word' id='word_1_711' title='bbox 491 4858 565 4917; x_wconf 91' lang='lat' dir='ltr'><strong>acies</strong></span> <span class='ocrx_word' id='word_1_712' title='bbox 593 4857 725 4914; x_wconf 91' lang='lat' dir='ltr'><strong>ordinata</strong></span> <span class='ocrx_word' id='word_1_713' title='bbox 755 4856 847 4928; x_wconf 79' lang='lat' dir='ltr'><strong>(dant.</strong></span> <span class='ocrx_word' id='word_1_714' title='bbox 878 4872 917 4924; x_wconf 86' lang='lat' dir='ltr'><strong>vt,</strong></span> <span class='ocrx_word' id='word_1_715' title='bbox 973 4855 1094 4911; x_wconf 89' lang='lat' dir='ltr'><strong>debeant</strong></span> <span class='ocrx_word' id='word_1_716' title='bbox 1113 4852 1258 4911; x_wconf 90' lang='lat' dir='ltr'><strong>doceatur.</strong></span> <span class='ocrx_word' id='word_1_717' title='bbox 1287 4857 1322 4912; x_wconf 82' lang='lat' dir='ltr'><strong>Et</strong></span> <span class='ocrx_word' id='word_1_718' title='bbox 1346 4857 1398 4928; x_wconf 89' lang='lat' dir='ltr'><strong>qni</strong></span> <span class='ocrx_word' id='word_1_719' title='bbox 1414 4864 1580 4914; x_wconf 88' lang='lat' dir='ltr'><strong>sanctorum</strong></span> <span class='ocrx_word' id='word_1_720' title='bbox 1597 4856 1679 4914; x_wconf 88' lang='lat' dir='ltr'><strong>Vitas</strong></span> <span class='ocrx_word' id='word_1_721' title='bbox 1700 4869 1722 4913; x_wconf 88' lang='grc' dir='ltr'><strong>ιι</strong></span> 
     </span>
     <span class='ocr_line' id='line_1_55' title="bbox 71 4943 1722 5023; baseline -0.004 -18"><span class='ocrx_word' id='word_1_722' title='bbox 71 4951 110 5019; x_wconf 74' lang='grc'><strong>3),</strong></span> <span class='ocrx_word' id='word_1_723' title='bbox 125 4970 140 5000; x_wconf 69' lang='grc' dir='ltr'><strong>ι</strong></span> <span class='ocrx_word' id='word_1_724' title='bbox 160 4950 254 5008; x_wconf 88' lang='lat' dir='ltr'><strong>vicem</strong></span> <span class='ocrx_word' id='word_1_725' title='bbox 266 4949 458 5023; x_wconf 87' lang='lat' dir='ltr'><strong>imperatoris,</strong></span> <span class='ocrx_word' id='word_1_726' title='bbox 484 4947 534 5004; x_wconf 89' lang='lat' dir='ltr'><strong>cui</strong></span> <span class='ocrx_word' id='word_1_727' title='bbox 550 4958 600 5016; x_wconf 90' lang='lat' dir='ltr'><strong>per</strong></span> <span class='ocrx_word' id='word_1_728' title='bbox 624 4944 721 5001; x_wconf 90' lang='lat' dir='ltr'><strong>omnia</strong></span> <span class='ocrx_word' id='word_1_729' title='bbox 732 4943 865 5002; x_wconf 91' lang='lat' dir='ltr'><strong>obeditur</strong></span> <span class='ocrx_word' id='word_1_730' title='bbox 880 4944 917 5000; x_wconf 94' lang='lat' dir='ltr'><strong>ab</strong></span> <span class='ocrx_word' id='word_1_731' title='bbox 972 4951 1054 5012; x_wconf 89' lang='lat' dir='ltr'><strong>runt,</strong></span> <span class='ocrx_word' id='word_1_732' title='bbox 1069 4957 1143 5015; x_wconf 87' lang='lat' dir='ltr'><strong>quos</strong></span> <span class='ocrx_word' id='word_1_733' title='bbox 1166 4958 1246 5000; x_wconf 90' lang='lat' dir='ltr'><strong>nunc</strong></span> <span class='ocrx_word' id='word_1_734' title='bbox 1257 4944 1375 5002; x_wconf 88' lang='lat' dir='ltr'><strong>abbates</strong></span> <span class='ocrx_word' id='word_1_735' title='bbox 1389 4945 1511 5003; x_wconf 89' lang='lat' dir='ltr'><strong>dicimus</strong></span> <span class='ocrx_word' id='word_1_736' title='bbox 1526 4960 1608 5002; x_wconf 89' lang='lat' dir='ltr'><strong>senes</strong></span> <span class='ocrx_word' id='word_1_737' title='bbox 1625 4943 1722 5016; x_wconf 91' lang='lat' dir='ltr'><strong>appell</strong></span> 
     </span>
     <span class='ocr_line' id='line_1_56' title="bbox 70 5033 1719 5109; baseline -0.003 -14"><span class='ocrx_word' id='word_1_738' title='bbox 70 5036 216 5109; x_wconf 85' lang='lat' dir='ltr'><strong>omnibus,</strong></span> <span class='ocrx_word' id='word_1_739' title='bbox 231 5037 339 5096; x_wconf 90' lang='lat' dir='ltr'><strong>obtinet</strong></span> <span class='ocrx_word' id='word_1_740' title='bbox 361 5037 532 5095; x_wconf 85' lang='lat' dir='ltr'><strong>diaconissa.</strong></span> <span class='ocrx_word' id='word_1_741' title='bbox 553 5033 607 5090; x_wconf 80' lang='lat' dir='ltr'><strong>Sex</strong></span> <span class='ocrx_word' id='word_1_742' title='bbox 620 5047 690 5090; x_wconf 89' lang='lat' dir='ltr'><strong>vero</strong></span> <span class='ocrx_word' id='word_1_743' title='bbox 716 5033 780 5089; x_wconf 88' lang='lat' dir='ltr'><strong>aliae</strong></span> <span class='ocrx_word' id='word_1_744' title='bbox 801 5033 857 5091; x_wconf 88' lang='lat' dir='ltr'><strong>sub</strong></span> <span class='ocrx_word' id='word_1_745' title='bbox 871 5047 916 5104; x_wconf 91' lang='lat' dir='ltr'><strong>ea,</strong></span> <span class='ocrx_word' id='word_1_746' title='bbox 970 5036 1061 5092; x_wconf 86' lang='lat' dir='ltr'><strong>llodis</strong></span> <span class='ocrx_word' id='word_1_747' title='bbox 1076 5034 1174 5106; x_wconf 84' lang='lat' dir='ltr'><strong>itaque</strong></span> <span class='ocrx_word' id='word_1_748' title='bbox 1199 5037 1335 5092; x_wconf 92' lang='lat' dir='ltr'><strong>omnibus</strong></span> <span class='ocrx_word' id='word_1_749' title='bbox 1364 5035 1574 5106; x_wconf 90' lang='lat' dir='ltr'><strong>providendum</strong></span> <span class='ocrx_word' id='word_1_750' title='bbox 1597 5043 1689 5094; x_wconf 94' lang='lat' dir='ltr'><strong>estut</strong></span> <span class='ocrx_word' id='word_1_751' title='bbox 1712 5035 1719 5090; x_wconf 93' lang='lat' dir='ltr'><strong>i</strong></span> 
     </span>
     <span class='ocr_line' id='line_1_57' title="bbox 70 5121 1722 5201; baseline -0.002 -16"><span class='ocrx_word' id='word_1_752' title='bbox 70 5126 280 5201; x_wconf 81' lang='lat' dir='ltr'><strong>quasdicimns</strong></span> <span class='ocrx_word' id='word_1_753' title='bbox 299 5125 445 5196; x_wconf 85' lang='lat' dir='ltr'><strong>olllciales,</strong></span> <span class='ocrx_word' id='word_1_754' title='bbox 474 5124 582 5183; x_wconf 89' lang='lat' dir='ltr'><strong>ducum</strong></span> <span class='ocrx_word' id='word_1_755' title='bbox 596 5121 656 5178; x_wconf 89' lang='lat' dir='ltr'><strong>sive</strong></span> <span class='ocrx_word' id='word_1_756' title='bbox 677 5121 831 5178; x_wconf 92' lang='lat' dir='ltr'><strong>consulum</strong></span> <span class='ocrx_word' id='word_1_757' title='bbox 855 5122 917 5179; x_wconf 90' lang='lat' dir='ltr'><strong>loca</strong></span> <span class='ocrx_word' id='word_1_758' title='bbox 970 5126 1064 5182; x_wconf 91' lang='lat' dir='ltr'><strong>ctione</strong></span> <span class='ocrx_word' id='word_1_759' title='bbox 1079 5125 1123 5181; x_wconf 91' lang='lat' dir='ltr'><strong>vel</strong></span> <span class='ocrx_word' id='word_1_760' title='bbox 1137 5126 1351 5182; x_wconf 89' lang='lat' dir='ltr'><strong>consecratione</strong></span> <span class='ocrx_word' id='word_1_761' title='bbox 1375 5124 1544 5181; x_wconf 86' lang='lat' dir='ltr'><strong>diaconissae</strong></span> <span class='ocrx_word' id='word_1_762' title='bbox 1571 5125 1722 5183; x_wconf 90' lang='lat' dir='ltr'><strong>consilium</strong></span> 
     </span>
     <span class='ocr_line' id='line_1_58' title="bbox 69 5209 1722 5290; baseline -0.002 -18"><span class='ocrx_word' id='word_1_763' title='bbox 69 5215 224 5290; x_wconf 81' lang='lat' dir='ltr'><strong>possiderit.</strong></span> <span class='ocrx_word' id='word_1_764' title='bbox 240 5213 346 5272; x_wconf 89' lang='lat' dir='ltr'><strong>Omnes</strong></span> <span class='ocrx_word' id='word_1_765' title='bbox 361 5228 432 5273; x_wconf 89' lang='lat' dir='ltr'><strong>vero</strong></span> <span class='ocrx_word' id='word_1_766' title='bbox 453 5213 573 5286; x_wconf 82' lang='lat' dir='ltr'><strong>relique</strong></span> <span class='ocrx_word' id='word_1_767' title='bbox 595 5209 744 5280; x_wconf 87' lang='lat' dir='ltr'><strong>moniales,</strong></span> <span class='ocrx_word' id='word_1_768' title='bbox 769 5225 844 5284; x_wconf 86' lang='lat' dir='ltr'><strong>quas</strong></span> <span class='ocrx_word' id='word_1_769' title='bbox 867 5225 917 5268; x_wconf 89' lang='lat' dir='ltr'><strong>vo·</strong></span> <span class='ocrx_word' id='word_1_770' title='bbox 970 5213 1051 5271; x_wconf 90' lang='lat' dir='ltr'><strong>cedat</strong></span> <span class='ocrx_word' id='word_1_771' title='bbox 1067 5212 1195 5284; x_wconf 80' lang='lat' dir='ltr'><strong>apostoli</strong></span> <span class='ocrx_word' id='word_1_772' title='bbox 1215 5214 1241 5286; x_wconf 78' lang='lat' dir='ltr'><strong>(l</strong></span> <span class='ocrx_word' id='word_1_773' title='bbox 1255 5217 1322 5270; x_wconf 78' lang='lat' dir='ltr'><strong>lim.</strong></span> <span class='ocrx_word' id='word_1_774' title='bbox 1346 5227 1375 5281; x_wconf 92' lang='grc' dir='ltr'><strong>ι,</strong></span> <span class='ocrx_word' id='word_1_775' title='bbox 1402 5215 1442 5284; x_wconf 81' lang='grc' dir='ltr'><strong>ι),</strong></span> <span class='ocrx_word' id='word_1_776' title='bbox 1467 5216 1644 5273; x_wconf 88' lang='lat' dir='ltr'><strong>utvidelicet</strong></span> <span class='ocrx_word' id='word_1_777' title='bbox 1669 5214 1722 5271; x_wconf 84' lang='lat' dir='ltr'><strong>tati</strong></span> 
     </span>
     <span class='ocr_line' id='line_1_59' title="bbox 69 5300 1721 5375; baseline 0 -13"><span class='ocrx_word' id='word_1_778' title='bbox 69 5317 171 5362; x_wconf 78' lang='lat' dir='ltr'><strong>aarum</strong></span> <span class='ocrx_word' id='word_1_779' title='bbox 184 5302 363 5374; x_wconf 82' lang='lat' dir='ltr'><strong>claustrales,</strong></span> <span class='ocrx_word' id='word_1_780' title='bbox 378 5303 504 5363; x_wconf 91' lang='lat' dir='ltr'><strong>militum</strong></span> <span class='ocrx_word' id='word_1_781' title='bbox 526 5316 606 5361; x_wconf 91' lang='lat' dir='ltr'><strong>moro</strong></span> <span class='ocrx_word' id='word_1_782' title='bbox 624 5300 757 5360; x_wconf 90' lang='lat' dir='ltr'><strong>divinum</strong></span> <span class='ocrx_word' id='word_1_783' title='bbox 773 5302 916 5374; x_wconf 85' lang='lat' dir='ltr'><strong>peragunt</strong></span> <span class='ocrx_word' id='word_1_784' title='bbox 970 5309 1069 5374; x_wconf 86' lang='lat' dir='ltr'><strong>gatar,</strong></span> <span class='ocrx_word' id='word_1_785' title='bbox 1096 5317 1162 5373; x_wconf 83' lang='lat' dir='ltr'><strong>que</strong></span> <span class='ocrx_word' id='word_1_786' title='bbox 1181 5304 1289 5360; x_wconf 82' lang='lat' dir='ltr'><strong>ceteris</strong></span> <span class='ocrx_word' id='word_1_787' title='bbox 1312 5301 1408 5361; x_wconf 90' lang='lat' dir='ltr'><strong>vitaet</strong></span> <span class='ocrx_word' id='word_1_788' title='bbox 1422 5303 1682 5375; x_wconf 90' lang='lat' dir='ltr'><strong>doctrinapraeesse</strong></span> <span class='ocrx_word' id='word_1_789' title='bbox 1704 5304 1721 5362; x_wconf 93' lang='lat' dir='ltr'><strong>d</strong></span> 
     </span>
     <span class='ocr_line' id='line_1_60' title="bbox 69 5389 1722 5468; baseline -0.001 -14"><span class='ocrx_word' id='word_1_790' title='bbox 69 5392 202 5468; x_wconf 81' lang='lat' dir='ltr'><strong>expedita</strong></span> <span class='ocrx_word' id='word_1_791' title='bbox 224 5391 385 5453; x_wconf 86' lang='lat' dir='ltr'><strong>servitium.</strong></span> <span class='ocrx_word' id='word_1_792' title='bbox 414 5392 567 5454; x_wconf 76' lang='lat' dir='ltr'><strong>Conversa</strong></span> <span class='ocrx_word' id='word_1_793' title='bbox 598 5398 707 5463; x_wconf 72' lang='lat' dir='ltr'><strong>auem,</strong></span> <span class='ocrx_word' id='word_1_794' title='bbox 736 5405 802 5463; x_wconf 82' lang='lat' dir='ltr'><strong>que</strong></span> <span class='ocrx_word' id='word_1_795' title='bbox 827 5389 914 5449; x_wconf 88' lang='lat' dir='ltr'><strong>etiam</strong></span> <span class='ocrx_word' id='word_1_796' title='bbox 969 5397 998 5449; x_wconf 89' lang='lat' dir='ltr'><strong>ct</strong></span> <span class='ocrx_word' id='word_1_797' title='bbox 1010 5397 1095 5450; x_wconf 82' lang='lat' dir='ltr'><strong>etate</strong></span> <span class='ocrx_word' id='word_1_798' title='bbox 1113 5406 1231 5465; x_wconf 83' lang='lat' dir='ltr'><strong>quoquc</strong></span> <span class='ocrx_word' id='word_1_799' title='bbox 1254 5406 1369 5452; x_wconf 88' lang='lat' dir='ltr'><strong>morum</strong></span> <span class='ocrx_word' id='word_1_800' title='bbox 1384 5394 1583 5453; x_wconf 88' lang='lat' dir='ltr'><strong>maturitatem</strong></span> <span class='ocrx_word' id='word_1_801' title='bbox 1597 5393 1722 5466; x_wconf 84' lang='lat' dir='ltr'><strong>polliccat</strong></span> 
     </span>
    </p>
   </div>
   <div class='ocr_carea' id='block_1_3' title="bbox 0 0 1906 5962">
    <p class='ocr_par' dir='ltr' id='par_1_8' title="bbox 0 0 1906 5962">
     <span class='ocr_line' id='line_1_61' title="bbox 0 0 1906 5962; baseline 0 6"><span class='ocrx_word' id='word_1_802' title='bbox 0 0 1906 5962; x_wconf 95' lang='lat' dir='ltr'><strong> </strong></span> 
     </span>
    </p>
   </div>
  </div>
 </body>
</html>
