3804 5962
1381 6 1766 37 ,ἡ

609 70 1066 134 namranoarobbua'ncit.
1683 84 1719 141 08

72 212 199 263 isnum,
217 206 250 256 ut
268 211 329 256 non
353 198 492 256 dubitarit
506 212 559 270 pro
579 212 613 256 eo
627 200 817 258 monasticam
833 204 856 258 Α
872 206 1090 328 plraoptarerat,
1107 199 1311 272 supremisque
1331 201 1440 260 tabulis
1462 204 1661 264 mandauerat.
1678 208 1718 267 lle

73 277 167 337 atem,
189 277 419 341 perpetuamque
446 271 655 327 continentiam
698 282 726 329 et
753 271 819 329 obe·
900 271 1004 328 eloissa
1017 285 1086 328 vero
1109 271 1150 327 ita
1163 271 1242 339 dicit,
1263 280 1295 329 ut
1322 287 1418 344 neque
1439 288 1538 331 veram
1552 276 1579 332 ei
1602 277 1717 337 laudem

75 356 105 397 m
137 341 245 413 eligere
268 349 296 397 ct
309 355 427 406 rovere,
451 341 655 411 potiusquam
682 343 763 400 obice
791 351 819 400 et
873 342 1017 409 detrabat,
1032 356 1129 412 neque
1149 341 1252 399 lalsarn
1271 343 1393 415 alilngat
1406 345 1449 401 :ei
1464 345 1590 428 deniqne
1604 354 1718 406 tantum

74 421 134 469 ntu
154 426 277 468 suarum
299 413 482 482 nuptiarum,
513 412 718 483 impedimento
745 428 816 481 esso,
873 414 1039 483 impartitur
1055 412 1162 493 gloriis,
1185 421 1330 482 quantuni
1345 416 1434 472 nobili
1451 421 1479 472 et
1527 419 1654 474 rimariat
1677 419 1718 476 io·

72 483 196 540 elardus
217 483 311 564 lactus
334 483 466 564 uxorius,
482 483 673 541 frustraretur
701 489 818 555 praemio
872 485 969 546 minin,
990 497 1067 564 omni
1084 483 1278 565 ,scientiarum
1302 500 1406 557 genere
1431 431 1646 557 exeuftissimie,
1661 491 1717 547 viri

73 556 137 611 ntis
157 555 278 625 ingenii,
302 554 541 625 admirabilisque
574 556 721 623 doctrinar,
748 563 818 626 puta
872 555 919 611 sui
943 562 1156 623 amantissimae,
1184 568 1213 611 tn
1227 556 1291 625 ejus
1313 557 1443 615 adversis
1469 561 1716 630 constantissimae,

72 640 101 681 ·a
116 635 146 681 et
169 626 279 697 galero,
305 625 415 696 quibus
434 632 503 681 tunc
527 626 663 696 temporis
684 625 737 683 soli
762 626 817 683 viri
872 634 1007 683 votorum
1022 639 1142 682 suorum
1157 638 1192 681 ac
1207 628 1350 696 principue
1364 628 1503 686 castitatis
1518 632 1716 700 tenacissimos,

72 711 132 753 one
145 696 326 767 praestanteis
339 696 533 763 ornabantur,
549 704 577 753 et
602 698 648 753 liis
666 698 735 753 solis
753 711 818 768 gra·
872 696 1000 753 diaconis
1061 710 1098 753 ue
1116 696 1345 767 vigilantissima
1371 700 1519 757 debeatur.
1547 701 1611 769 Qua
1626 702 1660 758 de
1685 718 1717 760 re

73 768 105 825 td
126 767 253 824 solsticia
278 767 419 824 bonorum
434 767 692 825 ecclesiasticorum
715 769 815 825 ovone·
872 768 923 838 qui
939 767 1024 837 plura
1059 766 1222 835 esiderablt,
1239 768 1518 840 poteritdeeorpere,
1542 786 1601 829 non
1619 786 1656 829 ex
1671 773 1717 831 bis

75 882 83 893 .
114 839 172 895 Sed
196 852 300 909 parum
320 838 495 963 proliciebat
512 838 638 895 eruditio
660 840 721 895 sine
740 838 817 895 ciali-
872 838 978 895 nostris
1006 838 1132 895 ildoncia
1160 838 1295 905 hortulis,
1324 840 1372 896 sed
1397 855 1434 898 ex
1470 843 1672 900 amoenissimis
1688 853 1717 902 et

73 910 102 967 et
132 911 189 965 liac
205 922 295 965 causa
336 922 407 966 ason
433 908 547 965 llainns
575 910 608 966 lt}
633 924 699 966 curn
721 910 817 979 Papia
871 908 1108 966 suaveolentibus
1134 908 1248 977 areolis,
1275 909 1414 981 pergulis,
1444 913 1555 981 rosetis,
1576 915 1714 985 plantari·

78 981 132 1037 illo
153 980 245 1051 legem
265 979 371 1048 Gallus,
394 984 431 1037 ll.
455 980 550 1036 delib.
567 984 680 1049 etpost.
702 981 817 1050 publice
871 979 937 1047 bus,
960 987 989 1037 et
1012 978 1147 1049 pomariis
1174 979 1323 1036 variarum
1348 982 1585 1051 bisquisitionnin
1615 987 1715 1042 Pasca-

73 1062 157 1123 gestu
177 1065 284 1123 magna
306 1052 486 1108 audientium
505 1060 622 1108 caterva
645 1052 816 1121 interpreta-
871 1051 905 1107 sii
921 1067 928 1105 ε
946 1064 1034 1121 quem
1060 1064 1113 1121 ego
1137 1057 1237 1107 testem
1254 1051 1442 1108 lentissimum
1457 1052 1511 1110 boc
1533 1055 1595 1111 loco
1621 1065 1715 1115 extre·

73 1138 100 1179 ,ιι
131 1130 235 1179 aurata
262 1131 337 1192 toga,
363 1135 461 1178 coram
492 1136 560 1193 rege
588 1121 669 1178 Gallo
694 1122 818 1179 Ludovi·
871 1136 953 1178 inum
969 1121 1062 1192 posui,
1089 1121 1169 1191 quod
1195 1120 1259 1191 ejus
1278 1122 1401 1179 virtutes
1428 1137 1540 1194 semper
1564 1126 1717 1186 habuerim

73 1237 76 1254 .
93 1194 231 1265 quinque
245 1192 453 1259 cardinalibus,
469 1200 497 1249 et
512 1199 629 1250 centum
652 1193 818 1263 proceribus
872 1193 930 1249 into
944 1192 1030 1249 corde
1045 1191 1219 1258 reconditas,
1236 1192 1361 1264 bincque
1382 1193 1490 1251 lactum
1513 1203 1556 1252 est
1570 1204 1602 1253 ut
1617 1211 1717 1256 recens

74 1266 104 1321 ia
131 1265 321 1335 implentibus
344 1263 418 1320 dixit
440 1278 479 1325 sc,
517 1265 595 1334 quod
621 1264 738 1320 beatum
772 1264 817 1321 isti
872 1262 942 1319 coelo
966 1270 1108 1333 receptus,
1134 1271 1282 1320 extremus
1306 1264 1428 1334 pectoris
1448 1266 1506 1321 mei
1534 1267 1640 1325 scrinio
1664 1283 1716 1327 ox·

73 1349 268 1406 ,numquam
294 1349 415 1391 uxorem
440 1335 565 1402 duxisse,
597 1342 629 1390 ut
653 1348 719 1406 rege
742 1349 818 1391 coin-
873 1333 949 1389 ierit.

74 1416 137 1475 nte,
154 1407 207 1477 qui
222 1406 323 1462 Genua
345 1405 465 1462 subacta
491 1405 696 1476 deLiguribus
714 1408 854 1476 trium-g
908 1404 959 1460 llis
981 1404 1068 1461 tantis
1088 1402 1261 1460 testimoniis
1283 1411 1311 1461 et
1331 1403 1417 1461 claris
1447 1403 1557 1477 elogiis,
1584 1423 1650 1479 quis
1674 1417 1717 1468 eat

73 1476 815 1558 luliusllpoutilexadgalerumpurpureumillum
871 1475 923 1546 qui
948 1480 1009 1531 mm
1031 1474 1194 1532 excellentis
1217 1474 1350 1543 doctoris,
1371 1481 1431 1532 mm
1450 1486 1557 1533 sanotae
1579 1487 1606 1536 et
1628 1480 1718 1538 docta

73 1563 171 1605 nesse
185 1556 278 1605 sciret.
293 1548 359 1604 llaec
377 1547 486 1603 iuvius.
871 1545 1002 1603 mulieris
1053 1554 1080 1603 st
1102 1545 1199 1603 secula
1212 1545 1342 1603 victuras
1364 1546 1480 1603 cbartas
1508 1549 1544 1605 ab
1577 1549 1717 1609 incendiis

88 1620 245 1690 estquod
264 1618 529 1699 secundaepistola
562 1616 689 1698 Heloissa
712 1616 818 1674 latetur
870 1559 1085 1699 nostrolaggre
1104 1625 1217 1687 ereptas
1241 1626 1269 1673 et
1295 1626 1490 1687 conservatas,
1513 1620 1549 1677 ab
1579 1622 1717 1693 omnique

74 1691 202 1748 incolam
221 1690 256 1745 ad
285 1693 451 1747 monastica
467 1690 695 1746 conversationis
720 1698 816 1746 austo·
872 1694 991 1745 intentu
1006 1688 1167 1745 vindicatas
1180 1702 1237 1743 non
1253 1688 1445 1760 gratuletur?

74 1778 81 1818 ι
107 1777 169 1818 non
194 1765 307 1817 tantum
324 1760 473 1831 religionis
489 1759 652 1825 devotione,
668 1760 717 1816 sed
731 1760 818 1817 Abia-
905 1758 943 1815 At
957 1760 1034 1816 enim
1048 1760 1071 1816 si
1087 1758 1201 1827 objiciet
1219 1758 1338 1830 aliquis,
1354 1760 1437 1816 illum
1452 1773 1578 1818 errassse
1602 1760 1631 1818 in
1650 1763 1716 1833 qui·

74 1846 163 1891 :ausa
182 1834 275 1903 prinis
303 1838 484 1901 pertractem.
514 1831 617 1902 ltaque
644 1844 703 1888 non
731 1831 818 1888 nimis
871 1828 995 1886 busdam
1021 1829 1162 1898 articulis,
1191 1836 1219 1885 et
1235 1833 1264 1885 in
1292 1831 1401 1900 synodo
1429 1832 1584 1902 provinciis
1611 1833 1715 1891 Senon

82 1918 150 1963 earn
174 1904 331 1974 premenda
349 1910 417 1959 sunt
435 1902 573 1973 biocejus
596 1902 707 1958 verba:
734 1903 818 1959 si'iue
869 1899 960 1957 luisse
978 1901 1160 1969 damnatum,
1187 1902 1276 1971 atque
1302 1901 1372 1958 adeo
1392 1915 1454 1958 rem
1476 1902 1637 1973 judicatam
1664 1918 1716 2032 Ero

74 1983 86 2031 ε,
119 1976 194 2029 orbis
223 1977 497 2043 imperatorucoiein
512 1977 659 2042 repeteret,
695 1974 816 2040 mallem,
870 1972 990 2028 ueritate
1015 1972 1237 2041 accipiendam:
1259 1972 1282 2027 is
1310 1972 1365 2028 sibi
1392 1986 1562 2042 responsum
1585 1974 1639 2031 boc
1685 1990 1715 2032 a·

105 2050 156 2101 iiia
178 2060 233 2100 esee
259 2047 398 2111 maerim,
424 2060 507 2113 quam
526 2045 600 2099 oreb
632 2048 816 2114 imperati-tc:
871 2043 937 2099 beat
951 2057 958 2096 :
974 2048 1121 2124 receptum
1137 2042 1256 2113 quidem
1280 2056 1363 2099 reum
1388 2043 1486 2109 luisse,
1502 2044 1551 2099 sed
1567 2057 1625 2100 non
1647 2060 1714 2116 per·

74 2117 136 2174 eid
150 2117 269 2188 quidem
288 2116 450 2184 dictumst
469 2116 588 2186 poetice,
607 2122 641 2173 ut
663 2116 744 2186 apud
765 2115 818 2173 Ca·
875 2113 1179 2183 actum3de1ndecum
1196 2126 1246 2182 pro
1262 2112 1431 2169 innocentiae
1446 2128 1507 2169 sua
1523 2115 1655 2184 prasidio
1665 2131 1714 2188 ap-

95 2204 103 2215 ·
872 2183 987 2265 pellarit
1012 2197 1161 2266 summum
1186 2182 1360 2265 pontificem,
1381 2187 1547 2267 provocatio
1570 2185 1717 2259 illaJ'udi·

74 2298 119 2351 ΞΜ
139 2295 384 2379 ΜΜΜΜ
396 2292 598 2379 nummu*
619 2365 625 2377 .
872 2254 1519 2397 masiel}sffigltiitlttslolgtlrrbeattsuiln’tesllliggg?quid
1535 2327 1577 2383 rei
1603 2336 1715 2400 gestum

74 2384 130 2422 '⁰¹¹⁸
145 2367 221 2431 ’ΝΜ
234 2382 288 2422 ''⁰'‘
303 2382 326 2422 ⁸¹
338 2382 365 2421 ⁸⁶
379 2368 487 2436 mmm
500 2377 558 2435 ‘¹³⁸⁶
571 2364 647 2419 '’²¹²“
872 2396 955 2478 sit-in
972 2396 1021 2453 illa
1028 2404 1180 2478 ‚conventu
1195 2395 1301 2477 Senon.
1314 2396 1428 2477 legatur
1438 2396 1653 2477 apologeticus,
1663 2401 1716 2472 qui

74 2490 86 2531 a
108 2475 173 2532 baec
187 2473 276 2532 verba
290 2473 384 2544 erupit
398 2487 434 2529 ex
447 2479 614 2543 contemptu
636 2469 818 2539 divitiarum,
872 2468 941 2526 burc
955 2482 1035 2538 operi
1049 2475 1174 2525 insertus
1188 2475 1328 2538 ropetitur
1340 2481 1377 2524 ex
1401 2468 1472 2525 bibl.
1490 2469 1579 2540 llegia
1592 2472 1647 2528 sub
1661 2485 1712 2529 no·

75 2562 129 2616 im,
153 2554 182 2603 et
223 2559 320 2603 rerum
347 2543 545 2611 lortuitarum,
573 2550 601 2599 et
624 2541 818 2600 exuberantia
872 2540 951 2595 mine
967 2538 1143 2608 epistoliel'l
1165 2544 1193 2619 et
1214 2537 1393 2620 talium,
1410 2546 1534 2620 ¹aitctorc
1560 2542 1716 2601 PetroBe-

75 2618 136 2673 alis
156 2618 263 2673 amoris
290 2615 481 2686 icpudiotiiie
506 2613 685 2671 matronalis.
709 2612 818 2670 Deinde
873 2610 1021 2680 rangario,
1052 2608 1220 2688 scholastico
1245 2608 1428 2677 Pictaviensi,
1469 2612 1521 2681 qui
1555 2610 1716 2683 discipulus

75 2703 109 2746 ex
127 2688 289 2744 reverentia
307 2694 335 2743 et
348 2685 543 2750 observantia,
558 2698 648 2765 quam
669 2683 701 2739 in
721 2683 819 2739 animo
872 2678 1017 2761 abaelardi
1039 2680 1127 2735 variis
1149 2678 1294 2760 coloribus
1311 2678 1439 2749 depinxit
1469 2681 1611 2766 quosdam
1622 2698 1659 2741 ex
1682 2685 1713 2741 il·

75 2774 94 2815 a
110 2766 261 2829 pepererat
275 2758 426 2814 admiratio
439 2757 503 2827 ejus
515 2756 608 2812 divini
628 2755 746 2827 ingenii,
763 2754 818 2810 do·
834 2746 856 2803 G
873 2750 918 2817 lis,
935 2764 988 2821 qui
1004 2757 1071 2831 autc
1087 2756 1201 2820 tempus
1224 2748 1392 2829 iudicantes
1407 2754 1554 2830 praebgero
1576 2766 1634 2809 non
1649 2768 1716 2812 eru·

89 2829 335 2898 incomparabilis,
359 2827 434 2896 lldei,
458 2825 618 2897 probitatis,
635 2824 815 2893 constantia,
873 2822 998 2879 buerant
1023 2832 1142 2901 nigrum
1178 2827 1278 2901 contra
1315 2821 1480 2901 inauditum
1506 2835 1594 2878 suum
1625 2826 1717 2896 magi-

75 2914 109 2957 ro
124 2902 228 2956 marito
243 2900 327 2957 luerit
343 2913 420 2955 mors
435 2905 631 2968 praesentanea
645 2896 815 2967 oppetenda,
871 2901 976 2949 strum.
992 2891 1127 2973 Fitenim
1142 2888 1210 2958 lere,
1241 2898 1339 3018 inquit
1366 2889 1424 2973 ille,
1451 2896 1486 2948 ut
1507 2891 1628 2950 libenter
1647 2909 1713 2952 con·

90 2971 252 3037 liradnem,
296 2969 475 3040 Penelopem,
517 2967 661 3036 Alcestim,
687 2966 816 3024 Porciam
871 2965 1050 3034 damnetqut
1065 2969 1135 3018 cito.
1152 2961 1256 3018 Totum
1294 2969 1360 3033 egat
1372 2977 1425 3034 qui
1452 2961 1527 3020 volet
1551 2965 1715 3038 apologeti-

91 3050 146 3099 aut
165 3041 279 3098 Arriam
306 3040 375 3098 Paeti
398 3040 503 3110 pietate
522 3039 608 3096 luerit
631 3046 814 3108 superatura,
871 3049 949 3103 curn,
963 3048 1016 3116 ego
1031 3047 1068 3090 ex
1081 3032 1191 3115 9⁰&
1206 3039 1497 3114 tantumqexeerpem.

75 3126 110 3170 aa
132 3113 243 3169 omneis
265 3112 300 3168 de
323 3110 433 3183 quibus
454 3118 524 3169 sunt
538 3110 569 3166 bi
596 3108 670 3181 elegi
695 3109 815 3180 Proper·
905 3107 937 3162 ln
961 3119 1009 3162 ria
1024 3103 1304 3170 Christiambulana,
1321 3119 1352 3162 iu
1378 3104 1490 3161 occulto
1505 3104 1650 3176 prodiens,
1667 3115 1713 3164 tu-

870 3176 937 3234 nica
956 3174 1124 3233 inconsutili
1145 3175 1284 3245 spoliatus
1300 3181 1352 3231 est.
1377 3175 1443 3232 Post
1460 3176 1615 3246 prandium
1644 3180 1712 3237 alla-

75 3289 161 3345 ,Βοὴ
176 3289 220 3343 m
233 3290 342 3357 mm
357 3304 412 3343 una
425 3289 546 3356 marim,
871 3254 918 3304 tus
939 3255 982 3304 est
1007 3246 1088 3316 liber,
1112 3253 1139 3302 et
1157 3246 1272 3303 cuidam
1290 3245 1393 3316 juveni
1421 3254 1595 3317 preceptum
1617 3257 1659 3307 est
1680 3260 1713 3309 ut

75 3376 110 3417 tos
131 3376 232 3416 aurora
247 3362 304 3415 suit
318 3360 404 3414 rubra
418 3361 519 3415 colorat
531 3362 618 3430 equis.

75 3448 127 3499 W
143 3432 189 3486 Ψ
203 3433 494 3557 m9r⁸⁶ser⁰lun⁰m⁶⁰⁵t
507 3433 560 3514 {aa
575 3431 672 3486 “mma
685 3429 761 3500 Μ’
871 3467 917 3516 tus
930 3460 1025 3517 tuerat
1037 3458 1222 3515 exclamavit.
1242 3460 1309 3515 Post
1323 3459 1434 3530 aliqua,
1449 3460 1561 3517 emulos
1574 3463 1609 3518 de
1629 3464 1715 3521 turba

76 3519 164 3559 mm
177 3504 250 3570 illm
262 3508 378 3588 ⁸¹⁰⁸Pia,
393 3507 440 3559 ‘W
459 3517 583 3587 aim
870 3531 1019 3598 insultare,
1044 3530 1144 3599 pedem
1173 3529 1239 3599 pedi
1264 3529 1449 3599 adplaudere,
1468 3531 1573 3599 ridere,
1595 3548 1637 3590 nu
1659 3535 1713 3604 ari,

76 3580 190 3659 ''mi''
205 3575 301 3629 '‘⁰⁶0¹'‘
315 3575 385 3637 ΜΒ
400 3590 459 3657 ⁹²¹³?
471 3590 532 3657 ”³³³⁰
547 3576 678 3658 ww
870 3601 1059 3682 conspiceres.
1076 3600 1298 3670 Dissipabantur
1316 3601 1452 3658 cordibus
1468 3601 1539 3670 suis,
1554 3549 1714 3663 stridebant

76 3662 216 3749 'nmium‘
231 3646 321 3749 ‚pm
335 3650 361 3700 ‘³‘
374 3647 545 3700 ”⁰²²¹⁸⁰“²⁵³⁶
556 3660 635 3698 mm·
869 3671 1006 3730 dentibus
1027 3670 1056 3728 in
1071 3670 1200 3740 Petrum,
1216 3670 1315 3728 oculos
1335 3671 1419 3743 talpa
1433 3672 1570 3730 babentes
1585 3689 1593 3729 ι
1615 3677 1714 3734 Pitoso·

76 3722 113 3772 ιιι
127 3724 265 3802 ”immi
278 3723 303 3772 ⁶²
317 3719 433 3815 flamm?
444 3721 555 3800 P⁸⁰‘;⁰²f‘²
569 3715 690 3787 praebe'l‘
869 3744 931 3811 faoi
958 3743 1042 3809 lianc,
1066 3741 1219 3813 inquiunt,
1243 3744 1392 3798 sineremus
1419 3743 1541 3799 oium?
1564 3746 1600 3801 Et
1626 3750 1715 3818 paulo

76 3794 208 3855 mnilite
221 3804 278 3844 ⁵²¹ss
288 3804 337 3843 ⁰?ss
350 3794 465 3858 PPWM
479 3803 558 3842 Wis-
869 3819 933 3884 post
950 3828 956 3869 :
978 3815 1012 3869 ln
1026 3817 1114 3868 somni·
1129 3813 1291 3881 lethargiam
1313 3815 1385 3869 oculi·
1400 3815 1549 3871 multorum
1573 3816 1711 3876 solveban-

76 3895 220 3953 imiseram
244 3894 372 3966 elogium
386 3893 421 3950 de
435 3902 561 3965 utroque
576 3891 676 3962 optimi
691 3892 768 3949 senis
787 3900 815 3950 si
871 3889 926 3939 tur.
944 3885 1019 3939 later
1034 3883 1088 3938 bac
1102 3888 1181 3940 sanct
1199 3884 1291 3951 lector,
1307 3886 1399 3940 stertit
1413 3885 1534 3940 auditor.
1560 3886 1642 3944 iltius
1665 3906 1713 3946 eu.

110 3981 147 4023 ae
167 3967 364 4035 undecunque
391 3964 506 4021 doctiss.
539 3966 594 4020 mei
629 3965 816 4033 proeceptoris
871 3956 925 4011 bilo
939 3956 1080 4020 innititur,
1096 3959 1126 4037 ul
1140 3954 1185 4009 ddi
1213 3954 1297 4039 ῡιιιζῑξ
1319 3959 1376 4010 ιϋίι·
1405 3970 1538 4039 Pettium,
1565 3958 1636 4039 alins
1665 3976 1712 4016 su-

76 4038 190 4105 measti,
206 4038 267 4109 qui,
284 4037 354 4092 duni
369 4036 430 4092 brec
449 4035 614 4102 scriberem,
637 4034 696 4091 lero
719 4049 814 4092 nona·
867 4042 919 4096 lter
941 4026 1021 4081 inette
1043 4025 1158 4079 cervical
1182 4024 1370 4080 militium
1391 4026 1531 4095 PPlPssbm
1554 4042 1612 4109 suta
1636 4032 1713 4087 otoli'-

76 4124 107 4167 ιιι
130 4122 236 4180 magno
264 4106 396 4164 omnium
417 4120 540 4163 moerore
565 4105 675 4176 placide
699 4104 730 4160 in
757 4107 814 4163 000
868 4098 1213 4167 tur,uli'ussupergenna
1231 4096 1467 4167 caputinclinans
1484 4097 1714 4159 denuntiantium

76 4181 123 4247 rit,
142 4180 188 4236 ille
202 4180 274 4235 alter
290 4178 383 4234 Varro
405 4186 433 4234 et
456 4178 580 4248 diligens
604 4176 852 4256 antiquitatum„
867 4172 963 4240 itaque
985 4169 1068 4252 lector
1096 4168 1129 4225 in
1149 4169 1223 4223 Petri
1245 4169 1313 4223 iiitts
1339 4169 1452 4253 aliquod
1476 4172 1609 4239 reperiret
1622 4176 1713 4243 spine·

76 4259 160 4324 gater
176 4250 273 4321 quinti
299 4247 755 4321 llisquisitionumFrancicarum
779 4247 812 4304 li·
868 4246 937 4306 tuin,
976 4240 1070 4296 surdis
1106 4238 1278 4294 exclamabat
1300 4240 1424 4295 acubus.
1450 4243 1619 4300 Damnatis?
1644 4248 1714 4302 Tum

76 4330 115 4379 ιιι
134 4322 406 4378 decimumnonum
429 4318 582 4383 dedicarit,
598 4325 626 4372 et
641 4325 735 4374 totum
757 4317 811 4374 im·
867 4312 981 4377 quidam
995 4311 1029 4366 ὅθ
1047 4311 1128 4378 vulsit>
1149 4309 1186 4366 Μ
1200 4315 1376 4366 extremam
1398 4312 1499 4368 illibata
1516 4319 1713 4386 expergefacti,

80 4392 277 4450 describendis
299 4389 443 4447 Abaelardi
458 4397 486 4445 ct
501 4387 631 4445 lleloissae
651 4388 810 4456 amoribus,
870 4383 1040 4465 tummim&
1067 4396 1138 4448 vove,
1169 4384 1268 4465 carde.
1283 4328 1425 4452 peitduqo:
1455 4386 1633 4454 bamnaiuus,
1657 4391 1711 4444 atc-

77 4464 150 4530 ibus,
175 4470 202 4520 et
228 4463 381 4527 aerumnis,
406 4474 519 4517 necnon
535 4459 564 4514 in
590 4459 752 4529 pangendis
765 4474 817 4516 eo-
872 4453 938 4508 bunt
953 4468 962 4522 ;
977 4454 1030 4535 alii
1047 4468 1110 4507 uera
1124 4451 1316 4509 damnantium
1340 4456 1459 4510 tumultu
1483 4458 1606 4522 enodati,
1633 4459 1711 4515 decc·

77 4535 202 4601 indibus,
228 4534 397 4591 constantiae
421 4540 449 4588 et
471 4530 595 4587 aliarum
620 4530 774 4599 virtutum,
788 4537 816 4587 et
869 4529 962 4594 puato
984 4538 1077 4594 prima
1099 4523 1226 4592 opilata:
1252 4524 1365 4607 bunos,
1385 4527 1525 4596 inquiam.
1552 4528 1630 4585 later
1658 4532 1713 4587 bac

77 4622 106 4663 ,ω
123 4618 213 4675 super
230 4605 328 4661 omnia
342 4602 531 4669 admirandae,
573 4599 661 4657 uibus
682 4600 739 4657 sibi
754 4614 816 4657 ma·
870 4597 966 4651 Petrus
994 4595 1091 4650 orabat
1114 4610 1122 4648 :
1149 4596 1307 4663 ιιιοιιιιιιε,
1336 4596 1424 4651 libera
1443 4601 1564 4654 ammam
1586 4615 1713 4659 nicoma

77 4676 276 4734 celebritatem
297 4675 475 4746 quesierunt
488 4681 516 4729 et
539 4615 671 4743 g‘loriein,
687 4679 715 4729 et
729 4685 766 4729 ex
782 4685 816 4729 ea
871 4667 951 4722 notis
967 4667 1086 4736 iniquis,
1097 4668 1124 4720 et
1137 4664 1262 4733 ati'iiqua
1275 4666 1378 4749 dolum
1395 4687 1410 4719 u

77 4748 155 4805 iidiae
168 4746 299 4802 danimas
321 4745 487 4810 acerrimas,
509 4742 675 4814 exquibus
701 4756 756 4812 ope
770 4743 816 4799 di·
906 4738 984 4793 luter
998 4743 1040 4794 tot
1058 4743 1097 4818 'et'
1112 4743 1207 4793 tantas
1222 4745 1382 4819 angustias,
1409 4736 1575 4796 libielardns
1600 4740 1637 4797 ad
1658 4743 1710 4800 ito.

77 4828 171 4891 uptus
192 4825 254 4874 est:
277 4817 308 4873 in
331 4830 458 4889 quarum
482 4828 579 4871 rerum
605 4812 769 4883 promiscua
787 4821 816 4871 ot
870 4809 950 4864 mani
969 4821 1115 4875 examinis
1135 4808 1265 4879 confugit
1293 4810 1418 4880 asylum.
1447 4810 1531 4865 titius
1565 4825 1637 4880 eum,
1669 4814 1711 4871 in.

77 4904 106 4948 ia
134 4888 298 4946 narratione
327 4901 433 4944 nervos
453 4885 562 4942 omneis
583 4898 643 4941 succ
674 4883 817 4942 lacundiae
871 4879 945 4951 quit,
968 4881 1095 4936 Romana
1117 4879 1264 4943 ltcctisi'a,·
1278 4882 1338 4936 uoto
1353 4895 1438 4935 causa
1451 4895 1512 4936 mea
1530 4884 1612 4951 quari·
1632 4885 1713 4956 impii·

82 4960 135 5019 ille
157 4960 345 5017 encomiastes
364 4956 514 5028 explicuit.
540 4956 661 5015 llultam
684 4955 761 5012 enim
785 4955 816 5012 in
864 4951 1025 5020 iudicaturi
1055 4952 1187 5009 carauni
1206 4953 1333 5008 Ecclesia
1362 4952 1480 5022 appello.
1502 4952 1554 5010 Sed
1579 4968 1638 5012 nou
1662 4957 1712 5013 ob-

77 5046 90 5089 n
114 5030 255 5088 lbaelardr
276 5029 505 5097 enumeratione,
531 5036 587 5085 tem
610 5040 695 5083 orum
720 5026 816 5082 varie·
870 5029 964 5077 stante
978 5022 1178 5093 appellatione,
1202 5020 1293 5080 relata
1307 5030 1376 5081 sunt
1406 5032 1573 5095 quaegesta
1596 5025 1713 5084 lucrant

77 5110 168 5161 irtun·
207 5117 244 5159 ue
257 5100 458 5160 uicissitudine
472 5099 570 5157 lectori
585 5042 814 5178 delectationem,
870 5091 1036 5173 apostolico,
1051 5101 1079 5148 et
1092 5094 1191 5150 statim
1205 5106 1223 5149 a
1249 5095 1379 5176 Romana
1391 5097 1456 5152 sede
1480 5094 1570 5152 literis
1593 5096 1711 5155 damna-

77 5175 265 5240 cumdoore,
284 5181 314 5231 at
340 5173 441 5229 saltem
460 5185 527 5227 cum
543 5169 726 5226 miseratione
747 5182 812 5224 oon-
869 5170 956 5221 tionis
978 5177 1009 5218 in
1036 5163 1153 5221 Petrum
1212 5164 1426 5225 rGallicanaru
1447 5166 1606 5224 Ecclesiam
1630 5169 1713 5227 rola-

78 5260 112 5312 n,
128 5258 177 5301 res
196 5252 336 5316 tanquam
355 5242 448 5300 oculis
465 5240 595 5312 subjecta
616 5238 700 5305 leret,
726 5245 814 5309 atque
869 5239 949 5292 runt.
975 5233 1136 5291 Damnatur
1151 5243 1179 5291 ta
1194 5234 1247 5292 iter
1264 5249 1297 5292 os
1313 5236 1396 5301 illud,
1419 5236 1653 5310 promptuariom
1666 5254 1711 5299 ra·

78 5316 200 5384 tionem,
231 5323 388 5386 stuporem,
417 5312 558 5378 laetitiam,
590 5324 671 5381 spem
709 5309 815 5381 ingerit
870 5305 966 5370 tionis,
988 5304 1059 5361 tuba
1079 5302 1154 5369 lldei,
1176 5304 1335 5387 hospitium
1357 5307 1518 5367 Trinitatis.
1541 5311 1712 5379 [lambatur.

77 5388 132 5446 tim
146 5400 213 5443 cum
230 5386 351 5443 notabili
365 5384 448 5442 exitu
461 5382 594 5441 materies
618 5388 676 5440 tota
698 5379 814 5438 conclu·
869 5375 943 5459 proh
952 5372 1059 5457 ‘d010l'l
1081 5375 1194 5443 absens,
1217 5376 1368 5434 inauditus
1390 5387 1418 5436 et
1437 5380 1630 5443 inconvictus.
1657 5388 1711 5445 Cu·

90 5458 151 5517 Pie
169 5470 271 5528 nempe
293 5456 447 5523 abelardi,
470 5462 534 5538 post
568 5452 701 5511 acerbam
723 5451 814 5523 poini-
882 5460 931 5527 us,
951 5458 1085 5517 inquam,
1103 5444 1169 5503 teau
1191 5446 1277 5529 bone,
1299 5447 1386 5520 onlpa
1409 5457 1470 5507 nm
1496 5464 1588 5511 cacos
1609 5454 1714 5519 babuit

78 5544 113 5601 n,
145 5528 177 5587 in
203 5528 318 5588 cbristo
350 5524 573 5588 obdormitionis
603 5529 632 5583 et
658 5522 816 5595 sepulima
883 5514 991 5583 udices,
1009 5522 1043 5574 ut
1064 5528 1125 5574 non
1146 5524 1284 5590 utrinque
1306 5532 1403 5578 musa
1419 5520 1513 5577 latera
1528 5528 1718 5603 ventilarent.

83 5607 312 5663 comulatam
334 5598 367 5661 in
386 5598 498 5673 gremio
520 5596 639 5668 mecla,
654 5595 731 5657 elcut
753 5593 815 5671 ipsc
936 5586 1094 5663 ωπὶιιθΐθι
1108 5585 1259 5680 metuunt,
1272 5588 1393 5659 mnan
1403 5590 1551 5679 volebant·
1568 5596 1638 5684 Cup
1655 5616 1724 5681 etti

869 3333 940 3376 rore
950 3319 1077 3374 clamosa
1102 3316 1179 3374 Petri
1198 3315 1338 3387 opuscula
1351 3324 1526 3388 personaret.
1550 3319 1587 3376 Αι
1601 3319 1649 3377 ille
1671 3323 1712 3380 'n-

870 3390 952 3446 venis
967 3388 1041 3445 Petri
1057 3387 1123 3444 odio
1148 3387 1305 3455 animatus,
1324 3388 1457 3445 sonorius
1473 3403 1563 3460 quam
1587 3339 1714 3460 postuli-
