3804 5962
496 222 508 240 ⁸
586 245 769 305 nxeestrte
788 249 824 305 nl
846 245 1099 304 samanaeos.
1583 317 1587 338 ‚
1673 254 1726 308 rea

79 368 190 437 lmilier,
213 370 309 441 imago
330 369 394 442 elus
416 370 540 441 dieitur3
560 369 668 427 lemina
698 384 764 426 vcro
786 371 823 426 si·
841 371 864 426 Α
880 370 1067 429 tionabilibus
1094 374 1244 441 creaturis,
1266 380 1299 430 ut
1312 373 1478 431 eassoilicet
1497 376 1527 432 in
1557 381 1725 446 potestatem

79 458 123 524 de,
140 472 207 514 cum
235 458 293 528 ipsa
313 460 399 516 etiam
419 459 553 516 sicutvir
568 473 619 530 per
638 459 780 516 rationem
802 468 829 519 et
882 461 1012 532 accipiat,
1040 470 1068 518 et
1094 462 1135 519 eis
1158 462 1321 520 dominetur
1347 478 1413 533 quae
1435 464 1546 521 ratione
1574 472 1675 522 carent
1695 470 1724 521 et

79 547 225 602 taluamm
255 550 464 605 anitttaeDcttrn
490 550 627 605 imitetur.
659 550 709 606 Vir
733 559 829 605 autem
884 567 981 618 sensu,
1012 552 1088 608 sicut
1126 553 1306 623 postmodum
1332 553 1372 608 ait
1401 553 1458 608 ibi:
1489 556 1524 609 bt
1550 553 1729 609 dominamini

79 651 178 705 isuper
199 636 283 691 babet
306 651 364 706 quo
377 637 432 692 Dee
446 638 569 694 similior
585 639 644 703 liat,
662 639 738 707 quud
753 640 828 694 sieut
880 641 1001 710 piscibus
1016 643 1113 705 tataris.
1134 651 1188 696 etc.
1221 642 1346 697 Potestas
1374 649 1424 697 aut
1446 642 1608 697 dominium
1629 644 1658 697 in
1683 642 1728 698 bis

101 739 138 780 en
160 725 216 780 Deo
232 725 338 780 liabent
360 740 430 792 esse,
448 728 488 781 ita
507 742 542 782 cx
560 742 618 782 uno
642 727 704 782 viro
729 741 829 782 secun·
884 731 946 785 idue
961 729 1064 785 collata
1076 729 1184 784 boutiui
1208 730 1356 798 dicuutur,
1375 731 1451 800 quod
1466 730 1551 799 iuxta
1565 731 1634 800 ejus
1650 731 1728 786 arbi-

79 814 226 869 trailuuem
243 815 371 882 corperis
387 824 442 870 tam
471 815 576 871 lemine
598 818 658 884 ipsa
680 830 767 886 quam
785 829 830 872 to·
885 819 972 873 trium
985 818 1045 873 baeu
1063 819 1160 873 oniuia
1175 818 1396 887 disponerentur
1410 827 1437 874 et
1451 831 1501 888 pre
1513 819 1726 875 voltrutaiesua

79 916 154 958 enus
173 904 332 958 buntanum
351 903 463 959 initium
482 905 576 960 babel.
600 905 707 976 Siquis
732 912 829 960 autem
883 907 924 962 eis
955 907 1068 975 penitus
1097 914 1236 970 uteretur,
1273 907 1405 977 quaudiu
1430 907 1657 977 ipsavoluntatl
1680 908 1727 962 sui

79 992 149 1046 ttius
164 1005 197 1046 ac
218 990 370 1061 perfectius
395 993 470 1048 banc
485 993 640 1064 imaginum
656 994 701 1050 vel
725 993 829 1049 simili-
883 995 1045 1052 citudileris
1057 995 1203 1066 subjectus
1226 1003 1308 1051 esset.
1325 997 1444 1066 inques
1472 1004 1565 1051 tamcn
1583 1011 1653 1051 usus
1669 996 1730 1052 haec

79 1095 112 1136 im
129 1080 176 1135 Dei
194 1081 228 1135 ad
246 1093 335 1150 quam
352 1081 435 1137 bomo
450 1082 542 1138 lactus
568 1083 676 1137 dicitur
699 1082 830 1138 conside·
884 1083 982 1140 emnia
1002 1092 1072 1139 ltine
1092 1084 1209 1139 baberet
1230 1099 1286 1138 nen
1304 1084 1385 1140 lacile
1405 1092 1446 1139 est
1470 1085 1504 1139 de
1524 1083 1650 1154 siugulis
1674 1084 1730 1140 clis-

80 1168 131 1224 elit
151 1169 239 1238 juxta
254 1168 382 1238 ipsarum
401 1183 589 1238 personarum
605 1170 829 1235 distinctionem,
884 1186 986 1238 serere,
1003 1172 1025 1227 si
1049 1185 1162 1242 semper
1177 1171 1207 1227 in
1238 1173 1368 1241 paradiso
1389 1173 1562 1242 persisteret,
1589 1178 1729 1242 tauquam

81 1264 91 1312 t
113 1256 259 1311 hominem
286 1257 381 1338 ipsum
397 1265 456 1314 tam
472 1259 565 1315 Patris
589 1272 676 1329 quam
694 1257 757 1313 Filii
783 1258 829 1313 v'el
884 1258 919 1315 ad
940 1273 1060 1315 manum
1079 1261 1190 1317 babens
1211 1261 1308 1316 emnia
1331 1260 1503 1326 necessaria,
1533 1267 1560 1316 ct
1582 1257 1727 1315 suifiuien·

79 1358 109 1400 us
136 1344 228 1400 sancti
260 1359 296 1400 ex
324 1358 377 1401 sua
410 1347 575 1403 conditione
608 1346 830 1403 similitudinem
884 1355 941 1404 tem
974 1348 1029 1405 sibi
1060 1349 1260 1406 detractibus
1285 1349 1424 1404 arborum
1447 1349 1490 1404 vel
1519 1347 1616 1406 barbis
1645 1362 1728 1405 esum

79 1446 143 1488 uam
167 1434 303 1502 adeptum
319 1449 389 1489 esse.
407 1434 523 1490 Constat
537 1436 647 1505 quippe
672 1437 728 1491 ileo
751 1434 829 1490 Patri
884 1451 1051 1493 cencessum
1068 1455 1073 1492 :
1089 1439 1250 1508 pracsertim
1265 1451 1332 1492 cum
1348 1451 1400 1492 nee
1423 1437 1539 1493 adeum
1563 1436 1726 1508 pertingere

82 1521 176 1591 seipse
190 1536 248 1577 nen
264 1523 300 1578 ab
315 1522 371 1579 alie
384 1537 444 1578 esse
460 1524 654 1594 babet,juxla
675 1523 751 1579 hane
766 1525 830 1594 cius
885 1534 999 1596 possent
1022 1528 1161 1582 universa
1189 1526 1361 1582 animantia.
1396 1526 1432 1582 Ut
1463 1525 1542 1582 enim
1568 1525 1602 1581 de
1631 1525 1731 1582 bestiis

79 1611 200 1677 ietatem,
226 1612 254 1666 id
277 1610 353 1681 qued
378 1612 588 1682 adpetentiam
614 1614 737 1682 pertinet
753 1613 828 1668 divi·
845 1650 867 1705 B
884 1623 912 1670 et
937 1615 1042 1673 avibus
1078 1615 1350 1686 praetermittamus,
1366 1615 1432 1685 quis
1460 1622 1520 1670 cete
1542 1614 1664 1686 grandia
1685 1611 1730 1670 vel

79 1699 236 1769 specialiter
262 1701 376 1766 ascribi,
394 1700 468 1757 sicut
483 1710 511 1756 et
531 1702 612 1767 Filio,
634 1702 686 1772 qui
700 1701 763 1771 eius
776 1701 830 1756 Sa·
887 1704 1014 1760 marines
1036 1702 1126 1773 pisces
1140 1703 1208 1760 illuc
1225 1717 1307 1773 pesse
1335 1703 1494 1774 pervenire,
1509 1703 1552 1759 vel
1575 1703 1663 1758 eliam
1686 1700 1729 1757 vi-

79 1788 224 1856 ndic-itur,
241 1790 317 1858 qued
331 1789 479 1859 sapientiae
493 1797 558 1860 est,
576 1798 601 1845 et
619 1790 740 1859 Spiritui
764 1804 831 1846 san·
886 1806 953 1849 vere
982 1792 1169 1848 arbitretur?
1189 1792 1278 1860 Quale
1307 1793 1432 1863 denique
1455 1791 1616 1847 dominium
1642 1802 1731 1860 super

79 1876 110 1933 ui
125 1876 277 1933 amborum
293 1891 374 1933 anter
386 1886 508 1935 vocatur
528 1886 555 1934 et
575 1880 689 1948 proprie
705 1880 832 1935 charitas
886 1882 948 1937 baec
981 1893 1116 1937 exercere
1150 1888 1322 1951 possetque
1347 1895 1501 1950 nunquam
1530 1880 1640 1936 videret
1676 1894 1731 1936 nee

78 1979 102 2033 r,
119 1966 146 2021 id
163 1966 239 2036 quod
255 1968 289 2021 ad
303 1967 458 2022 bonitatem
477 1967 584 2023 divina
607 1969 708 2038 gratiae
723 1974 832 2038 spectat
885 1971 971 2027 eliam
988 1969 1037 2026 ubi
1063 1977 1156 2025 essent
1172 1971 1267 2036 sciret,
1300 1984 1352 2024 nec
1374 1970 1500 2025 tortassis
1516 1969 1540 2024 si
1560 1975 1654 2025 essent
1683 1983 1727 2025 ce·
1813 2036 1817 2040 y

79 2068 125 2109 ann
146 2055 294 2124 preprium
308 2055 458 2111 tribuitur.
886 2059 1060 2130 gnosceret‘l
1084 2058 1232 2122 Quomodo
1247 2058 1365 2128 insuper
1381 2058 1534 2130 universa,
1551 2064 1583 2113 ut
1610 2058 1728 2126 dicitur,

79 2157 118 2196 no
146 2144 257 2212 itaque,
278 2151 310 2198 ut
334 2144 513 2212 dictumest,
538 2144 699 2200 secutmum
726 2143 832 2200 animae
886 2153 969 2200 terrae
984 2143 1126 2199 dominari
1141 2143 1184 2199 vel
1202 2157 1322 2213 praeesse
1341 2150 1456 2213 possent
1480 2143 1509 2198 iu
1528 2157 1585 2198 une
1603 2141 1731 2212 paradisi

79 2237 155 2286 atem
182 2232 217 2286 ad
248 2231 468 2288 similitudinem
496 2233 675 2303 singularem
697 2246 830 2302 persona·
886 2233 947 2288 loco
962 2246 1074 2302 semper
1092 2232 1262 2298 conclusus,
1278 2231 1532 2288 caeterisemnibus
1546 2231 1647 2286 mundi
1665 2243 1729 2299 par-

79 2318 172 2374 laetus
184 2327 235 2388 est,
251 2335 316 2375 cum
334 2321 555 2390 perpotentiam
579 2328 607 2376 et
622 2321 792 2390 sapientiam
804 2327 832 2376 et
886 2321 963 2378 tibus
987 2320 1126 2392 ignoratis
1144 2329 1285 2391 tanquam
1313 2318 1544 2376 nondumvisis?
1571 2321 1630 2375 Aul
1653 2318 1731 2388 quod

79 2408 609 2478 mceterispraelatusanimamibus
633 2411 689 2466 Dee
709 2410 833 2466 similior
886 2412 1068 2480 postmodum
1090 2411 1157 2466 ait:
1187 2411 1303 2466 Crescite
1323 2413 1350 2463 et
1384 2410 1611 2480 multiplicemini
1641 2413 1667 2462 ct
1689 2422 1732 2461 re·

101 2497 148 2552 sit.
175 2498 214 2552 Ee
229 2499 337 2567 quippe
357 2499 455 2553 anima
481 2499 611 2554 bumana
632 2513 682 2569 per
709 2500 832 2569 propriae
883 2501 957 2570 plele
972 2506 1084 2566 terram,
1101 2499 1245 2570 quomedo
1269 2512 1401 2567 unquam
1419 2499 1557 2563 eveniret,
1573 2505 1600 2552 et
1627 2496 1650 2553 si
1668 2504 1731 2552 tau-

79 2599 99 2641 n
130 2587 286 2655 potentiam
324 2588 436 2642 caeteris
464 2588 600 2643 omuibus
625 2587 750 2643 validior
777 2596 830 2656 est,
887 2589 948 2644 tula
971 2598 1050 2658 parte
1084 2587 1184 2642 mundi
1200 2587 1327 2642 conclusi
1354 2585 1482 2641 nondum
1508 2586 1621 2640 exirent
1642 2585 1669 2639 lu
1689 2584 1730 2641 di-

87 2674 149 2730 sela
170 2675 340 2730 immortalis
366 2685 394 2731 et
418 2676 546 2732 delectus
568 2677 672 2747 ignara
694 2683 736 2731 cst
761 2690 832 2731 cen·
886 2690 986 2732 versas
1013 2676 1114 2731 mundi
1137 2675 1290 2745 regiones?
1310 2674 1396 2730 Nulla
1422 2674 1518 2744 ltaque
1545 2673 1617 2729 ratio
1646 2673 1732 2729 babet

88 2762 153 2818 Sela
169 2777 287 2832 quoque
313 2777 404 2832 capax
428 2773 470 2820 cst
485 2765 605 2820 rationis
629 2773 657 2821 et
684 2763 833 2834 sapientiae
887 2774 974 2822 totam
999 2766 1148 2822 bantinum
1165 2765 1293 2819 luturam
1320 2763 1537 2821 multitudinem
1559 2764 1588 2818 in
1610 2762 1658 2818 ille
1674 2776 1732 2818 une

79 2851 121 2906 ini
141 2853 249 2908 ameris
271 2854 424 2923 particeps.
448 2853 517 2917 Quae
542 2855 618 2910 enirn
639 2856 728 2911 Deum
751 2869 832 2910 reco-
887 2853 1012 2926 paradisi
1041 2853 1101 2909 loce
1127 2865 1241 2921 semper
1265 2859 1501 2906 conversaturam
1526 2865 1598 2918 esse,
1623 2851 1645 2906 si
1672 2863 1732 2905 non

79 2952 125 2997 ere
141 2955 193 3010 pro
205 2940 317 2997 ratione
328 2950 487 3012 nequeunt,
504 2956 689 3013 nequaquam
707 2958 773 2999 eum
790 2944 832 2998 di·
850 2923 871 2979 0
892 2948 1064 3012 peccassent,
1088 2939 1138 2996 sed
1171 2939 1236 2995 inde
1259 2939 1444 3008 postmodum
1472 2939 1545 2995 sicul
1558 2947 1585 2993 et
1607 2939 1641 2994 de
1664 2951 1733 2995 arca

92 3038 224 3099 possunt.
246 3031 281 3085 Et
300 3030 361 3085 baec
377 3031 493 3101 quidem
515 3032 570 3087 tria
586 3040 643 3088 tarn
671 3033 834 3103 virequam
889 3044 941 3102 per
967 3032 1107 3084 piundum
1138 3025 1648 3098 dispergendesessenihilpoenale
1681 3025 1732 3082 ali·

79 3119 285 3174 aeeommunia
303 3127 380 3181 sunt,
399 3120 475 3176 unde
491 3122 607 3192 utrique
629 3121 665 3177 ad
695 3121 835 3177 similitu·
889 3119 957 3176 cubi
985 3126 1160 3188 reperturos,
1177 3131 1242 3172 curu
1265 3116 1347 3171 nulla
1363 3116 1562 3172 maledictione
1590 3131 1641 3188 pre
1667 3130 1733 3187 pcc,-

79 3221 84 3260 l
110 3205 159 3262 Dei
180 3206 247 3262 lacti
275 3216 473 3264 memorantur
502 3224 568 3264 clim
591 3212 620 3264 iu
645 3208 836 3279 sequentibus
889 3217 952 3265 cate
976 3215 1052 3264 terra
1067 3212 1266 3276 percuteretur
1286 3220 1303 3260 a
1323 3207 1388 3261 Dee.
1412 3205 1477 3262 ideo
1503 3214 1597 3263 tamen
1626 3205 1734 3276 primes

80 3295 225 3350 rzladie
245 3311 299 3361 quo
317 3299 655 3366 creceiliicusliomiaem,
682 3298 719 3351 od
740 3299 835 3353 simili·
889 3297 1020 3354 hemines
1051 3296 1081 3352 iu
1110 3295 1243 3365 paradiso
1272 3295 1378 3351 locatos
1413 3296 1539 3366 primum
1576 3295 1732 3363 credimus,

79 3385 176 3438 milei
205 3386 363 3452 sccitillum
387 3387 537 3440 masculum
563 3389 736 3454 etscmiaom
762 3401 835 3440 creo·
889 3403 947 3459 que
964 3385 1114 3455 temperies
1141 3382 1569 3454 illaleei,quemapriucipio
1595 3383 1734 3439 Dominus

79 3473 178 3529 ‚cum
195 3474 291 3543 itaque
306 3474 490 3544 ambejnxta
506 3475 642 3544 praedicta
666 3473 835 3530 similitudi·
890 3477 1079 3547 plantaverat,
1114 3471 1256 3528 fructibus
1281 3472 1441 3542 plurimum
1480 3472 1733 3542 abundarel,non,

79 3577 146 3620 rum
170 3561 278 3618 divinis
302 3563 430 3632 persenis
450 3563 646 3636 babcaugvir
666 3572 836 3633 lumenque
890 3565 960 3620 dum
987 3551 1086 3620 bisila
1110 3561 1153 3616 vel
1178 3560 1289 3616 caeteris
1304 3575 1354 3630 per
1385 3561 1528 3616 mundum
1557 3559 1733 3632 propagatis.

79 3666 125 3709 em
140 3664 206 3706 cum
222 3650 263 3705 eis
278 3650 496 3706 similitudinem
511 3658 595 3719 tenet,
616 3666 675 3707 nen
696 3649 835 3706 solumad
891 3652 943 3708 Sed
968 3666 1019 3707 nec
1040 3649 1075 3706 de
1110 3648 1191 3720 ligne
1218 3649 1285 3704 vitea
1309 3647 1491 3703 diffitendum
1518 3655 1561 3705 cst
1584 3658 1650 3704 ante
1677 3662 1736 3704 ma·

79 3740 223 3803 tudinem,
238 3752 340 3794 verum
359 3739 445 3794 etiam
461 3739 496 3793 ad
518 3740 672 3810 imaginem
689 3739 780 3793 creari
796 3739 838 3794 di·
891 3740 1071 3797 ledictienem
1109 3746 1192 3794 terra
1224 3751 1274 3807 per
1302 3737 1508 3806 plantationem
1550 3735 1735 3806 multiplicari

90 3829 129 3887 Ut
141 3829 264 3885 enimes
275 3828 357 3883 Patre
376 3835 484 3884 caeterae
502 3842 629 3898 persouae
646 3828 751 3883 babent
765 3841 836 3895 esse,
892 3833 985 3898 posset
1000 3828 1029 3882 in
1056 3826 1150 3882 terris.
1167 3826 1248 3880 l'unc
1269 3824 1371 3894 utique
1383 3826 1526 3880 universas
1556 3833 1638 3881 terrae
1652 3824 1736 3881 bomo

90 3918 223 3974 bumana
243 3917 557 3974 creationelcminaex
579 3919 755 3974 virocrcata
776 3930 837 3972 csse
892 3929 1013 3986 praesse
1045 3922 1073 3971 et
1109 3914 1251 3970 dominari
1278 3919 1382 3983 posset,
1412 3920 1439 3967 et
1460 3911 1558 3967 multis
1582 3913 1684 3968 usibus
1710 3914 1737 3970 ei

79 4006 186 4073 tabuit,
199 4020 256 4060 nen
269 4006 364 4061 virex
381 4005 497 4061 lamina.
516 4008 567 4062 t’er
580 4007 750 4076 sapientiam
767 4019 838 4075 que
891 4004 1052 4060 animantia
1078 4011 1181 4059 caetera
1199 4015 1260 4057 esse
1288 3999 1418 4056 lertassis
1450 4000 1631 4070 postmodum
1656 4008 1683 4058 ct
1707 4001 1737 4058 iu

79 4095 836 4165 iveraliencmvirumlemiuaepraecutinuissesupra
891 4107 974 4149 esum
1002 4093 1025 4149 ei
1057 4104 1201 4153 concessa,
1228 4089 1302 4145 sicut
1331 4097 1391 4159 post
1412 4089 1589 4146 diluviuma
1617 4091 1738 4146 Domine

79 4198 157 4250 mus,
185 4190 212 4240 et
243 4184 273 4239 iu
307 4184 360 4240 buc
381 4198 448 4240 eum
472 4185 674 4253 sapientiorem
701 4190 832 4238 constare
892 4183 950 4238 Noe
969 4186 1204 4237 cooeessumest.
1234 4178 1349 4233 Possent
1368 4184 1394 4233 et
1421 4176 1637 4233 delectationem
1666 4191 1737 4232 non·

93 4285 112 4329 a
139 4280 270 4342 serpente
294 4273 391 4328 seduci
418 4286 477 4327 non
492 4271 601 4341 potuit.
627 4273 650 4326 A
678 4272 837 4341 quostiam
854 4237 876 4291 ὓ
894 4269 1004 4326 nullam
1029 4266 1138 4326 homini
1165 4264 1437 4322 allerresccundum
1461 4280 1601 4323 sensuum
1619 4264 1737 4322 diversi·

93 4360 188 4431 magis
209 4360 288 4431 diligi
301 4375 359 4415 nen
375 4360 568 4415 dubitandum
585 4365 637 4425 est,
654 4360 705 4429 qui
725 4372 839 4429 nequa-
896 4367 993 4427 tatem,
1010 4371 1076 4414 cum
1097 4353 1378 4413 excantuauditum
1398 4353 1558 4411 mulcerent
1569 4354 1612 4411 vel
1625 4370 1661 4411 ex
1676 4353 1740 4426 pul-

79 4462 170 4504 ,eum
189 4447 242 4504 sibi
267 4448 396 4504 invidere
420 4448 463 4503 vel
485 4448 580 4503 dolose
607 4448 767 4518 quidquam
798 4448 839 4502 di·
895 4445 1061 4504 chritudine
1103 4445 1201 4501 lormae
1229 4441 1325 4497 visum
1357 4441 1543 4510 oblectarent,
1573 4445 1618 4500 vel
1645 4442 1741 4499 ederis

82 4536 129 4593 vel
155 4538 183 4593 in
200 4538 381 4592 mendacium
397 4549 582 4605 prerumpere
601 4536 718 4591 credere
733 4537 838 4606 potuit,
894 4537 1037 4592 suavitate
1050 4532 1186 4590 olfactum
1203 4531 1352 4587 reticerent
1373 4531 1417 4586 vel
1435 4532 1660 4602 quibuscunque
1680 4545 1738 4589 me-

88 4626 195 4682 molier
209 4624 334 4682 'seducta
351 4626 424 4682 lecit.
447 4626 490 4680 En
508 4626 552 4681 bis
576 4624 673 4696 itaque
686 4625 777 4695 liquet
792 4625 835 4681 vi·
895 4626 940 4682 dis
958 4624 1080 4680 diversae
1098 4623 1224 4693 ipsorum
1254 4626 1368 4675 naturae
1395 4619 1545 4690 diligenter
1573 4631 1695 4693 eognuae
1710 4621 1741 4677 io

82 4714 276 4784 iiiumprimo
301 4715 449 4770 centiitum
475 4728 531 4769 non
555 4713 648 4770 selum
673 4713 840 4769 similitudi·
895 4725 1022 4769 amorem
1040 4719 1067 4766 et
1098 4709 1212 4767 laudem
1240 4708 1383 4764 creatoris
1410 4722 1463 4763 nos
1490 4709 1614 4780 amplius
1635 4711 1741 4767 excita·

95 4802 307 4858 verumetiam
335 4803 488 4872 imaginem
514 4803 680 4857 divinarum
709 4815 842 4872 persona·
896 4809 968 4868 rent,
982 4799 1069 4871 iuxta
1097 4799 1172 4869 quod
1193 4799 1309 4854 adeum
1332 4794 1482 4855 Psalmista
1509 4799 1598 4855 dicit:
1623 4800 1742 4856 delecta-

79 4903 109 4947 tx
124 4889 253 4960 ipsarum
281 4891 481 4959 cooperatione
504 4890 531 4945 io
558 4903 611 4945 cua
637 4890 782 4945 creatione
797 4903 842 4946 ae·
896 4894 998 4958 stime,
1023 4893 1146 4952 Domine,
1171 4893 1200 4944 itt
1226 4891 1339 4957 sociere
1368 4896 1426 4956 tuo,
1447 4893 1471 4943 el
1487 4890 1515 4939 ia
1534 4888 1659 4957 operibus
1686 4903 1742 4942 ma·

79 4993 113 5045 tc,
150 4978 229 5050 quod
249 4979 371 5035 similior
397 4979 455 5034 illis
489 4979 518 5034 in
548 4979 609 5035 istis
637 4978 770 5035 conditus
793 4978 838 5034 sit.
895 4980 1368 5050 aaumtucrumaasultubotPsot.
1389 4977 1503 5047 ωδ).

90 5075 167 5124 recte
195 5066 231 5123 de
253 5069 316 5123 vire
341 5066 450 5123 dietum
474 5074 539 5123 est:
562 5067 600 5122 ad
622 5069 770 5136 imaginem
796 5083 842 5122 ne
931 5070 1004 5127 Sunt
1030 5068 1159 5126 tortassis
1174 5067 1282 5138 quibus
1302 5067 1469 5141 huiusmodi
1495 5063 1669 5137 questiones
1693 5065 1739 5122 iri·

79 5197 87 5224 ,
119 5154 173 5210 boo
196 5156 288 5210 estad
320 5155 526 5225 expressiorem
552 5156 782 5222 similitudinem,
813 5163 841 5213 et
895 5159 968 5215 volae
982 5172 1043 5214 esse
1058 5172 1110 5214 nce
1139 5155 1351 5213 rationabiliter
1377 5155 1651 5220 moverivideutur,
1675 5168 1741 5210 cum

79 5244 149 5302 uiua
170 5242 358 5315 subjunctum
388 5253 429 5300 est
450 5252 588 5302 tantum:
614 5245 661 5300 Aa
682 5244 842 5300 similitudi·
895 5247 962 5318 quis
978 5245 1108 5302 videlicet
1127 5246 1234 5316 quaerit
1249 5245 1283 5301 tle
1298 5245 1396 5315 aliquo
1412 5257 1564 5314 nunquam
1592 5243 1741 5300 eveniente

896 5335 1004 5394 etdicit
1030 5333 1101 5405 quid
1131 5334 1247 5391 deretsi
1278 5334 1318 5390 ita
1341 5341 1422 5390 esset.
1447 5332 1516 5400 Quae
1529 5346 1667 5404 namque,
1694 5333 1742 5389 in-

79 5424 174 5494 prasit
185 5422 318 5491 piscibus.
333 5422 396 5479 Nou
411 5423 530 5494 quidem
555 5423 701 5481 bominem
729 5422 841 5482 homini
896 5426 1013 5502 quiunt,
1032 5424 1107 5482 ratio
1121 5430 1163 5481 est
1177 5436 1308 5496 quaerere
1332 5422 1355 5480 si
1367 5422 1406 5478 ita
1420 5429 1502 5490 esset,
1516 5421 1594 5494 qued
1613 5436 1666 5479 nce
1680 5421 1742 5480 fleri

79 5511 133 5569 enit
153 5510 242 5581 Dens,
259 5512 308 5568 sed
332 5502 549 5570 insensibilibus
563 5520 677 5571 mutum
691 5513 738 5571 rel
768 5513 841 5572 irra-
898 5516 992 5585 babet,
1020 5515 1095 5573 slent
1115 5527 1169 5572 nee
1185 5512 1256 5571 illud
1273 5509 1368 5571 esset
1392 5511 1497 5571 Dicunt
1525 5513 1625 5583 itaque
1651 5506 1751 5568 beum'
