3804 5962
74 146 143 203 litt
339 143 442 201 curm
459 142 646 202 aculeum
664 143 741 202 OPP.
762 142 852 202 ulus
870 142 1204 201 ιιι-1330106101
1221 140 1267 200 ΕΤ
1285 140 1551 202 rmbcsoculca.
1754 142 1807 200 {w

72 273 135 331 lina
147 275 256 329 natura
271 275 300 327 et
319 268 446 326 maxime
467 270 541 326 Deus
567 267 764 326 diversitatem
778 283 836 328 non
866 284 914 329 re·
928 269 1121 329 binominum
1135 267 1262 327 homnis
1284 270 1363 326 enim
1377 269 1464 327 homo
1478 269 1606 327 mendax
1620 270 1675 327 est.
1694 268 1809 342 Denique

71 361 148 432 cipit.
165 359 302 417 Prohibet
316 372 361 415 me
375 357 483 415 Paulus
497 364 637 415 creaturae
648 358 767 426 servire,
789 366 818 416 et
832 358 916 416 Cleri-
969 368 1002 417 ut
1016 358 1177 417 secundum
1201 357 1346 415 hominem
1361 357 1470 415 dixisse
1493 372 1522 415 se
1548 363 1740 426 monstraret,
1755 358 1808 414 ait:

71 457 115 508 sto
129 449 262 506 admonet
276 447 470 504 serviendum.
491 447 555 503 Non
575 461 645 519 ergo
670 455 805 505 creatura
834 449 914 506 cleri·
969 449 1021 517 Qui
1034 451 1175 514 misitne,
1191 450 1282 516 Pater,
1298 449 1358 517 ipse
1385 449 1566 503 testimonium
1584 447 1716 518 perhibet
1735 446 1811 502 dene

70 546 142 596 stus.
159 538 270 605 Paulus,
286 535 391 607 inquit,
407 551 502 591 servus
524 538 590 592 iesu
622 535 737 592 Christi.
765 537 913 602 Quemad-
969 539 1102 611 (douai,
1124 537 1179 609 31).
1195 538 1299 593 Verum
1316 544 1413 593 autem
1436 537 1635 594 testimonium
1654 535 1808 594 secundun

70 626 188 686 modum
225 638 294 696 ergo
324 624 436 684 Christo
464 624 524 696 ipse
545 625 676 690 serviret,
692 627 717 685 si
751 633 915 683 creaturam
969 626 1160 695 divinitatem,
1181 625 1255 683 sicut
1279 625 1422 697 ipseait:
1451 628 1487 681 lit
1508 641 1602 681 oerum
1628 629 1672 681 est
1700 628 1827 681 11111111-

70 715 215 775 Ghristum
229 721 344 785 putaret
356 711 371 769 i
383 715 441 771 Aut
457 714 548 786 igitur
566 714 700 772 desinant
714 714 807 772 colere
827 728 915 787 quem
969 717 1046 770 1111111
1063 730 1161 781 meum,
1179 716 1245 785 puio
1259 717 1314 769 seio
1328 715 1401 769 unde
1420 715 1484 770 oeni
1502 719 1528 768 et
1554 729 1608 784 quo
1631 713 1706 769 eade
1727 711 1808 783 (loen

69 807 232 857 creaturam
242 796 404 869 appellant,
418 806 469 856 aut
480 798 622 867 desinant,
651 813 738 871 quem
764 799 856 857 colere
886 814 916 857 se
968 815 1029 870 rm,
1047 799 1101 872 tl).
1117 800 1192 854 idem
1205 801 1253 855 lib.
1283 801 1333 856 V:
1350 799 1437 857 llliud
1468 797 1560 870 igilur
1588 806 1632 856 est
1655 797 1810 855 secundun

19 946 22 951 ,
69 886 220 954 simulant,
239 886 335 944 dicere
367 894 543 954 creaturam,
573 901 609 944 ne
638 887 693 944 sub
723 887 915 959 appellatione
969 889 1097 947 divinam
1108 889 1310 955 substantiam,
1334 888 1415 945 aliud
1431 887 1592 946 secundum
1605 887 1812 958 susceptionem

70 975 216 1033 cultorum
236 974 388 1047 sacrilegia
415 976 551 1046 graviora
579 976 769 1034 committant.
796 976 874 1032 ldem
887 979 916 1031 in
969 977 1067 1034 carnis
1078 977 1182 1033 Filium
1198 976 1354 1034 nominari.
1371 976 1443 1033 Nam
1458 984 1486 1033 et
1510 975 1674 1033 secundum
1695 988 1813 1047 genera·

61 1064 179 1121 eodem:
200 1065 293 1121 Deum
306 1078 402 1121 meum
421 1072 449 1121 et
468 1064 624 1121 Dominum
647 1073 785 1123 vestrum.
802 1065 916 1136 Ubique
970 1066 1076 1123 tionem
1091 1064 1222 1123 divinam
1235 1067 1293 1122 ileo
1321 1065 1404 1121 Patri
1416 1052 1539 1135 equalis
1566 1072 1609 1121 est
1634 1063 1727 1130 lilius,
1741 1070 1769 1120 et
1778 1077 1812 1120 se

69 1161 166 1211 autam
178 1154 268 1211 Deum
281 1166 378 1221 suum,
399 1153 477 1225 quod
495 1168 532 1211 ex
548 1167 669 1224 persona
683 1155 761 1212 dieat
774 1153 912 1217 hominis,
970 1156 1098 1211 cundum
1116 1150 1329 1225 susceptionem
1349 1153 1476 1225 corporis
1499 1153 1622 1209 lormam
1636 1152 1719 1210 servi
1745 1165 1814 1208 acuo

69 1241 233 1300 testimonia
245 1255 343 1300 meum
370 1242 481 1299 docem.
513 1244 597 1312 Deus,
621 1246 693 1299 licus
713 1258 798 1310 meus,
813 1245 916 1313 respice
969 1245 1011 1315 pit
1029 1257 1130 1314 ;unus
1145 1250 1240 1299 tamen
1266 1239 1811 1313 111111111111111111111.1111111111

69 1333 101 1387 io
126 1347 178 1399 noe,
194 1336 220 1387 et
241 1330 276 1386 de
297 1334 390 1387 uentre
412 1334 510 1388 metris
538 1347 602 1388 mec
631 1336 703 1389 Deus
729 1348 804 1389 meus
827 1348 858 1388 es
884 1337 916 1388 te
969 1332 1060 1389 David
1089 1331 1248 1389 secuudum
1269 1330 1391 1402 gloriam
1417 1343 1502 1387 susm
1526 1330 1670 1387 Dominus
1691 1337 1747 1396 est,
1772 1343 1810 1385 se·

2 1483 14 1498 ,
70 1419 154 1492 (Psoi.
170 1433 231 1487 xm,
247 1418 301 1491 11),
316 1419 459 1492 significat
472 1434 509 1477 eu
525 1419 574 1477 illo
598 1423 691 1479 ileum
714 1421 772 1479 sibi
786 1435 858 1490 esse,
878 1435 916 1478 ex
969 1422 1100 1479 cundum
1122 1418 1279 1490 corporalis
1304 1418 1496 1490 susceptionis
1523 1418 1628 1475 seriem
1649 1417 1744 1474 Filius
1765 1424 1810 1474 est

71 1522 130 1580 quo
148 1509 183 1566 de
195 1509 298 1565 matris
310 1515 412 1566 ventre
424 1510 551 1580 jactatus
570 1517 622 1567 est.
640 1511 712 1566 Cum
727 1510 816 1583 igitur
831 1524 915 1582 gene·
931 1561 952 1615 B
971 1511 1027 1566 Nec
1038 1509 1132 1566 solum
1146 1522 1183 1565 ex
1197 1521 1302 1580 genere
1317 1506 1408 1563 llarid
1424 1506 1583 1563 secundum
1598 1506 1744 1564 virtutem
1757 1519 1811 1562 sus·

70 1596 331 1655 rationemcuristi
354 1597 521 1670 legerimus,
548 1598 577 1655 in
602 1613 660 1670 quo
684 1599 792 1656 audent
818 1598 915 1656 dicere
969 1599 1044 1670 cepit
1069 1598 1100 1653 in
1124 1610 1247 1667 persona
1273 1595 1410 1662 hominis,
1431 1595 1481 1651 sed
1507 1594 1594 1651 etiam
1618 1608 1656 1651 ex
1681 1593 1807 1662 1111111111,

70 1693 200 1744 creatum
214 1685 259 1743 rel
280 1686 411 1744 laetum?
428 1687 464 1744 iit
478 1687 597 1758 quidem
611 1688 642 1743 in
658 1701 716 1759 quo
729 1694 859 1744 creatum
875 1687 913 1744 le·
968 1687 1042 1744 siout
1056 1686 1166 1743 habes:
1184 1688 1247 1741 Ecce
1263 1700 1310 1754 epo
1328 1686 1437 1740 mittam
1462 1682 1500 1738 ad
1526 1698 1573 1738 oos
1593 1698 1705 1738 seruum
1718 1697 1806 1750 1111111,

70 1775 175 1847 gerini,
193 1775 294 1846 inquo
323 1775 441 1841 lactum,
471 1776 652 1833 considerare
667 1776 814 1833 deberent.
835 1776 915 1833 lido-
969 1776 1171 1832 Oriensoomen
1194 1777 1235 1829 est
1264 1776 1290 1829 ei
1315 1773 1403 1843 (zach.
1433 1787 1475 1839 ιιι,
1503 1772 1555 1840 3);
1577 1778 1605 1828 et
1635 1766 1697 1842 ipse
1727 1770 1807 1826 Filius

71 1871 150 1923 ctum
165 1871 208 1922 est
230 1865 305 1922 enim
330 1864 381 1921 lici
411 1864 518 1921 Filium
533 1866 568 1921 de
596 1868 653 1922 lico
680 1879 742 1922 esse
765 1865 911 1938 genitum.
968 1865 1008 1920 ait
1023 1878 1030 1917 ι
1045 1865 1188 1928 Dominus,
1204 1863 1253 1932 poi
1266 1861 1348 1931 huod
1375 1876 1417 1916 me
1435 1876 1468 1916 es
1489 1865 1565 1916 utero
1588 1875 1699 1915 1111111111
1723 1859 1806 1915 dbia

71 1953 189 2010 Factum
204 1958 301 2010 autem
321 1951 351 2008 in
365 1967 424 2024 quo
439 1951 562 2025 legerint
576 1953 731 2026 diligenter
752 1953 914 2009 advertant.
968 1952 1042 2007 dicit
1055 1950 1144 2006 mihi:
1161 1954 1228 2006 llere
1245 1954 1325 2020 posui
1349 1955 1374 2004 te
1394 1952 1424 2004 in
1445 1950 1531 2005 locem
1558 1952 1693 2018 gentium,
1722 1952 1752 2002 ut
1774 1948 1804 2003 sir

71 2043 223 2100 Nouenim
238 2043 313 2098 Deus
327 2042 420 2100 lactus
434 2050 485 2110 ost,
502 2043 552 2099 sed
579 2043 654 2098 Deus
682 2041 732 2097 liei
756 2041 915 2098 1111111111-
967 2044 997 2096 io
1013 2041 1133 2096 saluum
1157 2055 1242 2110 osque
1263 2040 1300 2094 od
1323 2044 1474 2095 extremum
1488 2044 1567 2094 terrm
1583 2038 1650 2110 (leo.
1667 2051 1750 2104 xum,
1772 2040 1805 2106 11),

71 2138 118 2189 tus
133 2137 185 2188 est.
206 2130 304 2188 Postea
325 2131 484 2189 secundum
506 2144 625 2188 carnem
646 2130 732 2189 homo
754 2129 848 2187 lactus
861 2137 913 2188 est.
967 2128 1016 2186 cui
1031 2128 1085 2185 boc
1094 2128 1169 2184 dixit
1183 2128 1236 2184 nisi
1262 2126 1404 2184 Christo?
1432 2127 1485 2194 Qui
1507 2143 1567 2182 eum
1594 2129 1627 2182 in
1653 2129 1746 2195 [1111111
1764 2126 1804 2181 lte·

70 2221 144 2276 llicit
168 2222 239 2275 Detts
266 2219 371 2274 Filium
396 2234 477 2274 suum
504 2222 609 2287 tectum
636 2234 670 2274 ec
698 2220 811 2275 muliere
841 2219 913 2290 (dai.
969 2223 1047 2287 esset,
1063 2219 1215 2273 eciaooioit
1235 2231 1264 2272 se
1285 2215 1417 2287 (Philipp.
1441 2232 1471 2283 ιι,
1498 2214 1536 2286 6),
1557 2215 1628 2271 dicit
1655 2214 1684 2271 ln
1707 2213 1805 2286 psalmo

69 2307 166 2378 imi).
187 2308 278 2364 Suum
301 2321 367 2363 cum
396 2307 474 2370 dicit,
502 2307 698 2377 generationis
713 2315 829 2365 aeternae
852 2321 915 2378 pro·
971 2309 1090 2381 (curru,
1119 2307 1205 2377 l³5):
1232 2306 1348 2362 illustro
1379 2307 1479 2372 taciem
1495 2309 1570 2360 tuom
1598 2319 1682 2374 saper
1705 2318 1804 2359 serron

71 2395 219 2467 prietatem
234 2395 371 2466 signarit.
387 2397 499 2450 Factum
513 2411 547 2450 ec
574 2397 695 2465 muliere,
712 2403 745 2452 ut
774 2397 914 2453 iacturam
969 2403 1057 2453 tuam.
1074 2394 1286 2453 Serrusdictus
1300 2400 1352 2464 est,
1369 2393 1399 2450 in
1426 2408 1485 2464 quo
1505 2399 1613 2450 unctus
1634 2399 1687 2450 est.
1709 2391 1805 2449 Servus

71 2498 129 2541 non
145 2483 315 2552 divinitatis,
340 2483 389 2540 sed
412 2483 604 2555 assumptioni
635 2484 764 2556 corporis
792 2485 912 2543 ascribe·
969 2485 1064 2543 dictus
1075 2492 1117 2541 est
1134 2484 1163 2541 in
1179 2497 1239 2555 quo
1260 2492 1381 2540 matrem
1406 2483 1501 2541 habet.
1529 2484 1588 2551 ligo
1603 2496 1696 2537 sersus
1712 2486 1806 2537 tornet

70 2579 161 2631 retur.
177 2574 264 2629 item:
281 2572 358 2629 Vane
384 2572 494 2643 jactare
527 2580 717 2642 consuerunt,
740 2575 818 2645 quod
845 2573 915 2630 scri·
968 2573 1159 2646 11111111111111
1177 2579 1231 2629 tua
1259 2572 1345 2645 (Psoi.
1361 2586 1444 2642 cxvi,
1479 2572 1531 2642 16).
1561 2571 1595 2627 Et
1625 2571 1655 2626 iu
1671 2569 1806 2627 Ezechieli

71 2669 153 2734 ptum
168 2668 221 2719 est.
236 2664 273 2718 tit
294 2660 441 2718 Dominum
470 2677 530 2718 eum
545 2667 570 2718 et
585 2662 722 2720 Christum
747 2664 814 2730 fecit
842 2665 915 2718 Deus
969 2662 1687 2736 (ιιιιι,13);Ει11111111111111111111111111111
1713 2673 1805 2726 menn,

71 2751 141 2807 hano
154 2753 338 2821 lesumguem
351 2765 397 2807 vos
413 2752 588 2821 mucihoistis
608 2751 684 2822 (Act.
713 2768 743 2807 11.
772 2753 815 2822 36)
831 2766 837 2807 :
853 2751 916 2808 Nou
970 2756 996 2807 et
1009 2753 1083 2821 repet
1108 2767 1154 2808 eos
1171 2767 1264 2806 smus
1292 2766 1366 2807 meets
1387 2749 1486 2816 Dauid,
1512 2755 1538 2804 el
1556 2749 1648 2804 Dauid
1675 2751 1706 2805 itt
1728 2746 1807 2803 medio

71 2839 207 2897 divinitas
233 2838 375 2896 crucillxa
402 2846 455 2906 est,
485 2839 533 2897 sed
562 2853 637 2896 earo.
655 2840 714 2897 lloc
726 2841 827 2911 utique
853 2839 915 2897 lieri
971 2839 1542 2912 111196)11111111111111111111111111111111
1562 2838 1717 2895 defunctus
1726 2845 1805 2894 erat:

72 2928 165 3001 potuit
191 2928 269 2999 quod
284 2929 377 2999 potuit
402 2928 545 3000 cruciligi.
561 2928 624 2985 Non
648 2942 716 3000 ergo
741 2928 853 2985 lactura
868 2926 918 2984 uei
933 2901 956 2960 ⁰
971 2931 1006 2987 de
1042 2929 1154 2987 Christo
1181 2929 1280 2999 itaque
1309 2928 1380 2984 dicit
1418 2928 1625 2997 chrysostomus
1655 2927 1689 2982 de
1711 2927 1808 2996 psotnr

72 3017 171 3075 Filius.
186 3018 274 3072 ltem:
300 3015 440 3072 Dominus
458 3017 569 3072 creavit
594 3030 650 3073 me.
672 3016 734 3073 Non
754 3016 837 3085 dixit,
865 3018 917 3071 Pe·
971 3020 1013 3074 L:
1043 3018 1151 3075 Rerum
1186 3017 1330 3087 stupenda
1364 3017 1505 3074 miracula
1534 3016 1541 3070 l
1571 3016 1663 3082 ouem
1692 3014 1808 3087 dignum

71 3104 246 3163 tercroarit.
269 3103 343 3162 Caro
373 3103 527 3162 bominum
555 3104 685 3174 agnovit,
713 3111 847 3161 ereatura
868 3118 918 3161 no·
971 3118 1134 3162 sermonem
1162 3103 1376 3176 pronuntiem?
1407 3104 1582 3161 0111111111
1608 3103 1808 3160 leaereticormm

71 3200 131 3251 stra
144 3193 298 3249 Dominum
317 3190 479 3247 confltetur.
494 3193 595 3262 ltaque
620 3191 687 3262 quis
705 3190 827 3261 ignoret,
839 3191 918 3263 quod
971 3193 1129 3250 dicentium
1147 3210 1154 3248 :
1172 3192 1322 3258 Quomodo
1342 3193 1461 3250 Creator
1483 3199 1617 3250 creatura
1643 3197 1686 3248 est
1700 3189 1715 3245 1
1730 3189 1810 3247 dieite

72 3280 109 3337 ob
134 3291 253 3336 causam
273 3267 514 3347 incorporationis
538 3277 592 3333 hoc
606 3277 735 3334 dicitur‘i
751 3277 845 3336 Etiam
873 3295 919 3337 co·
971 3282 1229 3353 quemadmodum,
1243 3281 1296 3353 qul
1320 3281 1429 3352 ubique
1444 3287 1497 3348 est,
1514 3280 1590 3337 intra
1605 3279 1727 3336 vulvam
1740 3273 1809 3334 111111

72 3380 186 3440 gnosce,
198 3372 328 3422 creatum
342 3364 422 3432 dicit,
445 3365 475 3421 in
500 3380 559 3437 quo
574 3374 601 3423 et
628 3367 772 3424 bominem
788 3368 919 3425 'testatur
971 3371 1122 3439 Augustis.
1148 3373 1187 3426 lie
1219 3372 1387 3440 virginitate
1403 3386 1410 3425 ε
1426 3369 1560 3440 inspicite
1571 3366 1810 3439 pulchritudinem

73 3457 141 3528 (35).
168 3455 261 3510 item:
288 3454 488 3523 Scipionem,
510 3454 616 3525 inquit.
641 3454 693 3520 Qui
716 3458 801 3512 inme
828 3457 916 3514 credit
971 3459 1111 3517 amatoris
1124 3459 1234 3527 vestri;
1251 3459 1374 3531 cogitate
1392 3457 1533 3530 aequalem
1548 3456 1637 3524 Patri,
1666 3455 1810 3514 subditum

71 3542 224 3602 concredit
238 3545 268 3597 in
281 3557 333 3611 1111,
361 3542 452 3598 sedin
470 3559 531 3599 eum
559 3548 608 3614 qui
622 3547 697 3600 misit
725 3562 777 3602 me.
805 3546 861 3604 Sed
875 3547 918 3604 vi·
971 3555 1000 3605 et
1018 3547 1116 3615 matri,
1131 3548 1220 3604 etiam
1240 3546 1271 3604 ln
1292 3546 1371 3604 coells
1397 3547 1604 3614 dominantem,
1620 3553 1649 3601 et
1676 3545 1707 3601 in
1736 3543 1810 3601 terris

73 3634 135 3690 dete
149 3631 220 3704 quid
235 3639 376 3703 sequatur
392 3635 436 3701 :jet
452 3636 501 3699 qui
516 3632 591 3687 videt
616 3648 669 3701 me,
683 3634 759 3690 uidet
782 3650 842 3691 eom
870 3637 920 3705 gui
973 3635 1157 3704 servientem,
1172 3642 1318 3693 creantem
1337 3634 1446 3700 omnia,
1463 3634 1538 3690 inter
1555 3631 1656 3690 omnia
1682 3640 1810 3690 creatum

73 3724 149 3778 misit
165 3736 208 3776 me
227 3721 317 3793 (111111.
333 3724 386 3786 ιιι,
415 3721 473 3792 il).
503 3721 629 3792 Exponit
651 3721 741 3794 igitur
755 3723 834 3795 quod
854 3732 920 3783 ante
972 3723 1052 3779 Idem
1074 3724 1179 3795 thetide
1194 3724 1232 3779 od
1262 3723 1395 3779 Petntm:
1425 3722 1476 3779 ille
1504 3722 1635 3780 omnium
1664 3721 1811 3794 spirituum

73 3809 220 3883 prmmisit,
236 3808 308 3880 quia
325 3809 375 3866 ille
398 3809 530 3867 creditin
546 3810 627 3877 Filio,
643 3812 857 3882 quicondtetur
869 3814 921 3869 Pa·
972 3812 1162 3884 omniumque
1190 3826 1356 3883 corporum,
1381 3812 1410 3868 id
1426 3818 1469 3868 est
1482 3812 1615 3868 omnium
1645 3818 1811 3868 naturarum

73 3907 156 3958 trem.
172 3900 245 3955 Nam
262 3897 435 3970 quiritium
450 3899 541 3956 nescit
560 3913 614 3956 neo
633 3900 755 3970 Patrem,
783 3901 861 3974 quod
877 3908 919 3958 est
971 3907 1093 3967 creator,
1107 3901 1246 3957 Dominus
1256 3900 1363 3957 crearit
1378 3900 1528 3972 Virginem
1540 3899 1686 3958 creandus
1699 3912 1737 3956 ex
1756 3897 1810 3954 rir-

73 4003 128 4044 11111
142 3988 261 4043 crediia
283 4002 335 4056 me,
351 3987 512 4045 nonoredit
536 3987 565 4043 in
594 3987 623 4044 id
641 3989 718 4059 quod
733 3989 921 4060 corporaliter
973 3989 1051 4060 gine.
1074 3988 1151 4044 idern
1179 3993 1210 4044 in
1241 3989 1406 4045 Euchiridio
1421 4004 1482 4058 cop.
1509 3989 1579 4045 xli:
1603 3990 1697 4045 Natus
1718 3994 1760 4045 est
1783 3986 1814 4043 de

73 4076 201 4136 cernitis.
215 4075 263 4132 ait
287 4075 391 4131 enim:
421 4075 506 4131 Ame
529 4077 589 4146 ipso
603 4091 662 4134 11111
687 4078 919 4148 seruitiorum,
974 4076 1080 4147 Spiritu
1105 4085 1203 4134 sancto
1218 4084 1246 4135 et
1271 4077 1363 4135 liaris
1389 4077 1514 4148 Virgine.
1538 4076 1669 4149 Utraque
1689 4077 1814 4134 substau-

73 4163 131 4237 13),
148 4165 219 4236 qnia
233 4165 257 4221 si
272 4163 368 4231 bomo,
384 4176 402 4219 a
416 4177 515 4221 senon
530 4166 626 4230 venit;
642 4173 670 4222 et
684 4164 753 4222 alibi
768 4171 818 4221 :ut
832 4167 919 4222 omnis
934 4196 958 4253 D
974 4164 1023 4232 tia,
1053 4164 1154 4222 divina
1182 4164 1277 4221 scilice
1307 4172 1396 4236 atque
1410 4164 1552 4230 humana,
1578 4164 1671 4222 Filius
1692 4172 1734 4221 eet
1761 4160 1815 4220 liei.

74 4253 213 4326 quividel
228 4252 368 4308 Filiumet
390 4252 478 4308 credit
491 4256 522 4308 in
548 4269 618 4319 eum,
634 4254 732 4310 habeat
745 4256 830 4311 uitam
843 4261 918 4312 aeier·
976 4254 1052 4310 idem
1075 4269 1157 4325 super
1183 4257 1325 4322 ioannem,
1356 4259 1477 4309 tractatu
1507 4256 1550 4311 V:
1572 4252 1679 4312 Omnia
1705 4267 1756 4324 per
1782 4252 1818 4322 ip

73 4342 385 4413 1111111(111111.ιιι,36);
411 4349 439 4398 et
460 4340 820 4414 alibizdrediteiolieum,
841 4351 867 4401 et
892 4347 921 4401 111
974 4343 1232 4413 sumlactasunt3
1252 4344 1276 4398 si
1303 4344 1410 4411 omnia,
1426 4343 1514 4400 etiam
1540 4343 1632 4401 llaria
1659 4343 1819 4414 peripsum

73 4447 116 4487 me
141 4429 243 4486 credite
272 4430 361 4499 (icoo.
396 4438 457 4497 xlv,
476 4429 511 4500 1).
526 4431 613 4485 Item:
631 4430 665 4487 So
693 4446 751 4503 quo
777 4447 857 4490 nunc
883 4448 921 4492 ex
976 4430 1053 4488 lacta
1066 4439 1118 4498 ost,
1129 4430 1165 4488 de
1180 4445 1241 4502 qua
1258 4440 1356 4502 postea
1375 4439 1461 4489 natus
1490 4439 1540 4488 est.
1570 4432 1720 4498 Quomodo
1744 4444 1819 4488 crea·

76 4533 198 4592 persona
211 4519 346 4585 bominis,
358 4531 438 4575 nunc
457 4519 488 4575 in
511 4518 559 4575 lici
576 4520 723 4591 majestate
742 4522 920 4594 significans,
974 4521 1017 4578 rit
1041 4519 1163 4577 lleriam
1189 4527 1217 4577 et
1241 4527 1355 4577 creatus
1384 4528 1426 4577 est
1456 4534 1506 4591 per
1522 4520 1653 4588 blaciam,
1677 4521 1720 4577 sic
1746 4518 1819 4576 dedit

75 4622 129 4666 nec
140 4607 301 4666 doctrinam
314 4618 398 4663 suam
420 4619 451 4662 se
476 4620 618 4678 quaerere,
633 4622 713 4666 nunc
728 4610 922 4668 testimonium
976 4609 1152 4681 baptismum
1168 4610 1273 4666 ioanni
1298 4617 1325 4666 et
1348 4609 1509 4680 baptizatus
1533 4617 1574 4665 est
1589 4621 1607 4664 a
1625 4609 1748 4665 beaune.
1774 4609 1818 4664 leo

75 4712 162 4755 suum
187 4708 290 4753 rerum
314 4708 373 4752 non
400 4708 471 4763 esse,
501 4709 580 4753 uunc
604 4710 708 4753 verum
728 4712 790 4755 esse
814 4699 922 4770 signill-
975 4714 1050 4770 popo
1064 4698 1094 4753 in
1120 4713 1241 4754 1111111111
1276 4700 1471 4754 Pentecostes:
1502 4697 1529 4753 Si
1558 4696 1635 4754 enim
1664 4697 1753 4754 homo
1786 4695 1818 4752 ad

75 4800 168 4853 cans3
189 4799 258 4842 nam
285 4784 345 4856 ipse
370 4785 428 4842 ait:
446 4787 477 4843 si
498 4800 561 4853 ergo
588 4788 772 4843 testimonium
795 4787 922 4858 perhibeo
977 4787 1132 4858 imaginem
1147 4794 1176 4843 et
1208 4785 1426 4844 similitudinem
1442 4785 1493 4843 Dei
1507 4784 1642 4843 lactusin
1658 4800 1721 4844 suas
1735 4793 1817 4843 natu·

76 4874 233 4946 demeipso,
258 4875 442 4930 testimonium
468 4881 693 4948 1111111111111111
719 4876 920 4947 1111111(11111.
975 4890 1016 4934 rae
1031 4876 1140 4932 honore
1165 4876 1329 4944 mansisset,
1350 4875 1492 4932 diabolica
1519 4873 1621 4931 iraude
1648 4875 1819 4947 deceptusa

76 4979 103 5032 ι,
118 4963 175 5036 31),
191 4970 218 5021 et
244 4963 274 5020 in
300 4961 529 5035 posterioribus:
554 4965 591 5019 Ει
613 4966 638 5019 ai
664 4980 712 5032 epo
740 4967 922 5023 testimonium
975 4964 1037 5037 lege
1060 4964 1114 5021 sibi
1130 4964 1223 5035 posita
1237 4977 1290 5037 per
1323 4962 1584 5034 concupiscentiam
1606 4963 1690 5035 [non]
1714 4962 1818 5020 devias·

73 5051 202 5124 perhibeo
228 5052 261 5108 de
295 5055 408 5123 meipso,
433 5067 528 5107 oerum
554 5057 594 5108 est
621 5055 807 5110 testimoninm
833 5069 922 5111 meum
975 5063 1039 5126 set;
1055 5054 1174 5113 Creator
1188 5053 1291 5110 mundi
1314 5061 1449 5111 creatura
1463 5067 1521 5110 non
1545 5054 1637 5110 lieret.
1665 5052 1722 5110 Sed
1742 5050 1816 5125 quia·

77 5141 165 5214 (Joorr.
187 5158 247 5210 vm,
273 5142 315 5213 11)
331 5158 339 5211 ;
357 5141 503 5214 quomodo
530 5156 589 5199 non
614 5142 657 5200 e'st
679 5157 781 5207 rerum
796 5144 921 5201 testimo·
975 5143 1082 5201 diaboli
1109 5141 1221 5199 invidia
1243 5157 1321 5200 mors
1348 5142 1465 5200 intravit
1490 5143 1520 5200 in
1550 5141 1640 5199 orben
1668 5149 1816 5206 terrarum,

77 5230 161 5287 nium
189 5237 284 5298 tuum,
307 5230 435 5300 Domine,
465 5230 521 5287 uisi
550 5231 711 5296 secundum
737 5231 921 5304 fragilitatem
975 5232 1059 5291 aliter
1071 5231 1143 5290 solvi
1157 5231 1310 5302 captivitas
1329 5233 1458 5291 humana
1486 5246 1545 5289 non
1569 5231 1675 5303 potuit,
1691 5231 1748 5290 nisi
1762 5241 1816 5286 cat·

126 5334 169 5404 115)
183 5335 271 5418 111111.
287 5338 320 5391 111
341 5352 370 5392 eo
394 5339 482 5405 igitar
501 5353 530 5395 sc
560 5343 680 5396 creditos
705 5338 783 5408 dicit,
810 5341 841 5397 io
869 5355 920 5412 quo
1010 5340 1067 5413 (36)
1079 5339 1166 5412 Vulg.
1184 5354 1304 5396 :eorum

79 5409 105 5460 et
154 5419 253 5463 manem
267 5410 439 5479 testificetur.
