3736 5962
618 200 857 271 snoudunam
875 209 1064 270 unnotssn.
1267 213 1271 217 ·
1655 207 1709 265 noa
1731 213 1738 224 ·

91 331 305 391 ‚tttsertcordia
331 332 476 404 qnippea
498 333 610 390 miseris
633 335 718 405 diota,
749 337 843 393 bun
894 336 961 394 llaee
975 337 1012 395 ad
1029 334 1240 394 distinctionem
1255 332 1459 405 predictarum
1484 332 1709 403 beatitudinum,

91 421 227 492 impassio
247 429 289 479 est
308 436 343 478 ex
358 422 479 479 miseriis
495 424 619 481 aliorum
644 439 808 497 progressa,
864 428 970 484 honest
985 427 1137 495 virtutum,
1166 425 1211 482 vel
1225 425 1368 483 donorum
1390 422 1496 482 divina
1519 425 1631 496 gratia,
1648 425 1712 496 qui,

90 511 256 567 infirmitate
281 512 371 567 animi
403 512 494 583 magis
529 527 618 584 quam
643 530 679 571 ex
703 517 810 571 virtute
864 517 1008 574 busbeati
1034 516 1187 583 allicimur,
1209 528 1317 571 nunca
1340 514 1424 570 nobis
1449 515 1710 585 utcunquebrevi·

91 601 290 668 abhorremus,
319 615 356 657 ox
391 602 443 657 boo
468 616 526 658 uno
552 604 630 672 quod
655 605 809 674 patientem
866 607 998 663 terdicta
1014 607 1181 663 sulliciant:
1199 612 1434 675 superestautem
1463 603 1589 675 qualiter
1604 619 1640 661 ex
1656 605 1714 662 sin-

91 699 106 755 t,
119 697 176 745 tam
192 703 315 760 easqum
328 697 397 746 suut
406 691 595 762 iustaeqnam
606 706 671 763 quae
684 693 808 763 injuste.
866 696 942 767 gulis
959 695 1041 752 donis
1056 695 1131 751 beati
1156 701 1224 751 sunt
1247 693 1360 750 dicendi
1375 733 1382 753 .
1400 693 1452 763 qui
1472 706 1564 748 unum
1580 692 1640 749 siue
1654 707 1713 749 ete-

93 787 103 834 t
123 778 212 835 animi
227 779 387 849 compassio
412 780 566 847 naturalis,
589 782 650 838 sive
664 781 812 838 rationalis
865 783 934 839 teris
962 782 1128 848 habuerint,
1150 796 1216 838 oum
1232 794 1326 837 unum
1348 779 1518 836 mandatum
1543 777 1591 833 Dei
1615 778 1712 835 obser·

91 867 214 933 minime,
247 867 444 924 misericordia
473 869 720 938 proprledioitur,
741 873 812 927 leste
866 884 935 928 vare
957 885 1145 941 nequaquam
1175 868 1309 936 sufficiat,
1333 869 1391 925 imo
1416 867 1466 938 qui
1487 867 1585 924 omnia
1609 874 1715 938 practer

106 955 263 1011 Clementia
286 964 394 1021 autem,
427 971 493 1027 quae
520 957 655 1014 hocloco
677 959 753 1015 dicta
768 965 811 1016 est
866 974 959 1017 uuum
983 960 1156 1031 impleverit,
1171 973 1208 1014 en
1229 972 1287 1014 uuo
1316 958 1401 1014 etiam
1423 956 1617 1027 praetermisso
1631 956 1713 1011 dam·

91 1045 170 1112 udin,
193 1044 372 1101 rationabilis
389 1052 502 1103 tantum
521 1045 627 1103 dicitur
641 1048 810 1118 compassio,
866 1049 1010 1104 nationem
1043 1047 1183 1103 incurrat.
1217 1045 1281 1114 Sed,
1311 1053 1455 1115 qnantum
1486 1043 1558 1099 mihi
1587 1042 1712 1110 videtur,

91 1149 117 1189 m
143 1132 274 1190 uidelicet
296 1134 336 1189 eis
351 1134 506 1191 subvenire
530 1135 676 1202 uolumus,
703 1137 811 1206 quibus
867 1138 917 1208 qui
931 1138 1058 1206 primunt
1073 1136 1165 1192 dixit:
1182 1137 1260 1192 Booti
1268 1149 1415 1206 pauperes,
1426 1140 1454 1190 et
1468 1132 1585 1204 adjecit.
1599 1135 1713 1201 spi-ritu,

91 1238 111 1278 s.
136 1213 274 1292 Quisquis
294 1223 437 1292 justitiam
462 1223 547 1280 babet
562 1225 623 1281 sine
649 1225 811 1282 misericor·
866 1225 1199 1297 eamdemadjectionem
1226 1224 1255 1280 in
1284 1223 1395 1280 caeteris
1423 1220 1633 1286 subintellexit,
1649 1227 1714 1276 tau·
1741 1268 1747 1275 .

91 1310 213 1366 'idelicet
232 1310 380 1367 vindicare
395 1311 473 1382 velit,
486 1327 539 1370 neo
564 1328 677 1384 poenam
693 1314 811 1371 relaxa·
866 1329 955 1387 quam
984 1315 1067 1372 mites
1086 1314 1200 1384 spiritu,
1225 1312 1270 1369 vel
1284 1312 1415 1384 lugentes
1434 1310 1536 1381 spiritu
1561 1310 1714 1374 diceretur,

91 1398 155 1455 telis
187 1408 239 1455 est.
265 1399 425 1456 sinautem
453 1416 469 1456 e
497 1416 646 1470 converso,
674 1404 811 1460 remissus
866 1411 900 1460 ut
922 1404 982 1460 baec
1010 1401 1191 1474 quoqueuci
1218 1408 1332 1469 caetera,
1367 1415 1433 1472 quae
1461 1406 1636 1470 sequuntur,
1665 1410 1716 1468 per

91 1486 121 1543 le
147 1487 219 1543 bene
239 1488 378 1544 Dominus
400 1488 454 1545 boe
473 1488 534 1546 loce
556 1498 699 1547 rectorum
718 1505 811 1547 mores
866 1492 1003 1563 Spiritum
1027 1492 1165 1562 dieique
1180 1488 1582 1562 ebaritasejusintelligitur,
1597 1488 1627 1543 in
1652 1486 1716 1542 istis

91 1589 123 1641 ts,
162 1590 316 1647 nunquam
344 1577 486 1647 justitiam
519 1579 581 1634 sine
616 1579 811 1636 misericordia
867 1595 933 1652 quaa
963 1581 1010 1638 bic
1033 1587 1241 1648 memorantur,
1265 1580 1361 1636 sidetes
1384 1579 1441 1635 riou
1469 1578 1647 1642 soluntesse,
1666 1574 1715 1632 sed

108 1664 269 1734 approbat:
287 1665 409 1735 ideoque
426 1666 480 1722 boc
494 1666 553 1723 ioco
571 1676 711 1738 tanquam
734 1668 810 1724 inse·
829 1685 849 1738 Β
865 1671 951 1727 etiam
980 1671 1052 1726 alios
1091 1669 1216 1726 aliorum
1244 1669 1410 1740 operatione
1440 1667 1527 1723 iaciat
1545 1667 1716 1737 praeminere

91 1766 109 1808 s
123 1753 241 1809 cornites
262 1767 310 1809 eas
333 1753 388 1809 sibi
410 1756 508 1810 sociat.
536 1757 628 1812 Potest
647 1764 743 1813 autem
766 1771 813 1812 re-
869 1765 956 1830 atque
984 1759 1142 1815 abundare.
1172 1757 1251 1814 Sicut
1265 1756 1343 1814 anim
1358 1772 1424 1828 quae
1453 1757 1487 1812 de
1503 1764 1630 1827 quatuor
1657 1753 1714 1809 ele·

91 1855 176 1913 amum
197 1841 227 1898 in
248 1842 390 1898 bisetium
407 1843 458 1913 qni
480 1843 652 1901 occiduntur
673 1843 815 1900 nonnulla
869 1848 975 1904 mentis
1002 1854 1133 1903 constare
1152 1856 1261 1903 certum
1276 1853 1330 1914 est,
1346 1859 1383 1902 en
1411 1844 1551 1901 obtinenti
1571 1840 1716 1898 vocabula

97 1929 229 1986 videlicet
254 1931 494 1998 easabbreviare,
521 1932 567 1987 vel
598 1947 691 2002 genus
714 1931 814 1988 mortis
868 1939 1041 2002 sortiuntur,
1065 1936 1121 1992 boc
1148 1944 1190 1992 est
1217 1950 1250 1992 es
1277 1935 1325 1990 illo
1357 1934 1497 1991 elemento
1517 1931 1595 2003 quod
1621 1929 1716 1986 ineis

91 2018 174 2089 ligere
189 2019 366 2075 studeamus.
384 2019 520 2090 Alioquin
538 2019 616 2076 illam
634 2021 813 2078 incurrimus
869 2026 1010 2093 abundat,
1029 2038 1090 2081 esse
1105 2023 1231 2080 maxime
1245 2023 1402 2078 dicuntur:
1419 2021 1460 2077 ita
1485 2028 1513 2077 et
1524 2020 1571 2075 bic
1585 2017 1715 2075 lidelium

91 2120 137 2163 am
151 2107 306 2163 :iudicium
316 2110 374 2163 sine
391 2109 580 2163 misericordia
607 2109 652 2164 itti
679 2112 729 2178 qui
759 2125 814 2164 non
869 2115 969 2186 gratiae
979 2113 1181 2184 distinguntur
1194 2112 1353 2168 secundum
1365 2111 1420 2166 boc
1434 2109 1511 2180 quod
1527 2109 1556 2163 in
1569 2107 1611 2164 eis
1625 2106 1717 2162 abnn-

90 2196 273 2251 isericordtom
299 2199 375 2266 (doc.
400 2215 429 2266 u,
450 2199 501 2266 te).
524 2199 675 2255 Contraria
707 2202 814 2268 quippe
868 2201 1098 2272 dareprobatur.
1122 2199 1188 2257 illos
1215 2201 1323 2271 qnippe
1342 2211 1483 2269 pauperes
1511 2196 1639 2252 ebaritas
1664 2192 1714 2248 Dei

95 2285 119 2340 is
147 2285 335 2354 conueniunt,
356 2295 388 2342 ut
408 2285 541 2342 videlicet
568 2286 813 2356 quemadmodum
869 2291 1166 2360 iaceredicitur,quos
1182 2288 1209 2344 iu
1225 2296 1400 2357 comtemptu
1416 2285 1585 2342 divitiarum
1624 2283 1714 2339 vebo-

91 2373 163 2429 trdes
186 2375 381 2431 misericordia
408 2381 478 2430 suut
506 2374 598 2446 digni,
625 2375 664 2431 ita
690 2376 814 2432 immise-
869 2381 1022 2438 mentiores
1045 2393 1079 2435 ae
1112 2377 1295 2450 perfectiores
1330 2376 1407 2432 lacit.
1446 2374 1582 2431 Similiter
1622 2373 1715 2440 mites,

91 2462 160 2517 *¹¹³⁰
182 2462 476 2533 mereautnrprivari.
869 2485 942 2542 quos
956 2469 985 2525 in
1010 2468 1117 2524 uirtute
1132 2467 1276 2538 patientiae
1297 2465 1417 2536 reliquis
1441 2463 1565 2535 praetere,
1593 2475 1627 2518 ac
1640 2461 1718 2518 simi-

91 2565 134 2620 ιιι
149 2559 211 2621 nost
234 2552 413 2608 continentes
427 2560 453 2608 et
476 2558 600 2608 rectores
623 2552 659 2607 au
674 2552 813 2624 conluan-
869 2559 933 2617 liter
953 2559 987 2615 ee
1004 2559 1114 2614 esteris
1129 2556 1211 2613 nobis
1236 2555 1418 2612 sentiendum
1452 2552 1595 2610 videntur.
1612 2551 1718 2607 omnes

92 2640 248 2707 tensuit:
278 2643 357 2696 Beati
386 2640 484 2696 mlid⁰
502 2642 751 2709 ⁶0rdelMailh·V‚
774 2641 811 2709 8).
869 2654 966 2703 tamen
1002 2645 1100 2701 beatos
1122 2644 1168 2699 uel
1191 2641 1368 2698 beatitudine
1383 2641 1486 2712 dignos
1511 2638 1639 2694 ebaritas
1667 2637 1717 2692 Dei

91 2736 96 2784 t
111 2730 195 2785 cotde
205 2737 231 2786 et
255 2745 312 2786 non
333 2731 565 2800 corporesitum
591 2730 815 2802 conjugatorum
869 2735 946 2803 tacit,
966 2748 1033 2793 oum
1046 2746 1107 2806 qua
1119 2746 1202 2788 nemo
1219 2732 1311 2801 perire
1327 2737 1426 2799 potest,
1443 2726 1578 2799 quamvis
1589 2727 1618 2782 in
1635 2725 1718 2781 donis

91 2816 109 2872 ti
124 2818 220 2874 carnis
235 2817 393 2888 plurimum
423 2819 631 2891 indulgentem,
652 2822 680 2876 et
707 2834 814 2876 concu-
869 2824 919 2880 Dei
947 2823 1013 2879 istos
1040 2821 1095 2876 illis
1132 2819 1312 2890 perlectiores
1348 2817 1442 2873 iaciat.
1471 2817 1591 2872 Diversa
1620 2821 1717 2871 autem

91 2920 114 2962 ae
137 2906 250 2963 libidini
271 2907 416 2963 cedentem
433 2908 570 2963 insinuat.
588 2908 649 2963 Etsi
671 2908 749 2963 enim
763 2907 813 2963 ad·
870 2913 970 2979 verbs,
997 2924 1063 2982 qnae
1099 2909 1129 2965 iu
1157 2901 1389 2964 remuneratione
1404 2909 1619 2976 supponuntur,
1649 2916 1717 2959 cum

91 2995 237 3067 coniugum
261 2994 365 3051 babeat
390 2995 612 3066 indulgentiam,
636 3011 701 3052 cum
727 2997 756 3051 in
780 2968 977 3057 eacdieitnr
1003 3013 1009 3054 :
1039 2997 1172 3064 Quoniam
1210 2998 1335 3067 ipsorum
1371 3000 1411 3050 est
1446 3009 1563 3062 requam
1591 2993 1716 3048 cetorum

91 3083 256 3140 tentiaesuae
284 3084 604 3155 remediumquaerunt,
625 3085 735 3140 nonob
763 3099 816 3141 vo·
871 3090 977 3160 (btottb.
1010 3101 1039 3156 v,
1064 3084 1101 3155 3),
1119 3084 1163 3141 vel
1184 3100 1191 3138 :
1212 3086 1345 3150 Quoniam
1367 3085 1423 3153 ipsi
1444 3081 1625 3153 possidebunt
1658 3086 1718 3135 ter-

91 3179 160 3229 uet
188 3173 283 3229 carnis
311 3172 529 3229 delectationem
566 3188 644 3230 more
670 3173 815 3244 pecudum
870 3194 940 3243 rom,
964 3184 1017 3232 etc.
1042 3173 1138 3241 (ibid,
1163 3174 1201 3245 d).
1224 3172 1416 3243 Nequaquam
1450 3173 1479 3226 iu
1507 3169 1718 3241 significatione

91 3270 223 3332 tpetunt:
245 3276 311 3317 earo
339 3268 435 3318 tamen
450 3277 486 3319 en
502 3262 565 3318 labe
589 3261 715 3319 luxuriae
744 3276 815 3317 non·
871 3264 1044 3336 percipiendi
1071 3261 1183 3334 praemii
1196 3260 1333 3316 ridentur
1348 3260 1474 3328 diversa,
1487 3258 1536 3315 sed
1560 3258 1719 3315 identitatis

102 3351 191 3406 trabit
205 3350 372 3421 contagium
392 3359 419 3407 et
448 3350 664 3407 immunditiam
679 3350 724 3408 vei
747 3350 816 3407 leto·
871 3353 1019 3409 fastidium
1048 3349 1174 3422 lugiens,
1198 3349 1254 3405 boc
1278 3347 1417 3405 Dominus
1444 3346 1568 3404 variavit
1591 3346 1718 3417 quadam
1820 3358 1823 3363 ¹

91 3439 196 3497 aculae.
228 3441 327 3497 blundi
356 3448 451 3496 tamen
477 3441 561 3496 corde
576 3447 655 3507 sunt,
685 3440 734 3496 sed
756 3454 815 3494 nou
872 3440 1082 3507 convenientia,
1097 3453 1187 3511 quam
1203 3438 1309 3495 babent
1322 3438 1358 3493 ad
1383 3437 1532 3508 praemissa
1545 3436 1633 3506 justa
1652 3449 1716 3506 pro-

91 3529 166 3599 ‚qui
181 3530 378 3585 banetautum
393 3537 533 3598 appetunt
555 3543 613 3584 nou
629 3529 664 3584 ad
684 3529 815 3598 volupta·
871 3533 1022 3603 prietatem
1048 3530 1189 3586 sermonis
1208 3536 1235 3584 et
1261 3527 1484 3584 similitudinem
1502 3527 1555 3583 rei.
1580 3525 1661 3591 Quod
1689 3525 1719 3581 ln

99 3617 239 3684 diximus,
254 3617 301 3672 sed
316 3616 355 3672 ad
365 3617 587 3686 neccessitatem,
603 3632 639 3672 nc
650 3616 817 3674 fornicando
871 3616 996 3689 siugulis
1012 3617 1072 3672 leve
1085 3623 1128 3672 est
1157 3616 1274 3671 intueri.
1306 3616 1439 3685 congrue
1459 3614 1568 3684 quippe
1586 3613 1721 3684 pauperi·

91 3705 236 3762 itlendant.
256 3706 330 3761 Ειιιι
357 3721 475 3778 quoqne
493 3706 635 3773 salvandi,
651 3720 709 3761 non
737 3719 816 3761 care·
873 3706 927 3762 bus
940 3718 1061 3775 regnum
1076 3704 1215 3761 emiorum
1243 3703 1434 3773 promittitur,
1454 3708 1487 3758 ut
1516 3703 1569 3772 qui
1592 3709 1721 3758 terrenas

91 3795 175 3852 lsioue
195 3794 256 3862 Dei,
280 3795 311 3851 in
335 3809 394 3866 qua
409 3809 484 3851 verae
500 3794 687 3852 beatitudinis
703 3807 818 3850 summa
872 3793 992 3850 divitias
1013 3799 1130 3863 propter
1148 3793 1241 3847 Deum
1267 3797 1467 3856 contemnunt,
1494 3789 1621 3846 coelestes
1658 3804 1715 3845 tne-

91 3883 421 3956 t.tliquoquepaeil1ci
448 3884 598 3950 dicuntur,
623 3883 673 3953 qui
690 3896 818 3953 pugnam
874 3889 1004 3940 reantur.
1036 3880 1165 3944 blitibus,
1190 3880 1244 3949 qui
1269 3893 1299 3934 se
1326 3878 1397 3934 bene
1419 3876 1545 3948 gerendo
1565 3865 1730 3947 possident,¹

91 3971 240 4028 naximam
266 3971 544 4043 perindulgeutiam
571 3971 698 4042 conjugii
722 3970 817 4026 vitan·
873 3969 1012 4042 possessio
1052 3975 1135 4024 terrae
1159 3967 1334 4031 viventium,
1369 3965 1538 4035 lugentibus
1564 3963 1722 4021 consolatio

100 4075 133 4117 eo
154 4061 363 4116 rationabiliter
378 4074 412 4116 ac
428 4059 607 4115 mediocriter
624 4062 758 4125 utuntur,
788 4065 821 4115 nt
875 4057 1020 4116 convenit.
1044 4055 1248 4112 Esurientibus
1260 4062 1288 4111 et
1302 4054 1470 4111 sitientibus
1489 4053 1646 4124 justitiam,
1675 4066 1720 4108 sa-

91 4163 114 4205 m
129 4163 245 4220 qnoque
270 4163 367 4218 pacem
385 4148 520 4216 babeant,
537 4162 623 4218 quem
640 4161 689 4218 per
717 4147 819 4203 intem·
877 4148 993 4214 turitas,
1009 4147 1063 4203 buc
1082 4152 1124 4202 est
1155 4144 1284 4215 impletio
1298 4143 1433 4201 desiderii
1451 4143 1498 4200 sui
1528 4142 1606 4212 apud
1631 4143 1722 4198 licum

91 4252 134 4313 nm
160 4252 219 4294 uon
242 4237 402 4294 offendunt.
418 4237 499 4293 Unde
525 4244 552 4292 et
587 4237 652 4292 liliis
671 4237 720 4293 Dei
754 4243 821 4293 sunt
838 4246 860 4302 Ι)
876 4235 1026 4295 obtinendi
1041 4252 1048 4303 ;
1065 4235 1150 4306 eujus
1170 4248 1267 4291 atnore
1286 4233 1448 4304 plurimum
1465 4232 1615 4289 intendent
1640 4245 1722 4289 exer·

91 4326 161 4394 indi,
179 4327 228 4398 qui
249 4341 328 4382 nunc
342 4339 392 4396 per
407 4325 558 4382 vinculum
573 4324 749 4381 matrimonii
759 4339 818 4381 ser·
875 4326 942 4381 citio
954 4323 1100 4395 iustitiam
1115 4323 1144 4377 ln
1157 4323 1318 4378 vindictam
1338 4322 1492 4379 malornm.
1509 4321 1556 4379 Sic
1576 4329 1604 4377 et
1621 4321 1650 4377 in
1670 4334 1722 4376 cae·

91 4416 171 4472 tieem
186 4423 332 4487 coguntur
346 4415 437 4471 carni.
469 4416 508 4470 lie
521 4428 581 4485 qua
596 4414 714 4485 quidem
728 4414 819 4470 servi·
872 4415 942 4471 teris
968 4412 1212 4469 remunerationis
1229 4411 1327 4468 verbis
1343 4411 1477 4481 quadam
1492 4409 1674 4467 concinnitas
1686 4409 1723 4465 ad

91 4502 697 4575 eronymusbpostolumdinisseintelligit:
714 4503 819 4560 Servus
873 4502 1068 4560 beatitudines
1094 4501 1256 4572 praemissas
1279 4500 1422 4573 assignari
1447 4508 1548 4570 potest.
1576 4499 1640 4556 Non
1654 4512 1723 4570 ergo

91 4593 239 4650 estnon
266 4595 301 4650 sit
317 4593 369 4650 tibi
384 4608 480 4650 curae.
503 4591 644 4656 Quieulm
666 4592 775 4662 positus
789 4591 819 4646 in
873 4593 1016 4650 Dominus
1037 4597 1097 4647 tam
1130 4590 1326 4647 beatitudines
1349 4591 1424 4660 ipsas
1437 4589 1544 4645 'baberi
1579 4587 1722 4659 praecipit,

90 4696 118 4752 o,
139 4696 295 4738 conversus
314 4690 356 4738 est
371 4682 507 4737 adsidam
529 4680 645 4749 Cbristi,
676 4688 817 4752 tanquam
873 4696 963 4753 qnam
980 4683 1010 4738 in
1024 4681 1066 4737 eis
1087 4679 1151 4737 illos
1165 4680 1316 4736 abundare
1332 4680 1475 4746 admonet,
1487 4678 1541 4749 qni
1556 4678 1586 4732 in
1599 4675 1724 4748 siugulis

91 4772 147 4828 lieo
172 4771 331 4842 inspirante
346 4777 388 4827 est
407 4778 528 4827 vocatus
542 4777 569 4826 et
585 4778 695 4826 tractus
713 4772 736 4839 ll
758 4771 819 4828 cor.
874 4770 1028 4827 ordinibus
1041 4770 1207 4826 desiderant
1221 4783 1281 4826 esse
1295 4768 1484 4839 porrectiores.
1510 4767 1583 4824 Nam
1600 4765 1636 4821 ad
1661 4778 1725 4836 per·

92 4861 110 4933 l.
141 4860 251 4932 Quippe
286 4875 351 4932 quae
375 4861 468 4930 major
495 4858 673 4916 servitusest
699 4858 821 4916 dicenda
873 4859 1006 4916 lectionis
1035 4859 1255 4921 abundantiam,
1284 4858 1344 4927 ipse
1378 4863 1586 4926 consequenter
1609 4853 1723 4910 Novum

90 4957 112 5006 ιι
135 4950 243 5021 proprii
266 4948 392 5018 corporis
420 4949 466 5006 vir
481 4958 531 5005 aut
552 4962 627 5004 uxor
652 4954 819 5017 potestatem
875 4947 1028 5004 setradere
1042 4948 1258 5002 Testamentum
1282 4945 1398 5002 bicbeo
1427 4944 1588 5015 profitetur,
1604 4943 1723 5000 diceus:

91 5038 175 5105 tbeat,
203 5053 256 5094 nec
280 5039 389 5095 abusu
414 5038 511 5093 carnis
544 5037 699 5103 abstinere,
717 5043 749 5092 nt
774 5035 819 5092 vel
874 5035 935 5091 Nisi
959 5035 1143 5092 ubundaverit
1165 5036 1282 5103 justitia
1307 5040 1401 5087 oestro
1422 5034 1485 5102 ptos
1515 5048 1594 5101 quem
1612 5033 1722 5087 Scribo·

91 5128 223 5193 lracent,
242 5127 297 5184 nisi
310 5142 346 5183 ex
364 5141 517 5194 consensu,
529 5134 637 5197 queant
650 5126 664 5179 ι
676 5125 711 5181 ιιι
725 5131 821 5182 tamen
874 5141 936 5180 rum
960 5129 986 5179 ot
1005 5124 1216 5189 Pborisaoomm,
1241 5138 1295 5177 aon
1310 5123 1491 5177 intrabitisin
1508 5136 1623 5190 reptatam
1646 5122 1722 5176 coio-

92 5217 112 5273 ii
129 5217 174 5274 bei
198 5216 393 5285 vocabuntur,
410 5230 478 5272 cum
493 5214 527 5271 de
552 5215 606 5270 bac
626 5214 765 5271 servitute
782 5214 818 5270 ad
874 5230 936 5269 ram
964 5212 1074 5284 (blattb.
1087 5213 1185 5281 qud).

91 5320 134 5363 em
166 5306 299 5362 venerint
323 5320 456 5376 supernae
472 5304 548 5370 vitae,
577 5303 626 5360 ubi
645 5318 730 5373 aeque
767 5318 822 5357 nu·
1117 5317 1259 5358 nnoennua
1274 5315 1475 5358 neuotssnxv.

91 5395 378 5464 appendicemque
401 5400 479 5450 erum
503 5395 575 5449 sicut
598 5392 690 5462 capeti
716 5392 822 5448 iacoelo
912 5391 990 5457 Quid
1017 5394 1060 5447 est
1088 5390 1165 5461 quod
1190 5391 1371 5462 postmodum
1386 5390 1527 5447 Dominus
1555 5391 1597 5448 aii
1613 5404 1620 5446 :
1638 5389 1733 5453 Nolite,

98 5497 170 5556 xxtt,
185 5487 243 5545 30..
877 5483 977 5551 putore
997 5480 1127 5550 quoniam
1140 5482 1202 5537 oeni
1225 5481 1327 5543 solome
1354 5480 1440 5552 baem
1468 5480 1579 5554 (Metti.
1595 5493 1626 5550 v,
1650 5478 1725 5551 til?
