3804 5962
406 233 546 292 DIALOG.
566 234 670 292 INTER
689 232 905 303 Pntnbsoeu,
922 232 1070 301 tubabit
1088 231 1131 288 ET
1150 229 1348 292 clintsttatt.
1686 233 1755 289 ldi8

79 376 155 419 rinus.
181 360 290 427 linitae,
322 359 396 417 sicut
431 360 491 431 ipse
514 360 601 427 nosti,
637 359 846 432 generationes,
863 359 887 414 Α
903 359 992 432 hnjns
1012 356 1177 415 afflictionis
1199 354 1320 415 concedi
1346 355 1458 413 debeat.
1481 355 1580 411 Nonne
1604 354 1634 411 in
1653 368 1751 414 ornnes

79 441 207 506 asserunt
230 463 266 506 ex
302 464 361 520 quo
392 447 516 518 populus
540 455 637 504 noster
668 448 721 504 hoc
749 448 849 504 Testa·
903 447 1025 519 dispersi
1037 447 1168 503 nationes
1183 445 1236 502 soli
1251 445 1312 502 sine
1332 458 1400 515 rege
1418 442 1464 502 vei
1486 442 1613 514 principe
1637 450 1752 502 terreno

79 538 234 610 um,qund
264 538 319 594 sibi
351 538 484 594 datuma
511 538 568 594 Deo
593 544 758 604 antumant,
782 537 846 594 obe·
904 534 1197 593 tantisexactionibus
1218 546 1388 606 gravamur,
1413 531 1589 604 ulsingnlis
1610 530 1669 589 lere
1692 532 1751 592 die·

78 631 103 685 lo
116 629 325 696 custodierunt,
348 636 376 684 et
400 642 499 684 omnes
529 629 636 698 pariter
651 628 685 684 de
712 628 848 683 observa·
903 625 958 682 bus
973 625 1040 680 vitae
1061 631 1166 681 nostrae
1193 624 1304 680 miserae
1324 621 1552 693 redemptionem
1566 623 1753 680 exsolvamus

100 719 190 789 ipsius
224 726 281 774 tam
311 718 398 773 verbo
428 731 517 788 quam
548 717 679 786 exemplo
721 723 849 787 posteros
903 712 1244 770 intolerabilemll'anto
1269 712 1377 783 quippe
1393 725 1444 767 nos
1459 718 1625 781 contemptu
1641 719 1669 766 et
1684 712 1749 768 odio

79 816 215 874 urerent,
243 814 270 863 et
299 807 360 862 lere
383 809 411 862 in
440 807 493 862 ltoc
523 806 678 863 universus
706 805 849 864 consentit
903 803 982 875 digni
998 816 1150 859 censemur
1163 801 1200 857 ab
1216 801 1360 868 omnibus,
1386 806 1417 856 nt
1433 799 1568 871 quisquis
1595 799 1677 856 nobis
1701 799 1752 857 ali·

79 895 231 965 insonui
263 895 324 950 haec
341 894 424 949 nobis
448 908 464 949 a
488 895 545 950 Deo
567 895 613 950 lex
640 894 706 950 data
734 893 781 950 sit.
810 893 848 949 [le
903 906 993 964 quam
1017 891 1121 947 inierat
1146 891 1295 960 injuriam,
1320 889 1347 944 id
1365 889 1524 944 maximam
1546 889 1644 945 credat
1667 888 1752 959 justi-

86 987 198 1056 siquos
223 984 293 1041 loric
317 998 375 1040 non
403 998 556 1053 possumus
584 983 747 1039 incredulos
766 995 848 1052 coge·
903 981 971 1038 tiam
995 982 1023 1036 ei
1048 993 1197 1036 summunt
1227 978 1279 1034 deo
1317 977 1490 1034 sacrificinm
1524 977 1663 1032 oblatum.
1687 977 1751 1034 Nou

79 1087 135 1129 uno
156 1081 252 1128 tamen
268 1080 319 1140 est,
346 1071 398 1141 qni
427 1072 489 1136 boc,
511 1070 600 1141 quod
614 1070 772 1138 credimus,
800 1084 845 1128 ra·
901 1070 979 1127 enim
995 1078 1081 1126 tantae
1093 1068 1268 1139 captivitatis
1282 1067 1477 1124 calamitatem
1497 1065 1552 1122 nisi
1573 1080 1609 1121 ex
1634 1080 1749 1124 summo

89 1162 178 1232 possit
194 1161 295 1231 aliqua
311 1159 448 1216 reiellere.
475 1160 560 1216 Pium
585 1161 693 1231 quippe
721 1167 763 1215 est
784 1175 848 1217 sen·
902 1157 1029 1214 Deiodio
1045 1157 1128 1213 nobis
1151 1163 1306 1212 antumant
1329 1155 1476 1221 accidisse,
1496 1162 1529 1210 et
1547 1153 1633 1226 J'ustae
1658 1153 1752 1225 inpn·

81 1260 91 1307 t
106 1250 225 1308 omnino
242 1249 347 1305 rationi
363 1256 591 1305 consentaneum
614 1256 641 1304 et
667 1257 725 1305 tam
741 1248 847 1305 divine
901 1254 963 1305 tant
978 1245 1091 1313 ultioni,
1116 1257 1324 1316 quamcunque
1340 1243 1369 1299 in
1386 1258 1437 1300 nos
1458 1253 1594 1299 exercent
1609 1243 1751 1299 saevitiam

80 1340 120 1396 ati
136 1354 224 1410 quam
241 1339 378 1394 bumanae
399 1351 562 1410 congruum
582 1338 680 1405 saluti,
709 1339 796 1395 Deum
816 1338 845 1394 in
901 1344 960 1394 tam
976 1335 1197 1409 gentilesquam
1221 1334 1389 1392 Christiani.
1419 1333 1544 1391 Gentiles
1565 1335 1751 1405 quidem-an-

79 1429 391 1487 ‚meurambominum
414 1435 643 1498 generantem
671 1428 846 1499 qnoquetea
901 1428 1054 1498 liquatum
1082 1438 1222 1480 memores
1249 1423 1483 1495 oppressionum,
1515 1422 1623 1494 qnibns
1650 1435 1750 1479 eorum

79 1517 167 1589 cripto
195 1517 368 1589 dignaretur
396 1516 549 1581 instruere,
571 1525 599 1574 et
625 1517 729 1573 timore
744 1516 845 1574 saltem
900 1515 995 1588 primo
1028 1522 1135 1572 terram
1163 1513 1350 1583 possedimus,
1371 1519 1400 1570 et
1423 1511 1572 1569 dinturnis
1598 1526 1647 1569 eos
1676 1517 1750 1582 post-

79 1621 151 1663 .rnm
168 1614 296 1663 nostram
315 1605 456 1662 malitiam
471 1605 634 1676 reprimere
649 1604 678 1662 Si
702 1604 780 1662 enim
800 1620 843 1662 sa·
860 1647 883 1705 B
900 1605 1018 1662 modum
1050 1602 1299 1674 persecutionibus
1335 1600 1503 1659 attrivimus
1525 1607 1614 1674 atque
1638 1599 1749 1658 delevi-

79 1705 120 1754 ter
135 1695 171 1752 ad
197 1697 251 1752 hoc
273 1696 458 1753 saecularium
482 1695 649 1766 principum
663 1694 740 1766 leges
764 1693 843 1750 insti·
900 1709 975 1763 mns,
988 1692 1133 1765 quidquid
1169 1691 1254 1749 nobis
1288 1691 1436 1764 ingerunt,
1465 1690 1569 1748 debitae
1605 1691 1750 1761 imputant

81 1793 159 1853 snut,
177 1786 244 1855 nnis
258 1799 408 1841 summum
427 1784 559 1841 omnium
588 1784 844 1855 benignissimum·
900 1783 1013 1841 ultioni.
1027 1781 1184 1839 Christiani
1197 1795 1266 1838 vero
1283 1781 1363 1853 qnia,
1384 1788 1417 1838 nt
1432 1781 1526 1850 aiunt,
1540 1794 1640 1838 eornm
1659 1781 1748 1836 Deum

83 1873 241 1943 principem
261 1871 438 1928 contradicat
460 1871 494 1927 de
516 1869 570 1926 hoc
592 1885 709 1941 quoqne
742 1883 845 1926 curam
901 1872 1107 1938 interfecimus,
1125 1871 1262 1942 majorem
1285 1869 1316 1927 in
1331 1884 1383 1928 nos
1404 1869 1609 1941 persecutionis
1631 1882 1749 1926 causam

83 1961 182 2031 pisse?
206 1960 351 2028 Quomodo
380 1961 457 2016 eninr
482 1960 549 2030 quis
572 1959 633 2016 sine
657 1958 719 2031 lege
733 1958 845 2029 subjec·
900 1962 1006 2019 habere
1031 1960 1174 2017 ridentur.
1196 1960 1269 2016 Eece
1289 1959 1365 2034 inter
1378 1958 1480 2031 quales
1513 1966 1612 2015 nostra
1633 1958 1749 2015 exsulat

79 2050 213 2120 populum
229 2049 393 2121 gnbernare
404 2048 518 2118 poterit,
535 2049 558 2104 si
573 2046 705 2103 videlicet
721 2048 845 2118 quisque
900 2048 1092 2124 peregrinatio
1108 2057 1135 2106 et
1148 2049 1182 2106 de
1197 2063 1323 2121 qnorum
1345 2047 1429 2105 nobis
1455 2057 1497 2105 est
1511 2047 1669 2119 patrocinio
1683 2061 1749 2105 con·

80 2139 212 2194 lamissus
252 2137 384 2205 arbitrio,
405 2137 483 2207 quod
510 2136 640 2207 elegerit,
674 2137 845 2207 sequatur?
900 2137 1063 2198 luendum!
1086 2137 1215 2194 Summis
1229 2137 1356 2194 inimicis
1386 2137 1492 2193 nostris
1512 2136 1599 2193 vitam
1619 2143 1747 2193 nostram

79 2229 84 2294 l
114 2230 171 2283 Ant
199 2226 345 2297 quomodo
370 2227 458 2296 iuste,
489 2225 638 2297 puniendo
666 2225 766 2287 malos,
798 2239 843 2281 eo·
899 2229 1167 2299 committimus3et
1187 2228 1216 2283 in
1248 2226 1409 2283 infidelium
1440 2225 1524 2282 fldem
1551 2239 1604 2282 nos
1631 2225 1747 2282 credero

84 2315 221 2372 malitiam
237 2315 399 2385 compescit,
421 2314 478 2370 nisi
503 2314 582 2384 prius
599 2314 645 2370 lex
669 2320 777 2369 statuta
796 2314 844 2381 sit,
899 2317 1041 2389 cogimur.
1084 2315 1207 2372 Somnus
1248 2314 1305 2384 ipse
1335 2312 1462 2368 laxatam
1506 2313 1633 2368 maxime
1669 2308 1747 2370 toret

89 2404 165 2460 mala
189 2403 250 2460 lieri
274 2403 377 2459 vetet?
402 2403 462 2459 ileo
489 2403 598 2458 ratione
618 2402 764 2474 liquidum
784 2417 845 2459 esse
899 2420 933 2463 ac
947 2412 1055 2463 recreat
1071 2414 1216 2472 naturam,
1247 2410 1327 2459 tanta
1347 2416 1399 2458 nos
1419 2400 1561 2472 inquietat
1579 2401 1747 2459 sollicitudi-

79 2515 92 2557 ι,
113 2492 241 2547 divinam
259 2490 350 2563 legem
362 2492 390 2546 in
411 2490 581 2546 bominibus
605 2492 790 2560 processisse,
812 2498 844 2548 ut
898 2510 944 2562 ne,
962 2502 993 2552 ut
1012 2495 1186 2552 dormientes
1209 2494 1296 2549 etiam
1321 2506 1379 2549 non
1401 2491 1456 2547 nisi
1478 2491 1513 2547 de
1532 2491 1630 2563 juguli
1654 2490 1746 2547 nostri

79 2595 218 2651 sonoque
240 2580 308 2637 boni
337 2579 464 2636 mundus
499 2579 651 2635 exordium
680 2579 845 2637 etauctori·
898 2583 1025 2655 periculo
1051 2584 1134 2639 liceat
1172 2582 1309 2653 cogitare.
1332 2581 1485 2651 Nusquam
1504 2580 1561 2636 nisi
1584 2580 1620 2636 ad
1640 2579 1746 2637 coelnm

79 2669 178 2725 ,alteo
193 2675 329 2737 sumeret,
360 2681 427 2723 cunt
452 2667 619 2737 aliquarum
641 2667 736 2738 legum
762 2667 841 2724 insti·
899 2680 980 2729 tutus
994 2671 1079 2728 nobis
1093 2678 1169 2741 patet
1190 2671 1346 2741 ingressus,
1363 2669 1474 2740 quibus
1498 2668 1558 2740 ipse
1581 2668 1666 2724 etiam
1696 2668 1747 2724 ha·

79 2771 105 2813 te
129 2758 268 2812 malitiam
294 2755 439 2812 refrenare
463 2754 575 2812 relicti
608 2755 739 2827 alioquin
759 2754 843 2813 facile
898 2760 1045 2817 bitationis
1060 2759 1193 2815 locusest
1213 2757 1403 2828 periculosus.
1431 2756 1584 2829 Egressnri
1600 2757 1636 2812 ad
1664 2770 1744 2828 qum·

79 2845 84 2901 ἰ
104 2854 205 2917 posset,
232 2847 323 2901 Deum
350 2859 395 2901 res
416 2847 562 2902 humanas
597 2859 655 2901 11⁰ss
674 2859 788 2910 curare,
815 2852 843 2902 el
897 2850 966 2908 libet
982 2849 1117 2921 proxima
1137 2847 1199 2904 loca
1223 2847 1330 2916 ipsum,
1350 2846 1385 2903 dc
1411 2861 1469 2917 quo
1495 2859 1598 2917 parum
1622 2844 1745 2902 conbdi·

79 2935 205 2991 tmnndi
220 2943 327 2991 statnnt
344 2932 464 2991 lortuitn
486 2934 580 3004 botius
595 2933 652 3006 ³81·
669 2948 757 3005 (tuam
779 2948 841 3005 pto-
898 2954 973 3009 mus,
992 2938 1169 2996 conductum
1197 2950 1256 2992 non
1280 2934 1390 2992 modico
1423 2934 1514 3006 pretio
1539 2933 1742 2992 conducimus.

81 3024 121 3080 tia
148 3024 220 3095 regi.
251 3022 280 3080 st
303 3037 363 3095 qua
375 3039 444 3079 vero
466 3023 513 3080 lex
528 3039 545 3080 a
558 3024 615 3080 Deo
636 3023 704 3080 data
713 3038 773 3081 esse
781 3038 840 3081 cre·
857 2997 880 3056 G
896 3027 1042 3099 Principes
1066 3025 1131 3097 ipsi,
1147 3025 1198 3097 qui
1212 3024 1296 3081 nobis
1307 3016 1436 3095 praesunt
1453 3031 1480 3080 et
1503 3036 1629 3096 quorum
1644 3023 1741 3094 gravi·

87 3112 204 3179 mundo,
221 3113 255 3169 de
271 3127 331 3182 oua
361 3113 453 3183 magis
480 3113 727 3179 consentiendum,
748 3128 841 3184 quam
896 3125 938 3173 ter
952 3116 1076 3173 emimus
1100 3113 1304 3184 patrocinium,
1321 3120 1401 3169 tanto
1413 3113 1540 3183 amplius
1555 3123 1674 3170 mortem
1691 3128 1740 3170 no·

81 3209 151 3269 stra,
166 3217 231 3272 ouae
247 3209 355 3257 taniam
369 3217 405 3258 ex
421 3210 565 3258 vetustate
580 3211 607 3258 ot
622 3203 770 3258 communi
788 3203 838 3260 bo·
894 3213 983 3263 stram
1003 3204 1175 3270 desiderant,
1202 3211 1311 3273 quanto
1341 3206 1369 3270 (5
1386 3202 1429 3274 V.)
1445 3201 1581 3258 licentius
1607 3216 1651 3269 ea,
1676 3216 1743 3275 qnae

79 3304 103 3346 tn
120 3291 255 3359 opinione
275 3299 360 3348 nacta
381 3299 422 3348 est
437 3292 663 3348 anctoritatem?
692 3292 733 3349 Sit
758 3291 839 3349 deni·
894 3294 1084 3366 possedimus,
1108 3291 1263 3363 arripiunt.
1282 3291 1393 3359 Quibus
1419 3293 1507 3349 etiant
1537 3291 1700 3350 constrictis
1713 3299 1741 3350 et

79 3378 187 3435 lubinm
212 3379 282 3435 milti
316 3380 390 3436 sicut
413 3388 441 3436 ot
470 3380 530 3446 tibi,
556 3380 633 3451 quod
660 3380 736 3437 banc
763 3381 839 3437 Dens
893 3384 1044 3455 oppressis,
1076 3381 1206 3454 qnasiin
1227 3395 1279 3438 nos
1305 3381 1379 3438 solos
1397 3381 1577 3453 conjurasset
1601 3380 1739 3450 mundus,

79 3467 260 3534 tinstitnerit,
276 3469 352 3539 qnod
369 3475 408 3525 tot
429 3477 525 3525 tamen
550 3469 721 3526 testimoniis
736 3477 764 3527 et
792 3485 836 3527 ra·
893 3474 948 3530 hoc
968 3474 1063 3542 ipsum
1085 3470 1218 3527 mirabile
1233 3478 1285 3538 est,
1312 3471 1334 3526 si
1350 3472 1448 3528 virere
1475 3469 1550 3537 licet,
1578 3483 1631 3526 nec
1655 3483 1740 3542 agros

79 3557 405 3631 conflrmatnr,cogeris
430 3565 523 3615 tamen
545 3547 706 3616 se'cnndum
730 3574 839 3630 suppo·
894 3563 1058 3619 antvineas
1090 3567 1141 3616 ant
1178 3567 1306 3616 terrenas
1333 3559 1448 3630 aliquas
1466 3559 1662 3629 'possessiones
1687 3558 1739 3627 lta·

81 3644 280 3702 similitudinis
303 3647 510 3712 intinctionem,
527 3647 555 3703 id
580 3647 650 3702 mibi
677 3647 837 3713 consulere,
892 3652 960 3709 bere
979 3648 1155 3712 conceditur,
1169 3647 1240 3719 quia
1259 3655 1383 3715 nonest,
1400 3647 1452 3717 qui
1475 3660 1525 3703 eas
1540 3647 1624 3704 nobis
1636 3647 1672 3704 ab
1697 3647 1739 3705 itt·

81 3734 87 3787 i
108 3733 336 3807 obediienttpuo,
359 3738 563 3793 maximarum
590 3736 626 3792 ad
654 3736 708 3791 boc
723 3735 839 3806 propria
894 3739 1042 3797 testatione
1071 3735 1223 3793 manilesta
1259 3735 1304 3792 rel
1329 3735 1442 3793 occulta
1464 3744 1613 3808 protegere
1639 3736 1737 3806 possit.

79 3823 155 3879 tritet
169 3825 356 3892 couscientia.
373 3826 470 3882 Fidem
495 3832 591 3881 lecum
614 3825 648 3881 de
679 3824 768 3881 unius
788 3824 838 3880 Ilei
894 3827 974 3887 Unde
989 3826 1075 3883 nobis
1092 3825 1232 3897 praecipue
1259 3833 1388 3895 superest
1404 3825 1528 3891 lucrum,
1558 3824 1739 3896 ntalienige-

79 3917 112 3967 tte
136 3926 319 3970 communem
351 3914 452 3981 babeo,
476 3930 559 3984 aepne
583 3914 677 3985 ipsum
699 3913 836 3980 fortassis,
893 3916 939 3972 nis
958 3913 1212 3972 loenerantesbtnc
1236 3912 1372 3969 miseram
1396 3910 1614 3985 susten[t]emus
1637 3912 1737 3982 ritant,
1822 3978 1825 3985 ¹

79 3998 199 4072 diligo,
214 4002 449 4070 mesopontus,
473 4016 539 4072 qnae
564 4009 594 4056 tu
623 4016 680 4057 non
696 4001 793 4069 babes,
810 4001 838 4057 id
893 4006 971 4076 qnod
999 4019 1051 4060 nos
1080 4003 1197 4075 quidem
1222 4002 1347 4060 maxime
1368 4001 1436 4073 ipsis
1460 4001 1547 4059 elficit
1571 4001 1736 4071 invidiosos,

79 4102 110 4144 er
124 4089 256 4145 exhibeo.
274 4091 348 4154 Quid
365 4090 436 4147 mibi
460 4092 520 4147 haec
539 4104 634 4162 opera,
648 4089 671 4145 si
699 4106 757 4147 non
773 4105 837 4161 prn-
893 4095 993 4166 quise
1017 4093 1047 4149 in
1069 4093 1123 4148 hoc
1138 4090 1296 4163 plurimum
1318 4091 1499 4148 arbitrantur
1529 4100 1673 4164 gravatos.
1697 4092 1738 4149 ile

79 4176 214 4244 tlflcinnt,
246 4180 332 4235 etiem
361 4182 382 4235 si
409 4194 466 4236 non
496 4181 553 4236 sint
581 4187 735 4250 praecepta,
766 4180 837 4251 quia
892 4183 1057 4241 necantem
1071 4183 1138 4239 vitae
1166 4190 1270 4238 nostrae
1295 4179 1410 4237 miseria
1431 4193 1558 4247 summa,
1581 4180 1738 4252 atquibus

81 4275 132 4324 unt
153 4268 325 4338 prohibita?
343 4268 414 4334 Quis
438 4285 482 4325 me
498 4269 583 4325 etiam
598 4283 722 4339 arguere
736 4271 833 4340 possit,
851 4268 874 4326 b
892 4271 1067 4328 incessanter
1114 4266 1327 4343 pericnlumlis]
1355 4269 1530 4338 laboramus,
1555 4269 1615 4341 ipsc
1646 4270 1738 4344 magis

82 4354 108 4409 lo
136 4362 163 4410 et
190 4355 364 4410 constrictus
387 4365 525 4426 praecepto
550 4354 676 4426 amplius
704 4370 756 4427 pro
783 4359 836 4414 Do·
890 4369 982 4418 status
1004 4369 1101 4417 noster
1123 4360 1259 4417 omnibns
1278 4357 1613 4431 loquisuidcit,quanta
1637 4360 1738 4433 lingua

85 4441 208 4499 laboro?
231 4443 300 4507 Quis
324 4444 399 4501 itanc
413 4446 542 4516 arguerit
570 4446 654 4502 iidem
677 4462 744 4517 quae
765 4446 837 4502 divi·
892 4447 1071 4520 possit.1psa
1092 4461 1210 4518 quoqne
1225 4446 1294 4518 legis
1311 4456 1460 4518 precepta,
1485 4456 1595 4519 quanta
1615 4445 1737 4528 dilllcul·

79 4532 228 4588 bonitatem
246 4533 381 4598 maxime,
399 4541 430 4589 ut
454 4533 563 4591 tlictnm
577 4543 629 4598 est,
656 4535 836 4591 commendat
892 4543 949 4594 tate
963 4538 1021 4593 sint
1045 4535 1194 4606 implicita,
1208 4535 1364 4603 neminem,
1378 4536 1431 4607 qui
1453 4551 1518 4594 eant
1537 4538 1675 4609 attigerit,
1695 4538 1736 4594 la·

79 4619 191 4675 trimum
208 4629 336 4677 nostram
354 4621 383 4676 in
409 4637 476 4678 eum
503 4623 674 4679 charitatem
696 4625 836 4691 accendit,
892 4632 941 4694 tet,
957 4632 989 4682 ut
1009 4632 1068 4682 tam
1088 4624 1237 4681 bominum
1252 4624 1435 4696 oppressione
1458 4639 1546 4696 quam
1570 4625 1643 4698 jugo
1665 4626 1737 4696 legis

79 4707 139 4761 ideo
173 4706 208 4762 de
230 4715 329 4764 nostra
352 4708 493 4783 sollicitus
526 4711 562 4765 sit
588 4710 691 4775 salute,
730 4719 760 4767 ut
786 4727 838 4769 nos
891 4711 1109 4772 intolerabiliter
1140 4713 1317 4785 affligamur.
1332 4713 1401 4781 Quis
1423 4729 1479 4771 non
1498 4717 1594 4787 ipsum
1615 4716 1738 4773 circum·

89 4795 194 4864 scripto
212 4795 283 4867 legis
307 4796 444 4865 dignetur
469 4798 639 4855 instruere?
666 4799 724 4855 Aut
750 4800 839 4872 igitur
892 4804 1007 4862 cisionis
1029 4811 1134 4861 nostre
1163 4813 1385 4874 sacramentnm,
1411 4818 1478 4861 cum
1503 4819 1541 4862 ex
1561 4805 1736 4864 erubescen-

79 4881 103 4937 id
119 4883 148 4938 in
163 4882 216 4939 bac
238 4882 299 4953 lege
318 4896 419 4954 argue,
440 4896 501 4950 aut,
526 4898 580 4940 cut
597 4899 659 4942 eam
681 4900 839 4958 sequamur
892 4893 931 4949 tia
947 4901 1056 4950 tumex
1077 4906 1172 4963 poena,
1195 4894 1342 4963 suscipere
1368 4908 1426 4950 non
1449 4894 1603 4952 abhorreat
1616 4904 1667 4953 aut
1682 4904 1734 4955 tre·

79 4984 139 5026 rere
167 4971 302 5028 desiste!
340 4971 579 5029 crudelissimum
613 4975 704 5031 Deum
735 4978 839 5036 astruit
892 4982 1001 5058 pidet?
1030 4981 1099 5047 011ae
1128 4990 1186 5039 tam
1208 4991 1307 5039 tenera
1334 4982 1456 5040 hnmani
1482 4987 1611 5056 corporis
1632 4987 1735 5058 portio,

86 5059 221 5129 quisquis
242 5059 410 5131 hujus‘zeli
426 5061 516 5116 nostri
541 5061 599 5134 (iol.
630 5066 645 5117 5
670 5063 716 5134 R.)
747 5079 838 5135 perse·
894 5071 1341 5144 qnamilla,cuiltancplagam
1371 5075 1400 5130 in
1416 5073 1486 5145 ipsis
1509 5091 1627 5148 quoqne
1643 5077 1736 5136 inian-

83 5149 162 5210 tiam.
188 5156 268 5205 tanta
292 5149 493 5214 sustinentem,
518 5164 538 5231 a¹
562 5152 692 5209 mercede
712 5169 837 5212 vacuam
892 5161 961 5218 tulis
975 5160 1020 5218 lex
1038 5160 1252 5232 indigitiQuae
1275 5169 1355 5219 tanta
1369 5170 1412 5220 est
1439 5165 1597 5236 agrestium
1614 5167 1737 5226 lactuca·

79 5244 175 5293 censet.
199 5237 286 5294 Nulla
311 5239 418 5309 qnippe
438 5253 508 5311 gens
527 5254 658 5311 unquam
686 5251 765 5300 tanta
787 5258 838 5316 pro
892 5264 958 5307 runt
987 5249 1149 5307 amaritudo
1168 5264 1242 5323 quas
1267 5251 1297 5308 in
1318 5251 1500 5310 condimento
1526 5255 1671 5324 paschalis
1692 5272 1736 5316 sa-

80 5326 364 5395 ertulissenoscitnr,
377 5335 428 5383 ant
452 5327 539 5384 etiam
565 5330 704 5398 creditur,
726 5340 838 5403 quanta
892 5337 1254 5404 eriilciisnmimus‘lonis
1268 5353 1326 5396 non
1341 5339 1437 5396 rideat
1452 5341 1538 5398 etiam
1562 5357 1661 5402 omnes
1681 5346 1738 5406 lere

79 5415 165 5487 igiter
180 5429 232 5485 pro
255 5415 317 5487 ipso
336 5416 510 5474 sustinemus
528 5433 535 5487 ς
566 5419 705 5492 nullaque
733 5422 838 5496 rubigo
892 5427 1027 5484 delicatos
1041 5427 1156 5485 ciboset
1175 5444 1224 5488 eos
1246 5428 1373 5488 maxime
1397 5429 1450 5502 qni
1469 5429 1554 5490 facile
1575 5439 1738 5508 comparari

78 5502 99 5562 ti
115 5518 177 5563 esse
192 5511 296 5577 potest,
309 5520 401 5578 quarn
424 5521 482 5566 non
502 5523 671 5569 consumere
690 5509 837 5571 tornacem
892 5514 1114 5588 possuntnobis
1127 5529 1188 5576 esse
1212 5515 1394 5589 probibitos‘l
1417 5516 1525 5579 Carnes
1539 5520 1678 5594 qualibet
1702 5522 1739 5580 ab
