3804 5962
104 144 174 202 trit
371 143 472 198 nerlu
491 119 678 199 ABAELhRDl
698 143 775 199 OPP.
797 142 888 199 PARS
906 143 957 199 tlt.
973 172 1007 186 -
1027 142 1250 200 theutontcll
1268 142 1312 197 ET
1330 137 1596 198 PHILOSOPHICA.
1789 139 1852 195 ttls

104 279 170 322 nem
185 278 364 334 corpoream,
380 264 408 321 id
425 272 467 320 est
482 264 714 335 conjunctionem
728 265 818 336 ipsius
837 266 874 323 ad
887 280 950 324 cor·
966 267 990 320 ll
1005 280 1078 338 quos
1102 265 1198 322 sciatis
1213 264 1271 338 (37)
1297 262 1404 320 doloris
1427 269 1568 320 tormenta
1589 262 1747 327 vexabant,
1763 261 1853 334 modi.

104 368 185 426 pora,
201 354 319 424 quando
347 353 454 410 scilicet
476 353 536 423 ipsa
558 354 593 410 ad
616 368 662 411 res
684 355 829 426 quaslibet
847 369 951 412 crean-
1006 354 1098 413 iertur
1112 362 1232 413 cunctas
1247 352 1414 410 abstersisse
1435 351 1589 409 molestias.
1608 350 1662 408 Ubi
1685 351 1776 408 etiam
1790 351 1849 407 Em·

105 443 157 500 das
172 442 218 499 vel
231 441 372 514 regendas
388 447 475 511 atque
490 442 681 511 disponendas
696 457 725 499 se
740 444 877 514 applicat,
893 443 951 499 sic·
1006 443 1135 514 peducles
1151 457 1216 499 oum
1232 443 1296 514 eius
1313 442 1452 512 hospitem
1475 440 1529 513 (33)
1555 439 1676 512 quidam
1693 438 1792 512 gladio
1812 437 1851 496 lu·

105 539 137 588 ut
150 530 286 602 quaelibet
301 530 398 585 anima
412 530 467 601 (33)
497 531 609 600 corpori
624 545 676 589 suo
702 546 756 588 sua
785 532 952 603 impertiens
1005 533 1149 600 ribnudus
1169 531 1327 600 invaderet,
1348 530 1495 586 inflexisse
1518 529 1637 586 modurn
1665 526 1790 585 canendi
1811 527 1848 584 di·

104 617 416 687 concrescentem
440 617 630 689 philosophus
652 621 814 676 totamvim
837 627 864 676 et
887 635 953 677 oon-
1006 621 1091 687 citur,
1122 631 1209 692 atque
1239 619 1426 676 adolescentis
1455 617 1637 677 iracundiam
1668 624 1849 687 temperasse.

104 709 234 767 cordiam
256 707 497 778 proportionalem
523 723 711 766 numerorum
729 710 840 779 tribuit,
865 718 897 767 ιιι
921 710 952 766 in
1006 711 1038 766 ln
1052 717 1165 767 tantum
1180 724 1258 775 vero,
1276 708 1371 780 inquit
1396 707 1521 775 Boetius,
1548 706 1649 777 priscae
1664 702 1850 777 philosophia

102 798 211 855 divinae
225 800 326 868 gratiae
351 796 477 854 bonitate
494 797 698 854 universarum
720 812 819 857 rernm
835 812 950 856 concor·
1006 799 1109 856 studiis
1136 800 1181 856 vis
1209 799 1327 855 musicae
1353 797 1424 853 artis
1452 796 1590 863 innotuit,
1615 803 1647 852 ut
1669 790 1851 866 Pythagorici

103 887 180 943 diam
194 885 347 942 nensistere
362 885 471 942 doceat.
492 885 590 943 Omnis
610 887 719 958 quippe
745 888 815 944 ordo
837 895 950 944 naturae
1006 902 1073 944 cnm
1098 887 1220 943 diurnas
1239 887 1269 942 in
1290 899 1389 941 somno
1412 883 1587 941 resolverent
1608 896 1704 950 curas,
1731 883 1848 955 quibus·

101 981 129 1031 et
156 975 298 1030 concinna
328 974 473 1045 dispositio
498 989 686 1033 numerorum
716 976 953 1047 proportionibus
1006 977 1073 1033 dam
1088 975 1239 1032 cantilenis
1268 981 1429 1041 uterentur,
1463 980 1494 1029 nt
1515 973 1555 1028 eis
1578 971 1650 1029 lenis
1679 979 1707 1028 et
1736 971 1851 1043 quietus

103 1064 265 1134 vestigatur
295 1070 383 1134 atque
406 1063 581 1135 assignatur,
599 1073 626 1121 et
648 1065 779 1121 omnium
805 1064 950 1134 perlectis·
1006 1079 1092 1136 sopor
1104 1065 1251 1136 irreperet.

104 1151 210 1208 simum
226 1151 374 1221 exemplar
389 1153 518 1207 numeris
541 1151 669 1208 occurrit
685 1153 764 1222 quod
785 1152 873 1208 rebus
888 1166 954 1208 oon·
1041 1152 1142 1223 itaque
1156 1150 1313 1220 experrecti
1327 1148 1383 1219 (39)
1410 1147 1474 1204 aliis
1497 1147 1673 1218 quibusdam
1686 1145 1781 1203 modis
1794 1153 1848 1204 stu·

105 1237 185 1310 gruit
200 1237 353 1305 universis,
373 1238 452 1309 quod
464 1239 583 1310 quidem
597 1253 644 1295 eos
663 1253 722 1296 non
740 1239 809 1297 latet
824 1239 876 1311 qui
892 1237 953 1311 pbi·
1008 1255 1105 1311 porcm
1128 1239 1219 1297 somni
1239 1237 1494 1307 confusionemque
1516 1236 1692 1309 purgabant.
1714 1234 1748 1291 ld
1772 1234 1851 1293 nimi·

104 1326 240 1398 losophiae
258 1326 404 1383 rimantur
418 1340 534 1384 arcana.
1007 1344 1074 1387 rum
1088 1328 1209 1385 scientes
1231 1327 1310 1399 quod
1334 1333 1438 1382 nostrae
1463 1327 1522 1380 tota
1539 1324 1644 1380 animae
1665 1324 1851 1395 corporisque

141 1416 215 1472 ilino
230 1420 272 1471 est
286 1416 373 1471 etlam
398 1416 474 1487 qnod
499 1416 689 1485 arithmetica,
712 1431 778 1488 quae
801 1423 859 1473 tota
878 1414 954 1471 circa
988 1431 1145 1490 ,compago
1162 1416 1273 1473 musica
1287 1414 1466 1485 coaptatione
1480 1422 1507 1470 et
1519 1414 1622 1485 juncta
1640 1413 1677 1469 sit
1698 1410 1767 1483 (lb).
1782 1410 1850 1469 Nam

104 1504 303 1574 proportiones
324 1519 513 1562 numerorum
536 1506 672 1574 consistit,
700 1513 791 1562 mater
812 1512 839 1561 et
860 1504 949 1575 magi·
968 1542 989 1596 B
1008 1514 1040 1563 ut
1067 1520 1127 1563 sese
1148 1504 1276 1575 corporis
1304 1502 1423 1559 allectus
1450 1502 1545 1568 habet,
1569 1501 1608 1558 ita
1630 1501 1720 1558 etiam
1755 1499 1850 1572 pulsus

105 1599 165 1649 stra
190 1599 360 1651 ceterarum
386 1594 494 1651 artium
521 1594 638 1660 dicitur,
667 1595 746 1666 quod
765 1592 899 1650 videlicet
914 1606 952 1648 ex
1007 1595 1100 1651 cordis
1115 1594 1241 1651 motibus
1257 1593 1425 1649 incitantur.
1451 1590 1531 1658 Quod
1552 1590 1661 1647 scilicet
1674 1588 1849 1646 Democritus

105 1680 275 1739 discretione
299 1683 355 1754 (34)
378 1697 565 1739 numerorum
591 1692 762 1741 caeterarum
783 1695 880 1738 rerum
902 1671 948 1736 ve'·
1007 1682 1168 1754 Hippocrati
1184 1682 1293 1737 medico
1310 1679 1462 1736 tradidisse
1479 1677 1580 1747 fertur,
1595 1692 1663 1735 curn
1686 1691 1756 1735 curn
1772 1673 1849 1749 qnasi

104 1769 220 1840 stipatio
236 1769 427 1839 doctrinaque
460 1770 591 1840 pendeat.
616 1770 708 1842 Cujus
738 1771 825 1827 etiam
853 1775 884 1825 nt
911 1768 952 1822 in·
1007 1773 1153 1838 insanum,
1177 1771 1288 1826 cunctis
1314 1768 1428 1824 civibus
1443 1767 1514 1839 (ιι)
1544 1766 1572 1823 id
1598 1762 1848 1838 opinantibus,iu

103 1856 247 1915 cliabilem
295 1859 490 1929 exprimerent
529 1859 715 1930 benignitatis
758 1857 949 1924 dulcedinem,
1005 1858 1278 1917 custodiantedendi
1294 1871 1382 1914 cansa
1404 1855 1518 1913 viseret.
1536 1855 1589 1912 Sed
1604 1869 1748 1925 quorsum
1772 1852 1849 1910 istic?

105 1953 193 2003 totam
232 1947 259 2004 ci
297 1948 475 2004 musicarum
513 1949 769 2028 consonantiarum
802 1945 951 2006 ascribunt
1007 1949 1077 2021 quia
1091 1963 1150 2005 uon
1171 1954 1261 2018 potest
1275 1946 1403 2003 dubitari
1422 1944 1494 2015 quin
1511 1951 1614 2001 nostrae
1628 1945 1849 2001 animaeetcor·

105 2035 296 2100 harmoniam,
332 2050 392 2107 qua
419 2044 446 2092 et
477 2036 572 2108 ipsum
594 2037 704 2108 jugiter
737 2050 871 2093 resonare
903 2035 949 2091 ltr-
1008 2038 1083 2107 poris
1110 2044 1201 2093 status
1229 2035 1335 2092 eisdem
1374 2032 1587 2105 quodammodo
1617 2030 1850 2104 proportionibus

105 2133 292 2191 mamentum,
322 2133 349 2182 ct
383 2125 545 2196 superiores
576 2125 678 2181 mundi
713 2120 808 2195 partes
848 2123 951 2193 repleri
1006 2126 1139 2182 videatur
1165 2138 1226 2181 esse
1248 2123 1433 2195 compositus,
1457 2123 1565 2193 quibus
1587 2121 1774 2178 harmonicas
1794 2133 1849 2177 mu·

105 2213 304 2283 perhibentur.
334 2214 413 2270 Nihil
438 2215 546 2285 qnippe
572 2222 613 2270 cst
645 2213 724 2284 quod
752 2214 793 2270 ita
821 2213 950 2280 oblectet,
1006 2213 1167 2271 dulationes
1182 2212 1320 2284 posterior
1336 2211 1493 2281 disputatio
1506 2209 1647 2281 conjungi
1662 2206 1851 2280 copularique

103 2307 131 2357 et
156 2301 246 2357 nimia
277 2301 419 2358 suavitate
442 2303 488 2358 sui
522 2302 628 2357 alliciat
652 2303 774 2370 animos,
796 2302 871 2358 sicut
891 2316 950 2358 me·
1006 2302 1188 2375 monstrabit.
1204 2301 1323 2369 Quodsi
1339 2315 1443 2372 parum
1467 2298 1600 2356 fidelibus
1616 2298 1850 2369 videanturqnat

104 2387 189 2445 ludia.
213 2387 290 2444 Nihil
316 2397 357 2443 cst
380 2389 420 2444 ita
453 2404 575 2460 pronum
609 2391 646 2445 ad
664 2404 711 2446 cos
740 2390 951 2460 componendos
1003 2392 1090 2463 Juxta
1110 2391 1301 2468 philosophos
1321 2390 1355 2446 de
1381 2389 1488 2444 virtute
1516 2388 1647 2444 diximus
1673 2386 1850 2452 harmonica,

103 2476 149 2533 vel
175 2475 395 2532 commovendos
425 2477 469 2533 vel
504 2478 657 2548 pacandos,
700 2487 732 2535 ut
767 2480 854 2551 juxta
879 2479 951 2535 illud
1006 2479 1248 2537 nisietsacraeid
1271 2477 1426 2549 Scripturre
1452 2477 1612 2533 testimonio
1638 2476 1849 2542 conllrmemus,

105 2566 190 2637 primi
216 2565 336 2635 capituli
367 2566 511 2623 Boetianee
538 2568 656 2625 musioee
685 2569 790 2625 scirent
821 2570 948 2639 pbiloso·
1005 2578 1140 2628 occurrat
1158 2567 1303 2625 memoriae
1323 2566 1448 2638 qualiter
1461 2566 1489 2622 in
1510 2566 1613 2636 spiritu
1628 2564 1706 2621 malo
1727 2563 1759 2620 in
1787 2560 1849 2621 Saul

103 2655 152 2727 phi
182 2655 260 2726 quod
287 2662 391 2712 nostrae
427 2663 485 2713 tota
519 2657 624 2713 animae
662 2658 849 2729 corporisque
876 2672 959 2730 coms
1007 2659 1145 2725 irruente,
1166 2665 1262 2714 actum
1291 2664 1333 2713 est
1360 2656 1493 2712 virorum
1521 2653 1710 2725 prudentium
1734 2649 1849 2709 consitio

103 2758 178 2816 pago
204 2743 315 2800 musica
341 2746 520 2816 coaptatione
544 2748 700 2817 conjuncta
721 2747 770 2803 sit:
788 2748 858 2804 adeo
873 2747 950 2818 quod
1005 2748 1064 2805 vim
1079 2746 1252 2805 harmonice
1269 2743 1421 2802 suavitatis
1442 2757 1501 2798 non
1522 2741 1732 2814 ignorantium,
1759 2747 1791 2798 ut
1807 2753 1850 2797 re·

103 2834 136 2889 ut
156 2832 323 2889 iracundias
346 2834 534 2905 insaniasque
555 2835 677 2892 ntclodia
692 2835 812 2904 sedaret,
837 2843 864 2892 et
882 2849 946 2906 gra·
1005 2836 1093 2893 saniae
1115 2842 1200 2891 tantae
1224 2833 1348 2890 stimulis
1371 2831 1501 2888 Davidici
1527 2829 1636 2888 moduli
1657 2829 1848 2886 mederentur.

102 2921 288 2979 vissimarum
302 2921 505 3007 infirmitatum
525 2923 635 2979 dolores
649 2924 748 2981 curari
764 2924 946 2979 animadver·
964 2884 985 2941 G
1003 2925 1084 2981 Unde
1097 2932 1124 2980 et
1140 2922 1320 2993 postmodum
1336 2921 1382 2977 vir
1403 2921 1460 2976 Deo
1486 2920 1589 2991 plenus
1610 2933 1677 2975 oum
1700 2917 1739 2974 atl
1761 2915 1848 2974 divini

103 3015 195 3065 terent
210 3016 297 3079 atque
309 3008 454 3066 edicerent
469 3026 475 3065 :
493 3011 569 3081 quod
585 3012 638 3081 qui
649 3011 771 3082 ignorat,
786 3027 838 3069 ncc
852 3010 948 3067 adhuc
1002 3013 1098 3069 cultus
1114 3012 1282 3084 religionem
1302 3009 1536 3080 amplificandam
1553 3007 1692 3078 templum
1709 3006 1849 3064 aedilicare

103 3098 298 3167 experimento
319 3098 430 3166 didicit,
447 3099 522 3170 legat
538 3099 707 3168 predictum
731 3101 852 3157 musicae
869 3099 946 3170 oapi·
1002 3101 1174 3171 disponeret,
1201 3099 1325 3170 psalmos
1354 3098 1405 3170 qni
1429 3098 1654 3154 decantarentur
1677 3096 1848 3167 composuit,

102 3187 207 3252 tulum,
237 3194 264 3242 et
294 3185 421 3243 inveniet
452 3187 596 3257 quomodo
628 3188 804 3259 Pythagoras
832 3190 946 3245 ebrium
1002 3199 1029 3246 et
1043 3189 1172 3245 omnium
1188 3187 1366 3245 musicorum
1383 3187 1642 3242 instrumentorum
1659 3198 1770 3257 genera
1784 3198 1848 3242 con·

102 3273 158 3345 (35)
174 3274 380 3330 adolescentem
397 3274 452 3330 sub
467 3275 583 3345 Phrygii
601 3275 674 3331 modi
699 3291 769 3333 sono
785 3278 947 3346 incitatum,
1002 3278 1143 3351 gregavit,
1173 3285 1205 3334 ut
1223 3285 1280 3332 tam
1300 3290 1404 3333 vocum
1431 3288 1520 3346 quam
1537 3287 1675 3330 sonorum
1691 3286 1848 3330 consonen-

103 3360 236 3430 spondaeo
251 3361 415 3418 succinente
430 3362 552 3418 reddidit
566 3363 719 3428 mitiorem,
748 3371 776 3420 et
802 3366 847 3422 sui
874 3380 949 3422 eom·
1001 3369 1048 3425 tiis
1063 3365 1164 3423 rudem
1179 3365 1304 3422 alliceret
1325 3364 1475 3435 populum,
1493 3377 1543 3434 per
1564 3377 1630 3434 quae
1643 3370 1730 3419 antea
1746 3361 1847 3420 diabo-

103 3455 207 3518 potem.
227 3448 300 3504 Nam
316 3463 382 3505 cum
406 3459 543 3514 scortum,
563 3452 668 3521 inquit,
695 3453 724 3509 in
745 3453 847 3510 rivalis
862 3454 947 3511 domo
1002 3455 1089 3513 licum
1106 3456 1135 3511 iu
1149 3455 1270 3526 reprobo
1283 3468 1350 3525 rege
1369 3452 1516 3521 mitigarat
1530 3459 1717 3508 tormentum.
1733 3451 1780 3508 Ex
1795 3464 1846 3523 qno

19 3604 25 3610 .
102 3535 326 3602 essetclausnm,
341 3546 428 3609 atque
445 3538 490 3595 ille
513 3540 611 3596 lurens
635 3541 753 3597 domum
778 3542 862 3600 vellet
883 3558 948 3600 am·
1003 3545 1145 3615 praecipue
1169 3543 1293 3600 traditur
1319 3556 1407 3612 quam
1432 3541 1577 3598 naturalis
1598 3540 1704 3596 animae
1728 3539 1768 3596 sit
1792 3539 1850 3597 har·

103 3624 217 3691 burere,
239 3640 365 3698 cumque
384 3628 560 3700 Pythagoras
576 3628 725 3686 stellarum
748 3644 862 3699 cursus,
880 3632 948 3689 utei
1002 3633 1116 3690 monica
1128 3632 1297 3700 modulatio,
1318 3617 1386 3702 quae'
1402 3631 1440 3686 ita
1468 3639 1604 3686 naturam
1623 3630 1688 3701 ejus
1711 3630 1849 3687 suavitate

103 3719 345 3782 mosnocturnus,
358 3716 520 3787 inspiceret,
532 3717 583 3773 ubi
595 3718 734 3774 intellexit
748 3733 816 3776 sono
828 3719 946 3792 Phrygii
1002 3722 1046 3779 sui
1063 3735 1233 3792 componere
1249 3735 1282 3777 ac
1299 3733 1434 3791 reparare
1448 3718 1533 3785 valet,
1552 3726 1584 3774 ut
1600 3718 1720 3788 maligni
1734 3728 1849 3789 quoque

103 3801 180 3860 modi
195 3801 358 3872 incitatum,
375 3805 474 3860 multis
488 3807 647 3862 amicorum
664 3806 912 3864 admonitionibus
931 3821 948 3861 a
1002 3811 1119 3882 spiritus
1136 3818 1277 3867 tormenta
1291 3822 1354 3865 eam
1371 3808 1542 3878 perturbare
1559 3821 1616 3862 non
1640 3814 1761 3877 queant.
1778 3808 1847 3863 Bene

103 3890 229 3948 lacinore
243 3891 372 3948 noluisse
394 3894 540 3963 desistere,
556 3895 663 3950 ntntari
680 3895 797 3951 modum
816 3895 948 3965 praecepit
1003 3901 1101 3969 itaque
1120 3898 1292 3968 philosophi,
1309 3897 1365 3952 imo
1389 3895 1529 3952 Dominus
1554 3909 1603 3966 per
1617 3909 1665 3951 eos
1681 3894 1710 3950 id
1731 3894 1849 3952 forsitan

103 3981 241 4051 atqueita
260 3981 379 4039 lurentis
405 3984 535 4040 animum
564 3984 752 4040 adolescentis
776 3983 812 4039 ad
840 3990 947 4040 statum
1003 3989 1179 4059 ignorantes,
1195 3994 1254 4042 tam
1272 3985 1322 4055 ipsi
1347 3984 1451 4041 animae
1473 3982 1584 4051 mundi,
1606 3997 1695 4054 qnam
1721 3983 1847 4054 superio·

103 4069 207 4124 mentis
220 4070 408 4138 pacatissimae
424 4073 601 4142 temperavit.
622 4072 751 4128 inveniet
767 4072 854 4128 ctiam
870 4070 948 4142 quod
1003 4077 1084 4133 rinus
1095 4075 1269 4130 firmamenti
1286 4074 1415 4143 partibus
1434 4073 1555 4128 nimiam
1572 4086 1606 4129 ac
1621 4086 1768 4128 summam
1785 4073 1847 4128 bar·

103 4169 170 4213 cum
200 4157 339 4215 vinolenti
365 4160 557 4216 adolescentes
579 4160 715 4216 tibiarum
737 4161 824 4216 etiam
848 4169 946 4228 centn,
964 4164 985 4218 ll
1003 4163 1122 4221 muniere
1138 4162 1340 4219 modulationis
1355 4162 1528 4219 suavitatem
1543 4161 1705 4233 assignant,
1718 4168 1850 4232 utqnan·

103 4252 136 4301 nt
150 4244 193 4313 fit,
210 4246 336 4304 instincti
348 4248 477 4304 mulieris
488 4249 599 4318 pudicae
613 4249 685 4305 iores
700 4249 865 4321 irangerent
880 4248 947 4319 (36),
1003 4260 1031 4307 ta
1041 4265 1119 4322 pace,
1131 4259 1242 4321 quanta
1255 4250 1391 4307 truantur
1405 4249 1569 4317 concordia,
1585 4263 1674 4319 qnam
1685 4247 1852 4317 diligentins

103 4333 288 4392 admonuisse
315 4336 474 4401 tibicinam,
501 4345 532 4392 ιιι
557 4337 726 4407 spondaeum
753 4340 946 4408 canerent’y-
1003 4347 1118 4411 possent
1142 4338 1348 4409 exprimerent,
1376 4345 1404 4395 et
1428 4351 1517 4409 quam
1541 4337 1720 4394 concorditer
1747 4342 1851 4391 cuncta

103 4423 239 4492 thagoras
258 4423 382 4481 dicitur:
410 4425 568 4495 quodcum
599 4425 648 4482 illa
669 4425 788 4491 iecisset,
815 4425 948 4482 tarditate
1002 4427 1156 4484 inmundo
1173 4427 1272 4483 divina
1299 4427 1432 4498 disponat
1460 4426 1583 4494 bonitas,
1613 4438 1703 4495 quem
1729 4422 1770 4482 illi
1795 4426 1853 4481 ani·

102 4512 253 4568 modorum
281 4521 308 4568 et
337 4513 478 4586 gravitate
505 4515 635 4570 canentis
662 4514 780 4570 illorum
800 4514 947 4570 furentem
1003 4530 1079 4572 mam
1094 4514 1206 4584 mundi,
1225 4515 1333 4571 veritas
1356 4515 1497 4585 Spiritum
1519 4521 1663 4580 sanctum,
1685 4519 1718 4568 ut
1742 4512 1849 4570 dictum

103 4599 292 4671 petulantiam
305 4603 483 4658 consedasse.
510 4602 623 4659 Videbit
639 4602 744 4658 ibidem
764 4603 948 4672 etquomodo
1001 4613 1053 4672 est,
1077 4603 1217 4660 nominat.
1236 4604 1304 4669 Quis
1331 4604 1427 4671 etiam,
1452 4602 1475 4658 si
1501 4602 1655 4672 diligenter
1686 4600 1851 4666 attenderit,

102 4688 266 4760 Terpander
276 4699 363 4761 atque
382 4691 472 4746 Arion
489 4691 600 4747 Lesbios
625 4699 714 4761 atque
738 4690 820 4747 lones
841 4690 949 4762 granis·
1002 4707 1060 4749 non
1075 4693 1286 4748 animadvertat
1311 4692 1389 4762 quod
1404 4692 1439 4748 de
1461 4690 1567 4748 coelesti
1588 4690 1725 4746 dixerunt
1741 4689 1850 4746 harmo-

102 4778 184 4835 simis
212 4780 320 4836 morbis
348 4785 451 4835 cantus
466 4779 598 4848 eripuere
617 4779 769 4849 praesidi03
797 4793 908 4835 necnon
920 4787 948 4835 et
1001 4783 1059 4850 nio,
1076 4797 1142 4853 quae
1156 4781 1185 4838 in
1199 4782 1396 4852 superioribus
1412 4780 1512 4836 retundi
1529 4779 1660 4850 partibus
1676 4777 1848 4834 incessanter

102 4867 228 4940 qualiter
254 4868 394 4925 ismenias
431 4868 586 4924 Thebanus
616 4867 777 4924 boetiorum
804 4868 947 4939 pluribus,
1001 4877 1127 4940 resonat,
1151 4884 1218 4926 cum
1235 4870 1362 4926 coelestes
1377 4868 1508 4925 videlicet
1539 4866 1657 4938 spiritus
1681 4874 1708 4923 ct
1735 4866 1846 4923 assidam

80 4973 84 4979 ’
139 4993 195 5209 wi}
211 4995 294 5062 lbid.,
308 4995 437 5050 estimatis
453 4996 556 5048 enimn.
1002 4995 1070 5050 dicae
1087 4997 1161 5063 sores
1173 4997 1344 5063 frangerent.

150 5067 184 5121 sl
208 5066 295 5127 thid..
310 5083 344 5121 cc
360 5068 530 5120 dissectione.
1038 5069 1083 5135 (37
1107 5066 1188 5134 ibid,
1205 5067 1333 5135 Inficioti.
1604 5096 1609 5104 ·

151 5136 184 5194 35
212 5140 243 5194 ln
273 5138 377 5193 lutrod.
407 5137 442 5192 ad
471 5136 567 5204 theol,
595 5137 698 5192 Eccum
726 5136 811 5207 quasi
842 5150 948 5192 nomen
1039 5139 1085 5202 (33
1113 5136 1596 5204 lbid.,additurinoitisPotrum.

103 5209 264 5278 proprium,
281 5207 364 5279 longo
380 5209 485 5264 rectius
511 5209 600 5264 codex
619 5211 716 5265 noster
734 5208 839 5263 ebrium
860 5215 892 5263 ut
908 5220 949 5264 se·
1039 5207 1084 5276 39)
1100 5207 1183 5270 ibid,
1202 5208 1399 5276 expergefacti.

103 5279 222 5345 quentia
238 5279 445 5335 demonstrant.
625 5294 627 5299 ¹
1039 5278 1096 5347 (40)
1117 5278 1202 5342 ibid,
1218 5278 1362 5345 conjuncto
1374 5278 1420 5330 sit.

139 5346 195 5416 (33)
211 5348 296 5415 lbid.,
327 5351 506 5404 instruction
528 5349 630 5405 litteris
655 5350 754 5422 pudice
773 5351 845 5417 sores
868 5350 948 5414 fron·
1039 5347 1108 5418 (ll).
1139 5348 1225 5417 lbid.,
1252 5351 1397 5404 Democriti
1424 5347 1539 5415 ciuibus,
1569 5345 1779 5402 sedilcmocriti
1808 5359 1850 5402 re-

101 5421 213 5498 gmen
228 5418 330 5475 melius
346 5421 375 5475 in
392 5426 488 5475 nostro
503 5421 600 5475 codice
615 5423 741 5476 instincta·
754 5421 879 5475 mulieris
892 5437 949 5490 pn-
1003 5419 1125 5477 dundat.
1195 5473 1201 5479 .
