3804 5962
103 220 158 279 600

395 220 495 277 rarat
514 220 704 278 ABAELARDI
722 221 797 279 0οΕ
821 220 908 278 PARS
925 221 961 279 Π.
985 249 1020 264 ·-
1040 219 1221 279 sumanus
1240 218 1424 279 marusa.
1446 222 1566 279 ASCET.

1800 224 1853 280 700

102 358 197 412 suam,
214 344 263 401 sed
276 343 472 401 infirmitatem
492 343 635 415 praedicet.
651 343 732 401 Unde
745 350 772 402 et
791 344 944 401 subditur:
960 341 1048 401 Acui
1069 342 1257 416 conquerenti
1277 341 1313 399 ad
1337 349 1458 414 patrem,
1479 343 1558 415 quod
1576 344 1601 401 ei
1615 351 1722 402 terram
1740 346 1854 404 aridam
1893 406 1897 441 ι

102 432 186 486 Portet
213 435 243 485 ia
258 431 369 500 pulvere
383 446 411 487 os
430 447 518 498 suum,
545 435 571 486 si
591 433 665 499 sorte
692 436 730 487 sit
753 447 813 503 spes
836 432 945 505 (Taren.

101 535 144 588 ιιι,
156 520 214 592 ab).
240 521 322 587 Quod
336 529 379 577 est
393 522 504 578 dicere:
521 522 672 593 Tanquam
689 522 836 592 pulverem
853 529 948 578 teuta-

101 609 229 666 tiouibus
256 610 419 666 daemouum
449 617 602 681 agitatum,
625 618 653 667 et
677 611 708 667 iu
732 611 866 681 operibus
890 624 948 666 non

100 705 288 766 constantem,
301 699 348 754 sed
360 698 531 756 dissolutum
544 699 733 770 profiteatur3
750 707 777 755 et
796 699 948 770 siquando

99 787 204 844 mentis
219 787 303 843 elatio
319 787 487 854 titillaverit,
508 789 605 845 statim
632 803 661 845 se
676 788 838 860 objurgans
852 788 946 844 dicat:

101 875 173 941 Quid
185 877 319 946 superbis,
336 882 409 932 terro
419 883 445 932 et
459 879 526 932 cinis
543 877 556 932 i
571 877 671 949 (Eucti.
685 892 716 947 1,
728 876 783 939 ll.)
795 876 868 944 Quid
880 889 949 946 prae·

100 965 200 1031 sumis,
217 964 359 1023 letissime
373 964 480 1034 pulvis,
492 980 578 1036 quem
610 965 723 1036 projicit
746 973 851 1022 ventus
874 978 892 1020 a
908 964 949 1019 la·

101 1052 144 1110 cle
160 1061 241 1108 terrre
255 1051 269 1107 l
285 1053 345 1108 baio
359 1053 506 1117 dicernat
530 1054 565 1109 de
579 1068 608 1110 se
623 1066 741 1123 pavens,
759 1067 825 1110 cum
841 1061 948 1109 terrore

97 1141 214 1219 'cogitet
241 1142 263 1197 si
290 1142 363 1199 torte
378 1142 414 1199 sit
433 1143 472 1198 illi
496 1156 569 1212 spes,
587 1158 623 1199 ne
645 1141 798 1199 novissime
812 1141 949 1212 superbia

58 1300 60 1304 Α
98 1232 244 1297 vincatur,
261 1246 327 1301 quae
357 1247 416 1287 non
432 1231 486 1287 uisi
502 1231 537 1287 de
552 1232 710 1289 virtutibus
723 1231 895 1302 triumphat.
912 1232 948 1285 Et

99 1335 136 1377 ue
151 1320 309 1377 virtutibus
336 1320 502 1387 extollatur,
526 1319 775 1390 persecutionibus
798 1326 841 1375 est
856 1319 950 1375 bumi-

98 1407 226 1477 liaudus,
248 1417 280 1466 ut
306 1423 355 1480 per
383 1409 550 1479 patientiam
565 1410 659 1466 virtus
680 1409 744 1479 eius
759 1408 880 1479 probata
900 1422 947 1463 co·

99 1505 230 1566 ronetur,
259 1512 326 1568 quae
348 1497 452 1568 spiritu
478 1512 619 1568 pauperes
652 1496 719 1554 lacit
749 1511 833 1553 veros
855 1496 947 1553 mites.

100 1585 184 1643 Dabit
198 1587 288 1657 igitur
302 1587 472 1656 percutienti
486 1601 515 1643 se
534 1586 695 1655 maxillam,
730 1594 757 1643 et
769 1586 949 1643 saturabitur

1001 430 1134 499 dedisset,
1149 438 1178 488 et
1205 429 1346 502 irriguam
1370 432 1538 503 postulanti,
1560 433 1587 489 ei
1604 441 1682 503 pater
1696 435 1774 491 dedit
1793 443 1853 493 tam

1001 520 1136 589 superius
1170 521 1315 591 irriguum
1354 535 1442 593 quam
1479 522 1600 578 inlerius
1634 523 1769 593 (tosus,
1796 525 1850 596 19).

1001 608 1147 677 Quantum
1167 619 1264 666 autem
1288 612 1321 668 de
1336 612 1458 681 peccatis
1473 621 1530 667 tam
1545 613 1606 668 suis
1620 628 1708 683 quam
1725 615 1851 671 aliorum

1001 698 1102 772 lugere
1138 700 1292 757 conveniat
1322 701 1507 767 monachum,
1543 700 1735 771 Hieronymus
1764 703 1854 773 hujus

1002 789 1187 860 professionis
1211 790 1356 845 maximus
1381 788 1530 858 profitetur
1558 789 1673 845 dicens:
1695 791 1855 848 Monachus

1002 894 1060 936 uon
1079 879 1212 946 doctoris,
1238 879 1286 935 sed
1307 877 1468 949 plangentis
1490 878 1575 934 babet
1599 878 1736 946 ollicium,
1753 880 1852 949 quise

1002 970 1188 1025 otmundum
1216 968 1323 1038 lugeat,
1339 974 1367 1022 et
1391 965 1503 1021 Douriui
1526 966 1648 1036 pavidus
1670 971 1853 1037 prestoletur

1002 1058 1169 1114 adventum.
1186 1056 1260 1124 Quid
1276 1055 1354 1111 enim
1378 1056 1438 1111 vita
1454 1056 1618 1122 monastica,
1644 1057 1698 1111 nisi
1718 1058 1853 1127 quedam

1002 1151 1044 1201 cst
1076 1145 1257 1200 districtioris
1279 1143 1456 1213 poenitentiae
1489 1142 1605 1199 lorma‘l
1631 1144 1761 1215 Lugeant
1780 1159 1851 1217 ergo

1003 1233 1136 1288 monachi
1155 1233 1215 1289 sive
1231 1233 1293 1301 boc,
1310 1241 1341 1287 ut
1356 1232 1466 1287 dictum
1486 1240 1538 1298 est,
1561 1233 1621 1288 sive
1637 1233 1685 1288 illo
1708 1234 1801 1301 modo,
1819 1242 1853 1291 ut

1003 1321 1093 1378 risum
1109 1330 1274 1378 mereantur
1298 1319 1499 1377 consolationis
1510 1320 1544 1375 de
1559 1335 1617 1391 quo
1633 1336 1699 1377 vere
1719 1322 1828 1379 dieitur
1847 1339 1854 1377 :

1004 1412 1138 1478 Quoniam
1165 1412 1221 1480 ipsi
1244 1409 1458 1464 consolabuntur
1482 1408 1588 1480 (tota),
1618 1411 1796 1466 attendentes
1820 1411 1853 1466 ll·

1003 1497 1054 1555 lud
1077 1499 1155 1570 quod
1175 1497 1309 1568 apostolis
1326 1498 1466 1553 Dominus
1486 1498 1633 1567 promisit:
1659 1500 1758 1564 Amen,
1774 1515 1854 1554 omen

1003 1588 1063 1644 dico
1076 1588 1150 1643 iratis
1176 1590 1243 1654 quio
1256 1587 1400 1657 plorabitis
1412 1592 1436 1640 et
1451 1586 1553 1657 flebitis
1577 1602 1623 1641 eos
1635 1605 1646 1649 ,·
1656 1588 1776 1642 mundos
1801 1605 1852 1643 au·

99 1673 271 1747 opprobriis,
292 1676 362 1745 quia
386 1676 446 1732 sive
460 1676 553 1742 lactis,
579 1677 640 1732 sire
664 1675 760 1732 verbis
781 1675 946 1746 injurietur,
964 1691 986 1745 B
1003 1682 1055 1734 tem
1072 1676 1212 1746 pandebit,
1228 1691 1273 1731 cos
1290 1680 1379 1730 aetem
1392 1676 1645 1731 contristabimini:
1667 1677 1714 1731 sed
1735 1679 1854 1732 tristitia

100 1764 145 1821 bis
159 1767 300 1834 tanquam
322 1764 448 1833 quadam
474 1764 625 1821 dulcedine
650 1764 762 1835 saporis
790 1764 951 1821 oblectatus
1004 1770 1097 1822 aestro
1114 1766 1277 1819 certatoria
1295 1764 1429 1832 pendium
1450 1763 1539 1834 (toan.
1570 1778 1630 1829 xvi,
1645 1763 1701 1833 20).
1730 1765 1811 1820 Unde
1825 1772 1857 1820 et

99 1851 255 1910 reueletur.
273 1851 327 1907 Dat
342 1853 512 1921 percutienti
529 1868 559 1909 se
576 1854 731 1918 maxillam,
759 1853 810 1924 qui
826 1867 877 1923 pro
892 1855 948 1909 Deo
1004 1854 1166 1912 econtrario
1187 1854 1315 1923 reprobis
1337 1852 1377 1908 ait
1394 1854 1451 1908 :Vae
1474 1853 1560 1920 robis,
1583 1854 1631 1917 qui
1646 1869 1717 1907 aare
1741 1854 1851 1918 ridetis,

100 1940 207 2014 gaudet
248 1940 365 2011 injuria.
399 1940 550 1998 subtrabit
589 1943 750 1999 econtrario
789 1941 948 2009 maxillam,
1005 1945 1072 2013 quio
1085 1942 1233 2012 plorabitis
1249 1944 1326 2012 (Luc.
1342 1955 1382 2006 rr,
1411 1941 1641 2008 incensaria
1661 1943 1852 2012 quippevitae

99 2031 150 2101 qui
161 2028 286 2101 injurias
301 2029 417 2101 refugit,
442 2030 487 2086 vel
508 2031 617 2088 invitus
633 2031 751 2101 patitur.
779 2030 949 2088 durantem
1004 2032 1163 2088 contrarios
1185 2031 1321 2099 statusjet
1340 2029 1437 2086 exitus
1459 2029 1656 2097 habenarum
1682 2045 1760 2086 nuno
1781 2031 1854 2100 justi

97 2119 195 2192 justus
218 2118 342 2176 libenter
369 2120 430 2176 baec
444 2120 552 2189 toleret,
577 2128 605 2176 et
625 2121 652 2177 in
676 2121 860 2191 passionibus
880 2135 950 2192 gau·
1004 2121 1106 2177 flentes
1138 2129 1234 2190 postea
1257 2120 1379 2187 rideant,
1415 2127 1442 2173 ot
1471 2117 1564 2188 iniqui
1600 2119 1683 2174 modo
1716 2119 1851 2188 ridentes,

99 2209 176 2277 deat,
195 2209 282 2279 juxta
303 2208 386 2275 illud,
417 2209 495 2279 quod
523 2209 558 2265 de
587 2211 722 2279 apostolis
749 2209 859 2265 dictum
882 2216 946 2266 est:
1002 2209 1164 2267 econtrario
1182 2209 1277 2264 ileaut.
1294 2208 1369 2264 lusti
1392 2208 1451 2263 sive
1470 2207 1504 2262 dc
1522 2208 1733 2279 perpetratione
1753 2218 1849 2277 pocca-

99 2297 186 2350 1bont
199 2297 347 2364 plaudentes
377 2301 554 2366 ucoaspcctu
578 2298 843 2365 conciliasanctam
871 2298 949 2366 diprti
1005 2300 1035 2367 ti,
1056 2298 1165 2354 sivede
1188 2297 1323 2354 dilatione
1340 2296 1423 2368 regui
1450 2296 1673 2353 consolationem
1694 2298 1852 2367 accipiunt,

100 2384 189 2438 babiti
203 2391 268 2439 sunt
278 2401 331 2453 pro
351 2388 460 2440 nomiae
480 2388 545 2441 Jesat
559 2387 749 2441 contumetiam
767 2384 855 2455 pati?
872 2384 947 2456 (Act.
1004 2386 1122 2458 quaudo
1145 2386 1181 2442 ad
1202 2387 1292 2442 vitam
1314 2384 1403 2452 illam,
1426 2400 1493 2457 quae
1512 2399 1529 2441 a
1557 2385 1655 2442 dolore
1675 2386 1789 2457 penitus
1813 2394 1854 2443 est

99 2487 128 2540 v,
144 2472 202 2543 41.)
223 2474 257 2529 Et
279 2474 365 2529 etiam
381 2473 563 2543 supponitur,
585 2482 612 2531 et
636 2475 773 2545 propbeta
795 2476 853 2531 ait:
876 2475 949 2540 Quia
1004 2474 1155 2541 immunis,
1171 2475 1355 2544 perveniunt.

99 2577 154 2618 aon
167 2561 277 2632 repellet
290 2566 318 2618 ia
346 2567 539 2633 senpiternam
562 2566 689 2619 Dominus
704 2563 813 2634 (Three.
837 2579 877 2633 ιιι,
893 2565 948 2633 31).
1037 2564 1116 2619 Booti
1140 2565 1190 2633 qui
1208 2567 1329 2617 esurient
1349 2561 1459 2631 (Malla.
1475 2575 1504 2628 ιι,
1525 2562 1561 2632 6).
1587 2563 1652 2618 Post
1676 2563 1767 2618 vitam
1783 2577 1853 2618 con·

99 2649 275 2721 Repulsusa
300 2653 393 2723 gratia
416 2652 540 2720 Domini,
558 2660 585 2708 et
613 2653 735 2709 miseriis
758 2654 787 2709 ιιι
811 2653 872 2710 vita
895 2653 949 2709 bac
1003 2653 1157 2710 tinentium
1172 2652 1209 2707 ad
1224 2652 1353 2707 ordinem
1379 2650 1482 2706 transit
1500 2659 1654 2718 rectorum,
1671 2652 1710 2707 ita
1727 2652 1796 2708 istos
1813 2653 1854 2707 ιιι-

99 2738 248 2810 expositus
260 2739 375 2797 videtur
400 2741 613 2812 J'ustuszunde
629 2742 705 2798 etde
722 2742 783 2813 ipso
804 2743 948 2814 justorum
1003 2741 1126 2798 stitueus
1150 2741 1178 2796 ιιι
1205 2741 1330 2806 duobus,
1360 2741 1436 2796 sicut
1466 2739 1528 2795 illos
1548 2739 1654 2796 lecerat
1687 2741 1716 2796 iu
1748 2741 1853 2797 tribus.

99 2828 192 2899 capite
214 2829 353 2899 scriptum
375 2838 438 2885 est:
470 2830 690 2885 Desideruoimas
714 2847 775 2885 eum
795 2831 949 2899 despectum
1004 2831 1139 2887 Hectores
1163 2829 1192 2884 ιιι
1225 2829 1330 2899 populo
1354 2829 1415 2895 Doi,
1445 2844 1503 2884 uou
1530 2828 1622 2884 solum
1651 2828 1853 2887 ecclesiasticae

99 2922 126 2972 et
149 2920 326 2974 nouissimum
351 2920 483 2985 uirorum,
502 2923 695 2990 etpoluoimus
722 2935 782 2974 eum
811 2922 892 2988 quasi
910 2919 948 2972 le·
989 2925 1073 2995 (sunt
1096 2924 1247 2987 potestates
1270 2917 1300 2973 in
1328 2916 1535 2984 sacerdotibus,
1557 2930 1659 2973 verum
1688 2917 1774 2971 etiam
1801 2933 1855 2974 sae·

96 3022 221 3076 prosum,
250 3013 277 3062 et
304 3023 498 3077 percussurae
525 3011 589 3076 Deo,
630 3013 655 3062 et
685 3008 859 3062 humitiatum
879 3006 945 3077 (iso.
965 2983 1116 3062 Caulares
1135 3005 1165 3061 in
1181 3006 1308 3077 regibus.
1325 3007 1360 3062 Et
1375 3004 1621 3075 notandumquod
1638 3020 1703 3060 euni
1721 3006 1854 3062 binarius

99 3095 340 3167 n111,t).Dehoc
365 3097 500 3165 despectu
523 3095 568 3152 vel
594 3095 757 3165 repulsione
791 3097 852 3162 Dei,
880 3110 947 3151 cum
1001 3109 1151 3162 uumerus,
1169 3096 1220 3166 qui
1236 3093 1399 3165 conjugatis
1413 3094 1557 3160 convenit,
1574 3098 1643 3150 teste
1667 3094 1850 3163 Hieronymo,

97 3198 150 3240 uos
173 3184 203 3240 in
228 3185 358 3240 advorsis
383 3198 441 3239 nou
468 3184 602 3254 protegit,
626 3183 851 3254 scriptumest:
877 3187 946 3239 Deus
1001 3184 1173 3240 immundus
1194 3184 1239 3251 sit,
1258 3184 1333 3240 unde
1355 3191 1382 3239 et
1397 3197 1484 3253 opera
1505 3183 1640 3240 secundae
1663 3182 1718 3238 diei
1738 3183 1852 3238 laudem

96 3275 229 3343 repulisti
241 3288 289 3327 nos
305 3272 390 3343 (Psoi.
405 3287 483 3337 ιιιιιι,
506 3270 544 3340 3).
562 3272 614 3328 Sed
629 3273 700 3343 quia
718 3273 774 3341 hic,
791 3279 824 3328 ut
838 3273 947 3329 dictum
1000 3273 1107 3331 babere
1123 3285 1181 3328 nou
1193 3279 1372 3336 meruerunt,
1387 3280 1414 3329 et
1432 3272 1500 3328 bina
1513 3280 1541 3327 et
1556 3271 1625 3327 bina
1640 3271 1675 3328 de
1693 3271 1851 3328 immundis

96 3368 148 3428 est,
164 3360 276 3430 repellit
291 3375 351 3428 nos,
381 3367 412 3416 ut
427 3359 593 3430 probemur,
611 3375 686 3431 quos
710 3369 773 3431 post
795 3361 946 3418 victoriam
1001 3360 1200 3418 animantibus
1216 3360 1244 3415 in
1266 3374 1363 3416 arcam
1381 3362 1464 3432 jussa
1481 3369 1549 3417 sunt
1570 3360 1654 3426 mitti,
1677 3374 1735 3415 non
1752 3359 1851 3415 incon·

96 3448 229 3516 assumit,
247 3457 278 3505 ut
293 3462 474 3517 coronemur,
493 3462 557 3519 spes
570 3448 754 3517 afflictorum,
767 3464 827 3522 qua
842 3450 947 3506 trium·
1001 3463 1073 3522 grue
1095 3448 1274 3504 continentes
1294 3462 1344 3518 per
1365 3449 1537 3514 ternarium,
1560 3450 1610 3519 qui
1632 3449 1724 3518 impar
1745 3462 1851 3504 nume·

95 3539 198 3609 pbaut,
213 3537 370 3608 exponitur
395 3552 462 3595 cum
478 3537 602 3595 dicitur:
620 3538 691 3604 Quia
711 3555 766 3595 aon
788 3539 901 3609 repellet
917 3542 946 3594 in
1000 3552 1052 3596 rus
1065 3545 1118 3605 est,
1139 3538 1231 3608 magis
1257 3551 1345 3607 quam
1365 3537 1510 3594 binarium
1523 3538 1706 3605 describendi
1731 3552 1793 3593 esse
1808 3538 1851 3592 vi-

94 3630 289 3696 sempilernom
307 3629 446 3689 Dominus.
469 3627 530 3683 boc'
544 3634 587 3683 est
609 3641 708 3697 penas
735 3628 814 3684 lluiet
826 3627 946 3685 alssicto·
1000 3627 1117 3684 deutur.
1135 3626 1250 3683 Ceteris
1263 3640 1340 3693 vero,
1357 3627 1407 3683 ubi
1424 3629 1608 3683 continentiae
1628 3627 1721 3682 virtus
1734 3625 1852 3682 omuino

95 3730 173 3784 rum,
189 3716 239 3787 qui
254 3729 419 3786 poenasnon
434 3716 514 3772 liniet
535 3715 735 3788 aliligeutlum.
1001 3730 1059 3773 nou
1082 3715 1242 3785 praeminet,
1268 3715 1361 3786 magis
1385 3717 1540 3772 convenire
1565 3716 1698 3771 binarius
1723 3715 1849 3771 videtur.

132 3805 168 3861 Et
205 3805 367 3861 notandum
391 3805 470 3875 quod
509 3806 649 3862 Dominus
677 3805 811 3876 apostolis
833 3806 947 3862 Novum
1001 3804 1119 3861 Esurles
1140 3803 1185 3859 vel
1208 3804 1270 3860 sitis
1288 3804 1420 3875 justitiae,
1445 3804 1620 3860 desiderium
1643 3818 1783 3875 niagnum
1809 3811 1852 3860 est

96 3893 315 3952 'testamentum
337 3894 462 3961 tradens,
494 3908 561 3951 cum
589 3895 618 3950 in
646 3895 765 3953 exordio
787 3895 883 3951 statim
909 3893 946 3948 ad
1001 3890 1031 3947 in
1059 3891 1220 3949 rectoribus
1250 3892 1353 3948 debite
1379 3892 1524 3959 vindic-tae,
1561 3900 1593 3949 ut
1617 3893 1749 3949 videlicet
1775 3891 1851 3948 mala

96 3990 296 4055 paupertatem
322 3983 467 4048 admonet,
484 3990 516 4038 ut
544 3982 749 4041 fecunditatem
765 3992 945 4040 terrenorum
1000 3981 1153 4037 commissa
1181 3988 1296 4037 tantum
1320 3981 1468 4037 vindicare
1483 3981 1582 4048 velint,
1599 3992 1742 4052 quantum
1757 3997 1787 4037 se
1800 3981 1851 4037 de-

96 4072 203 4130 coelesti
218 4077 428 4127 commutemus
452 4069 594 4138 felicitate,
618 4080 748 4141 patenter
776 4084 945 4129 remunera·
1000 4069 1067 4125 bere
1079 4076 1269 4140 cognoscunt,
1283 4077 1310 4125 et
1326 4070 1349 4124 si
1369 4083 1427 4124 nou
1448 4077 1561 4126 tantum
1576 4079 1719 4140 quantum
1736 4070 1777 4126 iili
1790 4084 1852 4126 me·

94 4160 201 4219 tionem
218 4158 755 4231 Evangeliaremunen›÷rationelegts
781 4161 944 4232 distinguit,
1000 4158 1111 4215 ruerint
1136 4156 1187 4228 qui
1216 4157 1413 4228 deliquerunt.
1439 4158 1575 4228 Alioquin
1598 4158 1795 4215 misericordia
1822 4159 1851 4215 iu

97 4263 163 4305 cum
178 4247 216 4303 ibi
231 4247 401 4313 coelestium,
422 4247 469 4303 bic
492 4254 672 4304 terrenorum
694 4252 807 4305 tantum
825 4249 944 4319 promis·
963 4271 984 4327 ῃ
1001 4246 1145 4303 eislocum
1170 4260 1227 4302 non
1258 4246 1385 4313 baberet,
1411 4247 1434 4302 si
1450 4247 1585 4303 videlicet
1610 4247 1683 4303 nibil
1706 4248 1741 4303 de
1756 4261 1850 4317 piena,

95 4337 205 4394 sionem
237 4335 266 4390 in
295 4335 945 4411 renumeuerationemobedientiaegcoustltnat.
1004 4348 1092 4406 quam
1109 4333 1150 4390 rei
1175 4342 1355 4402 meruerunt,
1381 4335 1554 4391 relaxarent.
1577 4336 1647 4391 Nam
1676 4343 1704 4393 et
1731 4334 1853 4392 celestis

97 4424 228 4483 Carualis
242 4424 350 4496 quippe
372 4425 496 4495 populus
509 4424 596 4482 lsrael
612 4433 727 4482 terrena
751 4425 843 4496 magis
858 4440 947 4496 quam
1001 4423 1106 4490 iudex,
1131 4437 1218 4492 quem
1248 4423 1354 4478 terreni
1382 4424 1486 4481 debent
1512 4425 1627 4492 imitari,
1651 4426 1690 4480 ila
1708 4426 1852 4495 iustitiam

96 4513 223 4571 coelestia
261 4514 436 4580 desiderans,
467 4514 522 4570 hoc
553 4514 582 4569 in
610 4515 805 4570 remoratione
828 4513 946 4582 accepit,
1002 4518 1141 4581 temperat
1172 4525 1223 4581 per
1249 4512 1488 4579 misericordiam,
1510 4524 1542 4570 ut
1571 4529 1628 4570 non
1646 4521 1757 4570 lautum
1788 4526 1853 4570 reos

97 4603 175 4675 quod
186 4603 278 4674 magis
287 4602 462 4673 concupivit,
475 4609 502 4658 et
511 4616 561 4673 per
571 4616 601 4658 ea
612 4602 647 4658 ad
656 4602 747 4674 magis
757 4601 946 4658 obediendum

97 4692 259 4750 trahendus
275 4691 367 4762 magis
390 4690 493 4758 luerat,
513 4705 580 4761 quae
595 4690 822 4759 concupiscebat,
842 4698 877 4746 ut
893 4690 948 4746 bac

97 4781 198 4839 saitem
222 4779 409 4851 promissione
433 4792 450 4834 a
472 4791 607 4848 perverso
632 4777 827 4834 retraheretur
849 4793 945 4849 opere,

97 4870 121 4927 si
147 4870 279 4926 nondum
299 4868 415 4924 animus
438 4867 572 4923 mundari
595 4872 706 4935 poterat
727 4867 764 4923 ab
784 4866 946 4938 iniquitate.

99 4959 134 5014 Ut
157 4959 236 5014 euim
265 4956 419 5026 Apostolus
433 4955 493 5011 ait:
508 4955 585 5011 Nibil
599 4954 636 5009 ad
653 4957 805 5024 perfectum
830 4956 948 5011 odduait

98 5045 313 5115 tealflebmu,
339 5046 394 5115 10),
412 5059 465 5101 nec
481 5044 683 5115 perlectionem
703 5044 805 5102 babuit
833 5045 861 5101 iu
882 5059 947 5117 pro-

99 5133 206 5196 missis,
222 5134 263 5189 sie
278 5147 331 5190 nco
342 5133 369 5188 in
385 5135 543 5204 preceptis.

134 5222 211 5277 Beati
234 5225 283 5291 qai
303 5223 395 5291 tepeat
418 5223 531 5294 (blatta.
555 5237 585 5290 v,
607 5222 644 5294 ὅ).
684 5223 791 5280 Luctus
823 5223 949 5280 salubris

99 5310 215 5382 proprie
231 5312 365 5366 convenit
381 5312 537 5380 nronacbis,
564 5312 624 5368 sive
653 5311 698 5368 illo
713 5312 748 5369 sit
777 5312 949 5383 poenitentia

100 5398 136 5455 de
152 5406 277 5468 peccato,
303 5397 363 5454 sive
377 5397 521 5456 dilationis
535 5414 553 5456 a
566 5413 664 5472 regne.
687 5400 757 5465 Quae
778 5400 836 5457 duo
855 5400 948 5471 lacry-

102 5497 219 5549 marum
235 5500 352 5560 genera,
368 5485 399 5542 in
410 5486 473 5542 Ara
484 5486 541 5542 lllia
557 5488 642 5545 Caieb
657 5489 840 5561 praefigurata
855 5496 923 5546 sunl
939 5505 947 5557 ;

1003 4601 1113 4670 puniat,
1135 4608 1279 4670 quantum
1310 4600 1350 4656 illi
1376 4609 1533 4671 merentur,
1554 4602 1601 4658 sed
1628 4610 1771 4673 quantum
1799 4601 1853 4671 ipsi

1002 4689 1145 4757 convenit,
1172 4690 1258 4760 cujus
1288 4691 1486 4747 miserationes
1512 4705 1598 4761 super
1631 4693 1730 4748 omnia
1766 4705 1853 4762 opera

1001 4778 1074 4848 cius.
1101 4778 1172 4833 iiiuc
1198 4777 1275 4833 euim
1297 4779 1331 4833 de
1358 4779 1419 4848 ipso
1450 4782 1673 4850 scriptumest:
1709 4782 1767 4835 Aut
1786 4781 1854 4835 obli·

1001 4868 1121 4923 piscetur
1135 4869 1257 4921 misereri
1273 4871 1414 4932 Deus,out
1437 4869 1581 4923 continebit
1605 4871 1636 4923 in
1658 4871 1703 4924 iro
1723 4885 1774 4924 suo
1801 4871 1852 4925 mi·

1002 4956 1166 5012 sericordins
1192 4971 1256 5011 suos
1278 4956 1363 5027 (Psoi.
1393 4973 1487 5024 txnvr,
1519 4958 1572 5026 ill).
1601 4959 1636 5013 Et
1649 4973 1787 5014 rursum:
1817 4962 1852 5014 st

1003 5061 1063 5100 cum
1078 5048 1167 5101 iratus
1191 5045 1288 5113 tueris,
1318 5046 1513 5102 misericordia>
1530 5047 1715 5103 recordaberis
1735 5048 1851 5115 (Hebae.

1004 5148 1045 5200 m,
1061 5136 1102 5205 D).
1124 5134 1323 5204 superexaltat
1345 5135 1454 5206 quippe
1475 5135 1672 5192 misericordia
1694 5136 1849 5207 iudicium,

1004 5231 1032 5279 et
1043 5223 1136 5293 magis
1156 5223 1282 5291 judicem
1297 5225 1478 5280 commendat
1494 5239 1583 5294 quam
1600 5226 1767 5282 vindictam.
1787 5226 1853 5282 Haec

1004 5325 1073 5383 ergo
1088 5311 1145 5368 duo
1170 5312 1199 5367 in
1227 5312 1325 5383 judice
1346 5327 1459 5384 semper
1479 5328 1539 5370 esse
1567 5315 1670 5371 debent
1685 5317 1852 5385 conjuncta,

1004 5407 1083 5457 utet
1103 5413 1186 5458 reum
1210 5402 1312 5472 puniat
1341 5415 1392 5472 per
1410 5403 1564 5474 iustitiam,
1592 5411 1620 5458 et
1640 5403 1737 5460 nriuus
1761 5418 1851 5476 quam

1005 5488 1144 5546 meruerit
1166 5502 1218 5561 per
1240 5489 1431 5562 clementiam,
1455 5505 1544 5564 quam
1577 5492 1623 5548 irie
1648 5491 1716 5548 dicit
1736 5491 1852 5548 miseri-
