3804 5962
70 227 124 289 28⁷
530 227 633 286 Pfflltl
652 229 839 300 sumtuum
857 231 935 292 OPP.
948 227 1041 292 PARS
1058 231 1080 287 1.
1099 259 1134 271 -
1152 226 1344 286 EPISTOLAE.
1765 231 1818 285 288

71 347 190 407 mundae
210 354 301 417 sunt,
325 351 528 408 eteemmunia
555 365 679 425 quaeque
693 354 739 412 vel
767 354 916 426 publicata
931 355 956 411 A
970 354 1055 412 detur
1065 367 1102 411 ex
1127 353 1201 422 alte,
1217 353 1307 422 Quem
1318 361 1353 411 et
1367 354 1468 412 beatus
1482 362 1598 412 sectum
1628 355 1819 425 Hieronymus

70 436 143 494 vilia
169 445 247 507 suut,
272 437 430 497 velminus
447 440 545 497 ebera.
571 440 691 499 Nullum
706 442 913 515 itaqueeibum
967 443 1157 502 Eustochium
1182 444 1326 515 virginem
1355 444 1507 501 instituens
1535 445 1576 501 ait
1600 445 1706 517 (epist.
1736 445 1782 513 ιι)
1810 444 1817 483 :

71 540 123 597 per
145 526 290 585 Christum
318 528 418 584 asserit
433 543 492 586 esse
521 544 715 600 communem,
741 532 769 589 id
791 542 834 591 est
860 535 914 591 im·
969 556 984 587 n
997 534 1026 593 Si
1040 542 1138 590 autem
1164 541 1193 590 et
1218 533 1273 590 iltae
1303 548 1369 604 quta
1383 533 1512 605 virgines
1532 542 1601 590 sunt
1618 574 1625 601 ,
1641 536 1676 590 eb
1692 533 1816 589 aliasta-

71 616 224 684 muudum,
240 617 310 688 quia
327 615 376 674 lex
390 618 495 674 cbristi
506 619 620 677 nullum
639 619 793 692 interdicit,
809 623 866 680 nisi
880 632 914 682 ut
968 638 1034 682 men
1047 623 1148 694 culpas
1163 637 1222 680 nen
1247 623 1414 691 salvantur,
1432 622 1502 694 quid
1519 623 1566 679 liet
1582 624 1638 680 illis
1667 639 1733 694 quae
1749 637 1816 693 pre-

72 703 181 761 dictum
208 712 250 762 est
277 715 392 777 prepter
416 707 587 766 scandalum
617 711 850 782 removendum,
870 712 916 770 vel
968 713 1125 771 stituerunt
1140 714 1270 770 membra
1290 713 1406 779 Christi,
1425 721 1452 769 et
1473 720 1660 770 mutaverunt
1674 713 1812 781 templum

70 794 194 864 propriae
222 794 330 852 scilieet
357 797 549 865 eonscientiae,
568 797 612 855 vel
628 798 738 857 alienae.
753 802 793 858 De
807 816 867 874 qua
889 809 917 859 et
969 802 1092 874 Spiritus
1106 803 1197 860 saneti
1218 804 1247 859 in
1268 802 1420 874 lupanar?
1442 802 1557 859 Rectius
1583 802 1678 859 iuerat
1703 801 1815 857 bomini

71 883 139 941 alibi
166 883 254 941 dicit:
271 904 285 935 e
310 884 490 956 Quapropter
508 888 532 944 si
561 902 626 946 esea
657 890 833 947 scandalizat
854 890 916 948 ira·
969 893 1090 952 subiisse
1108 892 1289 964 conjugium,
1305 892 1468 949 ambulasse
1484 907 1534 962 per
1550 893 1647 962 plana,
1664 906 1753 963 quam
1778 893 1815 948 ad

71 986 145 1038 trem
168 996 275 1051 meum,
297 996 355 1039 nen
374 983 556 1043 manducabo
576 986 608 1043 iu
636 995 787 1056 aternum,
813 1002 849 1045 ne
863 988 919 1046 lra-
971 983 1074 1040 altiora
1102 983 1266 1040 tendentem
1282 982 1312 1039 in
1337 982 1514 1052 protundum
1536 982 1641 1039 interni
1657 983 1758 1038 cadere
1774 1001 1812 1036 ,ι

71 1076 145 1128 trem
173 1086 271 1129 meum
293 1072 507 1131 scandalizeml
535 1075 558 1148 (l
580 1076 639 1132 der.
670 1091 731 1143 rur,
751 1077 835 1150 l3.)»
854 1079 916 1136 lion
971 1072 1089 1139 Quodsi
1116 1072 1204 1128 etiam
1221 1073 1357 1129 universa
1373 1071 1559 1128 revolvamus
1578 1072 1704 1141 Apostoli
1721 1073 1813 1139 dieta,

71 1174 137 1218 sum
152 1161 232 1232 liber,
258 1176 317 1219 non
349 1177 413 1220 sum
438 1164 611 1234 apestolus?
629 1166 652 1237 (l
673 1166 745 1236 (dor,
761 1181 803 1235 rx,
823 1165 860 1240 l.)
875 1167 917 1223 Ac
971 1175 1125 1233 nunquam
1138 1175 1205 1218 eum
1222 1161 1399 1232 reperiemus
1417 1162 1544 1218 munda
1558 1162 1744 1219 matrimonia
1760 1161 1814 1217 nisi

70 1249 95 1308 si
119 1251 245 1309 diceret:
274 1252 412 1324 Nunquid
435 1266 492 1309 non
525 1253 617 1312 babeo
638 1254 718 1312 illam
746 1254 917 1325 libertatem,
971 1250 1084 1307 leminis
1100 1250 1251 1307 indulsisse
1267 1293 1273 1305 .
1291 1249 1345 1306 Sed
1360 1250 1437 1307 vires
1460 1250 1586 1306 maxime
1612 1251 1646 1306 ad
1670 1251 1817 1306 eontinen-

71 1352 161 1410 qeam
190 1340 328 1399 Dominus
351 1341 484 1413 apostolis
514 1343 604 1410 dedit,
621 1343 655 1401 de
670 1344 848 1415 quibuslibet
862 1345 918 1403 sci·
972 1343 1042 1396 tiam
1053 1340 1221 1407 exhortans,
1247 1339 1308 1396 ait:
1327 1339 1548 1396 «Circumcisus
1568 1340 1674 1411 aliquis
1698 1348 1818 1396 vocatus

70 1426 138 1487 licet
158 1429 277 1487 edendis
303 1429 350 1489 vel
373 1431 409 1488 de
422 1433 569 1502 stipendiis
588 1433 714 1491 aliorum
737 1434 918 1491 sumendis?
970 1436 1013 1487 est
1026 1429 1040 1483 ‘l
1055 1443 1112 1486 nen
1141 1429 1265 1486 adducat
1291 1429 1464 1500 preputium
1484 1429 1506 1497 (l
1523 1431 1589 1484 Cer.
1606 1444 1656 1496 vu,
1677 1429 1730 1500 lu).
1747 1449 1761 1478 »r
1782 1428 1818 1484 Et

71 1516 117 1575 Sic
141 1518 249 1590 quippe
276 1535 346 1577 eum
385 1521 528 1591 apostoles
551 1523 677 1581 mitteret
706 1524 833 1595 quedam
856 1523 916 1581 lece
971 1517 1097 1574 iterum:
1115 1516 1230 1574 Solutus
1243 1531 1274 1573 es
1284 1517 1320 1573 ab
1336 1517 1453 1574 uxorei
1471 1517 1669 1588 noliquaerere
1697 1531 1817 1574 uxorem

70 1606 130 1663 ait:
157 1629 172 1659 u
200 1607 324 1666 Edentes
350 1617 379 1667 et
406 1611 534 1669 bibentes
558 1626 624 1683 quae
647 1613 726 1683 apud
753 1612 817 1670 illes
841 1620 911 1670 suut
932 1647 952 1702 B
972 1607 1064 1677 (idid,
1081 1608 1135 1676 27).
1157 1627 1172 1655 »
1188 1606 1259 1664 Cum
1283 1607 1391 1677 lleyses
1407 1615 1502 1664 tamen
1527 1607 1598 1664 viris
1623 1607 1714 1678 magis
1729 1620 1817 1677 quam

70 1695 158 1768 (Lete,
172 1697 255 1768 x,·7l.
277 1698 424 1757 »Nullum
444 1699 576 1759 videlieet
590 1701 688 1759 eibum
704 1702 847 1760 austeris
871 1702 915 1758 di·
970 1695 1244 1768 leminisiudulgons
1258 1696 1309 1752 nni
1324 1696 1387 1753 vire
1402 1695 1594 1767 pluressimul
1608 1696 1739 1759 lerninas.
1757 1710 1815 1752 uon

70 1785 230 1857 elinguens.
250 1786 330 1855 Quod
360 1789 511 1862 diligenter
534 1790 688 1862 Apostolus
715 1792 876 1858 attendens,
888 1797 917 1848 et
970 1786 1023 1842 uni
1047 1784 1162 1841 leminea
1192 1783 1288 1855 plures
1322 1785 1400 1841 viros
1428 1785 1583 1851 concedat,
1605 1794 1633 1841 et
1659 1786 1817 1841 districtius

71 1875 169 1933 emnia
190 1876 321 1934 ciberum
336 1892 443 1948 genera
465 1880 577 1937 etiamsi
595 1880 653 1937 sint
672 1880 833 1939 infidelium
849 1880 914 1937 'eibi
971 1875 1103 1932 adultera
1122 1874 1391 1944 leminarumquam
1406 1873 1655 1945 virerumpuniat.
1674 1894 1689 1923 n
1704 1874 1816 1941 Mulier,

70 1970 99 2022 et
123 1963 290 2037 idolothyta,
311 1966 479 2024 Cbristiauis
498 1984 559 2026 esse
578 1969 655 2027 licita
674 1970 800 2027 studiose
821 1984 916 2041 prese·
970 1964 1066 2035 iuquit
1080 1962 1246 2034 Apostolus,
1259 1963 1283 2019 si
1297 1971 1431 2020 mortuus
1443 1962 1530 2019 luerit
1545 1965 1590 2019 vir
1613 1965 1677 2035 ejus
1697 1963 1818 2019 liberato

71 2053 182 2124 quitur,
198 2053 303 2122 selum,
325 2063 359 2112 ut
380 2055 517 2124 diximus,
542 2058 572 2114 in
593 2058 665 2115 cibis
683 2058 853 2115 scandalum
873 2058 916 2114 vi·

70 2147 153 2201 tans:
170 2141 311 2211 «Omnia,
338 2143 445 2216 iuquit,
470 2144 556 2202 licent
571 2160 579 2215 ;
594 2146 645 2203 sed
673 2160 730 2203 uon
746 2147 845 2203 emnia
863 2161 915 2203 ex·

69 2229 199 2301 pediunt.
217 2230 323 2288 Omnia
347 2233 417 2289 milri
445 2233 540 2303 licent,
565 2235 616 2292 sed
640 2249 699 2292 non
723 2236 822 2292 omnia
846 2236 915 2292 mdi-

70 2317 169 2377 fieant.
183 2318 271 2376 Nemo
283 2321 361 2391 qued
374 2336 461 2379 suurn
475 2331 518 2380 est
533 2332 644 2394 quaerat
656 2323 698 2395 [et
711 2325 816 2395 querit
830 2325 851 2396 ]‚
867 2325 915 2381 sed

71 2407 150 2479 quod
163 2407 291 2466 alterius.
308 2409 400 2467 Omne
419 2411 497 2482 quod
524 2412 555 2469 iu
571 2413 689 2471 macello
702 2414 791 2471 vaenit
806 2455 814 2483 ,
832 2428 915 2470 man-

71 2497 185 2564 ducato,
205 2496 276 2555 nibil
309 2499 520 2571 interrogantes
554 2512 672 2573 propter
713 2503 916 2560 conscientiam

71 2585 96 2656 (l
113 2640 116 2647 ,
132 2585 193 2643 θον.
223 2601 253 2655 1,
285 2587 344 2660 Ὦ).
379 2590 489 2645 Domini
524 2598 565 2647 est
595 2597 680 2659 terra,
710 2595 737 2647 et
774 2592 916 2661 plenitude

970 2062 1012 2111 est
1026 2068 1043 2110 a
1056 2053 1119 2125 lege
1133 2052 1198 2120 viri,
1215 2060 1247 2108 ut
1263 2066 1321 2108 non
1336 2053 1372 2108 sit
1394 2052 1526 2109 adultera
1541 2053 1564 2108 si
1580 2053 1665 2108 luerit
1679 2067 1744 2109 cum
1760 2053 1818 2108 alio

970 2143 1034 2200 vire
1062 2142 1150 2214 (Rem.
1176 2156 1226 2209 vn,
1244 2140 1301 2212 37.)
1312 2163 1326 2191 o
1352 2143 1387 2198 Ει
1401 2142 1470 2199 alibi
1484 2156 1491 2196 :
1506 2163 1521 2192 «
1539 2141 1605 2198 iiico
1632 2150 1728 2198 autem
1756 2156 1816 2197 uon

972 2232 1073 2304 nuptis
1095 2239 1123 2288 et
1139 2229 1236 2286 viduis
1251 2247 1259 2285 ι
1274 2231 1387 2288 Βοιιιιιιι
1405 2239 1447 2288 est
1463 2231 1518 2286 illis
1537 2232 1561 2287 si
1576 2231 1615 2287 sie
1628 2237 1817 2303 permaneant

969 2322 1044 2380 sicut
1059 2328 1087 2378 et
1100 2334 1153 2393 ego
1169 2359 1176 2375 .
1195 2320 1279 2384 Quod
1305 2321 1328 2376 si
1345 2335 1403 2377 neu
1428 2335 1458 2377 se
1482 2322 1647 2388 continent,
1678 2321 1816 2377 nubant.

970 2410 1073 2469 Melius
1088 2418 1131 2467 cst
1154 2409 1232 2466 euim
1248 2408 1359 2466 nubere
1383 2424 1472 2481 quam
1485 2410 1530 2468 uri
1550 2410 1573 2481 (l
1593 2411 1653 2466 Cer.
1668 2424 1717 2476 vu,
1733 2409 1783 2480 8.)
1799 2428 1814 2461 e

970 2499 1007 2556 Et
1022 2499 1127 2556 iterum
1142 2513 1148 2553 :
1166 2519 1180 2550 e
1195 2499 1297 2554 blulier
1315 2499 1355 2567 ,si
1366 2500 1516 2556 dormierit
1529 2498 1576 2556 vir
1590 2500 1653 2570 ejus
1668 2541 1676 2566 ,
1693 2499 1816 2555 liberata

971 2587 1091 2646 est.Cui
1119 2588 1184 2645 vult
1212 2588 1315 2655 nubat,
1345 2595 1459 2644 tautum
1487 2588 1518 2642 iu
1544 2588 1672 2643 Domine.
1705 2587 1817 2642 beurim

71 2674 242 2746 ejuslibet.
274 2690 348 2733 xxm
368 2717 376 2745 ,
398 2679 445 2749 l).
476 2678 505 2736 Si
533 2679 599 2751 quis
627 2687 710 2738 vocat
742 2694 794 2736 vos
817 2681 917 2737 iulide·
971 2686 1067 2735 autem
1083 2677 1138 2734 crit
1163 2675 1243 2734 sisic
1259 2679 1448 2746 permanserit
1477 2676 1636 2732 seeundum
1663 2674 1816 2731 consilium

72 2763 143 2821 lium
172 2764 209 2822 ad
231 2780 364 2836 eoenam,
393 2776 421 2826 et
445 2768 606 2835 vultisire;
633 2785 718 2827 omne
742 2769 917 2842 quedvobis
970 2765 1173 2838 meumlietd,
1191 2764 1236 2835 39)
1253 2805 1260 2820 .
1277 2763 1512 2821 »Nensecunda
1539 2770 1650 2819 tautum
1666 2764 1816 2819 matrime-

72 2853 230 2927 appenitur
257 2856 440 2926 manducate,
464 2857 537 2914 nibil
564 2860 774 2930 interrogantes
801 2867 917 2930 prepter
971 2854 1145 2914 niaindrme
1174 2853 1423 2921 sexuicencedit,
1447 2867 1549 2909 verum
1575 2853 1661 2908 etiam
1681 2868 1714 2908 ea
1734 2853 1816 2910 nulle

73 2942 308 3001 censcientiam.
338 2945 365 3001 Si
407 2947 474 3016 quis
503 2954 599 3005 autem
627 2948 755 3018 dixerit,
781 2948 834 3005 boe
862 2948 915 3004 im·
931 2947 953 3004 (l
970 2943 1140 3001 concludere
1176 2943 1263 2999 audet
1282 2956 1432 3011 numere,
1458 2943 1506 2998 sed
1541 2956 1608 2998 cum
1645 2942 1817 2999 dormierint

73 3032 213 3090 melatum
243 3040 285 3090 est
317 3033 422 3102 idolis,
465 3036 553 3094 nolite
583 3039 759 3095 manducare
802 3042 916 3107 prepter
969 3047 1071 3091 earum
1095 3031 1151 3088 viri
1179 3031 1289 3088 nubere
1308 3031 1372 3087 aliis
1395 3031 1543 3101 permittit.
1569 3031 1688 3087 Nullum
1714 3034 1817 3087 matri-

73 3118 157 3178 illum
180 3120 232 3191 qui
259 3121 411 3193 judicavit,
439 3132 467 3181 et
481 3134 597 3197 propter
625 3125 828 3183 censcientiam
853 3123 916 3179 dice
975 3123 1189 3181 meniisearum
1210 3120 1333 3192 praefigit
1357 3134 1514 3177 numerum
1531 3161 1539 3188 ,
1557 3120 1714 3176 dummodo
1730 3120 1819 3176 iorni-

72 3222 132 3266 nou
159 3215 259 3278 tuam,
293 3211 340 3267 sed
369 3212 513 3272 alterius.
541 3215 607 3272 Sine
639 3214 795 3272 eliensioue
828 3219 916 3269 estete
970 3210 1092 3269 cationis
1116 3209 1241 3266 evadant
1262 3218 1373 3266 reatum
1400 3251 1407 3263 .
1436 3209 1547 3279 septus
1579 3210 1671 3280 magis
1703 3211 1818 3266 nubant

73 3296 182 3355 induis
209 3306 237 3354 et
256 3299 391 3370 gentibus
405 3343 413 3370 ,
427 3311 455 3360 et
469 3304 602 3362 Ecclesiae
626 3304 686 3361 liei.
704 3325 718 3355 ι
734 3303 778 3360 Ex
808 3301 917 3373 quibus
972 3315 1061 3373 quam
1077 3297 1162 3356 semel
1191 3298 1370 3355 ierniceutur
1391 3313 1450 3365 ,ne
1470 3299 1493 3353 si
1514 3299 1565 3354 uni
1581 3299 1816 3368 prostituantur,

74 3385 206 3444 videlieet
230 3388 356 3459 Apostoli
373 3392 468 3450 verbis
496 3392 645 3452 maniieste
664 3392 831 3465 colligitur,
848 3388 917 3445 oul-
971 3386 1211 3445 multisearnalis
1238 3387 1402 3444 commercii
1427 3388 1554 3444 debitum
1570 3388 1712 3444 solvant.
1747 3387 1818 3452 Quae

74 3477 136 3535 lum
149 3476 233 3534 uobis
245 3476 376 3537 interdici
392 3522 400 3548 ,
414 3497 472 3554 que
486 3482 548 3540 siue
565 3481 674 3539 edeusa
693 3481 818 3553 propriae
846 3494 917 3536 eou-
971 3484 1067 3535 tameu
1082 3476 1170 3534 debiti
1182 3475 1284 3533 solutio
1300 3484 1414 3534 nonest
1430 3478 1544 3548 penitus
1564 3477 1701 3533 immunis
1715 3491 1731 3532 a
1754 3492 1817 3547 pee-

75 3565 201 3624 scientiae
221 3565 267 3624 vel
295 3569 397 3629 alienae
421 3571 496 3629 vesci
528 3572 688 3642 pessimus.
720 3569 787 3627 Sine
810 3567 919 3624 eliense
971 3575 1044 3633 cato,
1076 3565 1125 3622 sed
1147 3565 1337 3636 indulgentur
1364 3567 1476 3622 minora
1503 3574 1535 3622 ut
1556 3567 1667 3637 majera
1687 3567 1818 3622 vitentur

75 3669 144 3714 vero
158 3658 281 3728 proprie
306 3660 486 3718 conscientia
511 3667 582 3717 tunc
595 3660 720 3731 agimus,
744 3659 769 3716 si
786 3657 914 3730 preposi-
972 3662 1088 3727 peccata
1105 3697 1110 3709 .
1127 3654 1201 3720 Quid
1226 3655 1317 3727 igitur
1345 3656 1451 3713 mirum
1467 3655 1491 3711 si
1511 3656 1550 3721 id,
1567 3656 1597 3711 in
1621 3670 1678 3726 que
1702 3655 1815 3711 nullum

75 3751 138 3803 tum
154 3748 244 3816 vitae,
261 3762 320 3819 quo
341 3749 445 3806 salvari
460 3751 623 3821 possimus,
650 3763 702 3806 uos
720 3762 835 3807 servare
849 3761 918 3804 con·
971 3751 1014 3802 est
1027 3744 1146 3801 omnine
1161 3744 1346 3809 ‚conceditur
1361 3758 1396 3800 ne
1412 3753 1559 3815 peceatum
1576 3745 1746 3810 incurrant,
1764 3745 1818 3799 boc

76 3832 216 3893 ddimus.
236 3836 303 3894 Siue
317 3838 424 3895 eliense
438 3846 536 3895 autem
551 3837 653 3895 alienae
672 3878 681 3907 ,
698 3839 765 3895 sien
781 3835 919 3894 modevi-
971 3842 1014 3893 est
1042 3835 1178 3890 alimenta
1201 3835 1338 3904 quaelibet
1366 3835 1549 3900 necessaria,
1565 3849 1623 3889 nou
1643 3833 1818 3904 superfluat

77 3937 144 3982 vere
167 3925 314 3983 credimur
339 3941 397 3998 quo
423 3926 579 3984 salvemur.
611 3928 652 3984 Eo
686 3927 804 3999 quidem
833 3924 918 3981 mode
971 3923 1194 3992 Nenestenim,
1222 3922 1818 3993 utdictumest,eibusinvitle,'sedap·

78 4011 220 4084 vivemus,
250 4015 274 4070 si
294 4014 430 4072 omuibus
465 4017 634 4073 necessariis
660 4025 773 4074 natura
799 4014 920 4072 indultis
973 4013 1089 4086 petitus,
1115 4027 1181 4069 eum
1198 4012 1329 4069 videlicet
1341 4012 1408 4068 libet
1427 4012 1505 4082 quod
1523 4026 1581 4067 nou
1599 4012 1662 4067 lieet
1677 4052 1684 4078 ,
1701 4019 1728 4067 et
1747 4025 1815 4066 eon·

77 4109 197 4171 peccata
215 4102 348 4161 vitemus.
364 4104 462 4162 necde
480 4112 578 4163 nostra
592 4106 701 4163 virtute
715 4112 919 4176 presumentes
973 4103 1133 4174 cupiscitur
1162 4101 1240 4172 qued
1267 4100 1450 4157 interdictum
1478 4107 1521 4156 est
1536 4108 1583 4168 ,et
1602 4114 1817 4170 nonnunquam

79 4187 120 4244 illl
142 4189 293 4259 vitreiuqo
312 4190 501 4260 prolessienes
515 4207 567 4250 nes
581 4193 752 4264 obligemus,
769 4207 827 4265 que
844 4207 918 4264 prae-
972 4191 1156 4262 impudenter
1178 4190 1324 4258 sumitur,
1353 4190 1431 4245 unde
1454 4191 1616 4245 maximum
1639 4188 1821 4246 scandalum·

78 4277 191 4349 gravati
210 4280 459 4352 succumbamus3
475 4291 503 4340 et
524 4290 604 4340 tanto
620 4285 656 4341 sit
671 4285 787 4356 gravier
809 4297 919 4351 casus,
975 4286 1161 4353 generatur.
1195 4277 1268 4343 Quid
1296 4292 1364 4334 vero
1392 4278 1466 4335 iuter
1507 4281 1643 4336 universa
1668 4280 1818 4336 hominum

77 4373 188 4437 quanto
224 4367 317 4426 iuerat
351 4370 534 4440 protessieuis
561 4373 646 4431 altior
672 4374 799 4445 gradus.
829 4372 919 4441 Quem
975 4369 1113 4425 alimenta
1140 4375 1199 4423 tam
1223 4367 1415 4438 periculosum
1439 4376 1480 4424 est
1503 4409 1511 4435 ‚
1536 4368 1582 4424 vel
1617 4369 1817 4435 damnosum,

79 4452 196 4524 quidem
208 4467 308 4512 casum
335 4464 363 4514 et
385 4458 480 4516 stultu
498 4458 682 4530 prelessiouis
703 4467 803 4517 vetum
824 4458 920 4515 Eoole·
974 4465 1002 4517 et
1042 4455 1175 4527 religioni
1216 4463 1321 4512 nostrae
1355 4456 1400 4512 vel
1440 4465 1545 4512 sanctae
1579 4457 1666 4527 quieti
1707 4464 1820 4512 centra-

79 4541 179 4601 siastes
193 4545 373 4615 preveniens
393 4547 433 4604 alt
458 4563 465 4603 :
488 4548 540 4604 «si
567 4548 638 4620 quid
665 4549 770 4607 vovisti
783 4548 864 4616 Dee,
885 4560 921 4603 ne

78 4633 200 4690 moreris
214 4633 341 4692 reddere.
357 4636 491 4706 Displicet
510 4637 587 4694 enim
602 4637 628 4695 ei
656 4637 780 4695 inddelis
793 4644 822 4694 et
833 4634 922 4692 stulta

79 4721 241 4790 promissio.
269 4723 322 4781 Sed
344 4724 541 4796 quodcunque
567 4725 683 4784 voreris
706 4725 803 4782 redde.
819 4723 922 4782 blelins

80 4818 195 4868 estnon
221 4825 352 4881 vovere,
377 4827 466 4885 quarn
493 4822 666 4885 postrorum
696 4814 837 4886 premissa
864 4827 922 4869 non

78 4897 198 4956 reddere
219 4902 306 4969 (deute
321 4942 328 4957 .
345 4916 374 4970 v,
390 4903 433 4976 2).
447 4923 462 4952 o
478 4902 530 4960 Cui
545 4918 663 4975 quoque
679 4902 805 4976 periculo
817 4914 919 4959 occur·

80 4999 147 5043 reus
158 4987 355 5058 Apostolicum
374 4991 552 5050 eonsilium:
575 4993 684 5062 «Volo,
705 4993 810 5064 inquit,
822 4991 920 5063 junio·

82 5087 128 5132 res
151 5075 269 5146 nubere,
295 5079 368 5137 lilios
395 5095 556 5150 procreare,
591 5079 824 5139 matresfamilias
849 5093 922 5150 esse,

81 5163 194 5222 nullam
207 5167 385 5225 occasionem
408 5170 479 5228 dare
500 5171 667 5229 adversarie
686 5169 831 5227 maledieti
855 5183 922 5241 gra·

82 5253 132 5311 tia.
147 5255 212 5312 ium
235 5256 312 5311 enim
337 5258 471 5328 quadam
486 5274 632 5318 conversae
658 5268 727 5318 sunt
752 5268 828 5317 retro
843 5258 923 5316 Sata·

82 5356 149 5401 nrm
166 5344 189 5411 (l
207 5347 275 5400 Tim.
287 5359 317 5414 v,
340 5346 394 5418 li).
416 5368 431 5399 e
447 5349 551 5407 AEtatis
563 5350 687 5407 iudrmae
703 5357 838 5407 naturam
855 5364 924 5406 con·

974 4548 1062 4614 rium,
1091 4552 1234 4617 quantum
1254 4543 1385 4601 vinum?
1410 4545 1492 4610 Quod
1518 4546 1664 4602 maximus
1696 4545 1744 4601 ille
1769 4545 1819 4601 Sa·

974 4623 1105 4709 pientum
1134 4635 1287 4705 diligenter
1315 4636 1483 4704 attendens,
1504 4636 1539 4691 ab
1553 4631 1616 4703 boe,
1631 4637 1822 4691 maximenos

975 4725 1154 4792 dehortatur,
1186 4723 1301 4780 diceus:
1332 4724 1495 4781 Luxuriosa
1516 4739 1561 4780 res
1587 4725 1688 4781 viuum
1707 4764 1715 4792 ,
1734 4732 1822 4781 eltu-

976 4815 1121 4872 multuosa
1150 4813 1284 4870 ebrietas.
1302 4813 1476 4885 Quicunque
1491 4814 1536 4870 his
1556 4813 1738 4881 delectatur,
1762 4829 1821 4870 non

975 4904 1029 4962 erit
1041 4904 1156 4973 sapiens
1180 4902 1283 4972 (Pree.
1301 4917 1353 4970 xx,
1371 4904 1407 4976 l).
1424 4904 1477 4959 Cui
1496 4918 1550 4967 vae,
1569 4904 1653 4974 eujus
1674 4903 1748 4973 patri
1766 4918 1820 4972 vae,

975 4993 1024 5050 cui
1042 4993 1125 5061 rixae,
1141 4992 1188 5049 cui
1204 4992 1303 5060 levem,
1318 4992 1434 5050 cuisiue
1447 5006 1535 5049 causa
1551 4992 1684 5059 vulnera,
1700 4992 1747 5049 cni
1761 4992 1822 5048 sul·

975 5081 1050 5138 lusio
1066 5082 1237 5138 oculorum?
1248 5095 1343 5139 nenne
1358 5082 1403 5138 bis
1415 5082 1466 5152 qui
1480 5090 1634 5139 merantur
1646 5082 1673 5137 in
1690 5083 1766 5150 vino,
1781 5090 1819 5138 et.

977 5170 1094 5228 student
1120 5169 1259 5227 calicibus
1284 5169 1457 5241 epotandis?
1484 5169 1526 5226 Ne
1558 5169 1697 5225 intuearis
1718 5169 1820 5226 vinum

978 5259 1095 5331 quande
1106 5258 1243 5327 flavescit,
1258 5274 1324 5316 cum
1337 5259 1515 5331 splenduerit
1531 5258 1560 5314 iu
1574 5259 1734 5315 vitroeolor
1747 5260 1820 5331 ejus.

978 5348 1141 5422 ingreditur
1164 5349 1279 5416 blande,
1312 5349 1360 5405 sed
1389 5348 1419 5405 iu
1445 5348 1602 5404 novissimo
1625 5349 1766 5404 mordebit
1790 5354 1823 5403 ut

81 5429 235 5504 sidereus&
245 5434 404 5492 remedium
429 5435 496 5493 vitre
517 5437 637 5495 laxioris
653 5438 770 5511 opponit
798 5437 924 5508 periculo
977 5439 1115 5503 coluber,
1130 5439 1239 5496 etsicut
1259 5437 1378 5508 regulus
1391 5437 1665 5506 veneuadilqudet.
1683 5436 1764 5494 Oculi
1779 5436 1823 5492 tui

82 5517 220 5579 mdieris.
235 5522 366 5583 Consulit
387 5523 512 5584 residere
530 5526 654 5592 inimo,
674 5541 711 5586 ue
732 5527 924 5600 precipitium
978 5527 1121 5587 videbunt
1132 5535 1296 5595 extraneas,
1308 5533 1337 5584 et
1354 5540 1405 5584 eor
1418 5533 1503 5585 tuum
1517 5526 1654 5598 loquetur
1676 5538 1823 5597 perversa,
