3804 5962
93 187 144 243 llll
359 181 460 239 PETRI
478 180 665 241 ABAELARDI
684 183 761 240 orb.
780 181 871 240 PARS
892 182 941 240 lll.
957 181 1225 244 -rnlsoLodlta
1244 185 1289 243 nl·
1306 187 1572 246 rfllbosoblllua.
1793 192 1845 247 stt

94 315 184 370 Arcto
198 311 240 368 εει
260 311 306 366 ιιι
320 324 381 381 ιιι
403 308 479 366 ducit
493 308 530 364 nd
556 309 651 376 otton,
677 315 731 367 etc.
758 308 873 382 (Muttl.
889 323 941 373 vll.
958 308 1055 380 dtur,
1071 319 1099 370 ει
1123 319 1205 370 tanto
1224 312 1360 371 licentius
1375 314 1451 386 gulae
1473 314 1617 388 indulget,
1641 323 1752 388 quanto
1776 315 1845 388 pln-

98 401 258 475 li),tameu
278 413 376 455 omncs
396 397 505 455 salvari
529 400 673 463 volumus,
690 406 718 456 el
740 414 791 471 pro
806 401 943 457 omnibus
996 403 1137 459 rimorum
1160 403 1298 473 exemplis
1320 403 1469 462 incitetur.
1497 406 1609 463 Dicitur
1640 407 1738 479 itaque
1768 421 1843 464 com·

95 503 224 559 oremus,
254 487 499 545 scientessoilicol
527 502 581 544 uec
606 496 733 545 nostram
763 488 944 545 voluntatem
996 491 1131 548 messatio
1161 493 1245 562 quasi
1280 492 1420 564 corporis,
1444 502 1477 550 ιι
1501 494 1687 562 dictumest,
1719 509 1798 564 esus,
1829 508 1846 552 a

97 593 151 639 nec
170 576 475 636 orationemesseotum
496 579 636 648 consequi
658 576 783 635 debere?
806 578 945 636 seddicis
997 581 1180 645 comedendo,
1211 580 1238 637 id
1279 590 1322 638 cst
1354 582 1441 639 simul
1474 582 1594 640 edendo.
1632 583 1840 654 Hieronymus:

98 667 380 740 illudangnstini:·
408 667 679 736 Habecbaritalem,
696 676 724 724 ει
739 668 783 725 iac
799 668 945 740 quidquid
1000 690 1015 720 n
1039 669 1244 727 commessatio
1271 679 1313 727 est
1344 686 1450 728 mensae
1475 671 1599 729 collatio.
1625 693 1636 722 ι
1664 673 1770 739 Quales
1788 674 1846 745 qui·

100 758 179 818 vis.»
205 757 241 814 Et
269 755 429 813 recorderis
457 756 528 812 illud
553 756 738 825 Hieronpmi:
773 777 787 809 n
815 759 946 815 Charitas
999 758 1063 815 dem
1093 761 1343 817 commessationes
1379 770 1408 817 et
1442 761 1576 819 Salomon
1619 762 1649 818 in
1683 761 1846 821 Proverbiis

98 860 339 906 mensuramnon
358 845 483 902 babet.»
501 846 946 917 Undesaepocberitesmodnm
1000 848 1173 906 interdicens
1214 849 1269 905 eit:
1305 851 1437 907 Noliesse
1469 855 1500 908 in
1534 856 1664 909 conuiuiis
1679 858 1846 922 potatorum,

99 951 152 996 nos
178 936 220 994 ita
247 935 385 993 excedere
415 934 569 1006 compellit,
586 945 618 992 ut
645 935 706 992 fieri
723 935 848 994 velimus
870 937 947 1008 quod
998 953 1046 992 nec
1072 941 1101 991 in
1129 940 1392 994 commessationibus
1416 957 1507 996 eorum
1531 946 1579 1012 qui
1606 960 1699 1001 carnes
1733 942 1772 999 od
1803 956 1846 996 ne·

100 1027 163 1084 fieri
177 1038 366 1097 nequequam
382 1025 491 1081 bonum
506 1031 547 1080 εει
563 1032 614 1081 aul
622 1024 745 1096 justum,
763 1032 948 1082 etecbnlre·
1001 1027 1130 1081 scendum
1158 1031 1312 1096 conferunt,
1340 1034 1406 1095 quic
1434 1037 1560 1087 υιιειιιιιεε
1585 1034 1698 1103 potibus
1724 1037 1750 1089 ει
1778 1031 1846 1086 don·

100 1117 144 1186 rio
164 1113 239 1171 nolle
261 1113 489 1183 ileriquodsreri
516 1113 624 1169 bonum
645 1121 697 1179 est,
726 1113 801 1170 sicut
828 1113 950 1171 interfici
1002 1121 1041 1172 tes
1078 1118 1200 1186 symbolo
1228 1124 1420 1174 consumentur
1452 1119 1543 1190 (Pron.
1583 1137 1672 1191 xxiii,
1711 1124 1757 1191 ab,
1791 1119 1845 1190 ill.

101 1212 215 1264 sanotos
230 1203 273 1260 rel
300 1202 389 1275 afiligi
405 1202 458 1274 qni
483 1202 569 1259 etiam
584 1203 625 1259 eis
640 1211 833 1273 cooperantur
854 1202 881 1258 in
897 1203 950 1259 bo·
1004 1205 1131 1275 Heymo:
1163 1206 1380 1264 ‹Commessatio
1403 1209 1510 1266 dicitnr
1530 1225 1637 1268 mansee
1658 1210 1847 1269 alternatio.»

103 1307 187 1352 num.
213 1291 357 1351 Sedbenc
378 1291 488 1349 Etbicae
510 1300 615 1349 nostrae
641 1292 952 1351 reservamusdisnus-
1004 1294 1077 1351 Sunt
1106 1294 1183 1352 enim
1207 1296 1340 1352 convivia
1370 1312 1436 1369 quae
1467 1300 1651 1357 celebrentur
1674 1298 1849 1367 alternatim,

102 1383 223 1443 sionem.
1003 1391 1031 1441 et
1047 1392 1248 1454 properantur
1270 1386 1385 1443 esooiis
1398 1402 1449 1458 per
1463 1389 1525 1445 dies
1547 1398 1574 1446 ει
1596 1390 1683 1447 vices.
1707 1389 1781 1446 Sunt
1794 1387 1852 1444 elia

138 1475 175 1530 tit
210 1471 258 1529 boc
286 1471 408 1527 scientes.
438 1469 484 1527 Sic
497 1478 646 1528 construe:
681 1471 718 1527 Et
745 1471 801 1528 boc
830 1471 952 1529 scientes
1004 1486 1072 1544 quae
1094 1487 1132 1532 ex
1159 1475 1365 1532 communione
1394 1477 1512 1548 quando
1533 1493 1611 1535 uuus
1637 1477 1720 1535 adert
1740 1491 1852 1549 penem,

105 1570 229 1633 tempus,
259 1561 330 1633 quie
358 1561 425 1617 bora
449 1561 564 1631 estjam
589 1575 638 1616 nos
660 1560 693 1616 de
714 1575 813 1617 sommo
828 1576 950 1630 surgere.
1006 1562 1206 1631 aliuscernes,
1223 1563 1299 1619 alius
1315 1565 1428 1630 viuum,
1453 1572 1507 1622 etc.
1523 1567 1590 1623 Tria
1609 1581 1714 1640 genere
1736 1581 1853 1623 mascn-

103 1652 277 1721 Abjiciumns
297 1666 380 1722 opero
412 1651 594 1718 tenebrarum,
610 1657 677 1719 etc,
700 1651 735 1707 de
750 1665 850 1707 somno
864 1659 891 1707 ει
905 1665 952 1707 ne
967 1659 989 1717 Β
1007 1651 1065 1708 lino
1084 1651 1210 1708 dicimus
1234 1652 1352 1709 calicem
1374 1661 1475 1724 aptum
1500 1656 1646 1726 potationi,
1670 1669 1688 1712 a
1708 1669 1768 1727 quo
1792 1655 1855 1713 dici·

105 1741 304 1816 gligentiavel
330 1748 441 1811 torpore
469 1740 538 1798 boni
561 1739 666 1811 operis.
691 1743 765 1797 cum
786 1739 864 1809 dicit,
880 1740 953 1798 bore
1008 1741 1201 1803 turebmetas,
1226 1755 1293 1811 quea
1310 1745 1353 1798 εει
1382 1744 1489 1812 potatio
1521 1745 1623 1801 nimia.
1648 1743 1730 1811 Quod
1758 1749 1853 1800 autem

106 1846 172 1906 qum
187 1831 335 1887 modicum
348 1837 391 1887 εει
419 1837 542 1901 tempus,
559 1843 616 1887 non
642 1829 712 1886 dicit
727 1828 771 1885 vel
792 1828 953 1886 bebdome-
1009 1831 1063 1886 boc
1093 1830 1157 1886 loco
1186 1831 1255 1888 dicit
1276 1832 1439 1902 apostolus,
1464 1836 1566 1889 nonin
1590 1832 1856 1890 courmessutionibue

106 1922 175 1980 dnm
189 1935 241 1979 seu
257 1934 383 1978 mensem
399 1920 443 1977 rel
468 1934 591 1986 annum,
611 1920 672 1976 sine
696 1918 834 1976 diletione
853 1933 906 1976 nos
926 1919 954 1975 id
1009 1925 1035 1975 et
1049 1919 1235 1988 ebrietatibus,
1251 1921 1288 1977 ed
1314 1920 1385 1978 illud
1404 1923 1520 1993 respicit
1546 1923 1624 1995 qnod
1641 1923 1669 1979 iu
1696 1920 1854 2004 Evangelio

106 2012 200 2070 iecere
231 2011 415 2067 adhortatur.
442 2009 503 2077 Quo
527 2010 606 2066 enim
632 2009 750 2066 brevius
772 2015 815 2064 est
842 2016 955 2078 tempus
1009 2007 1149 2066 Dominus
1186 2011 1243 2067 alt:
1279 2010 1377 2065 Videte
1404 2027 1437 2066 ne
1476 2018 1628 2081 graventur
1651 2011 1735 2067 corda
1765 2015 1855 2066 uestra

106 2116 167 2174 qno
182 2100 295 2171 aliquid
309 2108 352 2157 εει
366 2100 521 2172 egendum,
538 2100 625 2156 citius
650 2099 705 2155 hoc
723 2097 887 2156 laciendum
901 2105 953 2154 est.
1010 2099 1123 2167 mapula
1145 2103 1171 2155 et
1193 2099 1321 2156 ebrietate
1343 2100 1421 2171 (Luc.
1454 2115 1537 2169 xxrn,
1563 2102 1618 2173 ³4),
1641 2100 1669 2157 id
1694 2106 1737 2157 εει
1755 2112 1856 2171 super·

107 2191 171 2249 Non
178 2191 260 2247 enirn.
271 2190 337 2246 ldeo
348 2189 479 2246 celeriter
486 2189 665 2261 surgendum
675 2189 806 2246 nobisesl
818 2202 955 2256 asomuo,
1011 2188 1070 2245 fluo
1089 2188 1152 2245 cibo
1165 2196 1192 2245 et
1207 2198 1287 2259 posu.

30 2276 40 2290 ⁴
109 2279 180 2350 quie
208 2292 266 2334 non
291 2279 352 2348 jam
382 2277 448 2334 ssdei
479 2286 583 2334 nostrae
607 2278 690 2334 bouis
714 2279 850 2349 operibus
868 2291 956 2348 super
1008 2302 1011 2308 ·
1046 2280 1106 2335 Non
1129 2281 1160 2332 in
1183 2278 1411 2349 calnabenque
1438 2277 1690 2335 commessationes
1712 2283 1740 2334 et
1765 2275 1853 2334 ebrie

110 2366 445 2438 additispropinqniores
455 2380 558 2422 sumus
569 2366 605 2421 ed
615 2367 832 2436 percipiendum
842 2375 956 2423 aeternae
1010 2374 1083 2425 tates
1110 2375 1288 2439 sequentum
1306 2376 1517 2440 consequenter
1531 2368 1675 2439 adjungit,
1697 2374 1729 2423 ut
1746 2380 1781 2424 eo
1794 2378 1852 2422 em·

109 2453 475 2523 utiabravium,qnioenm
488 2454 956 2525 primocredimus,iuipsoscilicet
1012 2457 1088 2528 plius
1103 2456 1242 2524 vitentur,
1262 2471 1320 2527 quo
1340 2471 1377 2513 ex
1400 2456 1441 2512 eis
1468 2457 1566 2527 pejora
1591 2454 1779 2527 proveniunt.
1804 2456 1856 2513 cn·

110 2550 216 2603 nostrae
231 2542 429 2601 conversionis
443 2542 570 2600 exordio.
587 2544 750 2614 idelephore
762 2558 827 2615 qnae
841 2543 958 2601 ducitur
1013 2546 1082 2604 bille
1104 2545 1219 2617 proprie
1237 2546 1366 2603 lererum
1385 2553 1464 2612 sunt,
1488 2545 1533 2601 vel
1559 2544 1777 2602 irrationalium
1798 2542 1856 2601 ani·

111 2647 254 2701 asomno,
272 2632 333 2705 jam
347 2631 430 2689 nobis
445 2632 626 2706 surgendum
638 2648 699 2690 esse
719 2633 958 2691 conuenientibus
1013 2636 1145 2703 melium,
1160 2635 1269 2707 quibus
1283 2623 1430 2691 ebriorum
1445 2634 1508 2691 leoli
1518 2640 1735 2706 comparentur,
1746 2632 1777 2690 in
1792 2632 1856 2706 qni·

111 2723 298 2797 prosequitur
312 2719 418 2790 verbis,
434 2721 532 2779 dicens
557 2724 618 2793 jam
634 2731 746 2781 noctem
770 2737 956 2794 plaeccsslsse,
1014 2727 1077 2792 bus,
1101 2726 1227 2798 imagine
1258 2725 1318 2792 bei,
1351 2724 1379 2780 id
1409 2731 1451 2781 εει
1478 2724 1591 2781 ratione
1616 2736 1666 2794 per
1689 2722 1856 2779 ebrietatem

112 2828 178 2886 quae
206 2809 388 2868 dormitionis
422 2819 464 2869 est
506 2819 628 2883 tempus,
643 2820 672 2870 ει
699 2813 775 2870 diem
797 2812 957 2870 advenisse.
1014 2815 1197 2875 exstincta«
1217 2813 1456 2870 iectisuntsicul
1474 2820 1605 2884 equuset
1626 2810 1858 2882 mulns‚qulbus

110 2903 175 2963 Nox
190 2901 355 2978 ignorantia
372 2903 473 2961 salutis
493 2911 544 2965 est,
561 2901 621 2960 dies
639 2902 763 2974 cognitio
790 2903 834 2959 vel
857 2902 961 2960 illumi·
976 2878 998 2936 ὓ
1016 2919 1073 2961 non
1087 2911 1130 2962 est
1141 2902 1300 2960 intellectus
1313 2902 1397 2974 (Ρεει.
1413 2916 1496 2970 xxxi,
1507 2903 1546 2973 ll).
1564 2922 1576 2951 ι
1597 2901 1773 2957 Ebrietatem
1787 2913 1857 2973 qun·

113 2993 202 3051 natio.
220 2994 281 3050 Nou
297 2994 407 3051 mirum
435 2993 504 3049 dum
536 2991 591 3048 hac
610 3001 692 3049 nocte
707 2992 920 3063 premebamur,
936 2991 960 3049 si
1015 3008 1072 3067 que
1086 2992 1268 3064 impudicitia
1286 2993 1428 3063 sequitur.
1447 2991 1526 3049 Unde
1539 2997 1567 3046 ει
1582 2990 1657 3047 idem
1673 2988 1743 3047 alibi
1757 2989 1859 3047 adbor·

113 3082 191 3157 pigri
203 3083 239 3139 ad
254 3081 436 3153 operandum
450 3094 577 3137 eremus.
589 3079 719 3149 Expulse
737 3089 780 3138 est
792 3081 906 3138 caeoitas
919 3083 961 3139 in·
1015 3091 1095 3140 tetur
1119 3081 1291 3154 aposlolus:
1313 3081 1401 3137 Nolite
1432 3080 1567 3135 inebriari
1591 3081 1665 3145 cino,
1694 3080 1726 3134 in
1746 3093 1801 3146 quo
1823 3080 1860 3133 esi

113 3171 306 3253 fidelitatisde
316 3169 461 3238 cordibus,
471 3170 639 3226 adveniente
649 3170 781 3227 doctrine
794 3171 897 3227 Christi
908 3171 961 3242 qui
1014 3173 1129 3228 incuria
1152 3171 1262 3242 (Epiros.
1286 3186 1313 3237 v,
1340 3169 1394 3240 la).
1418 3169 1498 3234 Quod
1518 3168 1639 3239 pessimo
1661 3167 1745 3224 nobis
1759 3180 1859 3224 exem·

113 3261 170 3318 ait:
186 3265 243 3328 Ego
263 3259 387 3315 sumluc
401 3259 598 3330 mundatione.
613 3274 675 3327 vru,
695 3259 749 3330 li).
763 3259 893 3316 Noctem
907 3273 961 3316 uos
1015 3263 1061 3333 plo
1088 3259 1164 3318 beati
1187 3260 1238 3316 Lol
1259 3259 1385 3316 ebrietas
1412 3258 1555 3315 exhibuit.
1581 3256 1648 3314 Tele
1672 3262 1716 3313 est
1739 3269 1811 3328 ergo
1834 3255 1860 3312 ln

114 3349 151 3408 eb
165 3350 220 3407 bec
235 3357 317 3404 nocte
345 3362 436 3419 qnam
452 3347 513 3418 ipse
541 3347 657 3405 anobis
678 3346 802 3416 recessit,
834 3362 887 3404 noc
902 3357 960 3405 lam
1014 3350 1162 3409 cubilibus
1179 3357 1207 3406 ει
1222 3348 1422 3419 impudicitiis,
1439 3362 1472 3403 ac
1496 3347 1520 3403 si
1542 3347 1649 3403 diceret
1669 3346 1697 3401 in
1713 3344 1858 3403 cubilibus

114 3453 167 3497 nos
181 3438 209 3495 ei
223 3449 313 3508 qnam
335 3436 397 3507 ipse
424 3438 506 3493 nobis
532 3438 788 3509 appropinquavit,
813 3438 863 3509 qui
879 3438 962 3496 nobis
1015 3436 1177 3509 impudicis,
1196 3435 1246 3493 ubi
1257 3437 1366 3508 absque
1380 3436 1458 3492 omni
1473 3433 1634 3491 reverentia
1645 3433 1728 3503 qnasi
1740 3431 1861 3503 pecudes

115 3539 304 3600 nequaquem
326 3525 356 3583 id
371 3526 588 3598 requirentibus
607 3526 708 3584 divina
722 3527 765 3583 sic
787 3535 906 3601 operate
920 3534 962 3585 esi
1014 3527 1089 3585 ebrii
1114 3526 1318 3584 luxurientur.
1346 3525 1389 3581 nd
1421 3525 1473 3581 bes
1501 3522 1627 3579 maxime
1648 3520 1858 3578 commessatio·

115 3617 220 3690 gratia,
246 3615 320 3673 sicut
333 3615 367 3673 de
382 3616 442 3687 ipso
464 3615 604 3686 seriptum
627 3623 668 3673 εει
698 3616 837 3674 Domino:
868 3618 964 3673 lnuen·
1015 3630 1067 3673 nes
1081 3623 1109 3673 ει
1122 3615 1273 3672 ebrietates
1284 3613 1472 3684 impudicitiae
1487 3611 1657 3682 predicator
1671 3608 1796 3666 Ovidius
1812 3607 1861 3665 lor·

116 3711 160 3764 tus
188 3721 289 3762 sumo
323 3705 506 3775 quarentibus
533 3720 583 3770 me,
612 3713 665 3762 etc.
685 3706 860 3775 abjiciamus
888 3723 962 3775 ergo.
1016 3705 1140 3762 nicarios
1161 3704 1260 3761 venire
1284 3703 1466 3768 edborletur,
1492 3707 1524 3757 ut
1553 3701 1618 3756 inde
1638 3698 1720 3755 lacile
1741 3696 1860 3755 tomice·

116 3795 239 3861 Quando
253 3795 372 3867 quidem
391 3795 499 3852 scilieet
513 3810 572 3852 nox
596 3796 651 3852 iste
671 3795 733 3866 jam
758 3797 913 3867 precessit,
937 3805 964 3855 et
1018 3794 1129 3852 tionum
1145 3806 1267 3850 suarum
1289 3792 1467 3849 occasionem
1483 3795 1642 3846 assumant.
1665 3788 1726 3845 Non
1742 3786 1771 3841 in
1800 3800 1860 3842 eon·

116 3887 178 3945 dies
192 3885 447 3959 appropinquarit.
471 3885 529 3942 Nec
549 3884 617 3942 dicit
638 3885 700 3957 jam
726 3886 963 3958 abjicientursed
1018 3886 1145 3941 tentione.
1175 3881 1366 3940 Tumultuosa
1380 3887 1423 3937 est
1443 3879 1574 3945 ebrietes,
1590 3885 1618 3934 ει
1642 3875 1725 3933 iecile
1749 3875 1780 3932 in
1798 3888 1861 3932 con·

117 3976 299 4049 abjiciemus,
324 3976 394 4048 quia
419 3975 480 4045 jem
505 3973 656 4046 perfidem
673 3974 827 4032 illuminati
850 3976 965 4049 operari
1019 3975 1176 4032 tentionem
1200 3971 1372 4043 prorumpit,
1404 3976 1436 4026 ut
1456 3968 1559 4040 litiget.
1577 3966 1804 4024 AEmnletionem
1822 3961 1862 4019 di

115 4066 258 4126 velemus.
275 4066 364 4136 Opera
379 4065 560 4120 tenebrarum.
587 4064 661 4121 Dicit
676 4064 752 4120 mele
774 4061 861 4134 opera
879 4064 966 4136 juxte
1019 4063 1165 4122 citzelum
1188 4062 1308 4127 malurn,
1336 4058 1364 4115 id
1387 4066 1430 4115 εει
1457 4057 1679 4114 commotionem
1700 4055 1759 4112 odii
1777 4051 1860 4112 inal-

116 4154 190 4214 illud
216 4155 368 4213 Veritatis:
399 4152 489 4210 branis
519 4153 569 4222 qui
599 4153 669 4207 mule
703 4155 763 4220 opit
789 4153 846 4209 odit
880 4146 1124 4221 triennarum,
1146 4151 1226 4223 qnod
1246 4148 1370 4206 maxime
1394 4160 1430 4203 ει
1454 4143 1861 4216 conviciisvelinjuriiscon·

117 4249 207 4319 (loun.
226 4260 266 4314 ιιι,
282 4246 341 4315 ιθ),
357 4244 401 4302 vel
418 4258 505 4316 opere
520 4242 681 4301 infidelium
702 4250 730 4300 ει
745 4244 962 4301 tenebrosorum

118 4335 228 4409 quibus
242 4333 373 4391 nondum
389 4333 435 4390 Sol
448 4333 570 4406 iustiliae
586 4333 632 4389 ille
645 4339 725 4389 ortus
741 4340 794 4398 est,
811 4339 844 4389 ut
861 4345 963 4388 eorum

118 4425 263 4484 illuminet
286 4423 383 4481 corda.
412 4424 581 4480 Amnolucis
603 4424 723 4480 virtutes
750 4429 819 4479 snut
833 4420 963 4477 fidelium

119 4516 234 4588 quibus
253 4522 353 4573 contra
367 4513 439 4571 vitia
461 4513 505 4570 vel
521 4511 677 4570 diabolicas
692 4512 863 4569 tentationes
877 4510 962 4566 dimi-

119 4614 196 4667 cant.
222 4605 277 4674 Sic,
305 4605 437 4677 inquam,
468 4603 627 4660 induemur
655 4615 737 4658 arma
764 4597 847 4665 lueis,
876 4600 964 4656 ntire

120 4697 215 4756 induti
236 4696 353 4752 honeste
368 4691 551 4749 ambulemus
566 4699 706 4763 tanquam
729 4689 760 4746 in
774 4689 829 4752 die,
846 4688 964 4760 quando

117 4784 337 4861 pretiosioribus
352 4780 530 4839 indumentis
540 4781 664 4852 quisque
676 4778 815 4837 induitur.

153 4879 215 4936 Non
242 4879 273 4931 in
298 4887 364 4945 quae
389 4871 448 4928 sint
467 4869 628 4942 abjicienda
648 4882 745 4939 opera,
772 4868 854 4940 prius
872 4869 961 4926 docet.

116 4967 178 5024 Non
204 4966 235 5019 in
252 4960 529 5023 commessationibus,
557 4956 683 5015 subaudi
711 4957 906 5028 ambulemus,
932 4955 962 5013 id

30 5121 32 5124 y
117 5061 160 5114 est
173 5054 257 5128 pedes
273 5059 386 5110 nostros
400 5051 453 5124 qui
464 5048 584 5106 adactus
597 5047 686 5104 enimi
702 5047 917 5119 intelliguntur,
935 5048 963 5103 in

119 5144 181 5204 istis
194 5157 252 5201 non
271 5155 424 5215 ponamus.
450 5138 653 5197 commessatio
676 5137 782 5195 dicitur
796 5136 964 5193 convivium

119 5234 154 5292 de
183 5233 307 5292 dirersis
334 5231 450 5290 tauriliis
474 5236 692 5302 congregatum,
714 5227 763 5284 ubi
778 5226 906 5299 quisque
928 5226 964 5282 de

117 5337 171 5382 suo
183 5323 265 5381 eliud
295 5323 385 5395 ponit,
412 5329 440 5377 et
455 5321 519 5378 idco
533 5319 665 5377 securius
684 5316 805 5374 comedit
821 5324 963 5387 tanquam

117 5412 153 5471 de
165 5425 219 5469 ειιο
233 5426 352 5470 vescens
366 5419 456 5483 atque
482 5411 605 5479 avidius,
622 5424 658 5464 na
686 5405 771 5479 quasi
787 5407 885 5463 minus
906 5404 962 5462 cibi

117 5510 290 5562 consumam
314 5509 342 5559 ει
360 5499 511 5573 aqualiter
527 5498 692 5570 expendens
707 5494 843 5569 injuriari
863 5493 961 5554 ridea-

1019 4243 1161 4301 tcntiones
1181 4243 1361 4311 sequantnr;
1389 4235 1446 4291 iere
1465 4234 1657 4291 enimomnes
1681 4238 1708 4288 et
1738 4231 1864 4287 maxime

1018 4330 1149 4392 liberales
1164 4327 1296 4384 homines
1324 4325 1418 4397 magis
1441 4338 1478 4381 ει
1500 4321 1680 4393 turpitudine
1706 4320 1862 4377 verborum

1019 4434 1110 4495 quam
1141 4432 1178 4475 ex
1203 4414 1360 4488 jactatione
1382 4413 1555 4470 damnorum
1586 4409 1734 4467 inedium
1761 4422 1865 4466 acceu-

1019 4513 1138 4571 duntur.
1165 4507 1231 4564 Post
1266 4517 1353 4575 opere
1384 4502 1578 4569 tenebrarum,
1609 4512 1675 4570 qnae
1702 4497 1866 4570 abjicienda

1019 4601 1099 4669 dicit,
1125 4610 1208 4655 arma
1232 4594 1315 4662 lucis,
1339 4593 1430 4649 idest
1456 4591 1579 4647 virtutes
1597 4588 1703 4645 Christi
1727 4601 1803 4659 ques
1825 4588 1867 4644 in·

1018 4691 1146 4748 duamur
1175 4683 1312 4756 supponit
1338 4682 1447 4746 dicens,
1477 4679 1526 4735 scd
1562 4677 1718 4733 induimini.
1746 4675 1866 4747 rignum

1018 4778 1064 4836 rel
1086 4778 1199 4835 leonem
1234 4774 1355 4831 induere
1386 4771 1492 4828 dicitur
1529 4768 1701 4840 quicunqne
1732 4763 1866 4822 habitum

1019 4866 1164 4926 mausueti
1187 4863 1232 4921 vel
1256 4862 1381 4920 crudelis
1409 4859 1550 4917 assumit:
1585 4856 1634 4913 sed
1662 4863 1690 4913 et
1716 4854 1865 4911 Christum

1020 4957 1073 5030 qui
1101 4952 1251 5027 plenitudo
1278 4949 1409 5007 omuinm
1434 4949 1578 5004 uirtutum
1603 4945 1722 5002 induere
1744 4943 1865 5011 dicitur,

1019 5047 1071 5118 qni
1086 5045 1149 5117 eius
1164 5039 1311 5113 sequendo
1325 5037 1458 5108 uestigia,
1480 5035 1617 5092 onuuibns
1643 5046 1693 5104 pro
1713 5045 1864 5103 possesne

1018 5133 1114 5190 studet
1127 5146 1156 5188 se
1170 5131 1311 5187 adornare
1328 5125 1493 5183 virtutibus.
1511 5123 1587 5179 Dicit
1611 5121 1685 5178 idem
1710 5120 1867 5190 Apostolus

1019 5222 1089 5280 alibi
1107 5221 1142 5278 de
1165 5218 1293 5279 cbristo:
1320 5218 1374 5284 Qui
1399 5216 1492 5281 suctus
1520 5218 1560 5268 εει
1587 5211 1723 5280 εαριειιιιε
1748 5209 1867 5265 nobiso

1018 5315 1083 5375 Dec,
1113 5315 1139 5366 ει
1148 5309 1273 5379 justitio,
1295 5311 1321 5361 ει
1344 5304 1524 5375 sanctificatio
1543 5307 1568 5357 ει
1591 5299 1740 5369 redemptio
1764 5299 1788 5372 (l
1804 5299 1864 5357 Cor.

1018 5417 1039 5471 l,
1055 5402 1109 5470 30).
1125 5402 1166 5455 Ac
1180 5399 1204 5456 si
1220 5406 1318 5469 aperte
1337 5395 1431 5453 dicet:
1457 5392 1534 5450 Eum
1551 5389 1632 5447 nobis
1654 5402 1754 5447 omnes
1773 5389 1867 5447 virtu·

1017 5497 1059 5550 tes
1072 5488 1146 5558 deri,
1161 5495 1194 5547 ut
1205 5501 1276 5548 eum
1286 5483 1448 5544 virtutibus
1462 5482 1640 5540 adornamur
1657 5479 1808 5539 Christum
1821 5477 1865 5536 in·
