3804 5962
53 122 127 178 1837

674 108 778 167 utsuh
795 106 979 167 autuhsus
998 106 1176 167 HAERESES.

1738 110 1807 168 {8³8

51 243 122 301 esti
146 242 280 309 Quoniam
306 252 377 295 nnus
401 238 493 307 panis,
520 249 606 290 unum
627 249 726 304 carptis
750 235 830 289 matti
861 249 905 290 ni.
921 235 947 291 Δ
962 236 1096 307 sequitur
1111 231 1269 306 spiritualis
1283 231 1510 304 nativitasque
1525 232 1747 293 contertvidere
1762 250 1806 295 ro·

10 364 13 377 .
53 329 229 379 mus,omnes
256 312 306 382 qni
328 310 361 364 de
389 324 442 363 urio
455 322 527 376 pane
541 303 746 377 participantur
769 305 802 378 [l.
817 308 905 377 parti·

54 384 205 457 cipamusl.
225 385 256 438 lu
282 385 334 438 huc
349 379 474 450 capitulo
490 378 654 434 manilestat
671 383 817 447 apostolus
834 381 905 433 Pau-

10 500 13 505 .
54 459 105 515 lus
126 460 203 527 qitod
224 456 343 524 ipsemet
363 459 576 508 sacramentum
597 450 673 519 guod
690 463 707 503 a
723 449 844 504 Domino
860 464 907 504 ac-

56 537 172 596 ceperat
200 527 332 581 iaciebat.
359 522 496 578 Similiter
515 529 542 576 ct
568 521 662 576 canteri
688 521 818 589 apostoli.
837 521 907 575 item

12 626 16 661 1
56 601 167 655 Paulus
186 612 253 667 apos
267 597 331 651 olus
354 595 383 649 in
400 594 500 648 eadem
528 596 600 661 (cap.
624 592 671 658 xi)
699 592 909 646 :contrementi-

10 694 20 734 ¹..
60 671 109 725 bus
135 669 209 724 uobis
237 670 375 731 inunum,
395 665 457 733 jam
476 679 529 717 iton
559 669 599 718 est
624 664 908 716 Dominicamcoertam

10 765 19 805 g
58 741 235 796 manducare
263 740 456 806 Unusquisque
474 736 546 788 enim
575 748 653 788 suam
678 749 778 787 curiam
804 749 906 802 praesu-

18 840 23 873 :
59 815 108 867 mit
130 808 415 870 admanducandum,
453 811 479 860 ct
493 806 565 860 alius
590 805 699 874 quidem
724 809 818 871 esurit,
836 806 907 858 iilius

15 895 18 946 j
56 885 149 939 ebrius
178 887 227 936 est.
258 880 311 935 Sed
334 879 489 934 convenire
512 880 540 931 in
564 883 770 931 uiiutnctsua
797 876 909 930 cibaria

59 953 178 1024 propria
204 951 361 1017 comedere,
376 957 403 1005 ot
418 948 489 1003 nihil
513 946 576 1002 aliis
592 946 702 1016 largiri,
719 947 767 1000 sed
784 947 907 1002 inebria·

10 1028 24 1093 {5
59 1025 96 1081 ri.
118 1025 184 1080 llaec
206 1023 280 1078 lacta
295 1037 351 1077 non
378 1027 443 1075 sunt
462 1018 641 1075 Boininicam
657 1032 767 1073 emnam
788 1018 907 1073 mandu-

10 1126 23 1165 ῃ
59 1110 136 1152 rare.
169 1094 329 1164 Apostolus,
363 1090 598 1161 reprehendendo
628 1088 790 1144 Corinthios
820 1088 908 1143 intrr-

10 1198 14 1235 ;
61 1180 178 1237 rogans,
206 1162 388 1233 dicitlicit.)
414 1161 576 1229 :ltiinpuid
600 1159 691 1213 domos
723 1175 776 1213 iton
805 1159 909 1215 habetis

10 1296 22 1309 t
60 1238 99 1293 ad
133 1237 355 1290 manducandum
394 1237 420 1286 et
454 1230 621 1285 bibendum?
652 1230 758 1286 scilicet
799 1231 910 1286 cibaria

10 1340 25 1380 ς
60 1308 215 1377 simplicia,
246 1312 294 1360 ant
322 1305 471 1360 Ecclesiam
485 1306 535 1357 Dei
558 1305 739 1368 contemnitis,
756 1304 907 1367 etcont'iin·

10 1374 24 1452 'g'
61 1381 129 1435 ditis
145 1394 188 1433 eos
213 1380 261 1444 oni
285 1392 340 1430 noa
365 1372 489 1428 habenti
505 1375 598 1428 Laudo
626 1388 671 1427 uos
698 1372 727 1426 in
756 1371 809 1427 hoc
831 1372 909 1443 quod

10 1484 23 1523 ¹:
63 1451 150 1507 simul
167 1448 326 1504 convenitis
348 1447 377 1501 in
395 1459 485 1500 unuin
503 1445 533 1499 in
556 1445 672 1499 nomine
691 1443 805 1497 Domini
820 1443 909 1498 nostri

961 322 1051 380 gnum
1067 305 1131 372 Dei,
1146 313 1174 361 et
1197 305 1306 361 intrare
1321 302 1351 360 in
1379 302 1461 371 illud,
1478 317 1546 360 cum
1567 305 1730 375 spiritualis
1744 309 1807 366 sine

961 380 1069 436 carnali
1095 377 1195 434 haberi
1223 390 1282 432 nou
1308 374 1597 458 possitiNuuquam
1613 378 1691 435 enim
1718 386 1809 449 potest

962 451 1083 506 renasci.
1118 449 1265 505 Habemus
1310 462 1339 502 tn
1374 447 1540 518 Evangeliis
1572 450 1651 518 quod
1684 450 1809 508 ioannes

962 523 1089 590 Baptista
1114 520 1224 589 Spiritu
1247 527 1345 574 sancto
1370 517 1487 574 atllatus
1505 518 1533 573 iu
1555 519 1700 576 desertum
1727 521 1808 590 abiit,

960 601 988 649 et
1004 591 1199 662 poenitentiam
1221 598 1249 646 et
1272 590 1447 658 baptismum
1475 603 1559 660 aquae
1586 590 1637 645 sibi
1654 592 1808 649 advenien-

963 664 1039 719 tibus
1056 661 1221 734 praedicavit
1236 667 1263 716 el
1287 661 1393 716 docuit.
1424 660 1504 718 Unde
1532 659 1663 717 Christus
1679 662 1811 732 Baptistae

961 736 1064 790 loanni
1090 748 1197 805 aquam
1217 732 1396 789 sanctificare
1410 740 1438 787 et
1452 732 1623 787 confirmare
1644 733 1751 799 volens,
1774 733 1812 789 ad

961 820 1027 862 cum
1055 808 1183 870 veniens,
1201 805 1237 860 ab
1259 806 1355 860 eodem
1378 803 1554 873 baptismum
1570 817 1655 874 aqua
1671 804 1699 859 io
1714 818 1743 860 se
1759 817 1810 860 aa·
1880 840 1884 847 -

962 878 1056 946 cipere
1082 878 1219 948 dignatus
1251 882 1303 942 est,
1338 877 1470 944 praehens
1507 877 1643 931 otiinibus
1675 875 1811 931 fidelibus

962 948 1139 1018 exemplum,
1165 953 1379 1004 sacramentum
1396 946 1530 1014 baptismi
1547 961 1632 1017 aquae
1646 946 1683 1002 ad
1698 946 1811 1003 anima·

962 1033 1027 1075 rum
1045 1020 1167 1075 salutem
1190 1018 1402 1090 percipiendam
1425 1018 1528 1073 debere
1546 1019 1691 1088 recipera;
1708 1018 1737 1073 iu
1752 1030 1813 1088 quo

963 1091 999 1145 ab
1032 1091 1169 1147 omnibus
1203 1090 1327 1160 peccatis
1357 1097 1415 1145 tam
1438 1089 1474 1145 ab
1500 1088 1694 1160 originalibus
1721 1100 1813 1159 quam

963 1163 1000 1218 ab
1014 1163 1177 1219 actualibus
1193 1161 1390 1226 niundantur;
1406 1168 1434 1217 et
1452 1161 1513 1216 sine
1533 1175 1591 1231 quo
1608 1174 1665 1215 niin
1680 1165 1722 1216 ast
1741 1159 1812 1215 tides

963 1233 1135 1289 universalis
1163 1232 1306 1299 Ecclesiae,
1334 1230 1413 1300 quod
1447 1231 1541 1287 oinnis
1569 1230 1730 1300 despiciens
1759 1230 1813 1286 boc

963 1312 1188 1370 sacramentum,
1215 1311 1242 1358 et
1271 1302 1401 1372 accipere
1415 1301 1527 1369 nolens,
1555 1311 1693 1357 aeternam
1719 1301 1813 1356 vitam

964 1375 1044 1431 nullo
1071 1376 1154 1431 modo
1179 1375 1291 1438 mereri,
1308 1374 1521 1442 neo'cousequi
1545 1380 1646 1442 potest,
1669 1379 1703 1430 ut
1716 1371 1815 1427 Salva·

964 1453 1009 1501 tor
1034 1455 1130 1502 noster
1145 1446 1227 1502 lesus
1249 1443 1382 1502 Christus
1398 1444 1428 1499 iu
1444 1444 1603 1514 Evangelio
1618 1443 1694 1499 beati
1725 1443 1813 1499 loan-

10 1516 24 1595 a
62 1519 345 1578 JesuChristitnon
373 1516 517 1570 laudooos
539 1516 569 1569 in
588 1514 642 1570 ho·
661 1513 738 1583 quod
759 1514 1009 1577 couiedilisnuis
1034 1523 1164 1584 testatur,
1196 1516 1294 1572 dicens
1327 1515 1399 1587 (cap.
1434 1515 1474 1586 ιιι)
1495 1530 1502 1569 :
1525 1516 1585 1570 Nisi
1609 1516 1670 1582 quis
1700 1519 1813 1569 renatus

62 1602 162 1650 vestra
186 1589 300 1660 propria
324 1588 443 1649 cibaria,
472 1594 500 1641 et
523 1585 699 1641 confunditis
721 1598 770 1639 eos
785 1585 835 1655 qui
851 1600 910 1641 nou

11 1656 21 1668 ”
62 1664 180 1729 babent,
196 1662 244 1718 sed
267 1663 411 1717 esuriunt.
436 1657 499 1713 Nou
514 1658 591 1711 euim
608 1657 714 1712 habent
733 1657 811 1725 quod
826 1670 910 1711 inan-

12 1774 21 1793 ,
62 1737 180 1791 ducent.
210 1728 631 1799 lnhnoapertcutanitestum
654 1727 795 1797 estquod
826 1726 910 1782 disci-

13 1804 22 1853 '.
64 1806 126 1875 puli
151 1803 343 1871 apostolorum
366 1802 443 1870 ipsos
458 1799 614 1865 imitantes,
635 1797 724 1868 hujus
738 1799 910 1854 sacramenti

10 1916 20 1925 --
66 1875 252 1933 traditionem
292 1887 343 1943 per
371 1872 540 1926 universum
575 1871 717 1925 iiiiinilnui
749 1871 911 1926 meutiiriter

10 1938 24 2009 “·“,
84 1952 249 2015 crepuerunt,
267 1954 294 1999 ct
324 1957 375 1998 nos
403 1942 527 1996 dicimus
541 1946 568 1995 ct
597 1942 795 2005 crediuttis‚et
818 1942 911 1997 omnis

12 2018 22 2069 .’
65 1963 196 2074 firmana
219 2015 344 2069 Ecclesia
366 2028 382 2067 a
408 2014 490 2069 beato
520 2012 600 2067 Petro
616 2020 644 2066 ct
668 2011 757 2066 Paulo
784 2014 911 2082 primum

20 2130 24 2141 .
66 2088 189 2144 tundata
209 2086 262 2141 boc
285 2085 353 2139 dicit
371 2093 398 2139 et
413 2083 516 2147 credit,
539 2083 618 2152 quod
642 2083 741 2137 nullus
761 2083 844 2139 baino
860 2082 912 2152 qiii

13 2156 21 2167 ''
68 2160 98 2214 iu
120 2160 173 2213 hirc
196 2163 375 2212 sacramento
399 2155 483 2209 hilam
504 2168 561 2208 uon
585 2153 677 2218 babet,
707 2160 736 2208 ct
750 2152 780 2208 in
803 2155 913 2209 caeteris

67 2230 262 2299 apostolorum
293 2226 507 2289 traditionibus,
536 2224 611 2280 sicut
647 2226 676 2279 in
705 2224 855 2292 baptismo,
884 2226 912 2280 in

10 2348 20 2369 ,
67 2301 253 2360 contessione,
286 2298 315 2352 in
346 2296 522 2365 partientis,
556 2294 724 2364 caeterisque
751 2296 914 2363 apostolicis

10 2378 20 2443 ζ
66 2370 306 2430 institutionibus,
324 2382 391 2437 ‹111ae
409 2367 480 2421 liunt
497 2367 528 2420 in
547 2367 671 2421 Ecclesia
688 2367 833 2435 praescnti.
850 2367 915 2422 alie·

10 2494 14 2499 .
67 2457 125 2498 uus
151 2451 192 2498 est
212 2442 248 2496 ab
275 2440 385 2495 unitate
414 2445 520 2492 silwim
548 2437 691 2500 Eiicienda,
718 2443 746 2491 et
765 2438 914 2492 catholicae

18 2576 21 2581 ¹
67 2514 143 2575 huet,
161 2522 188 2566 ct
211 2520 378 2580 segregatus
393 2522 409 2562 a
425 2509 567 2563 consortio
590 2512 755 2562 sauctorum
774 2507 913 2574 lidcliutu,

10 2590 25 2649 2]
66 2582 200 2640 videlicet
225 2581 433 2652 praeteritorum
451 2586 478 2633 et
494 2578 552 2633 huc
567 2578 601 2647 [t.
624 2578 680 2649 hic]
695 2578 872 2649 degentium,
888 2585 916 2634 ct

10 2662 22 2672 “
65 2663 109 2711 est
125 2657 280 2711 damnatus
295 2654 324 2707 iu
343 2650 450 2706 sucula
461 2649 643 2705 saeiiulorum.

393 2756 508 2813 CAPUT
522 2755 580 2810 xtl.

15 2922 22 2929 ,
103 2867 260 2937 Postquam
290 2863 500 2932 expedivimus,
518 2862 582 2918 licet
599 2859 721 2931 indigni,
738 2860 773 2915 de
787 2861 914 2930 corporis

10 2942 22 2953 '
63 2939 259 3009 etsanguinis
281 2936 348 2991 lesu
368 2934 470 2990 Christi
488 2941 614 2989 tractatu
644 2932 673 2986 in
702 2931 914 2987 catholicalic-

66 3009 152 3065 closia
182 3022 231 3077 per
255 3008 424 3062 universum
452 3005 594 3059 mundum
620 3011 740 3057 extensa
764 3002 915 3059 universa·

65 3079 132 3137 liter
155 3080 305 3144 celebrato,
331 3078 366 3132 de
392 3077 534 3144 baptismo
561 3075 744 3142 incipiamus,
766 3081 794 3129 et
814 3083 915 3129 eontra

64 3150 269 3207 liicretiaoruin
304 3162 415 3203 errores
444 3145 578 3216 baptismi
613 3157 698 3214 aiiutu
721 3143 914 3200 inficiantium

10 3232 22 3281 ,·
64 3228 291 3283 sacramentum,
312 3218 474 3272 testimonia
498 3231 564 3286 qum
582 3215 709 3284 Spiritus
728 3224 844 3271 sanctus
863 3217 913 3270 ail-

65 3289 277 3348 ministraverit
300 3288 381 3341 niihis
405 3287 612 3351 intriugeiidos,
634 3289 817 3341 auctoritates
842 3286 914 3341 Novi

65 3359 242 3418 Tesauieuti
271 3358 459 3425 proteramus.
494 3356 597 3410 tticum
619 3358 694 3409 enim
720 3356 838 3424 guidam
861 3358 916 3412 lirc-

10 3430 24 3455 ·'
64 3433 233 3492 noricorum,
259 3428 336 3497 quod
366 3427 419 3481 hnic
448 3432 658 3480 sacramentum
682 3426 813 3494 baptismi
832 3440 917 3495 aquic

67 3504 130 3559 siue
147 3513 247 3555 coriam
265 3512 368 3553 ivianus
386 3497 576 3564 impositione,
590 3495 737 3564 recipienti
747 3496 781 3549 ad
794 3496 916 3551 salutem

12 3582 22 3589 “
67 3584 236 3644 perpetuam
255 3569 490 3636 consequendam
507 3566 578 3620 uiliil
604 3567 717 3634 prodest
733 3566 848 3631 adtritis,
865 3580 918 3621 nco

67 3644 157 3701 etiam
181 3641 320 3710 parvulis.
348 3640 382 3693 Et
411 3639 456 3692 bic
482 3650 563 3692 error
584 3637 788 3691 interemteros
807 3650 918 3692 errores

67 3717 217 3771 maximus
234 3720 285 3765 est.
303 3710 449 3766 llabcuius
472 3709 502 3762 in
526 3707 681 3778 Evangelio
695 3708 823 3773 loannis,
839 3707 917 3777 quod

10 3782 22 3811 ³
68 3787 194 3842 loannes
214 3782 350 3850 Baptista,
381 3788 413 3834 ut
428 3786 500 3834 esset
515 3792 676 3846 praecursor
700 3778 804 3834 Christi
831 3786 859 3834 et
874 3792 919 3832 ve·

10 3850 23 3865 ’
67 3871 122 3913 rus
139 3869 242 3923 praeco,
261 3853 297 3907 ab
312 3851 499 3920 omnipotenti
515 3851 571 3905 Beo
598 3851 703 3904 missus
717 3857 758 3905 est
775 3850 918 3917 baptizare

69 3928 101 3982 in
116 3940 204 3990 arina,
222 3932 253 3979 ut
284 3925 399 3990 ipsemet
421 3921 548 3989 Baptista
571 3927 701 3979 testatur,
733 3920 829 3975 dicens
845 3919 915 3989 (cap.

68 3997 90 4063 vl
109 4011 114 4050 :
133 3994 184 4060 Oui
197 3996 273 4048 misit
287 4009 329 4047 me
354 3994 493 4060 baptizare
507 3994 537 4045 in
558 4007 643 4061 aqua,
665 3993 713 4044 ille
725 3991 794 4044 inihi
819 3991 915 4044 dicit:

67 4069 159 4134 Super
182 4082 259 4135 quein
288 4064 388 4117 uideris
414 4065 549 4127 Spiritum
579 4064 628 4115 tiit
660 4061 872 4127 descendentem,
893 4067 919 4115 et

10 4134 26 4171 ²
67 4144 225 4194 metientem
249 4139 319 4189 sicut
342 4135 501 4201 columbam,
526 4136 584 4201 ipsc
612 4138 652 4187 cst
676 4135 724 4201 qiii
746 4132 919 4201 baptizatio

10 4218 26 4237 ¹
70 4212 181 4279 Spiritu
209 4214 312 4261 satiato.
341 4208 409 4261 ltci'n
436 4205 465 4261 iu
495 4204 665 4273 baptismate
693 4203 799 4259 Christi
825 4202 916 4271 aperti

965 1590 1051 1654 suerit
1065 1604 1099 1642 ca
1113 1604 1187 1657 aqua
1205 1593 1230 1641 et
1252 1589 1360 1656 Spiritu
1389 1590 1492 1653 sancto,
1519 1602 1573 1640 aon
1594 1590 1682 1656 potest
1707 1588 1814 1640 intrare

964 1662 995 1714 in
1011 1674 1124 1727 regnum
1151 1662 1207 1713 Bai.
1229 1658 1372 1714 Habemus
1397 1659 1426 1713 in
1442 1658 1599 1730 Evangelio
1626 1656 1703 1727 quod
1727 1655 1812 1712 disci·

965 1731 1026 1858 puli
1045 1732 1119 1802 ejus,
1136 1746 1168 1787 eo
1185 1730 1317 1800 jubente,
1341 1737 1407 1785 ante
1425 1728 1587 1798 passionem
1613 1730 1761 1784 credentes
1781 1728 1813 1783 iu

991 1801 1070 1857 ilium
1100 1803 1148 1857 tici
1173 1801 1365 1867 baptizabant,
1396 1800 1447 1855 ubi
1475 1800 1545 1856 dicit
1568 1814 1576 1854 ι
1602 1800 1668 1856 Cum
1689 1798 1815 1853 audisset

964 1876 1042 1928 iesus
1071 1873 1144 1939 quod
1166 1873 1297 1926 Pharisaei
1313 1873 1432 1926 dicernit
1448 1887 1455 1924 ε
1474 1872 1566 1926 Plures
1595 1874 1666 1938 facit
1692 1871 1814 1939 discipu·

967 1947 1004 1998 los
1034 1959 1115 2010 quam
1140 1946 1265 2009 ioannes,
1295 1950 1320 1996 et
1340 1943 1517 2012 baptizabant
1538 1958 1728 2011 :quamquam
1756 1943 1816 2010 ipsa

965 2031 1020 2068 non
1046 2016 1210 2082 baptizaret,
1237 2014 1285 2068 scd
1308 2014 1366 2084 ejus
1395 2015 1534 2084 discipuli,
1551 2014 1664 2083 reliquit
1689 2013 1815 2068 sudeam

967 2087 1057 2155 (toan.
1084 2086 1135 2154 iv),
1173 2095 1225 2142 etc.
1244 2084 1298 2140 Sed
1327 2085 1475 2140 sciendum
1503 2093 1545 2141 est
1581 2086 1656 2155 quod
1687 2084 1816 2153 Baptista

966 2158 1089 2213 loannes
1110 2158 1139 2212 in
1164 2158 1279 2212 nomiae
1303 2155 1426 2222 heimini,
1456 2157 1588 2226 quicum
1615 2155 1741 2222 miserat,
1766 2154 1813 2212 ba·

968 2227 1103 2298 ptizabat.
1129 2227 1182 2283 Sed
1207 2226 1348 2283 Dominus
1370 2234 1467 2282 noster
1489 2228 1571 2283 lesus
1593 2226 1736 2292 Christus,
1761 2224 1814 2296 nui

968 2301 1082 2355 al‘atre
1101 2299 1135 2354 de
1150 2299 1230 2354 omlis
1248 2298 1353 2354 missus
1376 2297 1442 2364 init,
1473 2298 1601 2353 humano
1617 2297 1716 2369 generi
1731 2305 1817 2354 teter·

969 2383 1036 2425 nam
1066 2369 1187 2425 saltitem
1224 2384 1320 2425 secum
1351 2368 1483 2434 atterens,
1516 2369 1606 2438 hujus
1639 2366 1814 2424 sacramenti
1869 2416 1874 2423 .

968 2441 1103 2509 baptismi
1131 2440 1252 2496 sormam
1276 2440 1429 2509 discipulos
1450 2453 1518 2495 suos
1546 2441 1659 2505 docens,
1677 2453 1729 2508 per
1747 2439 1816 2495 uni·

968 2526 1087 2567 versum
1116 2513 1258 2566 ntuudum
1286 2512 1412 2572 mittens,
1430 2510 1516 2579 jussit
1530 2524 1578 2565 eas
1603 2510 1757 2579 praedicare
1770 2523 1814 2564 rc·

971 2596 1061 2649 gnum
1077 2582 1137 2648 bei,
1165 2590 1191 2636 ct
1215 2582 1368 2650 baptizare,
1386 2581 1516 2635 addens:
1538 2583 1570 2634 ln
1591 2580 1813 2646 nomincPatris,

971 2659 996 2707 et
1023 2653 1099 2717 Filii,
1121 2657 1145 2704 et
1173 2653 1294 2720 Spiritus
1314 2653 1402 2705 sancti
1432 2651 1501 2722 (cap.
1522 2650 1636 2720 xxviii),
1658 2659 1690 2706 ut
1713 2650 1743 2705 iu
1760 2649 1817 2706 line

970 2723 1045 2779 beati
1068 2722 1193 2778 htatthaei
1215 2723 1398 2791 evangelistae
1420 2722 1577 2777 invenitur.
1607 2723 1755 2790 apparens
1777 2721 1819 2777 di·

930 2792 1087 2863 decipulis
1105 2793 1165 2848 suis
1193 2793 1222 2848 iu
1247 2801 1383 2857 montem,
1399 2792 1472 2847 dixit
1488 2791 1550 2847 eis:
1568 2791 1618 2853 lta,
1643 2793 1733 2846 docete
1755 2806 1816 2845 oni-

970 2881 1016 2918 iies
1030 2869 1132 2931 gentas,
1158 2864 1329 2931 baptizantes
1345 2878 1388 2918 cos
1412 2864 1444 2918 t'n
1462 2866 1569 2916 aoniine
1584 2864 1686 2930 Patris,
1699 2867 1724 2917 et
1739 2862 1815 2931 Filii,

969 2940 994 2989 et
1004 2934 1125 3003 Spiritus
1143 2937 1240 2997 sancti,
1257 2942 1322 3001 etc,
1348 2940 1376 2989 et
1398 2933 1533 3003 adjunxit
1561 2948 1568 2987 z
1595 2933 1647 2998 Qui
1669 2933 1818 2989 crediderit

969 3012 995 3059 et
1023 3006 1178 3076 baptizatus
1203 3007 1298 3072 siverit,
1324 3007 1416 3059 salotis
1432 3007 1492 3058 etit.
1515 3002 1816 3067 Ouiuerottoucredi·

969 3077 1050 3141 derit,
1077 3077 1301 3130 condemnabitur
1324 3075 1420 3146 (dioro.
1451 3074 1522 3145 xvi).
1548 3075 1590 3129 Ex
1615 3075 1670 3130 bac
1689 3073 1817 3131 auctori-

970 3156 1027 3203 tate
1046 3147 1206 3216 intelligere
1230 3161 1392 3216 possumus,
1415 3146 1492 3216 quod
1516 3146 1588 3201 nulli
1610 3145 1698 3216 hujus
1721 3158 1816 3202 sacra·

970 3219 1057 3345 premi
1084 3217 1216 3342 baptismi
1242 3218 1438 3280 incredulitas,
1461 3216 1514 3271 etsi
1539 3219 1707 3287 susceperit,
1724 3216 1817 3273 adsa-

983 3296 1058 3347 utcm
1073 3303 1124 3357 pro
1137 3289 1193 3344 icit.

1006 3360 1110 3415 hicum
1142 3359 1227 3414 ctiam
1243 3357 1380 3424 haeretici,
1411 3356 1489 3428 quod
1518 3356 1603 3424 nulli,
1618 3357 1674 3413 nisi
1699 3356 1816 3427 proprio

972 3443 1021 3485 ore
1047 3438 1074 3484 et
1094 3430 1178 3484 corde
1207 3429 1260 3483 boc
1287 3437 1500 3484 sacramentum
1523 3436 1611 3497 petat,
1635 3435 1725 3499 potest
1751 3443 1816 3499 pro·

972 3501 1061 3555 desse.
1090 3500 1157 3552 lnde
1184 3499 1360 3553 adducentes
1384 3498 1465 3552 ltunc
1490 3513 1628 3563 errorem,
1650 3500 1728 3568 quod
1752 3513 1816 3568 par-

971 3570 1047 3626 vulis
1063 3568 1222 3635 baptismus
1251 3582 1335 3636 aquic
1349 3568 1422 3621 nihil
1441 3570 1564 3636 prodest.
1583 3568 1634 3622 Sed
1659 3582 1711 3623 uos
1733 3569 1818 3625 babe-

972 3655 1037 3695 mus
1053 3640 1081 3692 in
1102 3637 1259 3709 Evangelio
1275 3639 1349 3693 beati
1366 3638 1463 3702 blarri,
1484 3639 1562 3707 qiiod
1582 3637 1724 3693 Dominus
1736 3639 1819 3695 iesus

972 3712 1104 3766 Christus
1129 3717 1189 3778 post
1218 3707 1455 3764 resurrectionem
1486 3721 1569 3762 suam
1594 3708 1742 3777 discipulis
1756 3709 1818 3766 suis

972 3780 1119 3850 apparuit,
1149 3788 1176 3834 ct
1201 3779 1273 3833 dixit
1301 3779 1343 3834 cis
1364 3781 1488 3833 :Eiintes
1513 3780 1544 3831 in
1558 3778 1689 3832 mundum
1709 3782 1818 3834 uiiiuer·

972 3869 1041 3917 sum,
1060 3851 1208 3919 praedicate
1231 3849 1411 3918 Euangelium
1436 3851 1508 3903 omni
1526 3855 1666 3903 creatura.
1691 3849 1746 3915 Qui
1764 3866 1819 3905 cre-

972 3924 1073 3977 diderit
1097 3927 1122 3976 et
1138 3921 1292 3989 baptizatus
1320 3924 1416 3987 suerit,
1442 3921 1534 3974 saluus
1550 3922 1611 3974 erit.
1641 3920 1673 3975 In
1689 3920 1820 3978 hocloco

973 4009 1031 4050 uon
1047 3992 1112 4048 lecit
1137 3993 1266 4063 aliquam
1281 3993 1479 4059 exceptionem
1500 4005 1674 4061 magnorum
1696 3992 1739 4048 vel
1756 4006 1821 4061 par·

973 4066 1120 4128 valorum,
1143 4077 1191 4118 scii
1218 4063 1412 4118 musculorum
1428 4062 1473 4117 vel
1497 4062 1681 4127 laminarum,
1695 4065 1762 4118 cum
1777 4063 1820 4119 di·

973 4137 1010 4192 ait
1033 4136 1111 4190 omni
1128 4138 1284 4189 creaturae:
1304 4133 1356 4198 Qut
1379 4133 1525 4186 criedi‘derit
1546 4138 1571 4186 et
1591 4133 1748 4201 tapitzatus
1762 4135 1822 4199 tua·

973 4208 1020 4269 rit,
1041 4205 1132 4260 saletis
1159 4207 1220 4258 erit.
1243 4205 1277 4258 Et
1294 4204 1355 4259 idco
1369 4203 1439 4258 sides
1460 4212 1502 4258 est
1519 4203 1665 4258 catholicae
1686 4204 1820 4260 Ecclesiae

12 4304 26 4353 ὴ
69 4288 142 4337 sunt
156 4278 230 4343 cicli,
247 4286 273 4332 ot
289 4290 346 4332 vox
366 4277 458 4331 Patris
473 4276 573 4331 audita
597 4282 649 4340 est,
664 4274 789 4344 Spiritus
803 4283 919 4330 sanctus
975 4290 1024 4346 per
1049 4278 1216 4333 universum
1247 4276 1401 4341 muudum,
1424 4275 1454 4329 iu
1479 4283 1823 4355 quacunqueparteuo·

10 4382 17 4389 ·-
70 4352 220 4420 apparuit.
235 4349 306 4405 Vide
322 4361 460 4409 magnum
486 4347 591 4401 divium
614 4347 727 4414 pietatis
754 4358 919 4400 sacramen·
976 4361 1040 4402 nien
1062 4347 1166 4401 Christi
1195 4345 1358 4401 celebratur
1373 4351 1401 4400 et
1420 4344 1559 4413 creditur,
1581 4345 1641 4400 sive
1666 4344 1725 4401 siut
1754 4359 1819 4416 par-

67 4431 145 4479 turn.
162 4422 232 4475 Tota
251 4420 329 4474 enim
352 4418 478 4473 Trinitas
493 4418 520 4472 in
543 4417 713 4487 baptismate
736 4415 920 4484 Christiope·
974 4419 1047 4482 vuli,
1073 4417 1132 4473 sive
1161 4418 1268 4486 magni,
1289 4417 1349 4471 sive
1375 4417 1442 4481 viri,
1466 4416 1525 4471 sive
1549 4416 1695 4483 mulieres,
1720 4415 1744 4471 si
1768 4416 1823 4474 boc

10 4496 19 4531 ἲ
67 4499 136 4551 rata
159 4499 210 4557 est,
243 4497 271 4546 et
304 4490 423 4557 dignata
447 4497 489 4543 cst
512 4489 655 4543 interesse.
685 4488 768 4542 Pater
789 4489 919 4552 auditur,
975 4496 1188 4544 sacratiientuin
1220 4487 1354 4556 baptismi
1378 4488 1547 4555 receperint,
1579 4486 1746 4543 sinedubio
1767 4488 1820 4544 sal·

24 4564 33 4631 ’ἡ
69 4565 162 4621 Filius
187 4562 361 4630 baptizatur,
376 4559 498 4628 Spiritus
520 4566 639 4613 sanctus
663 4557 799 4627 apparuit
812 4559 840 4612 in
856 4571 920 4626 spe·
976 4567 1094 4623 vantur,
1110 4566 1137 4614 at
1152 4559 1188 4613 ab
1205 4559 1339 4614 ominibus
1351 4557 1477 4629 peccatis
1491 4557 1551 4612 sive
1569 4558 1605 4613 ab
1620 4557 1823 4629 originalibus,

10 4636 30 4709 '-
69 4636 117 4692 cie
138 4633 288 4689 columban.
318 4631 387 4685 Filio
415 4630 462 4684 Boi
484 4630 623 4698 baptizato
643 4631 706 4709 coeli
729 4629 820 4698 aperti
841 4637 919 4684 suut.
977 4631 1036 4685 sivo
1057 4630 1093 4685 ah
1113 4630 1286 4696 actualibus,
1311 4636 1481 4754 cooperante
1495 4629 1588 4698 gratia
1609 4628 1735 4698 Spiritus
1753 4642 1825 4685 sau·

10 4710 30 4749 ἱ·
68 4709 108 4764 lit
126 4704 262 4773 quioniam
290 4709 377 4757 tantae
405 4701 605 4771 dignitatisrst
625 4701 766 4755 institutio
780 4706 808 4753 ct
829 4712 923 4753 sacra·
977 4704 1025 4767 cti,
1041 4703 1221 4756 niundantur
1234 4707 1262 4755 ct
1287 4701 1490 4769 ominamur,
1511 4699 1566 4754 nisi
1585 4701 1614 4754 in
1639 4700 1824 4769 corruptione

10 4774 31 4813 ·³
68 4785 205 4834 irretitum
235 4774 421 4842 baptismatis,
446 4772 507 4826 idco
537 4771 677 4826 Dominus
700 4768 918 4836 aitNicodeuto,
977 4772 1084 4841 peccati
1099 4771 1254 4828 ieciilcrint
1277 4780 1338 4840 post
1354 4771 1501 4826 lavacrum
1518 4770 1825 4840 baptismiantequam

19 4852 30 4885 '⁴
67 4852 148 4907 sicul
169 4848 291 4901 ioannes
322 4844 349 4898 in
377 4844 743 4913 Evangeliosuotestntur
770 4839 920 4909 terimith:
978 4843 1149 4898 moriantur.
1174 4841 1252 4908 Quod
1278 4843 1378 4896 dicunt
1413 4842 1447 4897 ile
1476 4843 1604 4910 parvulis
1630 4841 1765 4908 haretici,
1794 4841 1825 4899 iu

10 4922 29 4962 f·
65 4921 133 4978 Nan
158 4924 245 4985 piarent
275 4917 352 4970 hoino
377 4916 526 4980 oiiidqaam
550 4915 679 4981 accipere,
700 4913 754 4964 iiisi
780 4911 923 4964 diitnmei
980 4914 1120 4982 baptismo
1142 4928 1199 4968 non
1233 4927 1313 4981 posse
1331 4912 1449 4978 salvari,
1479 4921 1579 4967 contra
1603 4912 1826 4969 huncarrorem

10 4996 19 5027 Ξ
65 4990 163 5063 suerit
179 4989 211 5041 dc
226 4988 301 5041 coelii.
321 4990 417 5045 Amen.
434 5001 512 5039 amini
527 4986 586 5037 ilica
613 4984 673 5048 titi,
701 4985 755 5037 nisi
769 4985 830 5049 quis
842 4988 923 5035 natus
980 4985 1081 5040 beatus
1097 4984 1205 5038 Paulus
1222 4983 1250 5037 in
1273 4983 1392 5052 epistola
1409 4984 1443 5038 ad
1459 4981 1621 5038 Corinthios
1637 4983 1729 5052 prima
1750 4982 1824 5054 (cap.

10 5080 20 5101 ·’
66 5062 163 5133 licerit
192 5060 289 5125 datico,
308 5074 362 5110 raon
386 5063 474 5126 potest
500 5057 592 5109 uidere
620 5070 734 5119 rcpniiin
760 5054 815 5107 Dei.
848 5053 923 5118 [litori
979 5060 1028 5124 vu)
1046 5071 1052 5107 :
1071 5055 1100 5108 Si
1123 5057 1183 5122 pitis
1200 5053 1291 5124 fidelis
1314 5056 1402 5120 feriter
1426 5054 1658 5108 liabctmtilicrem
1678 5054 1824 5122 infidelem,

15 5130 23 5169 ἶ
65 5138 171 5191 natum
200 5136 239 5184 est
268 5146 301 5183 ea
327 5143 417 5192 carne,
436 5134 571 5193 coronet,
597 5132 621 5179 ct
641 5126 926 5194 piioitnatumestea·
980 5132 1005 5181 ct
1033 5125 1088 5179 heac
1112 5128 1242 5179 cariseittit
1268 5125 1466 5178 babitureciim
1490 5126 1546 5191 illo,
1571 5140 1625 5177 nort
1649 5124 1772 5179 dimittat
1785 5126 1827 5180 tt·

10 5206 25 5246 ἲ
67 5205 185 5275 Spiritu
212 5209 315 5263 sinicio,
346 5201 461 5267 spiritus
489 5203 537 5252 est.
567 5195 820 5263 machometica.
847 5195 925 5250 Duas
980 5198 1044 5252 lani.
1074 5198 1147 5249 Etsi
1163 5213 1218 5266 pua
1241 5196 1441 5265 rnulierfidelis
1465 5197 1546 5250 habet
1564 5197 1654 5248 virum
1676 5197 1825 5266 iriildelem,

10 5278 20 5315 i
66 5281 254 5346 oportetnos
280 5269 384 5327 hahere
408 5268 744 5334 nativitates,carnalcm
771 5265 879 5321 scilicet
898 5273 926 5321 et
980 5274 1004 5323 et
1028 5268 1070 5320 tite
1093 5272 1224 5321 consentit
1244 5268 1367 5321 hahitare
1390 5282 1449 5320 oiim
1473 5268 1533 5328 itta.
1563 5282 1617 5320 nan
1652 5265 1774 5321 dimittat
1793 5267 1827 5322 tt·

10 5354 15 5385 ··'
64 5343 267 5417 spiritualem,
293 5347 444 5395 attestante
472 5341 570 5395 divino
599 5338 723 5408 eloquio.
757 5336 813 5401 Qui
837 5336 924 5406 spiri·
981 5341 1046 5394 liim.
1078 5338 1270 5408 Sanctificetur
1295 5341 1366 5393 enim
1393 5341 1437 5391 eir
1464 5338 1583 5408 infidelis
1606 5352 1658 5408 per
1684 5339 1825 5393 mulierem

10 5418 20 5461 -'
64 5415 148 5476 tnali
176 5422 254 5468 cariat
278 5411 438 5478 nativitate,
466 5426 523 5467 non
549 5418 639 5481 potest
667 5409 765 5464 videre
799 5420 924 5477 reguum
980 5410 1096 5481 fidelem,
1121 5414 1146 5465 et
1167 5410 1265 5465 mulier
1288 5410 1406 5479 infidelis
1431 5410 1588 5479 peroirmn
1608 5408 1724 5480 fidelem.
1747 5409 1826 5465 Alio-

10 5490 22 5529 ¹
68 5486 142 5554 Dei,
157 5498 211 5540 nec
227 5484 336 5540 intrare
350 5483 381 5538 in
410 5483 494 5539 illud.
517 5482 573 5538 Sed
599 5479 762 5552 spiritualis
788 5479 927 5536 nativitas
982 5482 1049 5549 qatn
1080 5481 1132 5553 tilii
1155 5484 1240 5536 vestri
1266 5479 1401 5536 immundi·
1424 5485 1521 5544 essent,
1537 5486 1714 5537 nuncantcm
1737 5482 1827 5537 sanati

66 5571 138 5616 mou
154 5562 244 5626 potest
274 5554 386 5624 haberi,
401 5554 458 5610 uisi
473 5553 597 5611 carnalis
611 5553 763 5611 habeatur.
780 5549 927 5617 Quomodo
982 5557 1056 5610 sant.
1080 5554 1232 5624 aposolus
1256 5552 1326 5608 dicit
1354 5552 1428 5609 tilios
1447 5550 1577 5609 fidelium
1599 5561 1752 5623 pareutum
1765 5564 1827 5609 essa

10 5622 20 5673 i
72 5636 113 5688 tu
128 5626 199 5684 dicis
225 5626 334 5687 malam
362 5638 424 5684 esse
452 5625 599 5685 camalam
626 5623 820 5693 nativitatem,
836 5635 927 5694 quam
983 5623 1109 5682 mundos
1133 5628 1306 5693 uacuatos,
1334 5622 1428 5682 multo
1440 5622 1634 5695 maglsetiam
1650 5620 1828 5683 credendum
