3804 5962
135 264 200 366 ron
404 310 506 365 enum
526 302 713 366 tumtunm
732 310 810 367 ore.
834 309 922 367 vous
941 311 988 367 m.
1003 341 1038 352 -
1052 310 1273 368 uneouoorut
1292 310 1336 367 ur
1354 309 1618 368 nultosovmcs.

132 438 276 495 nativitati
298 437 358 509 ejus
385 439 558 508 impartiens,
573 455 605 495 ac
633 442 672 495 sic
692 441 823 509 ingenito,
846 437 1018 511 pertenuis
1071 440 1147 506 Quid
1169 441 1267 512 itaque
1279 439 1387 497 mirum
1402 453 1468 495 cum
1487 439 1515 494 in
1536 437 1773 510 eorumquoque

132 533 285 599 aternoque
307 529 395 597 Patri,
416 530 585 599 unigenitus,
612 534 637 585 et
660 532 810 600 perfectus,
826 534 852 585 et
865 535 983 585 aternus
1036 530 1219 588 siasticorum
1237 543 1271 585 ac
1297 536 1461 585 sauctorum
1484 530 1634 584 doctorum
1655 526 1790 584 nonnulle

133 623 174 675 est
201 619 299 674 Filius.
323 619 365 673 Ea
388 622 478 673 autem
500 634 560 685 qua
586 620 612 674 ei
632 625 697 674 sunt
720 620 867 675 secundum
885 633 983 688 corpus
1038 622 1159 680 abusive
1183 621 1376 692 proterantur,
1411 620 1447 677 ad
1481 620 1693 692 generationem
1723 619 1791 676 Verl

134 707 207 780 quod
244 711 401 777 assumpsit,
429 707 544 763 bonitati
580 725 639 778 qus
663 709 701 764 ad
727 710 842 764 satutem
863 715 984 764 nostram
1039 711 1269 780 monstrandum,
1299 717 1331 766 vt
1346 710 1421 766 Deus
1451 710 1534 765 Pater
1549 717 1723 765 auctoresse
1740 708 1790 765 Fil

132 797 258 853 voluntas
288 795 572 852 cst.ldemiux1:«
599 796 689 854 Verba
708 813 768 868 qua
783 798 879 868 loquor
896 798 983 864 vodis,
1038 808 1066 858 et
1080 815 1146 857 eum
1158 813 1330 870 procreasse,
1356 798 1401 855 vel
1426 799 1520 855 Filius
1533 798 1569 854 ab
1591 812 1624 854 eo
1646 806 1790 868 procreati

134 902 188 942 non
203 902 219 940 a
234 901 276 940 me
301 885 397 952 loquor
424 885 518 958 (Joaa.
544 901 593 949 ιιι,
609 886 666 958 49).
693 888 790 943 »Nam
810 887 876 941 dvm
901 903 985 941 nouo
1039 891 1103 962 eius
1130 889 1247 946 dicatur
1274 887 1393 945 ellectus
1417 903 1488 954 esse,
1516 887 1677 945 secundum
1697 886 1727 944 id
1755 887 1788 943 vi

136 991 163 1031 se
191 974 322 1042 loquitur,
340 976 448 1029 auctori
471 990 531 1029 eum
546 990 652 1031 neeesse
675 990 732 1030 esse
750 979 789 1030 est
803 976 898 1031 debere
913 976 985 1042 quod
1040 978 1117 1050 qnod
1134 978 1216 1034 abeo
1235 983 1277 1033 est
1292 977 1407 1048 genitus
1425 978 1522 1046 potins
1537 983 1754 1047 quamcreatus
1774 991 1790 1032 v

135 1065 266 1134 loquitur.
289 1064 384 1119 Item:
405 1064 453 1119 Ad
469 1063 588 1131 tequea
608 1067 668 1132 oqit
686 1065 832 1119 secundum
849 1066 984 1120 nativito·
1039 1077 1114 1134 ctus,
1130 1074 1158 1123 et
1182 1065 1228 1122 ille
1248 1072 1361 1121 tautum
1396 1067 1509 1137 genitor
1533 1066 1629 1136 potius
1655 1080 1747 1138 quam
1779 1081 1790 1122 c

136 1160 191 1209 tem
204 1153 257 1208 sibi
278 1155 360 1209 Pater
373 1158 469 1208 auctor
496 1157 547 1208 est.
578 1153 706 1211 Rursum
734 1153 810 1210 idem
832 1153 862 1209 in
876 1168 929 1221 ιιι,
950 1153 985 1210 de
1039 1157 1082 1213 vel
1098 1164 1212 1213 auctor.
1232 1155 1318 1220 Quid,
1334 1154 1465 1226 inquam,
1481 1154 1587 1211 mirum
1604 1155 1628 1210 si
1656 1155 1790 1226 praedicti

137 1258 195 1301 non
219 1250 287 1300 nalo
310 1245 366 1300 lleo
388 1244 482 1312 Patre,
505 1250 533 1299 et
557 1249 624 1299 noto
649 1242 688 1300 ab
707 1257 739 1300 eo
763 1243 835 1300 Filio
863 1243 986 1314 loquens
1040 1246 1177 1317 losophus
1210 1247 1338 1310 Hermes,
1368 1244 1502 1299 videlieet
1532 1244 1560 1299 in
1603 1242 1659 1299 illis
1687 1242 1790 1299 ecclesi

137 1332 200 1388 ait:
221 1334 314 1402 Neque
338 1334 496 1403 ipsumnon
513 1336 708 1399 autumatque
734 1334 821 1400 nasci,
837 1332 986 1400 quiaillud
1041 1335 1171 1391 imbutus
1190 1323 1361 1404 disciplinis,
1377 1332 1545 1389 abusionem
1569 1331 1724 1388 verborum
1752 1345 1790 1386 no

137 1422 171 1476 ab
193 1422 289 1491 allero,
307 1421 355 1477 ltoc
372 1437 467 1476 veroa
491 1425 599 1476 nemine
619 1425 668 1490 est,
699 1425 727 1478 et
752 1421 831 1477 aliud
858 1425 898 1478 est
928 1424 986 1476 sine
1041 1423 1161 1493 raverit,
1177 1421 1417 1478 dicendoscllicet
1445 1422 1552 1489 secisse,
1569 1434 1619 1491 pro
1634 1418 1790 1488 genuisset

138 1515 247 1567 caetere
270 1525 327 1565 esse
350 1525 456 1581 semper
476 1516 615 1580 aternum,
641 1512 721 1567 atiud
744 1512 818 1582 quoa
842 1514 930 1580 Patri,
956 1511 986 1565 id
1040 1513 1128 1569 etiam
1143 1525 1209 1567 cum
1221 1510 1410 1567 secunduma
1425 1510 1508 1566 Patre
1523 1508 1628 1565 Filium
1648 1506 1769 1575 dixerit,

139 1605 178 1656 est
189 1601 304 1668 auctori,
325 1604 365 1655 est
386 1603 525 1654 etenum.
558 1600 610 1655 Udi
630 1601 701 1655 enim
715 1602 797 1656 Pater
817 1604 912 1657 auctor
935 1606 984 1670 est,
1041 1600 1225 1671 linquaque
1251 1606 1417 1655 sanctorum
1443 1597 1556 1654 alienus
1579 1610 1639 1653 non
1659 1594 1788 1652 existit?

138 1689 178 1744 ivi
200 1693 224 1743 et
253 1691 384 1745 nativitas
398 1692 439 1744 est
452 1705 463 1752 ,·
477 1694 506 1744 at
533 1705 596 1745 vero
610 1689 658 1744 ubi
676 1695 769 1745 auctor
795 1694 836 1745 est
857 1693 985 1756 aterum,
1041 1690 1169 1749 Hilarius
1192 1689 1227 1745 de
1242 1688 1382 1745 'trinitate
1406 1688 1434 1743 in
1449 1687 1698 1742 x11:Fitiuseeete
1729 1687 1783 1740 Deo

108 1843 111 1847 ,
139 1779 180 1833 ibi
193 1782 219 1833 et
247 1777 402 1832 nativitatis
428 1780 567 1834 aeternitas
593 1784 644 1847 est,
671 1782 738 1849 quic
761 1783 832 1834 sicut
853 1781 986 1834 nativitas
1003 1789 1023 1842 Β
1041 1782 1110 1835 Deus
1125 1793 1203 1833 verus
1219 1779 1277 1833 eta
1301 1783 1326 1832 te
1348 1780 1467 1846 genitus,
1490 1781 1589 1847 postte
1612 1777 1651 1830 ita
1674 1773 1790 1846 confiteo

140 1867 357 1936 adauctoreest,
372 1868 452 1922 itaet
466 1867 500 1922 ab
520 1872 621 1922 aterno
646 1872 756 1923 auctore
780 1871 882 1922 aelerna
910 1871 988 1921 nati·
1043 1873 1141 1936 tecum,
1168 1869 1233 1938 quia
1248 1871 1354 1922 aetmnae
1366 1867 1492 1934 originis,
1517 1867 1575 1920 sive
1591 1868 1711 1919 aternus
1730 1872 1790 1918 auct

139 1959 224 2012 vitas.
248 1957 344 2013 ltom:
374 1956 499 2024 Quodam
525 1961 624 2013 aterno
645 1962 741 2012 natum
762 1962 811 2026 est,
827 1958 858 2012 id
887 1959 913 2012 si
934 1972 989 2012 non
1043 1956 1192 2016 Nemetum
1210 1972 1244 2010 em
1269 1960 1294 2010 te
1306 1960 1355 2022 est,
1370 1955 1538 2009 secunduso
1559 1958 1583 2007 te
1604 1958 1651 2008 est.
1671 1951 1790 2009 Secundi

140 2050 281 2115 acanum,
296 2051 392 2101 natum
408 2045 474 2115 jam
487 2063 542 2102 non
561 2049 624 2117 erit,
652 2051 678 2102 et
691 2049 774 2103 Pater
787 2051 883 2102 auctor
907 2052 990 2102 ater·
1044 2061 1143 2118 quam,
1159 2062 1192 2100 ea
1203 2045 1281 2100 modo
1297 2045 1444 2111 euistendi,
1463 2060 1517 2098 non
1540 2059 1574 2098 eu
1586 2042 1742 2113 differentia
1767 2043 1790 2097 etl

142 2148 205 2188 nus.
222 2134 333 2202 Siquid
346 2137 435 2203 iqitur
454 2137 479 2190 ei
500 2139 550 2203 qui
569 2136 603 2191 ab
622 2142 722 2192 aterno
753 2138 834 2192 Patre
847 2140 928 2192 name
951 2139 991 2189 est
1046 2140 1090 2192 tis.
1104 2136 1157 2192 Hie
1182 2135 1289 2205 quippe
1305 2148 1321 2189 a
1337 2135 1393 2190 [leo
1415 2137 1497 2190 Patre
1512 2133 1597 2204 quasi
1626 2132 1719 2202 primo
1739 2130 1790 2187 lou

143 2227 343 2278 maternitate
364 2224 493 2293 desuerit,
516 2225 651 2294 idipsum
669 2229 776 2281 auctori
804 2226 914 2296 quidem
941 2227 990 2280 Pa·
1045 2225 1130 2292 sistit,
1146 2239 1213 2280 cum
1243 2223 1367 2294 Spiritus
1383 2231 1521 2293 tanquam
1544 2222 1623 2277 tertio
1657 2220 1771 2276 locoall

144 2315 184 2364 ter
198 2314 248 2376 est,
263 2324 318 2365 non
333 2316 373 2365 est
391 2313 548 2380 ambiguum
576 2313 696 2380 demisse
719 2315 929 2384 quodqiqnenti
953 2318 993 2368 est
1046 2328 1103 2385 que
1122 2314 1170 2369 sit.
1200 2314 1281 2370 Unde
1295 2321 1322 2368 et
1348 2314 1459 2368 Patrem
1488 2311 1678 2381 Hieronymus
1705 2309 1790 2379 princ

143 2398 294 2468 infinitum,
330 2399 470 2468 inlinitum
490 2404 530 2453 est
560 2401 641 2454 etiarn
668 2405 801 2455 noscenti.
831 2401 900 2456 Item
926 2403 993 2456 :Eu
1047 2402 1184 2473 Spiritum
1209 2401 1244 2457 ad
1283 2400 1387 2457 Filium
1414 2401 1555 2468 nominat,
1580 2412 1665 2470 opere
1689 2397 1790 2455 videlic

144 2492 243 2544 aterno
259 2488 298 2541 ruit
322 2487 400 2542 atiud
427 2503 510 2556 qaam
530 2491 671 2556 alanum,
699 2490 772 2559 quod
796 2491 820 2544 si
841 2504 896 2544 non
910 2494 993 2545 ater-
1047 2506 1100 2548 suo
1114 2492 1149 2547 de
1165 2490 1257 2547 tribus
1270 2490 1438 2546 virtutibus.
1455 2489 1497 2545 lta
1512 2489 1632 2559 loquens
1653 2485 1745 2542 David
1770 2487 1790 2544 ir

144 2594 221 2647 num,
245 2578 308 2647 iam
331 2592 386 2632 non
412 2579 504 2640 Pater,
544 2581 592 2645 qui
617 2580 798 2647 generationis
827 2584 867 2635 est
888 2584 993 2650 auctor,
1048 2595 1093 2636 mo
1113 2588 1169 2636 tres
1183 2580 1303 2650 spiritns
1317 2579 1441 2650 postulat
1469 2578 1567 2634 dicens
1586 2594 1592 2631 :
1608 2578 1716 2647 Spiritu
1743 2578 1790 2646 pri

147 2673 264 2725 aternus
292 2671 341 2722 est.
364 2667 458 2723 Item:
483 2668 528 2721 dc
554 2673 580 2722 tc
604 2671 687 2724 natus
716 2669 880 2737 ostenditur,
903 2672 934 2723 ut
953 2669 993 2723 nil
1048 2673 1177 2740 confirmo
1202 2685 1243 2723 me
1267 2669 1354 2741 (Psat.
1371 2683 1398 2735 u,
1423 2667 1477 2740 ll),
1506 2665 1640 2737 Spiritum
1662 2670 1768 2720 rectum

149 2757 228 2813 atiud
248 2772 330 2827 quam
354 2761 379 2810 te
400 2756 454 2811 sibi
474 2758 609 2826 significet
631 2763 751 2815 auctore.
769 2758 847 2816 Idem
864 2759 894 2814 in
913 2756 994 2830 psal·
1047 2763 1078 2815 in
1110 2759 1258 2815 visceribus
1288 2762 1353 2813 meis
1391 2757 1483 2829 (iota,
1516 2759 1566 2826 lu),
1595 2755 1732 2826 Spiritum
1770 2769 1790 2814 tl

148 2860 196 2902 mo
211 2859 334 2902 cxxxvu
352 2860 387 2899 :u
404 2847 444 2899 Tu
463 2846 593 2911 formasti
606 2861 648 2900 me
662 2851 687 2902 et
699 2851 817 2917 posuisti
844 2860 927 2915 super
951 2861 995 2900 me
1049 2854 1125 2904 tuum
1139 2865 1171 2903 ne
1189 2850 1300 2915 ausmas
1324 2864 1341 2902 a
1359 2863 1401 2902 me
1420 2846 1513 2917 (ibid,
1535 2846 1592 2916 lt).
1612 2843 1669 2911 Qui
1684 2849 1753 2900 sunt
1768 2842 1790 2898 is

148 2950 260 2991 manum
276 2940 363 3000 tuom,
382 2938 556 3000 »utrunque
578 2936 725 3005 significat,
742 2941 774 2990 ut
792 2936 867 3004 quod
888 2939 994 3004 sonna·
1049 2937 1170 3009 spiritus
1188 2939 1201 2990 ‘l
1221 2935 1345 3007 Spiritus
1360 2935 1526 3005 principalis
1552 2935 1636 2990 Pater
1662 2940 1714 2994 est,
1730 2937 1790 2986 rect

148 3027 349 3094 vitantiquum
364 3021 496 3092 suquut
528 3027 705 3091 superposuit
733 3041 846 3081 manum
876 3031 993 3084 novissi·
1050 3028 1124 3084 ritus
1143 3025 1273 3083 Christus
1295 3032 1347 3093 est,
1370 3026 1485 3095 spiritus
1509 3021 1790 3092 sanetus‚Splrltuss

149 3131 222 3170 mum
233 3115 284 3167 sit.
319 3111 395 3178 Quod
420 3114 491 3166 enim
514 3111 660 3166 secundum
680 3118 812 3171 naturam
840 3118 995 3178 divinitatis
1050 3124 1102 3172 est.
1130 3115 1315 3186 Augustinus
1340 3113 1446 3169 veteris
1470 3121 1497 3168 et
1521 3127 1603 3168 novae
1622 3110 1694 3183 legis
1723 3123 1786 3179 cap.

149 3205 286 3272 famatus
314 3203 360 3269 sit,
375 3200 522 3270 Apostolus
539 3200 615 3256 docet
627 3202 742 3258 dicens:
766 3228 776 3253 ι
799 3207 851 3273 Qut
875 3225 936 3264 qm
967 3213 997 3266 ln
1050 3205 1185 3276 Spiritum
1218 3209 1342 3257 sanctum
1366 3204 1414 3267 qui
1441 3203 1536 3256 tertius
1565 3201 1601 3255 sit
1621 3216 1638 3254 a
1657 3201 1749 3266 Patre,
1762 3213 1790 3253 se

149 3294 240 3359 torma
261 3293 310 3345 Dei
323 3294 391 3344 esset
402 3289 531 3362 (enittpp.
549 3305 578 3356 n,
603 3291 641 3362 6).
655 3312 671 3340 »
686 3294 764 3358 Quod
778 3299 890 3352 enimin
908 3301 998 3366 scema
1051 3300 1142 3350 autern
1165 3309 1183 3349 a
1209 3293 1314 3350 Christo
1333 3291 1482 3346 secundun
1507 3291 1615 3344 numeri
1642 3287 1790 3357 ordinem3

150 3384 199 3443 ⁶⁸3,
215 3382 364 3447 smalti-
386 3379 418 3432 1⁷²
444 3380 544 3446 forma,
561 3383 587 3433 et
601 3382 626 3433 θὶ
652 3386 731 3450 Pater
744 3389 851 3441 natura
879 3392 904 3443 et
926 3389 996 3444 divi·
1051 3385 1180 3440 diceret:
1198 3381 1361 3439 Secundum
1374 3380 1536 3436 ordinatam
1549 3393 1582 3434 aa
1597 3391 1758 3448 congruam
1780 3389 1790 3432 l

150 3471 314 3535 nitatisest,
331 3471 362 3522 ui
385 3470 484 3535 referri
504 3468 645 3538 possitad
670 3472 790 3540 Putrem,
823 3477 997 3543 ettonnatus
1053 3472 1168 3529 tationis
1201 3470 1424 3536 ordinationem,
1456 3469 1543 3540 juxta
1569 3466 1705 3523 videlicet
1729 3466 1790 3536 ipsa

152 3557 321 3627 abipsosit.
349 3556 529 3628 Augustinus
543 3555 647 3623 Quasi
660 3560 765 3616 veteris
779 3569 806 3618 et
830 3577 912 3621 uovae
926 3565 999 3638 legis
1051 3562 1161 3619 stentice
1182 3561 1292 3624 seriem,
1323 3573 1389 3631 qua
1412 3558 1441 3613 in
1457 3558 1527 3628 ipsis
1541 3564 1584 3614 est
1597 3555 1737 3627 personis,
1770 3567 1790 3610 n

152 3659 216 3716 cap.
239 3659 297 3701 nvn
322 3662 329 3699 ι
359 3647 431 3700 Deus
456 3646 539 3700 Pater
563 3648 646 3701 Decem
672 3647 775 3704 Filium
793 3658 942 3722 qmeraotc,
968 3657 999 3710 in
1052 3651 1183 3708 cundum
1206 3650 1319 3720 aliquos
1344 3662 1445 3705 earum
1486 3647 1636 3719 dignitatis
1669 3644 1789 3716 gradus.

153 3750 205 3802 quo
224 3738 283 3806 ipse
296 3732 408 3790 videtu
423 3735 603 3805 quinitadeo
618 3736 735 3792 distaret
758 3744 789 3795 ut
809 3743 999 3811 magnitudin-i
1052 3741 1191 3812 quippea
1220 3738 1365 3805 nullasu,
1387 3736 1510 3792 Filiusa
1534 3737 1617 3791 Patre
1643 3732 1703 3790 solo
1729 3738 1784 3802 est,

152 3840 208 3881 sua
233 3840 369 3893 congruus
393 3826 570 3895 responderet
598 3826 722 3897 allectus.
755 3830 849 3886 Item:
884 3832 997 3890 similli-
1051 3828 1145 3888 lusab
1167 3827 1298 3898 utrisque
1313 3825 1398 3883 simul
1413 3839 1474 3881 esse
1489 3823 1643 3881 contrahit.

151 3929 226 3969 mum
249 3917 341 3985 itaque
363 3915 462 3969 Filium
476 3929 556 3970 suum
575 3931 670 3971 ereans
690 3917 810 3988 addidit,
830 3935 865 3975 ea
877 3935 906 3976 se
920 3925 999 3992 quasi
1434 3913 1523 3971 XVII·

152 4006 271 4060 alterurn
292 4019 331 4060 sc.
362 4003 439 4059 ldem
476 4003 506 4060 in
532 4004 630 4061 eodem
656 4022 663 4060 ι
687 4007 791 4062 Habuit
811 4010 906 4080 itaque
936 4017 999 4068 onte
1087 4006 1263 4065 Revolvatur
1288 4011 1315 4062 et
1332 4003 1378 4060 ille
1393 4003 1542 4059 maximus
1568 3998 1790 4072 philosophornt

154 4095 285 4150 mundum
300 4099 396 4149 urata
417 4093 516 4148 sobolis
528 4095 728 4163 principatum,
744 4100 775 4151 ut
805 4099 886 4153 Pater
908 4115 999 4156 rerum
1052 4104 1090 4164 to,
1105 4095 1229 4168 ejusque
1247 4107 1394 4165 sequaces,
1411 4093 1462 4164 qui
1479 4091 1639 4148 testimonio
1663 4095 1790 4146 sanctort

152 4184 265 4250 futurus
287 4187 350 4238 ante
375 4197 432 4237 esse
458 4182 582 4238 debvmt
608 4185 692 4238 Pater
714 4185 856 4256 proprius,
885 4187 934 4244 doc
958 4195 999 4245 est
1052 4195 1129 4244 trum
1145 4199 1202 4255 prae
1216 4183 1326 4240 eaeteris
1346 4182 1476 4253 gentium
1492 4179 1667 4251 philosophis
1682 4178 1749 4235 lldei
1764 4176 1790 4233 (ll

150 4273 261 4342 proprii
270 4273 314 4326 rui
325 4274 420 4339 solus·
1052 4290 1096 4332 nm
1119 4274 1294 4338 accedentes,
1317 4272 1404 4328 totius
1423 4269 1570 4326 'trinitatis
1584 4281 1730 4324 summam
1753 4280 1790 4338 po

188 4362 221 4418 ln
243 4359 440 4418 Ecclesiastico
455 4361 542 4417 etiam
557 4361 620 4432 ipsa
643 4360 692 4417 llei
706 4361 845 4433 supientia
870 4379 936 4437 quae
950 4369 1001 4424 Fi·
1017 4376 1038 4429 n
1056 4363 1156 4433 phetas
1185 4367 1314 4430 patenter
1341 4358 1526 4424 addiderunt,
1549 4356 1601 4413 ubi
1616 4354 1750 4413 videlicet
1778 4367 1790 4410 t

152 4449 210 4507 lius
224 4449 287 4520 ejvs
313 4448 430 4514 dicitur,
458 4455 517 4505 tam
531 4448 568 4505 ab
597 4447 657 4520 ipso
671 4458 767 4507 creata
789 4466 880 4524 qnam
904 4457 1001 4526 genita
1054 4463 1144 4522 auam
1158 4455 1216 4501 νοῦν
1241 4456 1356 4515 vocant,
1371 4461 1408 4503 ex
1435 4448 1491 4503 lleo
1514 4455 1622 4509 natam,
1652 4451 1742 4516 atquc
1756 4443 1790 4515 ip

153 4546 404 4594 commemoratur.
427 4537 608 4608 Sapientiam,
633 4539 741 4609 inquit,
773 4543 822 4598 liei
841 4544 1001 4613 preceden-
1053 4548 1165 4598 ternam
1183 4553 1244 4596 esse
1270 4538 1430 4608 perhibent,
1447 4536 1475 4599 id
1498 4543 1540 4593 est
1552 4535 1669 4600 Filium,
1686 4547 1790 4605 queml

154 4629 207 4682 tem
235 4628 327 4682 omnia
354 4629 416 4694 quis
441 4626 620 4696 investigabit
639 4630 746 4683 tPrior
769 4633 889 4688 omnium
909 4639 1002 4690 creata
1055 4631 1124 4687 tiam
1151 4628 1200 4684 [lei
1223 4626 1356 4693 dicimus,
1381 4640 1418 4681 ex
1433 4626 1489 4682 Deo
1518 4625 1601 4681 Patre
1628 4622 1788 4679 aeternallte

153 4721 193 4773 est
221 4718 368 4787 sapientia,
385 4722 410 4771 et
434 4717 587 4771 intellectas
609 4716 765 4786 prudentia
790 4720 825 4774 ab
839 4736 903 4778 avo.
931 4725 1002 4779 Fons
1056 4717 1190 4789 tum,qul
1205 4731 1257 4773 nec
1272 4716 1395 4787 Spiritus
1409 4714 1502 4770 sancti
1518 4726 1670 4784 personam
1686 4719 1790 4783 praeter

152 4809 294 4878 sapientie
317 4806 428 4861 vudum
450 4807 500 4861 Dei
513 4807 543 4860 in
564 4805 678 4862 eeeetsis
700 4805 795 4877 (Ereti.
824 4826 844 4877 1,
869 4811 939 4884 3-5).
966 4814 1003 4873 Et
1055 4809 1201 4873 videntur,
1217 4820 1284 4862 cum
1300 4805 1428 4861 animam
1452 4803 1555 4860 mundi
1570 4816 1631 4861 esse
1645 4808 1790 4858 astruxere

153 4897 279 4954 ilerum:
312 4898 386 4952 Unus
410 4899 449 4951 est
473 4895 635 4952 altissimus
654 4896 766 4952 Creator
787 4901 954 4970 omnipotens
976 4909 1003 4960 et
1056 4899 1125 4956 tiam
1141 4912 1158 4952 a
1173 4898 1227 4952 Deo
1242 4901 1311 4963 scau,
1331 4906 1494 4964 personam.
1510 4891 1590 4956 Quod
1615 4904 1683 4946 vero
1704 4890 1786 4946 Plato

152 4988 284 5042 Dominus
312 4987 392 5049 Deus,
412 4987 473 5056 ipse
494 4987 596 5040 creavit
610 4985 688 5040 iilam
717 4985 874 5057 in·spiritu
896 4996 999 5061 sancto,
1054 4985 1202 5044 trinitatis
1214 4985 1298 5041 lldem
1313 4997 1371 5039 non
1394 4982 1487 5038 solum
1507 4979 1646 5044 docuerit,
1670 4977 1721 5034 sed
1746 4985 1774 5035 et

153 5080 179 5131 et
197 5075 295 5146 effudit
309 5075 386 5131 illam
400 5088 483 5145 super
504 5076 595 5130 omnia
609 5090 691 5145 opera
716 5089 767 5130 sua
791 5074 882 5148 (tota,
910 5081 998 5152 8-ll).
1055 5075 1221 5144 convicerit,
1238 5074 1417 5130 Claudianus
1431 5070 1612 5126 Praelectorlo
1626 5068 1761 5139 patricio,
1777 5066 1790 5123 d

153 5166 226 5222 ltem
249 5163 352 5219 intra:
390 5164 534 5235 Sapientia
560 5165 633 5220 inter
667 5164 819 5221 benedictos
834 5166 1002 5224 benedicetur
1056 5166 1222 5222 animarum
1237 5160 1427 5227 scribens,his
1440 5159 1547 5215 astruit
1557 5157 1652 5214 verbis
1669 5172 1675 5211 :
1691 5158 1783 5226 Plato,

152 5252 336 5320 dicens:qu
350 5267 384 5307 ea
398 5267 444 5308 ore
457 5252 598 5309 ditissimi
611 5253 705 5324 prodii
734 5255 920 5324 primogenita
938 5263 1001 5312 ante
1051 5255 1182 5326 procedat
1198 5256 1228 5307 in
1246 5251 1373 5318 medium,
1395 5252 1443 5319 qui
1461 5249 1546 5303 tantis
1568 5245 1691 5314 equidem
1707 5246 1790 5303 saeut

152 5355 255 5396 omnem
292 5346 455 5397 creaturam.
485 5343 588 5412 quum
603 5343 661 5398 coeli
686 5344 800 5398 circuivi
840 5345 909 5412 sota,
944 5353 998 5402 etc.
1052 5345 1230 5416 puerperium
1251 5340 1386 5409 Virqinis,
1416 5343 1479 5393 ante
1501 5338 1721 5393 incarnationem
1749 5338 1790 5391 lte

153 5428 247 5500 (Eccli.
263 5431 414 5498 mutet
428 5430 502 5502 seq.)
516 5432 552 5488 Et
565 5445 703 5488 rursum:
724 5431 769 5487 Ab
792 5434 874 5489 initio
898 5439 924 5489 et
938 5439 1003 5491 ante
1052 5433 1215 5505 undictam
1236 5444 1347 5486 summae
1377 5429 1523 5484 Trinitatis
1543 5430 1572 5482 in
1593 5425 1721 5495 pentibus
1749 5440 1790 5480 ver

151 5519 251 5574 saeuta
262 5523 355 5574 creata
368 5532 438 5587 sum,
455 5522 482 5575 et
495 5535 581 5592 usque
594 5521 633 5577 ad
647 5523 776 5591 petreum
801 5523 931 5581 recautum
945 5538 1000 5580 non
1054 5519 1231 5592 ineffabiliter
1244 5505 1417 5586 emungens,
1432 5521 1462 5572 in
1473 5517 1768 5587 divinitatepersonas,
1783 5530 1790 5570 r

152 5605 350 5679 desinam,eta.
367 5603 461 5677 (ibid,
480 5607 549 5666 liet
562 5608 636 5682 seq.)
1055 5613 1172 5680 ingenio,
1204 5606 1368 5663 immutabili
1391 5606 1496 5678 etoquia
1511 5605 1637 5674 quasimt
1654 5604 1790 5675 ,inventi
