<?xml version="1.0" encoding="UTF-8"?>
<!DOCTYPE html PUBLIC "-//W3C//DTD XHTML 1.0 Transitional//EN"
    "http://www.w3.org/TR/xhtml1/DTD/xhtml1-transitional.dtd">
<html xmlns="http://www.w3.org/1999/xhtml" xml:lang="en" lang="en">
 <head>
  <title>
</title>
<meta http-equiv="Content-Type" content="text/html;charset=utf-8" />
  <meta name='ocr-system' content='tesseract 3.04.00' />
  <meta name='ocr-capabilities' content='ocr_page ocr_carea ocr_par ocr_line ocrx_word'/>
</head>
<body>
  <div class='ocr_page' id='page_1' title='image "./patrologiaecurs53unkngoog_0277.png"; bbox 0 0 3804 5962; ppageno 0'>
   <div class='ocr_carea' id='block_1_1' title="bbox 49 143 1871 273">
    <p class='ocr_par' dir='ltr' id='par_1_1' title="bbox 49 143 1871 273">
     <span class='ocr_line' id='line_1_1' title="bbox 49 143 1871 273; baseline -0.004 -20"><span class='ocrx_word' id='word_1_1' title='bbox 49 269 52 273; x_wconf 17' lang='lat'>¹</span> <span class='ocrx_word' id='word_1_2' title='bbox 119 199 171 253; x_wconf 79' lang='lat' dir='ltr'><strong>saa</strong></span> <span class='ocrx_word' id='word_1_3' title='bbox 403 189 507 247; x_wconf 80' lang='lat' dir='ltr'><strong>nerui</strong></span> <span class='ocrx_word' id='word_1_4' title='bbox 526 187 717 246; x_wconf 76' lang='lat' dir='ltr'><strong>nnmerum</strong></span> <span class='ocrx_word' id='word_1_5' title='bbox 735 187 811 246; x_wconf 82' lang='lat' dir='ltr'><strong>ore.</strong></span> <span class='ocrx_word' id='word_1_6' title='bbox 832 185 924 245; x_wconf 76' lang='lat' dir='ltr'><strong>eius</strong></span> <span class='ocrx_word' id='word_1_7' title='bbox 941 187 976 249; x_wconf 93' lang='grc' dir='ltr'><strong>ιι.</strong></span> <span class='ocrx_word' id='word_1_8' title='bbox 994 214 1030 230; x_wconf 92' lang='grc'>-</span> <span class='ocrx_word' id='word_1_9' title='bbox 1048 186 1232 245; x_wconf 77' lang='lat' dir='ltr'><strong>senonens</strong></span> <span class='ocrx_word' id='word_1_10' title='bbox 1250 143 1301 243; x_wconf 68' lang='grc' dir='ltr'><strong>ιιι</strong></span> <span class='ocrx_word' id='word_1_11' title='bbox 1310 185 1433 246; x_wconf 80' lang='lat' dir='ltr'><strong>cresc.</strong></span> <span class='ocrx_word' id='word_1_12' title='bbox 1453 186 1574 246; x_wconf 67' lang='lat' dir='ltr'><strong>nsoter⁴</strong></span> <span class='ocrx_word' id='word_1_13' title='bbox 1818 189 1871 246; x_wconf 78' lang='lat' dir='ltr'><strong>sei</strong></span> 
     </span>
    </p>
   </div>
   <div class='ocr_carea' id='block_1_2' title="bbox 59 311 1899 2962">
    <p class='ocr_par' dir='ltr' id='par_1_2' title="bbox 59 311 1899 2962">
     <span class='ocr_line' id='line_1_2' title="bbox 119 311 1870 399; baseline -0.002 -21"><span class='ocrx_word' id='word_1_14' title='bbox 119 317 300 387; x_wconf 76' lang='lat' dir='ltr'>describitur,</span> <span class='ocrx_word' id='word_1_15' title='bbox 315 315 356 374; x_wconf 86' lang='lat' dir='ltr'><strong>ita</strong></span> <span class='ocrx_word' id='word_1_16' title='bbox 367 315 451 375; x_wconf 92' lang='lat' dir='ltr'><strong>hodie</strong></span> <span class='ocrx_word' id='word_1_17' title='bbox 465 320 587 373; x_wconf 89' lang='lat' dir='ltr'><strong>matrem</strong></span> <span class='ocrx_word' id='word_1_18' title='bbox 603 320 780 386; x_wconf 78' lang='lat' dir='ltr'>assumptam</span> <span class='ocrx_word' id='word_1_19' title='bbox 805 327 823 371; x_wconf 91' lang='lat' dir='ltr'><strong>a</strong></span> <span class='ocrx_word' id='word_1_20' title='bbox 852 312 962 372; x_wconf 82' lang='lat' dir='ltr'>dextris</span> <span class='ocrx_word' id='word_1_21' title='bbox 975 312 1001 369; x_wconf 76' lang='lat' dir='ltr'>A</span> <span class='ocrx_word' id='word_1_22' title='bbox 1014 319 1146 399; x_wconf 79' lang='lat' dir='ltr'><strong>astruere</strong></span> <span class='ocrx_word' id='word_1_23' title='bbox 1160 326 1219 370; x_wconf 92' lang='lat' dir='ltr'><strong>non</strong></span> <span class='ocrx_word' id='word_1_24' title='bbox 1234 317 1378 382; x_wconf 81' lang='lat' dir='ltr'>vereatur,</span> <span class='ocrx_word' id='word_1_25' title='bbox 1408 311 1483 370; x_wconf 91' lang='lat' dir='ltr'><strong>sicut</strong></span> <span class='ocrx_word' id='word_1_26' title='bbox 1496 311 1528 371; x_wconf 94' lang='lat' dir='ltr'><strong>in</strong></span> <span class='ocrx_word' id='word_1_27' title='bbox 1542 325 1673 371; x_wconf 89' lang='lat' dir='ltr'><strong>sermone</strong></span> <span class='ocrx_word' id='word_1_28' title='bbox 1686 312 1792 373; x_wconf 89' lang='lat' dir='ltr'><strong>natalis</strong></span> <span class='ocrx_word' id='word_1_29' title='bbox 1805 314 1870 387; x_wconf 88' lang='lat' dir='ltr'><strong>ejus</strong></span> 
     </span>
     <span class='ocr_line' id='line_1_3' title="bbox 117 400 1328 475; baseline -0.007 -9"><span class='ocrx_word' id='word_1_30' title='bbox 117 409 178 468; x_wconf 90' lang='lat' dir='ltr'><strong>suis</strong></span> <span class='ocrx_word' id='word_1_31' title='bbox 191 407 344 464; x_wconf 81' lang='lat' dir='ltr'><strong>collocasse</strong></span> <span class='ocrx_word' id='word_1_32' title='bbox 372 420 431 463; x_wconf 92' lang='lat' dir='ltr'><strong>non</strong></span> <span class='ocrx_word' id='word_1_33' title='bbox 451 404 597 475; x_wconf 89' lang='lat' dir='ltr'><strong>dubitant,</strong></span> <span class='ocrx_word' id='word_1_34' title='bbox 613 403 661 461; x_wconf 89' lang='lat' dir='ltr'><strong>cui</strong></span> <span class='ocrx_word' id='word_1_35' title='bbox 676 403 746 461; x_wconf 91' lang='lat' dir='ltr'><strong>olim</strong></span> <span class='ocrx_word' id='word_1_36' title='bbox 770 416 822 475; x_wconf 94' lang='lat' dir='ltr'><strong>pcr</strong></span> <span class='ocrx_word' id='word_1_37' title='bbox 836 403 963 474; x_wconf 90' lang='lat' dir='ltr'><strong>Prophe·</strong></span> <span class='ocrx_word' id='word_1_38' title='bbox 1016 400 1328 460; x_wconf 77' lang='lat' dir='ltr'><strong>commemoravimus?</strong></span> 
     </span>
     <span class='ocr_line' id='line_1_4' title="bbox 118 488 1868 562; baseline -0.003 -6"><span class='ocrx_word' id='word_1_39' title='bbox 118 496 300 557; x_wconf 89' lang='lat' dir='ltr'><strong>tamdictum</strong></span> <span class='ocrx_word' id='word_1_40' title='bbox 331 495 424 553; x_wconf 90' lang='lat' dir='ltr'><strong>iuerat</strong></span> <span class='ocrx_word' id='word_1_41' title='bbox 438 511 445 549; x_wconf 90' lang='lat'>:</span> <span class='ocrx_word' id='word_1_42' title='bbox 461 495 562 551; x_wconf 83' lang='lat' dir='ltr'><strong>Astitit</strong></span> <span class='ocrx_word' id='word_1_43' title='bbox 579 497 718 561; x_wconf 78' lang='lat' dir='ltr'><strong>reginae</strong></span> <span class='ocrx_word' id='word_1_44' title='bbox 747 492 853 550; x_wconf 79' lang='lat' dir='ltr'><strong>deutris</strong></span> <span class='ocrx_word' id='word_1_45' title='bbox 868 494 963 548; x_wconf 83' lang='lat' dir='ltr'><strong>toisio</strong></span> <span class='ocrx_word' id='word_1_46' title='bbox 1052 490 1234 550; x_wconf 77' lang='lat' dir='ltr'><strong>Ascensurus</strong></span> <span class='ocrx_word' id='word_1_47' title='bbox 1265 490 1405 548; x_wconf 82' lang='lat' dir='ltr'><strong>Dominus</strong></span> <span class='ocrx_word' id='word_1_48' title='bbox 1428 488 1577 562; x_wconf 84' lang='lat' dir='ltr'><strong>discipulis</strong></span> <span class='ocrx_word' id='word_1_49' title='bbox 1592 490 1733 561; x_wconf 80' lang='lat' dir='ltr'><strong>promisit,</strong></span> <span class='ocrx_word' id='word_1_50' title='bbox 1766 506 1796 549; x_wconf 92' lang='lat' dir='ltr'><strong>se</strong></span> <span class='ocrx_word' id='word_1_51' title='bbox 1826 493 1868 551; x_wconf 95' lang='lat' dir='ltr'><strong>ire</strong></span> 
     </span>
     <span class='ocr_line' id='line_1_5' title="bbox 116 579 1867 656; baseline -0.003 -12"><span class='ocrx_word' id='word_1_52' title='bbox 116 589 216 645; x_wconf 79' lang='lat' dir='ltr'><strong>vestite</strong></span> <span class='ocrx_word' id='word_1_53' title='bbox 240 586 373 641; x_wconf 83' lang='lat' dir='ltr'><strong>deaurato</strong></span> <span class='ocrx_word' id='word_1_54' title='bbox 401 583 486 656; x_wconf 82' lang='lat' dir='ltr'><strong>(Psoi.</strong></span> <span class='ocrx_word' id='word_1_55' title='bbox 518 597 585 641; x_wconf 81' lang='lat' dir='ltr'><strong>rum</strong></span> <span class='ocrx_word' id='word_1_56' title='bbox 603 582 656 656; x_wconf 87' lang='grc' dir='ltr'>ιο),</span> <span class='ocrx_word' id='word_1_57' title='bbox 685 582 740 640; x_wconf 89' lang='lat' dir='ltr'><strong>hoc</strong></span> <span class='ocrx_word' id='word_1_58' title='bbox 767 591 810 640; x_wconf 90' lang='lat' dir='ltr'><strong>est</strong></span> <span class='ocrx_word' id='word_1_59' title='bbox 847 583 877 638; x_wconf 95' lang='lat' dir='ltr'><strong>iu</strong></span> <span class='ocrx_word' id='word_1_60' title='bbox 899 595 961 639; x_wconf 92' lang='lat' dir='ltr'><strong>eor·</strong></span> <span class='ocrx_word' id='word_1_61' title='bbox 1016 580 1189 652; x_wconf 89' lang='lat' dir='ltr'><strong>parareillis</strong></span> <span class='ocrx_word' id='word_1_62' title='bbox 1205 580 1309 637; x_wconf 92' lang='lat' dir='ltr'><strong>locum.</strong></span> <span class='ocrx_word' id='word_1_63' title='bbox 1339 581 1442 636; x_wconf 79' lang='lat' dir='ltr'><strong>lituos</strong></span> <span class='ocrx_word' id='word_1_64' title='bbox 1465 579 1867 653; x_wconf 81' lang='lat' dir='ltr'><strong>ergo,vtrgines,vetquee·</strong></span> 
     </span>
     <span class='ocr_line' id='line_1_6' title="bbox 117 668 1869 748; baseline -0.003 -16"><span class='ocrx_word' id='word_1_65' title='bbox 117 689 185 748; x_wconf 88' lang='lat' dir='ltr'><strong>pore</strong></span> <span class='ocrx_word' id='word_1_66' title='bbox 200 687 311 745; x_wconf 89' lang='lat' dir='ltr'><strong>semper</strong></span> <span class='ocrx_word' id='word_1_67' title='bbox 333 673 528 740; x_wconf 89' lang='lat' dir='ltr'><strong>immaculato,</strong></span> <span class='ocrx_word' id='word_1_68' title='bbox 556 672 642 730; x_wconf 91' lang='lat' dir='ltr'><strong>etiam</strong></span> <span class='ocrx_word' id='word_1_69' title='bbox 657 670 812 729; x_wconf 81' lang='lat' dir='ltr'><strong>immortali</strong></span> <span class='ocrx_word' id='word_1_70' title='bbox 827 678 855 730; x_wconf 89' lang='lat' dir='ltr'><strong>et</strong></span> <span class='ocrx_word' id='word_1_71' title='bbox 871 671 963 729; x_wconf 87' lang='lat' dir='ltr'><strong>incor·</strong></span> <span class='ocrx_word' id='word_1_72' title='bbox 1015 683 1133 740; x_wconf 85' lang='lat' dir='ltr'><strong>cunque</strong></span> <span class='ocrx_word' id='word_1_73' title='bbox 1161 668 1274 726; x_wconf 79' lang='lat' dir='ltr'><strong>icminae</strong></span> <span class='ocrx_word' id='word_1_74' title='bbox 1292 668 1406 727; x_wconf 90' lang='lat' dir='ltr'><strong>Christo</strong></span> <span class='ocrx_word' id='word_1_75' title='bbox 1431 668 1551 732; x_wconf 85' lang='lat' dir='ltr'><strong>derotae,</strong></span> <span class='ocrx_word' id='word_1_76' title='bbox 1568 668 1657 740; x_wconf 82' lang='lat' dir='ltr'><strong>hujus</strong></span> <span class='ocrx_word' id='word_1_77' title='bbox 1671 683 1798 727; x_wconf 77' lang='lat' dir='ltr'><strong>summm</strong></span> <span class='ocrx_word' id='word_1_78' title='bbox 1812 671 1869 728; x_wconf 85' lang='lat' dir='ltr'><strong>vir-</strong></span> 
     </span>
     <span class='ocr_line' id='line_1_7' title="bbox 116 757 1899 835; baseline -0.004 -12"><span class='ocrx_word' id='word_1_79' title='bbox 116 762 248 835; x_wconf 92' lang='lat' dir='ltr'><strong>ruptihili</strong></span> <span class='ocrx_word' id='word_1_80' title='bbox 279 763 363 820; x_wconf 89' lang='lat' dir='ltr'><strong>iacto.</strong></span> <span class='ocrx_word' id='word_1_81' title='bbox 391 763 504 818; x_wconf 78' lang='lat' dir='ltr'><strong>Aurum</strong></span> <span class='ocrx_word' id='word_1_82' title='bbox 542 761 651 834; x_wconf 85' lang='lat' dir='ltr'><strong>quippe</strong></span> <span class='ocrx_word' id='word_1_83' title='bbox 688 761 798 818; x_wconf 84' lang='lat' dir='ltr'><strong>caetoris</strong></span> <span class='ocrx_word' id='word_1_84' title='bbox 838 759 962 818; x_wconf 89' lang='lat' dir='ltr'><strong>metallis</strong></span> <span class='ocrx_word' id='word_1_85' title='bbox 1016 757 1091 830; x_wconf 91' lang='lat' dir='ltr'><strong>ginis</strong></span> <span class='ocrx_word' id='word_1_86' title='bbox 1106 765 1245 829; x_wconf 89' lang='lat' dir='ltr'><strong>tanquam</strong></span> <span class='ocrx_word' id='word_1_87' title='bbox 1269 758 1427 829; x_wconf 76' lang='lat' dir='ltr'><strong>discipula,</strong></span> <span class='ocrx_word' id='word_1_88' title='bbox 1446 771 1537 829; x_wconf 88' lang='lat' dir='ltr'><strong>aqua</strong></span> <span class='ocrx_word' id='word_1_89' title='bbox 1558 757 1649 814; x_wconf 88' lang='lat' dir='ltr'><strong>sancti</strong></span> <span class='ocrx_word' id='word_1_90' title='bbox 1665 758 1803 830; x_wconf 83' lang='lat' dir='ltr'><strong>propositi</strong></span> <span class='ocrx_word' id='word_1_91' title='bbox 1819 759 1869 816; x_wconf 83' lang='lat' dir='ltr'><strong>do</strong></span> <span class='ocrx_word' id='word_1_92' title='bbox 1897 780 1899 833; x_wconf 57' lang='lat'><em>4</em></span> 
     </span>
     <span class='ocr_line' id='line_1_8' title="bbox 116 842 1899 924; baseline -0.003 -14"><span class='ocrx_word' id='word_1_93' title='bbox 116 851 295 924; x_wconf 79' lang='lat' dir='ltr'><strong>splendidius</strong></span> <span class='ocrx_word' id='word_1_94' title='bbox 308 859 336 908; x_wconf 94' lang='lat' dir='ltr'><strong>et</strong></span> <span class='ocrx_word' id='word_1_95' title='bbox 350 851 481 920; x_wconf 90' lang='lat' dir='ltr'><strong>solidius,</strong></span> <span class='ocrx_word' id='word_1_96' title='bbox 496 865 550 908; x_wconf 89' lang='lat' dir='ltr'><strong>nec</strong></span> <span class='ocrx_word' id='word_1_97' title='bbox 561 851 626 923; x_wconf 91' lang='lat' dir='ltr'><strong>igue</strong></span> <span class='ocrx_word' id='word_1_98' title='bbox 641 850 782 920; x_wconf 89' lang='lat' dir='ltr'><strong>consumi,</strong></span> <span class='ocrx_word' id='word_1_99' title='bbox 804 864 859 907; x_wconf 91' lang='lat' dir='ltr'><strong>nec</strong></span> <span class='ocrx_word' id='word_1_100' title='bbox 879 850 962 908; x_wconf 90' lang='lat' dir='ltr'><strong>rubi·</strong></span> <span class='ocrx_word' id='word_1_101' title='bbox 1015 853 1181 904; x_wconf 83' lang='lat' dir='ltr'><strong>eumenium</strong></span> <span class='ocrx_word' id='word_1_102' title='bbox 1196 848 1369 917; x_wconf 78' lang='lat' dir='ltr'><strong>suscepistis,</strong></span> <span class='ocrx_word' id='word_1_103' title='bbox 1385 854 1413 903; x_wconf 89' lang='lat' dir='ltr'><strong>et</strong></span> <span class='ocrx_word' id='word_1_104' title='bbox 1428 861 1478 917; x_wconf 90' lang='lat' dir='ltr'><strong>per</strong></span> <span class='ocrx_word' id='word_1_105' title='bbox 1492 846 1674 903; x_wconf 76' lang='lat' dir='ltr'><strong>continentiae</strong></span> <span class='ocrx_word' id='word_1_106' title='bbox 1686 855 1785 904; x_wconf 85' lang='lat' dir='ltr'><strong>votum</strong></span> <span class='ocrx_word' id='word_1_107' title='bbox 1800 861 1866 905; x_wconf 87' lang='lat' dir='ltr'><strong>eam</strong></span> <span class='ocrx_word' id='word_1_108' title='bbox 1897 842 1899 849; x_wconf 87' lang='grc'><strong>’</strong></span> 
     </span>
     <span class='ocr_line' id='line_1_9' title="bbox 116 935 1865 1015; baseline -0.003 -16"><span class='ocrx_word' id='word_1_109' title='bbox 116 943 183 1015; x_wconf 89' lang='lat' dir='ltr'><strong>gine</strong></span> <span class='ocrx_word' id='word_1_110' title='bbox 195 948 285 1013; x_wconf 90' lang='lat' dir='ltr'><strong>potest</strong></span> <span class='ocrx_word' id='word_1_111' title='bbox 300 939 456 1012; x_wconf 89' lang='lat' dir='ltr'><strong>corrumpi.</strong></span> <span class='ocrx_word' id='word_1_112' title='bbox 1016 943 1129 1004; x_wconf 88' lang='lat' dir='ltr'><strong>secutae,</strong></span> <span class='ocrx_word' id='word_1_113' title='bbox 1149 936 1286 1008; x_wconf 92' lang='lat' dir='ltr'><strong>templum</strong></span> <span class='ocrx_word' id='word_1_114' title='bbox 1304 936 1485 994; x_wconf 91' lang='lat' dir='ltr'><strong>Dominicum</strong></span> <span class='ocrx_word' id='word_1_115' title='bbox 1496 936 1563 992; x_wconf 90' lang='lat' dir='ltr'><strong>estis</strong></span> <span class='ocrx_word' id='word_1_116' title='bbox 1591 935 1682 1003; x_wconf 77' lang='lat' dir='ltr'><strong>lacta,</strong></span> <span class='ocrx_word' id='word_1_117' title='bbox 1703 937 1779 994; x_wconf 92' lang='lat' dir='ltr'><strong>sicut</strong></span> <span class='ocrx_word' id='word_1_118' title='bbox 1792 938 1865 994; x_wconf 87' lang='lat' dir='ltr'><strong>scri·</strong></span> 
     </span>
     <span class='ocr_line' id='line_1_10' title="bbox 152 1025 1866 1103; baseline -0.003 -16"><span class='ocrx_word' id='word_1_119' title='bbox 152 1030 231 1088; x_wconf 89' lang='lat' dir='ltr'><strong>Sicut</strong></span> <span class='ocrx_word' id='word_1_120' title='bbox 244 1043 312 1103; x_wconf 79' lang='lat' dir='ltr'><strong>ergo</strong></span> <span class='ocrx_word' id='word_1_121' title='bbox 327 1029 467 1086; x_wconf 88' lang='lat' dir='ltr'><strong>Dominus</strong></span> <span class='ocrx_word' id='word_1_122' title='bbox 495 1028 526 1086; x_wconf 93' lang='lat' dir='ltr'><strong>iu</strong></span> <span class='ocrx_word' id='word_1_123' title='bbox 540 1028 632 1099; x_wconf 89' lang='lat' dir='ltr'><strong>seipso</strong></span> <span class='ocrx_word' id='word_1_124' title='bbox 645 1027 726 1098; x_wconf 82' lang='lat' dir='ltr'><strong>viris,</strong></span> <span class='ocrx_word' id='word_1_125' title='bbox 740 1027 846 1100; x_wconf 89' lang='lat' dir='ltr'><strong>jamin</strong></span> <span class='ocrx_word' id='word_1_126' title='bbox 870 1036 962 1087; x_wconf 88' lang='lat' dir='ltr'><strong>matre</strong></span> <span class='ocrx_word' id='word_1_127' title='bbox 1016 1032 1099 1096; x_wconf 93' lang='lat' dir='ltr'><strong>ptum</strong></span> <span class='ocrx_word' id='word_1_128' title='bbox 1111 1032 1153 1081; x_wconf 89' lang='lat' dir='ltr'><strong>est</strong></span> <span class='ocrx_word' id='word_1_129' title='bbox 1168 1042 1175 1080; x_wconf 75' lang='grc' dir='ltr'><strong>ε</strong></span> <span class='ocrx_word' id='word_1_130' title='bbox 1191 1025 1372 1081; x_wconf 81' lang='lat' dir='ltr'><strong>Addeeeotcr</strong></span> <span class='ocrx_word' id='word_1_131' title='bbox 1390 1027 1459 1095; x_wconf 79' lang='lat' dir='ltr'><strong>itepi</strong></span> <span class='ocrx_word' id='word_1_132' title='bbox 1479 1027 1600 1093; x_wconf 84' lang='lat' dir='ltr'><strong>cirpioes</strong></span> <span class='ocrx_word' id='word_1_133' title='bbox 1622 1029 1684 1095; x_wconf 88' lang='lat' dir='ltr'><strong>post</strong></span> <span class='ocrx_word' id='word_1_134' title='bbox 1698 1041 1767 1091; x_wconf 85' lang='lat' dir='ltr'><strong>eam,</strong></span> <span class='ocrx_word' id='word_1_135' title='bbox 1792 1042 1866 1097; x_wconf 84' lang='lat' dir='ltr'><strong>pro-</strong></span> 
     </span>
     <span class='ocr_line' id='line_1_11' title="bbox 115 1113 1866 1192; baseline -0.005 -13"><span class='ocrx_word' id='word_1_136' title='bbox 115 1119 229 1179; x_wconf 86' lang='lat' dir='ltr'><strong>iemiuis</strong></span> <span class='ocrx_word' id='word_1_137' title='bbox 246 1119 367 1192; x_wconf 81' lang='lat' dir='ltr'><strong>gloriam</strong></span> <span class='ocrx_word' id='word_1_138' title='bbox 384 1119 601 1177; x_wconf 89' lang='lat' dir='ltr'><strong>resurrectionis</strong></span> <span class='ocrx_word' id='word_1_139' title='bbox 626 1117 769 1185; x_wconf 84' lang='lat' dir='ltr'><strong>exhibuit,</strong></span> <span class='ocrx_word' id='word_1_140' title='bbox 794 1131 852 1189; x_wconf 87' lang='lat' dir='ltr'><strong>quo</strong></span> <span class='ocrx_word' id='word_1_141' title='bbox 880 1118 963 1176; x_wconf 82' lang='lat' dir='ltr'><strong>vide·</strong></span> <span class='ocrx_word' id='word_1_142' title='bbox 1015 1116 1097 1169; x_wconf 72' lang='lat' dir='ltr'><strong>cimae</strong></span> <span class='ocrx_word' id='word_1_143' title='bbox 1110 1113 1169 1183; x_wconf 78' lang='lat' dir='ltr'><strong>ejus</strong></span> <span class='ocrx_word' id='word_1_144' title='bbox 1183 1113 1334 1183; x_wconf 67' lang='lat' dir='ltr'><strong>effeenter</strong></span> <span class='ocrx_word' id='word_1_145' title='bbox 1348 1113 1407 1169; x_wconf 82' lang='lat' dir='ltr'><strong>tibi.</strong></span> <span class='ocrx_word' id='word_1_146' title='bbox 1422 1114 1584 1183; x_wconf 71' lang='lat' dir='ltr'><strong>dimetitur</strong></span> <span class='ocrx_word' id='word_1_147' title='bbox 1606 1117 1636 1168; x_wconf 83' lang='lat' dir='ltr'><strong>io</strong></span> <span class='ocrx_word' id='word_1_148' title='bbox 1650 1114 1749 1170; x_wconf 76' lang='lat' dir='ltr'><strong>letitia</strong></span> <span class='ocrx_word' id='word_1_149' title='bbox 1773 1120 1798 1170; x_wconf 87' lang='lat' dir='ltr'><strong>et</strong></span> <span class='ocrx_word' id='word_1_150' title='bbox 1813 1131 1866 1171; x_wconf 82' lang='lat' dir='ltr'><strong>ec-</strong></span> 
     </span>
     <span class='ocr_line' id='line_1_12' title="bbox 59 1201 1863 1280; baseline -0.004 -14"><span class='ocrx_word' id='word_1_151' title='bbox 59 1232 61 1238; x_wconf 95' lang='lat'>·</span> <span class='ocrx_word' id='word_1_152' title='bbox 115 1209 181 1266; x_wconf 92' lang='lat' dir='ltr'><strong>licet</strong></span> <span class='ocrx_word' id='word_1_153' title='bbox 208 1209 364 1280; x_wconf 86' lang='lat' dir='ltr'><strong>utriusque</strong></span> <span class='ocrx_word' id='word_1_154' title='bbox 387 1207 640 1279; x_wconf 76' lang='lat' dir='ltr'><strong>sexusldesidcria</strong></span> <span class='ocrx_word' id='word_1_155' title='bbox 656 1221 706 1278; x_wconf 90' lang='lat' dir='ltr'><strong>spe</strong></span> <span class='ocrx_word' id='word_1_156' title='bbox 734 1207 841 1264; x_wconf 81' lang='lat' dir='ltr'><strong>iutnrae</strong></span> <span class='ocrx_word' id='word_1_157' title='bbox 869 1206 962 1264; x_wconf 91' lang='lat' dir='ltr'><strong>beati·</strong></span> <span class='ocrx_word' id='word_1_158' title='bbox 1016 1201 1174 1271; x_wconf 79' lang='lat' dir='ltr'><strong>saltatione,</strong></span> <span class='ocrx_word' id='word_1_159' title='bbox 1191 1203 1362 1259; x_wconf 79' lang='lat' dir='ltr'><strong>adducentur</strong></span> <span class='ocrx_word' id='word_1_160' title='bbox 1376 1205 1551 1273; x_wconf 76' lang='lat' dir='ltr'><strong>intemptent</strong></span> <span class='ocrx_word' id='word_1_161' title='bbox 1564 1205 1645 1271; x_wconf 79' lang='lat' dir='ltr'><strong>liceis</strong></span> <span class='ocrx_word' id='word_1_162' title='bbox 1672 1204 1758 1274; x_wconf 74' lang='lat' dir='ltr'><strong>(Psoi.</strong></span> <span class='ocrx_word' id='word_1_163' title='bbox 1783 1219 1863 1272; x_wconf 81' lang='lat' dir='ltr'><strong>xciv,</strong></span> 
     </span>
     <span class='ocr_line' id='line_1_13' title="bbox 115 1289 1866 1365; baseline -0.001 -12"><span class='ocrx_word' id='word_1_164' title='bbox 115 1294 228 1354; x_wconf 89' lang='lat' dir='ltr'><strong>tudinis</strong></span> <span class='ocrx_word' id='word_1_165' title='bbox 253 1294 378 1365; x_wconf 89' lang='lat' dir='ltr'><strong>amplius</strong></span> <span class='ocrx_word' id='word_1_166' title='bbox 403 1295 433 1350; x_wconf 95' lang='lat' dir='ltr'><strong>in</strong></span> <span class='ocrx_word' id='word_1_167' title='bbox 449 1308 480 1350; x_wconf 88' lang='lat' dir='ltr'><strong>se</strong></span> <span class='ocrx_word' id='word_1_168' title='bbox 493 1292 659 1350; x_wconf 87' lang='lat' dir='ltr'><strong>concitaret.</strong></span> <span class='ocrx_word' id='word_1_169' title='bbox 676 1292 720 1350; x_wconf 83' lang='lat' dir='ltr'><strong>Ad</strong></span> <span class='ocrx_word' id='word_1_170' title='bbox 734 1294 809 1349; x_wconf 89' lang='lat' dir='ltr'><strong>hanc</strong></span> <span class='ocrx_word' id='word_1_171' title='bbox 834 1293 963 1364; x_wconf 90' lang='lat' dir='ltr'><strong>speciali·</strong></span> <span class='ocrx_word' id='word_1_172' title='bbox 1019 1289 1072 1361; x_wconf 79' lang='lat' dir='ltr'><strong>lb).</strong></span> <span class='ocrx_word' id='word_1_173' title='bbox 1086 1292 1129 1347; x_wconf 92' lang='lat' dir='ltr'><strong>lta</strong></span> <span class='ocrx_word' id='word_1_174' title='bbox 1142 1296 1169 1347; x_wconf 90' lang='lat' dir='ltr'><strong>ct</strong></span> <span class='ocrx_word' id='word_1_175' title='bbox 1186 1304 1238 1347; x_wconf 84' lang='lat' dir='ltr'><strong>ros</strong></span> <span class='ocrx_word' id='word_1_176' title='bbox 1254 1291 1284 1348; x_wconf 94' lang='lat' dir='ltr'><strong>iu</strong></span> <span class='ocrx_word' id='word_1_177' title='bbox 1314 1290 1378 1362; x_wconf 88' lang='lat' dir='ltr'><strong>ejus</strong></span> <span class='ocrx_word' id='word_1_178' title='bbox 1405 1291 1581 1362; x_wconf 89' lang='lat' dir='ltr'><strong>discipulatu</strong></span> <span class='ocrx_word' id='word_1_179' title='bbox 1608 1299 1799 1362; x_wconf 85' lang='lat' dir='ltr'><strong>perseverate,</strong></span> <span class='ocrx_word' id='word_1_180' title='bbox 1832 1299 1866 1352; x_wconf 93' lang='lat' dir='ltr'><strong>ut</strong></span> 
     </span>
     <span class='ocr_line' id='line_1_14' title="bbox 114 1379 1862 1459; baseline -0.001 -18"><span class='ocrx_word' id='word_1_181' title='bbox 114 1391 157 1459; x_wconf 86' lang='lat' dir='ltr'><strong>ter</strong></span> <span class='ocrx_word' id='word_1_182' title='bbox 171 1384 220 1441; x_wconf 88' lang='lat' dir='ltr'><strong>illa</strong></span> <span class='ocrx_word' id='word_1_183' title='bbox 238 1398 296 1441; x_wconf 83' lang='lat' dir='ltr'><strong>vox</strong></span> <span class='ocrx_word' id='word_1_184' title='bbox 310 1383 410 1455; x_wconf 88' lang='lat' dir='ltr'><strong>Sponsi</strong></span> <span class='ocrx_word' id='word_1_185' title='bbox 423 1383 569 1456; x_wconf 90' lang='lat' dir='ltr'><strong>dirigitur,</strong></span> <span class='ocrx_word' id='word_1_186' title='bbox 585 1396 645 1454; x_wconf 87' lang='lat' dir='ltr'><strong>qua</strong></span> <span class='ocrx_word' id='word_1_187' title='bbox 662 1389 719 1439; x_wconf 89' lang='lat' dir='ltr'><strong>iam</strong></span> <span class='ocrx_word' id='word_1_188' title='bbox 744 1381 868 1439; x_wconf 91' lang='lat' dir='ltr'><strong>dulciter</strong></span> <span class='ocrx_word' id='word_1_189' title='bbox 883 1382 962 1439; x_wconf 84' lang='lat' dir='ltr'><strong>invi·</strong></span> <span class='ocrx_word' id='word_1_190' title='bbox 1018 1393 1068 1450; x_wconf 87' lang='lat' dir='ltr'><strong>per</strong></span> <span class='ocrx_word' id='word_1_191' title='bbox 1094 1392 1157 1436; x_wconf 88' lang='lat' dir='ltr'><strong>eam</strong></span> <span class='ocrx_word' id='word_1_192' title='bbox 1187 1379 1269 1436; x_wconf 86' lang='lat' dir='ltr'><strong>vobis</strong></span> <span class='ocrx_word' id='word_1_193' title='bbox 1295 1387 1418 1436; x_wconf 79' lang='lat' dir='ltr'><strong>mternas</strong></span> <span class='ocrx_word' id='word_1_194' title='bbox 1440 1380 1536 1450; x_wconf 82' lang='lat' dir='ltr'><strong>parari</strong></span> <span class='ocrx_word' id='word_1_195' title='bbox 1564 1380 1728 1438; x_wconf 89' lang='lat' dir='ltr'><strong>mansiones</strong></span> <span class='ocrx_word' id='word_1_196' title='bbox 1751 1396 1862 1439; x_wconf 86' lang='lat' dir='ltr'><strong>merea·</strong></span> 
     </span>
     <span class='ocr_line' id='line_1_15' title="bbox 115 1467 1866 1544; baseline -0.001 -14"><span class='ocrx_word' id='word_1_197' title='bbox 115 1479 215 1530; x_wconf 91' lang='lat' dir='ltr'><strong>tatur:</strong></span> <span class='ocrx_word' id='word_1_198' title='bbox 243 1474 340 1542; x_wconf 77' lang='lat' dir='ltr'><strong>serpe,</strong></span> <span class='ocrx_word' id='word_1_199' title='bbox 372 1488 499 1544; x_wconf 82' lang='lat' dir='ltr'><strong>prspere,</strong></span> <span class='ocrx_word' id='word_1_200' title='bbox 529 1474 617 1527; x_wconf 85' lang='lat' dir='ltr'><strong>emico</strong></span> <span class='ocrx_word' id='word_1_201' title='bbox 650 1487 719 1539; x_wconf 88' lang='lat' dir='ltr'><strong>mee,</strong></span> <span class='ocrx_word' id='word_1_202' title='bbox 752 1476 778 1526; x_wconf 89' lang='lat' dir='ltr'><strong>et</strong></span> <span class='ocrx_word' id='word_1_203' title='bbox 804 1474 876 1527; x_wconf 82' lang='lat' dir='ltr'><strong>veni.</strong></span> <span class='ocrx_word' id='word_1_204' title='bbox 901 1475 962 1527; x_wconf 77' lang='lat' dir='ltr'><strong>tom</strong></span> <span class='ocrx_word' id='word_1_205' title='bbox 1016 1467 1105 1538; x_wconf 92' lang='lat' dir='ltr'><strong>mini;</strong></span> <span class='ocrx_word' id='word_1_206' title='bbox 1121 1474 1148 1524; x_wconf 92' lang='lat' dir='ltr'><strong>et</strong></span> <span class='ocrx_word' id='word_1_207' title='bbox 1162 1482 1228 1539; x_wconf 80' lang='lat' dir='ltr'><strong>qua</strong></span> <span class='ocrx_word' id='word_1_208' title='bbox 1239 1482 1288 1525; x_wconf 85' lang='lat' dir='ltr'><strong>vos</strong></span> <span class='ocrx_word' id='word_1_209' title='bbox 1304 1468 1421 1539; x_wconf 90' lang='lat' dir='ltr'><strong>proprio</strong></span> <span class='ocrx_word' id='word_1_210' title='bbox 1436 1468 1567 1540; x_wconf 81' lang='lat' dir='ltr'><strong>exemplo</strong></span> <span class='ocrx_word' id='word_1_211' title='bbox 1582 1468 1711 1527; x_wconf 81' lang='lat' dir='ltr'><strong>incitavit</strong></span> <span class='ocrx_word' id='word_1_212' title='bbox 1733 1469 1770 1526; x_wconf 90' lang='lat' dir='ltr'><strong>ad</strong></span> <span class='ocrx_word' id='word_1_213' title='bbox 1797 1485 1866 1528; x_wconf 91' lang='lat' dir='ltr'><strong>cur-</strong></span> 
     </span>
     <span class='ocr_line' id='line_1_16' title="bbox 114 1556 1864 1665; baseline 0 -49"><span class='ocrx_word' id='word_1_214' title='bbox 114 1563 186 1616; x_wconf 84' lang='lat' dir='ltr'><strong>enim</strong></span> <span class='ocrx_word' id='word_1_215' title='bbox 201 1561 285 1617; x_wconf 83' lang='lat' dir='ltr'><strong>biems</strong></span> <span class='ocrx_word' id='word_1_216' title='bbox 312 1564 432 1630; x_wconf 79' lang='lat' dir='ltr'><strong>transiit,</strong></span> <span class='ocrx_word' id='word_1_217' title='bbox 448 1561 534 1617; x_wconf 81' lang='lat' dir='ltr'><strong>imber</strong></span> <span class='ocrx_word' id='word_1_218' title='bbox 548 1561 617 1616; x_wconf 84' lang='lat' dir='ltr'><strong>obiit</strong></span> <span class='ocrx_word' id='word_1_219' title='bbox 646 1565 671 1614; x_wconf 90' lang='lat' dir='ltr'><strong>et</strong></span> <span class='ocrx_word' id='word_1_220' title='bbox 685 1563 792 1616; x_wconf 86' lang='lat' dir='ltr'><strong>recessit</strong></span> <span class='ocrx_word' id='word_1_221' title='bbox 809 1561 899 1632; x_wconf 80' lang='lat' dir='ltr'><strong>(coiit.</strong></span> <span class='ocrx_word' id='word_1_222' title='bbox 930 1577 960 1628; x_wconf 90' lang='grc' dir='ltr'><strong>ιι,</strong></span> <span class='ocrx_word' id='word_1_223' title='bbox 978 1611 1000 1665; x_wconf 70' lang='grc' dir='ltr'><strong>Β</strong></span> <span class='ocrx_word' id='word_1_224' title='bbox 1016 1569 1093 1614; x_wconf 85' lang='lat' dir='ltr'><strong>sum.</strong></span> <span class='ocrx_word' id='word_1_225' title='bbox 1108 1556 1219 1613; x_wconf 82' lang='lat' dir='ltr'><strong>auxilio</strong></span> <span class='ocrx_word' id='word_1_226' title='bbox 1233 1572 1286 1614; x_wconf 90' lang='lat' dir='ltr'><strong>sno</strong></span> <span class='ocrx_word' id='word_1_227' title='bbox 1302 1557 1440 1628; x_wconf 87' lang='lat' dir='ltr'><strong>perducat</strong></span> <span class='ocrx_word' id='word_1_228' title='bbox 1453 1557 1488 1613; x_wconf 88' lang='lat' dir='ltr'><strong>ad</strong></span> <span class='ocrx_word' id='word_1_229' title='bbox 1503 1558 1647 1615; x_wconf 87' lang='lat' dir='ltr'><strong>bravium.</strong></span> <span class='ocrx_word' id='word_1_230' title='bbox 1663 1557 1778 1626; x_wconf 83' lang='lat' dir='ltr'><strong>Quanta</strong></span> <span class='ocrx_word' id='word_1_231' title='bbox 1807 1561 1864 1616; x_wconf 94' lang='lat' dir='ltr'><strong>ho-</strong></span> 
     </span>
     <span class='ocr_line' id='line_1_17' title="bbox 117 1645 1865 1721; baseline 0.001 -15"><span class='ocrx_word' id='word_1_232' title='bbox 117 1650 172 1721; x_wconf 88' lang='lat' dir='ltr'><strong>lb).</strong></span> <span class='ocrx_word' id='word_1_233' title='bbox 207 1650 337 1707; x_wconf 80' lang='lat' dir='ltr'><strong>Amicam</strong></span> <span class='ocrx_word' id='word_1_234' title='bbox 369 1649 456 1707; x_wconf 91' lang='lat' dir='ltr'><strong>simul</strong></span> <span class='ocrx_word' id='word_1_235' title='bbox 493 1657 521 1707; x_wconf 92' lang='lat' dir='ltr'><strong>et</strong></span> <span class='ocrx_word' id='word_1_236' title='bbox 549 1649 702 1706; x_wconf 88' lang='lat' dir='ltr'><strong>iormosam</strong></span> <span class='ocrx_word' id='word_1_237' title='bbox 732 1663 795 1706; x_wconf 91' lang='lat' dir='ltr'><strong>cam</strong></span> <span class='ocrx_word' id='word_1_238' title='bbox 837 1650 961 1720; x_wconf 89' lang='lat' dir='ltr'><strong>appellat</strong></span> <span class='ocrx_word' id='word_1_239' title='bbox 1017 1645 1061 1701; x_wconf 93' lang='lat' dir='ltr'><strong>die</strong></span> <span class='ocrx_word' id='word_1_240' title='bbox 1077 1645 1106 1701; x_wconf 94' lang='lat' dir='ltr'><strong>iu</strong></span> <span class='ocrx_word' id='word_1_241' title='bbox 1121 1646 1215 1714; x_wconf 87' lang='lat' dir='ltr'><strong>terris,</strong></span> <span class='ocrx_word' id='word_1_242' title='bbox 1229 1654 1341 1717; x_wconf 88' lang='lat' dir='ltr'><strong>quanta</strong></span> <span class='ocrx_word' id='word_1_243' title='bbox 1365 1646 1520 1704; x_wconf 83' lang='lat' dir='ltr'><strong>exsultatio</strong></span> <span class='ocrx_word' id='word_1_244' title='bbox 1534 1654 1576 1704; x_wconf 86' lang='lat' dir='ltr'><strong>est</strong></span> <span class='ocrx_word' id='word_1_245' title='bbox 1591 1646 1723 1704; x_wconf 89' lang='lat' dir='ltr'><strong>habenda</strong></span> <span class='ocrx_word' id='word_1_246' title='bbox 1749 1648 1778 1705; x_wconf 92' lang='lat' dir='ltr'><strong>in</strong></span> <span class='ocrx_word' id='word_1_247' title='bbox 1809 1663 1865 1707; x_wconf 84' lang='lat' dir='ltr'><strong>coe-</strong></span> 
     </span>
     <span class='ocr_line' id='line_1_18' title="bbox 114 1732 1864 1811; baseline -0.005 -14"><span class='ocrx_word' id='word_1_248' title='bbox 114 1754 181 1811; x_wconf 86' lang='lat' dir='ltr'><strong>quae</strong></span> <span class='ocrx_word' id='word_1_249' title='bbox 195 1747 275 1797; x_wconf 89' lang='lat' dir='ltr'><strong>tauta</strong></span> <span class='ocrx_word' id='word_1_250' title='bbox 290 1748 332 1796; x_wconf 90' lang='lat' dir='ltr'><strong>est</strong></span> <span class='ocrx_word' id='word_1_251' title='bbox 354 1739 494 1796; x_wconf 88' lang='lat' dir='ltr'><strong>charitate</strong></span> <span class='ocrx_word' id='word_1_252' title='bbox 518 1740 567 1795; x_wconf 90' lang='lat' dir='ltr'><strong>Dei</strong></span> <span class='ocrx_word' id='word_1_253' title='bbox 583 1738 745 1807; x_wconf 85' lang='lat' dir='ltr'><strong>vulnerata,</strong></span> <span class='ocrx_word' id='word_1_254' title='bbox 764 1746 795 1796; x_wconf 92' lang='lat' dir='ltr'><strong>ut</strong></span> <span class='ocrx_word' id='word_1_255' title='bbox 819 1739 892 1796; x_wconf 91' lang='lat' dir='ltr'><strong>nulli</strong></span> <span class='ocrx_word' id='word_1_256' title='bbox 906 1739 960 1795; x_wconf 90' lang='lat' dir='ltr'><strong>iui-</strong></span> <span class='ocrx_word' id='word_1_257' title='bbox 1016 1732 1070 1789; x_wconf 85' lang='lat' dir='ltr'><strong>lis‘i</strong></span> <span class='ocrx_word' id='word_1_258' title='bbox 1086 1740 1196 1804; x_wconf 74' lang='lat' dir='ltr'><strong>quauta</strong></span> <span class='ocrx_word' id='word_1_259' title='bbox 1210 1733 1319 1805; x_wconf 88' lang='lat' dir='ltr'><strong>augelis</strong></span> <span class='ocrx_word' id='word_1_260' title='bbox 1335 1734 1442 1804; x_wconf 76' lang='lat' dir='ltr'><strong>liariter</strong></span> <span class='ocrx_word' id='word_1_261' title='bbox 1456 1742 1545 1806; x_wconf 88' lang='lat' dir='ltr'><strong>atquc</strong></span> <span class='ocrx_word' id='word_1_262' title='bbox 1568 1734 1734 1793; x_wconf 90' lang='lat' dir='ltr'><strong>hominibus</strong></span> <span class='ocrx_word' id='word_1_263' title='bbox 1761 1736 1864 1794; x_wconf 79' lang='lat' dir='ltr'><strong>laetitia</strong></span> 
     </span>
     <span class='ocr_line' id='line_1_19' title="bbox 114 1821 1862 1901; baseline -0.002 -16"><span class='ocrx_word' id='word_1_264' title='bbox 114 1828 183 1886; x_wconf 90' lang='lat' dir='ltr'><strong>miei</strong></span> <span class='ocrx_word' id='word_1_265' title='bbox 210 1828 265 1885; x_wconf 91' lang='lat' dir='ltr'><strong>telo</strong></span> <span class='ocrx_word' id='word_1_266' title='bbox 280 1828 309 1884; x_wconf 93' lang='lat' dir='ltr'><strong>in</strong></span> <span class='ocrx_word' id='word_1_267' title='bbox 338 1842 373 1885; x_wconf 88' lang='lat' dir='ltr'><strong>ea</strong></span> <span class='ocrx_word' id='word_1_268' title='bbox 397 1829 477 1886; x_wconf 92' lang='lat' dir='ltr'><strong>locus</strong></span> <span class='ocrx_word' id='word_1_269' title='bbox 509 1836 613 1900; x_wconf 88' lang='lat' dir='ltr'><strong>pateat.</strong></span> <span class='ocrx_word' id='word_1_270' title='bbox 646 1829 678 1884; x_wconf 91' lang='lat' dir='ltr'><strong>ln</strong></span> <span class='ocrx_word' id='word_1_271' title='bbox 708 1830 794 1900; x_wconf 75' lang='lat' dir='ltr'><strong>cuius</strong></span> <span class='ocrx_word' id='word_1_272' title='bbox 821 1829 962 1901; x_wconf 79' lang='lat' dir='ltr'><strong>singulari</strong></span> <span class='ocrx_word' id='word_1_273' title='bbox 1016 1821 1171 1890; x_wconf 81' lang='lat' dir='ltr'><strong>confertur,</strong></span> <span class='ocrx_word' id='word_1_274' title='bbox 1188 1837 1255 1879; x_wconf 93' lang='lat' dir='ltr'><strong>cum</strong></span> <span class='ocrx_word' id='word_1_275' title='bbox 1273 1823 1449 1880; x_wconf 85' lang='lat' dir='ltr'><strong>haeccorum</strong></span> <span class='ocrx_word' id='word_1_276' title='bbox 1478 1823 1597 1896; x_wconf 85' lang='lat' dir='ltr'><strong>collegio</strong></span> <span class='ocrx_word' id='word_1_277' title='bbox 1611 1838 1729 1882; x_wconf 90' lang='lat' dir='ltr'><strong>sursum</strong></span> <span class='ocrx_word' id='word_1_278' title='bbox 1741 1833 1783 1882; x_wconf 92' lang='lat' dir='ltr'><strong>est</strong></span> <span class='ocrx_word' id='word_1_279' title='bbox 1811 1839 1862 1898; x_wconf 89' lang='lat' dir='ltr'><strong>ag-</strong></span> 
     </span>
     <span class='ocr_line' id='line_1_20' title="bbox 114 1912 1865 1989; baseline -0.002 -15"><span class='ocrx_word' id='word_1_280' title='bbox 114 1917 209 1986; x_wconf 89' lang='lat' dir='ltr'><strong>laude,</strong></span> <span class='ocrx_word' id='word_1_281' title='bbox 230 1924 257 1974; x_wconf 91' lang='lat' dir='ltr'><strong>et</strong></span> <span class='ocrx_word' id='word_1_282' title='bbox 282 1917 319 1974; x_wconf 92' lang='lat' dir='ltr'><strong>ab</strong></span> <span class='ocrx_word' id='word_1_283' title='bbox 347 1917 408 1988; x_wconf 91' lang='lat' dir='ltr'><strong>ipso</strong></span> <span class='ocrx_word' id='word_1_284' title='bbox 432 1918 457 1973; x_wconf 90' lang='lat' dir='ltr'><strong>ei</strong></span> <span class='ocrx_word' id='word_1_285' title='bbox 478 1918 604 1974; x_wconf 90' lang='lat' dir='ltr'><strong>dicitur:</strong></span> <span class='ocrx_word' id='word_1_286' title='bbox 637 1919 904 1989; x_wconf 79' lang='lat' dir='ltr'><strong>immoretutcmee,</strong></span> <span class='ocrx_word' id='word_1_287' title='bbox 935 1924 960 1974; x_wconf 85' lang='lat' dir='ltr'><strong>et</strong></span> <span class='ocrx_word' id='word_1_288' title='bbox 1016 1919 1145 1983; x_wconf 86' lang='lat' dir='ltr'><strong>gregata,</strong></span> <span class='ocrx_word' id='word_1_289' title='bbox 1162 1918 1189 1967; x_wconf 86' lang='lat' dir='ltr'><strong>ct</strong></span> <span class='ocrx_word' id='word_1_290' title='bbox 1204 1926 1253 1982; x_wconf 91' lang='lat' dir='ltr'><strong>per</strong></span> <span class='ocrx_word' id='word_1_291' title='bbox 1270 1925 1360 1984; x_wconf 87' lang='lat' dir='ltr'><strong>qnam</strong></span> <span class='ocrx_word' id='word_1_292' title='bbox 1383 1912 1550 1970; x_wconf 90' lang='lat' dir='ltr'><strong>hominibus</strong></span> <span class='ocrx_word' id='word_1_293' title='bbox 1571 1913 1663 1983; x_wconf 90' lang='lat' dir='ltr'><strong>patuit</strong></span> <span class='ocrx_word' id='word_1_294' title='bbox 1686 1915 1744 1981; x_wconf 92' lang='lat' dir='ltr'><strong>via,</strong></span> <span class='ocrx_word' id='word_1_295' title='bbox 1773 1921 1802 1971; x_wconf 91' lang='lat' dir='ltr'><strong>et</strong></span> <span class='ocrx_word' id='word_1_296' title='bbox 1831 1930 1865 1971; x_wconf 84' lang='lat' dir='ltr'><strong>ex</strong></span> 
     </span>
     <span class='ocr_line' id='line_1_21' title="bbox 114 1998 1862 2076; baseline 0.002 -18"><span class='ocrx_word' id='word_1_297' title='bbox 114 2003 224 2058; x_wconf 78' lang='lat' dir='ltr'><strong>mucela</strong></span> <span class='ocrx_word' id='word_1_298' title='bbox 250 2017 304 2058; x_wconf 82' lang='lat' dir='ltr'><strong>coe</strong></span> <span class='ocrx_word' id='word_1_299' title='bbox 330 2007 371 2060; x_wconf 87' lang='lat' dir='ltr'><strong>est</strong></span> <span class='ocrx_word' id='word_1_300' title='bbox 401 2006 431 2058; x_wconf 82' lang='lat' dir='ltr'><strong>ia</strong></span> <span class='ocrx_word' id='word_1_301' title='bbox 446 2003 575 2074; x_wconf 63' lang='lat' dir='ltr'><strong>temerat.</strong></span> <span class='ocrx_word' id='word_1_302' title='bbox 590 2020 618 2073; x_wconf 81' lang='lat' dir='ltr'><strong>r,</strong></span> <span class='ocrx_word' id='word_1_303' title='bbox 635 2004 674 2076; x_wconf 73' lang='grc' dir='ltr'><strong>ι).</strong></span> <span class='ocrx_word' id='word_1_304' title='bbox 695 2003 757 2061; x_wconf 84' lang='lat' dir='ltr'><strong>litsi</strong></span> <span class='ocrx_word' id='word_1_305' title='bbox 785 2002 862 2060; x_wconf 91' lang='lat' dir='ltr'><strong>enim</strong></span> <span class='ocrx_word' id='word_1_306' title='bbox 877 2005 961 2062; x_wconf 92' lang='lat' dir='ltr'><strong>multi</strong></span> <span class='ocrx_word' id='word_1_307' title='bbox 1015 1998 1182 2057; x_wconf 91' lang='lat' dir='ltr'><strong>homiuibus</strong></span> <span class='ocrx_word' id='word_1_308' title='bbox 1197 2001 1367 2073; x_wconf 90' lang='lat' dir='ltr'><strong>angelorum</strong></span> <span class='ocrx_word' id='word_1_309' title='bbox 1388 2009 1550 2059; x_wconf 87' lang='lat' dir='ltr'><strong>restaurata</strong></span> <span class='ocrx_word' id='word_1_310' title='bbox 1565 2009 1634 2059; x_wconf 92' lang='lat' dir='ltr'><strong>sunt</strong></span> <span class='ocrx_word' id='word_1_311' title='bbox 1649 2002 1777 2060; x_wconf 80' lang='lat' dir='ltr'><strong>damna?</strong></span> <span class='ocrx_word' id='word_1_312' title='bbox 1793 2003 1862 2061; x_wconf 83' lang='lat' dir='ltr'><strong>lleec</strong></span> 
     </span>
     <span class='ocr_line' id='line_1_22' title="bbox 115 2090 1865 2164; baseline 0.001 -16"><span class='ocrx_word' id='word_1_313' title='bbox 115 2092 200 2149; x_wconf 87' lang='lat' dir='ltr'><strong>amici</strong></span> <span class='ocrx_word' id='word_1_314' title='bbox 214 2091 264 2149; x_wconf 92' lang='lat' dir='ltr'><strong>Dei</strong></span> <span class='ocrx_word' id='word_1_315' title='bbox 289 2091 436 2159; x_wconf 84' lang='lat' dir='ltr'><strong>dicantur,</strong></span> <span class='ocrx_word' id='word_1_316' title='bbox 451 2093 542 2164; x_wconf 81' lang='lat' dir='ltr'><strong>’juxta</strong></span> <span class='ocrx_word' id='word_1_317' title='bbox 555 2091 634 2164; x_wconf 87' lang='lat' dir='ltr'><strong>quod</strong></span> <span class='ocrx_word' id='word_1_318' title='bbox 654 2093 715 2162; x_wconf 89' lang='lat' dir='ltr'><strong>ipse</strong></span> <span class='ocrx_word' id='word_1_319' title='bbox 739 2092 866 2163; x_wconf 88' lang='lat' dir='ltr'><strong>Sponsus</strong></span> <span class='ocrx_word' id='word_1_320' title='bbox 897 2107 962 2164; x_wconf 76' lang='lat' dir='ltr'><strong>apo</strong></span> <span class='ocrx_word' id='word_1_321' title='bbox 1016 2096 1114 2145; x_wconf 90' lang='lat' dir='ltr'><strong>nostra</strong></span> <span class='ocrx_word' id='word_1_322' title='bbox 1128 2096 1170 2146; x_wconf 90' lang='lat' dir='ltr'><strong>est</strong></span> <span class='ocrx_word' id='word_1_323' title='bbox 1185 2090 1338 2148; x_wconf 80' lang='lat' dir='ltr'><strong>mediatrix</strong></span> <span class='ocrx_word' id='word_1_324' title='bbox 1358 2091 1395 2147; x_wconf 89' lang='lat' dir='ltr'><strong>ad</strong></span> <span class='ocrx_word' id='word_1_325' title='bbox 1419 2091 1519 2154; x_wconf 88' lang='lat' dir='ltr'><strong>filium,</strong></span> <span class='ocrx_word' id='word_1_326' title='bbox 1545 2091 1619 2148; x_wconf 92' lang='lat' dir='ltr'><strong>sicut</strong></span> <span class='ocrx_word' id='word_1_327' title='bbox 1639 2098 1667 2148; x_wconf 92' lang='lat' dir='ltr'><strong>et</strong></span> <span class='ocrx_word' id='word_1_328' title='bbox 1693 2092 1751 2162; x_wconf 89' lang='lat' dir='ltr'><strong>ipse</strong></span> <span class='ocrx_word' id='word_1_329' title='bbox 1774 2092 1865 2149; x_wconf 82' lang='lat' dir='ltr'><strong>Fitius</strong></span> 
     </span>
     <span class='ocr_line' id='line_1_23' title="bbox 114 2177 1865 2253; baseline -0.001 -15"><span class='ocrx_word' id='word_1_330' title='bbox 114 2180 194 2238; x_wconf 89' lang='lat' dir='ltr'><strong>stolis</strong></span> <span class='ocrx_word' id='word_1_331' title='bbox 205 2180 268 2238; x_wconf 93' lang='lat' dir='ltr'><strong>ait:</strong></span> <span class='ocrx_word' id='word_1_332' title='bbox 298 2183 350 2239; x_wconf 87' lang='lat' dir='ltr'><strong>Vos</strong></span> <span class='ocrx_word' id='word_1_333' title='bbox 380 2186 471 2238; x_wconf 85' lang='lat' dir='ltr'><strong>eutem</strong></span> <span class='ocrx_word' id='word_1_334' title='bbox 501 2182 565 2237; x_wconf 79' lang='lat' dir='ltr'><strong>dici</strong></span> <span class='ocrx_word' id='word_1_335' title='bbox 593 2184 692 2238; x_wconf 82' lang='lat' dir='ltr'><strong>amieos</strong></span> <span class='ocrx_word' id='word_1_336' title='bbox 721 2181 811 2253; x_wconf 85' lang='lat' dir='ltr'><strong>(loeo.</strong></span> <span class='ocrx_word' id='word_1_337' title='bbox 831 2197 878 2250; x_wconf 89' lang='lat' dir='ltr'><strong>xv,</strong></span> <span class='ocrx_word' id='word_1_338' title='bbox 906 2180 959 2252; x_wconf 75' lang='lat' dir='ltr'><strong>lb),</strong></span> <span class='ocrx_word' id='word_1_339' title='bbox 1016 2177 1052 2233; x_wconf 90' lang='lat' dir='ltr'><strong>ad</strong></span> <span class='ocrx_word' id='word_1_340' title='bbox 1066 2177 1187 2234; x_wconf 89' lang='lat' dir='ltr'><strong>Patrem.</strong></span> <span class='ocrx_word' id='word_1_341' title='bbox 1212 2180 1370 2250; x_wconf 82' lang='lat' dir='ltr'><strong>Rogantem</strong></span> <span class='ocrx_word' id='word_1_342' title='bbox 1391 2194 1442 2250; x_wconf 92' lang='lat' dir='ltr'><strong>pro</strong></span> <span class='ocrx_word' id='word_1_343' title='bbox 1461 2180 1544 2237; x_wconf 92' lang='lat' dir='ltr'><strong>nobis</strong></span> <span class='ocrx_word' id='word_1_344' title='bbox 1561 2188 1681 2237; x_wconf 88' lang='lat' dir='ltr'><strong>matrem</strong></span> <span class='ocrx_word' id='word_1_345' title='bbox 1704 2179 1781 2237; x_wconf 86' lang='lat' dir='ltr'><strong>tilius</strong></span> <span class='ocrx_word' id='word_1_346' title='bbox 1805 2194 1865 2240; x_wconf 92' lang='lat' dir='ltr'><strong>non</strong></span> 
     </span>
     <span class='ocr_line' id='line_1_24' title="bbox 114 2266 1862 2339; baseline 0.001 -14"><span class='ocrx_word' id='word_1_347' title='bbox 114 2269 326 2339; x_wconf 85' lang='lat' dir='ltr'><strong>comparatione</strong></span> <span class='ocrx_word' id='word_1_348' title='bbox 351 2277 446 2326; x_wconf 90' lang='lat' dir='ltr'><strong>tamen</strong></span> <span class='ocrx_word' id='word_1_349' title='bbox 469 2270 625 2327; x_wconf 80' lang='lat' dir='ltr'><strong>Dominieae</strong></span> <span class='ocrx_word' id='word_1_350' title='bbox 639 2270 749 2338; x_wconf 84' lang='lat' dir='ltr'><strong>blateis,</strong></span> <span class='ocrx_word' id='word_1_351' title='bbox 773 2269 822 2326; x_wconf 94' lang='lat' dir='ltr'><strong>cui</strong></span> <span class='ocrx_word' id='word_1_352' title='bbox 845 2269 882 2327; x_wconf 90' lang='lat' dir='ltr'><strong>ab</strong></span> <span class='ocrx_word' id='word_1_353' title='bbox 910 2284 962 2326; x_wconf 89' lang='lat' dir='ltr'><strong>au·</strong></span> <span class='ocrx_word' id='word_1_354' title='bbox 1015 2266 1155 2323; x_wconf 83' lang='lat' dir='ltr'><strong>exaudire</strong></span> <span class='ocrx_word' id='word_1_355' title='bbox 1164 2282 1223 2323; x_wconf 93' lang='lat' dir='ltr'><strong>non</strong></span> <span class='ocrx_word' id='word_1_356' title='bbox 1239 2268 1342 2338; x_wconf 86' lang='lat' dir='ltr'><strong>potuit,</strong></span> <span class='ocrx_word' id='word_1_357' title='bbox 1357 2282 1411 2325; x_wconf 91' lang='lat' dir='ltr'><strong>uec</strong></span> <span class='ocrx_word' id='word_1_358' title='bbox 1427 2268 1563 2325; x_wconf 87' lang='lat' dir='ltr'><strong>ulloeam</strong></span> <span class='ocrx_word' id='word_1_359' title='bbox 1578 2267 1862 2339; x_wconf 61' lang='lat' dir='ltr'><strong>repercutiendus,</strong></span> 
     </span>
     <span class='ocr_line' id='line_1_25' title="bbox 115 2354 1865 2429; baseline 0.002 -17"><span class='ocrx_word' id='word_1_360' title='bbox 115 2356 177 2429; x_wconf 87' lang='lat' dir='ltr'><strong>gelo</strong></span> <span class='ocrx_word' id='word_1_361' title='bbox 192 2356 298 2413; x_wconf 92' lang='lat' dir='ltr'><strong>dicitur</strong></span> <span class='ocrx_word' id='word_1_362' title='bbox 314 2373 321 2413; x_wconf 91' lang='lat'>:</span> <span class='ocrx_word' id='word_1_363' title='bbox 337 2357 406 2425; x_wconf 82' lang='lat' dir='ltr'><strong>Ace,</strong></span> <span class='ocrx_word' id='word_1_364' title='bbox 428 2359 619 2428; x_wconf 79' lang='lat' dir='ltr'><strong>pretioplenu</strong></span> <span class='ocrx_word' id='word_1_365' title='bbox 645 2358 723 2429; x_wconf 78' lang='lat' dir='ltr'><strong>(bec.</strong></span> <span class='ocrx_word' id='word_1_366' title='bbox 750 2373 769 2427; x_wconf 92' lang='lat'><strong>1,</strong></span> <span class='ocrx_word' id='word_1_367' title='bbox 797 2360 856 2428; x_wconf 77' lang='lat'><strong>28),</strong></span> <span class='ocrx_word' id='word_1_368' title='bbox 879 2358 961 2416; x_wconf 89' lang='lat' dir='ltr'><strong>nulla</strong></span> <span class='ocrx_word' id='word_1_369' title='bbox 1016 2354 1068 2426; x_wconf 83' lang='lat' dir='ltr'><strong>qui</strong></span> <span class='ocrx_word' id='word_1_370' title='bbox 1097 2355 1234 2413; x_wconf 88' lang='lat' dir='ltr'><strong>honorem</strong></span> <span class='ocrx_word' id='word_1_371' title='bbox 1258 2366 1411 2427; x_wconf 87' lang='lat' dir='ltr'><strong>parentum</strong></span> <span class='ocrx_word' id='word_1_372' title='bbox 1441 2360 1568 2415; x_wconf 81' lang='lat' dir='ltr'><strong>maxime</strong></span> <span class='ocrx_word' id='word_1_373' title='bbox 1595 2358 1786 2416; x_wconf 86' lang='lat' dir='ltr'><strong>commendat.</strong></span> <span class='ocrx_word' id='word_1_374' title='bbox 1811 2359 1865 2415; x_wconf 80' lang='lat' dir='ltr'><strong>lrae</strong></span> 
     </span>
     <span class='ocr_line' id='line_1_26' title="bbox 113 2443 1862 2519; baseline 0 -17"><span class='ocrx_word' id='word_1_375' title='bbox 113 2452 156 2502; x_wconf 89' lang='lat' dir='ltr'><strong>est</strong></span> <span class='ocrx_word' id='word_1_376' title='bbox 170 2443 299 2503; x_wconf 89' lang='lat' dir='ltr'><strong>fidelium</strong></span> <span class='ocrx_word' id='word_1_377' title='bbox 315 2445 413 2502; x_wconf 85' lang='lat' dir='ltr'><strong>anime</strong></span> <span class='ocrx_word' id='word_1_378' title='bbox 439 2445 579 2504; x_wconf 91' lang='lat' dir='ltr'><strong>immunis</strong></span> <span class='ocrx_word' id='word_1_379' title='bbox 595 2462 612 2503; x_wconf 87' lang='lat' dir='ltr'><strong>a</strong></span> <span class='ocrx_word' id='word_1_380' title='bbox 627 2447 753 2504; x_wconf 86' lang='lat' dir='ltr'><strong>macula.</strong></span> <span class='ocrx_word' id='word_1_381' title='bbox 769 2447 866 2517; x_wconf 78' lang='lat' dir='ltr'><strong>Surge,</strong></span> <span class='ocrx_word' id='word_1_382' title='bbox 891 2464 960 2518; x_wconf 84' lang='lat' dir='ltr'><strong>pro·</strong></span> <span class='ocrx_word' id='word_1_383' title='bbox 1016 2443 1130 2501; x_wconf 89' lang='lat' dir='ltr'><strong>Domini</strong></span> <span class='ocrx_word' id='word_1_384' title='bbox 1149 2452 1314 2503; x_wconf 90' lang='lat' dir='ltr'><strong>sanctorum</strong></span> <span class='ocrx_word' id='word_1_385' title='bbox 1337 2461 1435 2517; x_wconf 90' lang='lat' dir='ltr'><strong>preces</strong></span> <span class='ocrx_word' id='word_1_386' title='bbox 1457 2447 1487 2503; x_wconf 93' lang='lat' dir='ltr'><strong>in</strong></span> <span class='ocrx_word' id='word_1_387' title='bbox 1506 2454 1618 2504; x_wconf 90' lang='lat' dir='ltr'><strong>tantum</strong></span> <span class='ocrx_word' id='word_1_388' title='bbox 1643 2448 1772 2504; x_wconf 90' lang='lat' dir='ltr'><strong>resistcre</strong></span> <span class='ocrx_word' id='word_1_389' title='bbox 1797 2446 1862 2519; x_wconf 87' lang='lat' dir='ltr'><strong>legi·</strong></span> 
     </span>
     <span class='ocr_line' id='line_1_27' title="bbox 114 2534 1861 2614; baseline 0.001 -24"><span class='ocrx_word' id='word_1_390' title='bbox 114 2550 188 2606; x_wconf 85' lang='lat' dir='ltr'><strong>pero,</strong></span> <span class='ocrx_word' id='word_1_391' title='bbox 205 2534 258 2590; x_wconf 91' lang='lat' dir='ltr'><strong>hoc</strong></span> <span class='ocrx_word' id='word_1_392' title='bbox 285 2542 345 2591; x_wconf 89' lang='lat' dir='ltr'><strong>est:</strong></span> <span class='ocrx_word' id='word_1_393' title='bbox 373 2535 486 2592; x_wconf 87' lang='lat' dir='ltr'><strong>blatura</strong></span> <span class='ocrx_word' id='word_1_394' title='bbox 515 2537 763 2605; x_wconf 85' lang='lat' dir='ltr'><strong>resurrectionem,</strong></span> <span class='ocrx_word' id='word_1_395' title='bbox 792 2537 828 2593; x_wconf 85' lang='lat' dir='ltr'><strong>ed</strong></span> <span class='ocrx_word' id='word_1_396' title='bbox 855 2551 901 2593; x_wconf 88' lang='lat' dir='ltr'><strong>me</strong></span> <span class='ocrx_word' id='word_1_397' title='bbox 924 2537 961 2593; x_wconf 91' lang='lat' dir='ltr'><strong>il-</strong></span> <span class='ocrx_word' id='word_1_398' title='bbox 1018 2546 1093 2602; x_wconf 89' lang='lat' dir='ltr'><strong>mus,</strong></span> <span class='ocrx_word' id='word_1_399' title='bbox 1115 2541 1148 2591; x_wconf 90' lang='lat' dir='ltr'><strong>ut</strong></span> <span class='ocrx_word' id='word_1_400' title='bbox 1168 2548 1357 2607; x_wconf 86' lang='lat' dir='ltr'><strong>nequaquam</strong></span> <span class='ocrx_word' id='word_1_401' title='bbox 1386 2536 1512 2593; x_wconf 88' lang='lat' dir='ltr'><strong>debitam</strong></span> <span class='ocrx_word' id='word_1_402' title='bbox 1535 2538 1622 2607; x_wconf 90' lang='lat' dir='ltr'><strong>possit</strong></span> <span class='ocrx_word' id='word_1_403' title='bbox 1649 2550 1785 2614; x_wconf 80' lang='lat' dir='ltr'><strong>exercere</strong></span> <span class='ocrx_word' id='word_1_404' title='bbox 1799 2536 1861 2593; x_wconf 83' lang='lat' dir='ltr'><strong>rin·</strong></span> 
     </span>
     <span class='ocr_line' id='line_1_28' title="bbox 115 2622 1864 2696; baseline 0 -15"><span class='ocrx_word' id='word_1_405' title='bbox 115 2624 187 2681; x_wconf 92' lang='lat' dir='ltr'><strong>lium</strong></span> <span class='ocrx_word' id='word_1_406' title='bbox 202 2630 292 2679; x_wconf 89' lang='lat' dir='ltr'><strong>mater</strong></span> <span class='ocrx_word' id='word_1_407' title='bbox 306 2637 336 2679; x_wconf 92' lang='lat' dir='ltr'><strong>cs</strong></span> <span class='ocrx_word' id='word_1_408' title='bbox 349 2624 542 2694; x_wconf 88' lang='lat' dir='ltr'><strong>perducenda.</strong></span> <span class='ocrx_word' id='word_1_409' title='bbox 569 2624 623 2683; x_wconf 87' lang='lat' dir='ltr'><strong>Per</strong></span> <span class='ocrx_word' id='word_1_410' title='bbox 639 2625 764 2684; x_wconf 87' lang='lat' dir='ltr'><strong>hiemem</strong></span> <span class='ocrx_word' id='word_1_411' title='bbox 777 2632 805 2682; x_wconf 88' lang='lat' dir='ltr'><strong>et</strong></span> <span class='ocrx_word' id='word_1_412' title='bbox 828 2626 960 2694; x_wconf 88' lang='lat' dir='ltr'><strong>imbrem,</strong></span> <span class='ocrx_word' id='word_1_413' title='bbox 1016 2622 1132 2679; x_wconf 87' lang='lat' dir='ltr'><strong>dietam.</strong></span> <span class='ocrx_word' id='word_1_414' title='bbox 1149 2622 1229 2690; x_wconf 86' lang='lat' dir='ltr'><strong>Quod</strong></span> <span class='ocrx_word' id='word_1_415' title='bbox 1254 2624 1406 2696; x_wconf 89' lang='lat' dir='ltr'><strong>diligenter</strong></span> <span class='ocrx_word' id='word_1_416' title='bbox 1420 2625 1521 2682; x_wconf 91' lang='lat' dir='ltr'><strong>beatus</strong></span> <span class='ocrx_word' id='word_1_417' title='bbox 1547 2625 1698 2682; x_wconf 88' lang='lat' dir='ltr'><strong>attendens</strong></span> <span class='ocrx_word' id='word_1_418' title='bbox 1726 2624 1864 2696; x_wconf 86' lang='lat' dir='ltr'><strong>Hierony·</strong></span> 
     </span>
     <span class='ocr_line' id='line_1_29' title="bbox 115 2710 1864 2786; baseline 0 -17"><span class='ocrx_word' id='word_1_419' title='bbox 115 2713 169 2769; x_wconf 89' lang='lat' dir='ltr'><strong>hoc</strong></span> <span class='ocrx_word' id='word_1_420' title='bbox 183 2722 225 2769; x_wconf 89' lang='lat' dir='ltr'><strong>cst</strong></span> <span class='ocrx_word' id='word_1_421' title='bbox 244 2710 312 2784; x_wconf 86' lang='lat' dir='ltr'><strong>gelu</strong></span> <span class='ocrx_word' id='word_1_422' title='bbox 342 2720 370 2770; x_wconf 92' lang='lat' dir='ltr'><strong>et</strong></span> <span class='ocrx_word' id='word_1_423' title='bbox 391 2712 531 2784; x_wconf 87' lang='lat' dir='ltr'><strong>pluviam,</strong></span> <span class='ocrx_word' id='word_1_424' title='bbox 548 2721 636 2772; x_wconf 92' lang='lat' dir='ltr'><strong>totam</strong></span> <span class='ocrx_word' id='word_1_425' title='bbox 665 2713 797 2772; x_wconf 88' lang='lat' dir='ltr'><strong>hiemalis</strong></span> <span class='ocrx_word' id='word_1_426' title='bbox 823 2714 961 2786; x_wconf 90' lang='lat' dir='ltr'><strong>temporis</strong></span> <span class='ocrx_word' id='word_1_427' title='bbox 1016 2724 1083 2766; x_wconf 90' lang='lat' dir='ltr'><strong>mus</strong></span> <span class='ocrx_word' id='word_1_428' title='bbox 1097 2724 1164 2767; x_wconf 90' lang='lat' dir='ltr'><strong>cum</strong></span> <span class='ocrx_word' id='word_1_429' title='bbox 1179 2711 1263 2769; x_wconf 90' lang='lat' dir='ltr'><strong>illum</strong></span> <span class='ocrx_word' id='word_1_430' title='bbox 1278 2712 1409 2769; x_wconf 79' lang='lat' dir='ltr'><strong>ieremias</strong></span> <span class='ocrx_word' id='word_1_431' title='bbox 1432 2713 1527 2771; x_wconf 88' lang='lat' dir='ltr'><strong>locum</strong></span> <span class='ocrx_word' id='word_1_432' title='bbox 1546 2721 1721 2785; x_wconf 79' lang='lat' dir='ltr'><strong>exponeret:</strong></span> <span class='ocrx_word' id='word_1_433' title='bbox 1749 2716 1788 2770; x_wconf 82' lang='grc' dir='ltr'><strong>ιιι</strong></span> <span class='ocrx_word' id='word_1_434' title='bbox 1817 2729 1864 2769; x_wconf 84' lang='lat' dir='ltr'><strong>oo·</strong></span> 
     </span>
     <span class='ocr_line' id='line_1_30' title="bbox 114 2801 1864 2876; baseline -0.002 -17"><span class='ocrx_word' id='word_1_435' title='bbox 114 2801 329 2873; x_wconf 85' lang='lat' dir='ltr'><strong>comprehendit</strong></span> <span class='ocrx_word' id='word_1_436' title='bbox 344 2802 625 2874; x_wconf 76' lang='lat' dir='ltr'><strong>gravitateml&#39;anto</strong></span> <span class='ocrx_word' id='word_1_437' title='bbox 650 2811 746 2860; x_wconf 86' lang='lat' dir='ltr'><strong>autem</strong></span> <span class='ocrx_word' id='word_1_438' title='bbox 760 2804 884 2876; x_wconf 86' lang='lat' dir='ltr'><strong>quisque</strong></span> <span class='ocrx_word' id='word_1_439' title='bbox 898 2817 959 2859; x_wconf 90' lang='lat' dir='ltr'><strong>am·</strong></span> <span class='ocrx_word' id='word_1_440' title='bbox 1017 2803 1070 2854; x_wconf 88' lang='lat' dir='ltr'><strong>tem</strong></span> <span class='ocrx_word' id='word_1_441' title='bbox 1084 2802 1140 2856; x_wconf 83' lang='lat' dir='ltr'><strong>neit</strong></span> <span class='ocrx_word' id='word_1_442' title='bbox 1159 2816 1237 2857; x_wconf 85' lang='lat' dir='ltr'><strong>orare</strong></span> <span class='ocrx_word' id='word_1_443' title='bbox 1263 2818 1312 2871; x_wconf 86' lang='lat' dir='ltr'><strong>pro</strong></span> <span class='ocrx_word' id='word_1_444' title='bbox 1334 2803 1435 2873; x_wconf 87' lang='lat' dir='ltr'><strong>popolo</strong></span> <span class='ocrx_word' id='word_1_445' title='bbox 1460 2804 1517 2872; x_wconf 85' lang='lat' dir='ltr'><strong>boc,</strong></span> <span class='ocrx_word' id='word_1_446' title='bbox 1547 2819 1580 2858; x_wconf 84' lang='lat' dir='ltr'><strong>ne</strong></span> <span class='ocrx_word' id='word_1_447' title='bbox 1605 2818 1683 2871; x_wconf 80' lang='lat' dir='ltr'><strong>roges</strong></span> <span class='ocrx_word' id='word_1_448' title='bbox 1707 2808 1739 2858; x_wconf 85' lang='lat' dir='ltr'><strong>ot</strong></span> <span class='ocrx_word' id='word_1_449' title='bbox 1758 2805 1864 2859; x_wconf 72' lang='lat' dir='ltr'><strong>cibet·</strong></span> 
     </span>
     <span class='ocr_line' id='line_1_31' title="bbox 115 2882 1864 2962; baseline 0.001 -16"><span class='ocrx_word' id='word_1_450' title='bbox 115 2888 191 2962; x_wconf 91' lang='lat' dir='ltr'><strong>plius</strong></span> <span class='ocrx_word' id='word_1_451' title='bbox 211 2891 241 2946; x_wconf 93' lang='lat' dir='ltr'><strong>in</strong></span> <span class='ocrx_word' id='word_1_452' title='bbox 256 2890 310 2947; x_wconf 86' lang='lat' dir='ltr'><strong>bae</strong></span> <span class='ocrx_word' id='word_1_453' title='bbox 323 2891 384 2948; x_wconf 87' lang='lat' dir='ltr'><strong>vita</strong></span> <span class='ocrx_word' id='word_1_454' title='bbox 399 2898 549 2962; x_wconf 86' lang='lat' dir='ltr'><strong>gravatur,</strong></span> <span class='ocrx_word' id='word_1_455' title='bbox 564 2897 591 2948; x_wconf 88' lang='lat' dir='ltr'><strong>et</strong></span> <span class='ocrx_word' id='word_1_456' title='bbox 608 2891 717 2948; x_wconf 83' lang='lat' dir='ltr'><strong>invitus</strong></span> <span class='ocrx_word' id='word_1_457' title='bbox 731 2899 855 2960; x_wconf 89' lang='lat' dir='ltr'><strong>tenetur,</strong></span> <span class='ocrx_word' id='word_1_458' title='bbox 865 2905 961 2962; x_wconf 84' lang='lat' dir='ltr'><strong>quan·</strong></span> <span class='ocrx_word' id='word_1_459' title='bbox 978 2882 1000 2942; x_wconf 84' lang='lat' dir='ltr'>C</span> <span class='ocrx_word' id='word_1_460' title='bbox 1015 2889 1137 2944; x_wconf 83' lang='lat' dir='ltr'><strong>cordium</strong></span> <span class='ocrx_word' id='word_1_461' title='bbox 1166 2895 1356 2960; x_wconf 81' lang='lat' dir='ltr'><strong>consequatur,</strong></span> <span class='ocrx_word' id='word_1_462' title='bbox 1391 2897 1417 2948; x_wconf 88' lang='lat' dir='ltr'><strong>et</strong></span> <span class='ocrx_word' id='word_1_463' title='bbox 1456 2908 1509 2948; x_wconf 85' lang='lat' dir='ltr'><strong>non</strong></span> <span class='ocrx_word' id='word_1_464' title='bbox 1540 2893 1656 2948; x_wconf 83' lang='lat' dir='ltr'><strong>obsistas</strong></span> <span class='ocrx_word' id='word_1_465' title='bbox 1690 2894 1768 2961; x_wconf 82' lang='lat' dir='ltr'><strong>mibi,</strong></span> <span class='ocrx_word' id='word_1_466' title='bbox 1797 2895 1864 2962; x_wconf 77' lang='lat' dir='ltr'><strong>quie</strong></span> 
     </span>
    </p>
   </div>
   <div class='ocr_carea' id='block_1_3' title="bbox 77 2968 1864 3499">
    <p class='ocr_par' dir='ltr' id='par_1_3' title="bbox 77 2968 1864 3499">
     <span class='ocr_line' id='line_1_32' title="bbox 115 2968 1861 3054; baseline 0.002 -19"><span class='ocrx_word' id='word_1_467' title='bbox 115 2987 145 3036; x_wconf 91' lang='lat' dir='ltr'><strong>to</strong></span> <span class='ocrx_word' id='word_1_468' title='bbox 167 2979 295 3037; x_wconf 82' lang='lat' dir='ltr'><strong>securior</strong></span> <span class='ocrx_word' id='word_1_469' title='bbox 321 2981 355 3037; x_wconf 89' lang='lat' dir='ltr'><strong>de</strong></span> <span class='ocrx_word' id='word_1_470' title='bbox 387 2979 496 3049; x_wconf 88' lang='lat' dir='ltr'><strong>lutura,</strong></span> <span class='ocrx_word' id='word_1_471' title='bbox 527 2968 632 3052; x_wconf 76' lang='lat' dir='ltr'><strong>maiori</strong></span> <span class='ocrx_word' id='word_1_472' title='bbox 667 2980 807 3038; x_wconf 89' lang='lat' dir='ltr'><strong>desiderio</strong></span> <span class='ocrx_word' id='word_1_473' title='bbox 836 2981 873 3038; x_wconf 86' lang='lat' dir='ltr'><strong>ad</strong></span> <span class='ocrx_word' id='word_1_474' title='bbox 897 2994 960 3038; x_wconf 84' lang='lat' dir='ltr'><strong>cani</strong></span> <span class='ocrx_word' id='word_1_475' title='bbox 1016 2992 1070 3033; x_wconf 84' lang='lat' dir='ltr'><strong>noo</strong></span> <span class='ocrx_word' id='word_1_476' title='bbox 1084 2978 1230 3034; x_wconf 66' lang='lat' dir='ltr'><strong>mundium</strong></span> <span class='ocrx_word' id='word_1_477' title='bbox 1256 2985 1282 3035; x_wconf 87' lang='lat' dir='ltr'><strong>te</strong></span> <span class='ocrx_word' id='word_1_478' title='bbox 1309 2980 1381 3052; x_wconf 79' lang='lat' dir='ltr'><strong>(der.</strong></span> <span class='ocrx_word' id='word_1_479' title='bbox 1411 2995 1462 3050; x_wconf 84' lang='lat' dir='ltr'><strong>ru,</strong></span> <span class='ocrx_word' id='word_1_480' title='bbox 1490 2981 1544 3054; x_wconf 81' lang='lat' dir='ltr'><strong>lb),</strong></span> <span class='ocrx_word' id='word_1_481' title='bbox 1570 2982 1610 3039; x_wconf 91' lang='lat' dir='ltr'><strong>ait</strong></span> <span class='ocrx_word' id='word_1_482' title='bbox 1640 2982 1721 3054; x_wconf 72' lang='lat' dir='ltr'><strong>(dile</strong></span> <span class='ocrx_word' id='word_1_483' title='bbox 1751 2981 1861 3047; x_wconf 73' lang='lat' dir='ltr'><strong>«Quod</strong></span> 
     </span>
     <span class='ocr_line' id='line_1_33' title="bbox 114 3067 1864 3142; baseline 0.001 -16"><span class='ocrx_word' id='word_1_484' title='bbox 114 3068 239 3126; x_wconf 75' lang='lat' dir='ltr'><strong>festinat.</strong></span> <span class='ocrx_word' id='word_1_485' title='bbox 268 3067 338 3136; x_wconf 87' lang='lat' dir='ltr'><strong>Quis</strong></span> <span class='ocrx_word' id='word_1_486' title='bbox 370 3077 467 3126; x_wconf 91' lang='lat' dir='ltr'><strong>autem</strong></span> <span class='ocrx_word' id='word_1_487' title='bbox 495 3070 623 3126; x_wconf 86' lang='lat' dir='ltr'><strong>fidelium</strong></span> <span class='ocrx_word' id='word_1_488' title='bbox 652 3070 694 3126; x_wconf 91' lang='lat' dir='ltr'><strong>sic</strong></span> <span class='ocrx_word' id='word_1_489' title='bbox 723 3070 758 3126; x_wconf 90' lang='lat' dir='ltr'><strong>ad</strong></span> <span class='ocrx_word' id='word_1_490' title='bbox 793 3069 960 3139; x_wconf 86' lang='lat' dir='ltr'><strong>Dominum,</strong></span> <span class='ocrx_word' id='word_1_491' title='bbox 1016 3074 1113 3124; x_wconf 91' lang='lat' dir='ltr'><strong>autem</strong></span> <span class='ocrx_word' id='word_1_492' title='bbox 1141 3068 1219 3138; x_wconf 92' lang='lat' dir='ltr'><strong>dicit,</strong></span> <span class='ocrx_word' id='word_1_493' title='bbox 1249 3073 1275 3125; x_wconf 89' lang='lat' dir='ltr'><strong>et</strong></span> <span class='ocrx_word' id='word_1_494' title='bbox 1305 3085 1360 3125; x_wconf 82' lang='lat' dir='ltr'><strong>coe</strong></span> <span class='ocrx_word' id='word_1_495' title='bbox 1386 3073 1499 3127; x_wconf 83' lang='lat' dir='ltr'><strong>resistes</strong></span> <span class='ocrx_word' id='word_1_496' title='bbox 1534 3072 1612 3139; x_wconf 84' lang='lat' dir='ltr'><strong>mibi,</strong></span> <span class='ocrx_word' id='word_1_497' title='bbox 1641 3070 1765 3129; x_wconf 90' lang='lat' dir='ltr'><strong>ostendit</strong></span> <span class='ocrx_word' id='word_1_498' title='bbox 1792 3071 1864 3142; x_wconf 84' lang='lat' dir='ltr'><strong>quia</strong></span> 
     </span>
     <span class='ocr_line' id='line_1_34' title="bbox 115 3157 1863 3232; baseline 0.002 -18"><span class='ocrx_word' id='word_1_499' title='bbox 115 3157 190 3215; x_wconf 89' lang='lat' dir='ltr'><strong>sieut</strong></span> <span class='ocrx_word' id='word_1_500' title='bbox 207 3165 297 3213; x_wconf 89' lang='lat' dir='ltr'><strong>mater</strong></span> <span class='ocrx_word' id='word_1_501' title='bbox 311 3158 460 3227; x_wconf 88' lang='lat' dir='ltr'><strong>pervenire</strong></span> <span class='ocrx_word' id='word_1_502' title='bbox 474 3157 611 3230; x_wconf 89' lang='lat' dir='ltr'><strong>cupiebat</strong></span> <span class='ocrx_word' id='word_1_503' title='bbox 626 3158 663 3215; x_wconf 91' lang='lat' dir='ltr'><strong>ad</strong></span> <span class='ocrx_word' id='word_1_504' title='bbox 674 3158 786 3215; x_wconf 76' lang='lat' dir='ltr'><strong>illium?</strong></span> <span class='ocrx_word' id='word_1_505' title='bbox 801 3160 892 3216; x_wconf 79' lang='lat' dir='ltr'><strong>lanto</strong></span> <span class='ocrx_word' id='word_1_506' title='bbox 914 3174 961 3216; x_wconf 92' lang='lat' dir='ltr'><strong>er·</strong></span> <span class='ocrx_word' id='word_1_507' title='bbox 1016 3163 1182 3215; x_wconf 88' lang='lat' dir='ltr'><strong>sanctorum</strong></span> <span class='ocrx_word' id='word_1_508' title='bbox 1196 3157 1287 3215; x_wconf 89' lang='lat' dir='ltr'><strong>oratio</strong></span> <span class='ocrx_word' id='word_1_509' title='bbox 1300 3158 1350 3215; x_wconf 81' lang='lat' dir='ltr'><strong>irae</strong></span> <span class='ocrx_word' id='word_1_510' title='bbox 1377 3159 1426 3217; x_wconf 91' lang='lat' dir='ltr'><strong>Dei</strong></span> <span class='ocrx_word' id='word_1_511' title='bbox 1456 3161 1546 3232; x_wconf 92' lang='lat' dir='ltr'><strong>possit</strong></span> <span class='ocrx_word' id='word_1_512' title='bbox 1571 3159 1712 3218; x_wconf 86' lang='lat' dir='ltr'><strong>resistcre.</strong></span> <span class='ocrx_word' id='word_1_513' title='bbox 1743 3159 1824 3216; x_wconf 89' lang='lat' dir='ltr'><strong>Unde</strong></span> <span class='ocrx_word' id='word_1_514' title='bbox 1835 3166 1863 3217; x_wconf 90' lang='lat' dir='ltr'><strong>et</strong></span> 
     </span>
     <span class='ocr_line' id='line_1_35' title="bbox 77 3243 1863 3320; baseline 0.001 -19"><span class='ocrx_word' id='word_1_515' title='bbox 77 3264 80 3270; x_wconf 94' lang='lat'>·</span> <span class='ocrx_word' id='word_1_516' title='bbox 115 3246 242 3318; x_wconf 87' lang='lat' dir='ltr'><strong>gohanc</strong></span> <span class='ocrx_word' id='word_1_517' title='bbox 262 3247 351 3304; x_wconf 83' lang='lat' dir='ltr'><strong>vitam</strong></span> <span class='ocrx_word' id='word_1_518' title='bbox 374 3247 467 3318; x_wconf 91' lang='lat' dir='ltr'><strong>magis</strong></span> <span class='ocrx_word' id='word_1_519' title='bbox 490 3262 540 3317; x_wconf 88' lang='lat' dir='ltr'><strong>pro</strong></span> <span class='ocrx_word' id='word_1_520' title='bbox 568 3246 661 3304; x_wconf 88' lang='lat' dir='ltr'><strong>hieme</strong></span> <span class='ocrx_word' id='word_1_521' title='bbox 680 3247 815 3315; x_wconf 87' lang='lat' dir='ltr'><strong>habebat,</strong></span> <span class='ocrx_word' id='word_1_522' title='bbox 842 3255 869 3305; x_wconf 90' lang='lat' dir='ltr'><strong>et</strong></span> <span class='ocrx_word' id='word_1_523' title='bbox 896 3263 961 3320; x_wconf 88' lang='lat' dir='ltr'><strong>gra·</strong></span> <span class='ocrx_word' id='word_1_524' title='bbox 1016 3243 1148 3315; x_wconf 86' lang='lat' dir='ltr'><strong>loquitur</strong></span> <span class='ocrx_word' id='word_1_525' title='bbox 1177 3247 1213 3302; x_wconf 89' lang='lat' dir='ltr'><strong>ad</strong></span> <span class='ocrx_word' id='word_1_526' title='bbox 1241 3248 1378 3318; x_wconf 81' lang='lat' dir='ltr'><strong>Moysen:</strong></span> <span class='ocrx_word' id='word_1_527' title='bbox 1406 3251 1519 3304; x_wconf 85' lang='lat' dir='ltr'><strong>Dimitte</strong></span> <span class='ocrx_word' id='word_1_528' title='bbox 1546 3263 1597 3314; x_wconf 84' lang='lat' dir='ltr'><strong>me,</strong></span> <span class='ocrx_word' id='word_1_529' title='bbox 1637 3264 1671 3304; x_wconf 85' lang='lat' dir='ltr'><strong>ce</strong></span> <span class='ocrx_word' id='word_1_530' title='bbox 1709 3251 1863 3320; x_wconf 81' lang='lat' dir='ltr'><strong>percutient</strong></span> 
     </span>
     <span class='ocr_line' id='line_1_36' title="bbox 114 3334 1864 3409; baseline 0.001 -19"><span class='ocrx_word' id='word_1_531' title='bbox 114 3335 182 3391; x_wconf 84' lang='lat' dir='ltr'><strong>rius</strong></span> <span class='ocrx_word' id='word_1_532' title='bbox 200 3334 370 3404; x_wconf 90' lang='lat' dir='ltr'><strong>sustinebat,</strong></span> <span class='ocrx_word' id='word_1_533' title='bbox 387 3342 498 3406; x_wconf 86' lang='lat' dir='ltr'><strong>quanto</strong></span> <span class='ocrx_word' id='word_1_534' title='bbox 513 3335 549 3392; x_wconf 93' lang='lat' dir='ltr'><strong>ad</strong></span> <span class='ocrx_word' id='word_1_535' title='bbox 573 3343 700 3393; x_wconf 82' lang='lat' dir='ltr'><strong>aestatem</strong></span> <span class='ocrx_word' id='word_1_536' title='bbox 725 3350 859 3408; x_wconf 85' lang='lat' dir='ltr'><strong>supernae</strong></span> <span class='ocrx_word' id='word_1_537' title='bbox 881 3351 962 3394; x_wconf 89' lang='lat' dir='ltr'><strong>sere-</strong></span> <span class='ocrx_word' id='word_1_538' title='bbox 1014 3335 1147 3405; x_wconf 82' lang='lat' dir='ltr'><strong>populum</strong></span> <span class='ocrx_word' id='word_1_539' title='bbox 1175 3337 1269 3393; x_wconf 69' lang='lat' dir='ltr'><strong>stem.</strong></span> <span class='ocrx_word' id='word_1_540' title='bbox 1294 3336 1326 3392; x_wconf 87' lang='lat' dir='ltr'><strong>si</strong></span> <span class='ocrx_word' id='word_1_541' title='bbox 1356 3351 1426 3409; x_wconf 89' lang='lat' dir='ltr'><strong>ergo</strong></span> <span class='ocrx_word' id='word_1_542' title='bbox 1461 3345 1630 3394; x_wconf 89' lang='lat' dir='ltr'><strong>sauctorum</strong></span> <span class='ocrx_word' id='word_1_543' title='bbox 1662 3338 1755 3394; x_wconf 90' lang='lat' dir='ltr'><strong>oratio</strong></span> <span class='ocrx_word' id='word_1_544' title='bbox 1802 3343 1864 3394; x_wconf 89' lang='lat' dir='ltr'><strong>tan·</strong></span> 
     </span>
     <span class='ocr_line' id='line_1_37' title="bbox 115 3422 1862 3499; baseline 0.002 -20"><span class='ocrx_word' id='word_1_545' title='bbox 115 3422 213 3480; x_wconf 90' lang='lat' dir='ltr'><strong>nitatis</strong></span> <span class='ocrx_word' id='word_1_546' title='bbox 229 3423 353 3493; x_wconf 89' lang='lat' dir='ltr'><strong>amplius</strong></span> <span class='ocrx_word' id='word_1_547' title='bbox 368 3423 532 3482; x_wconf 87' lang='lat' dir='ltr'><strong>anhelabat.</strong></span> <span class='ocrx_word' id='word_1_548' title='bbox 556 3425 636 3483; x_wconf 88' lang='lat' dir='ltr'><strong>Unde</strong></span> <span class='ocrx_word' id='word_1_549' title='bbox 649 3433 723 3482; x_wconf 90' lang='lat' dir='ltr'><strong>recte</strong></span> <span class='ocrx_word' id='word_1_550' title='bbox 751 3439 831 3482; x_wconf 92' lang='lat' dir='ltr'><strong>nuuc</strong></span> <span class='ocrx_word' id='word_1_551' title='bbox 857 3425 962 3483; x_wconf 92' lang='lat' dir='ltr'><strong>dicitur</strong></span> <span class='ocrx_word' id='word_1_552' title='bbox 1014 3425 1077 3480; x_wconf 89' lang='lat' dir='ltr'><strong>tum</strong></span> <span class='ocrx_word' id='word_1_553' title='bbox 1092 3423 1168 3481; x_wconf 84' lang='lat' dir='ltr'><strong>valet</strong></span> <span class='ocrx_word' id='word_1_554' title='bbox 1182 3426 1217 3482; x_wconf 98' lang='lat' dir='ltr'><strong>ad</strong></span> <span class='ocrx_word' id='word_1_555' title='bbox 1235 3425 1407 3497; x_wconf 89' lang='lat' dir='ltr'><strong>placandam</strong></span> <span class='ocrx_word' id='word_1_556' title='bbox 1425 3427 1542 3497; x_wconf 88' lang='lat' dir='ltr'><strong>superni</strong></span> <span class='ocrx_word' id='word_1_557' title='bbox 1557 3427 1665 3483; x_wconf 88' lang='lat' dir='ltr'><strong>ludieis</strong></span> <span class='ocrx_word' id='word_1_558' title='bbox 1682 3428 1765 3494; x_wconf 89' lang='lat' dir='ltr'><strong>iram,</strong></span> <span class='ocrx_word' id='word_1_559' title='bbox 1791 3425 1862 3499; x_wconf 89' lang='lat' dir='ltr'><strong>quid</strong></span> 
     </span>
    </p>
   </div>
   <div class='ocr_carea' id='block_1_4' title="bbox 68 3511 1897 5369">
    <p class='ocr_par' dir='ltr' id='par_1_4' title="bbox 68 3511 1897 4744">
     <span class='ocr_line' id='line_1_38' title="bbox 114 3511 1864 3587; baseline 0.002 -18"><span class='ocrx_word' id='word_1_560' title='bbox 114 3511 151 3580; x_wconf 86' lang='lat' dir='ltr'><strong>ei,</strong></span> <span class='ocrx_word' id='word_1_561' title='bbox 164 3512 226 3583; x_wconf 88' lang='lat' dir='ltr'><strong>jam</strong></span> <span class='ocrx_word' id='word_1_562' title='bbox 242 3511 325 3570; x_wconf 90' lang='lat' dir='ltr'><strong>hiens</strong></span> <span class='ocrx_word' id='word_1_563' title='bbox 342 3513 488 3570; x_wconf 89' lang='lat' dir='ltr'><strong>transiisse</strong></span> <span class='ocrx_word' id='word_1_564' title='bbox 504 3521 532 3570; x_wconf 90' lang='lat' dir='ltr'><strong>et</strong></span> <span class='ocrx_word' id='word_1_565' title='bbox 562 3514 654 3571; x_wconf 89' lang='lat' dir='ltr'><strong>imber</strong></span> <span class='ocrx_word' id='word_1_566' title='bbox 680 3515 793 3584; x_wconf 90' lang='lat' dir='ltr'><strong>abiisse,</strong></span> <span class='ocrx_word' id='word_1_567' title='bbox 810 3529 876 3586; x_wconf 82' lang='lat' dir='ltr'><strong>quae</strong></span> <span class='ocrx_word' id='word_1_568' title='bbox 900 3514 962 3571; x_wconf 90' lang='lat' dir='ltr'><strong>lini·</strong></span> <span class='ocrx_word' id='word_1_569' title='bbox 1015 3512 1191 3572; x_wconf 81' lang='lat' dir='ltr'><strong>decretione</strong></span> <span class='ocrx_word' id='word_1_570' title='bbox 1207 3514 1308 3571; x_wconf 87' lang='lat' dir='ltr'><strong>matris</strong></span> <span class='ocrx_word' id='word_1_571' title='bbox 1318 3516 1492 3586; x_wconf 89' lang='lat' dir='ltr'><strong>sperandum</strong></span> <span class='ocrx_word' id='word_1_572' title='bbox 1507 3523 1559 3580; x_wconf 88' lang='lat' dir='ltr'><strong>est,</strong></span> <span class='ocrx_word' id='word_1_573' title='bbox 1585 3515 1620 3573; x_wconf 93' lang='lat' dir='ltr'><strong>de</strong></span> <span class='ocrx_word' id='word_1_574' title='bbox 1635 3527 1694 3587; x_wconf 77' lang='lat' dir='ltr'><strong>cua</strong></span> <span class='ocrx_word' id='word_1_575' title='bbox 1709 3524 1788 3574; x_wconf 90' lang='lat' dir='ltr'><strong>tauto</strong></span> <span class='ocrx_word' id='word_1_576' title='bbox 1803 3530 1864 3572; x_wconf 91' lang='lat' dir='ltr'><strong>am·</strong></span> 
     </span>
     <span class='ocr_line' id='line_1_39' title="bbox 114 3600 1860 3677; baseline 0.003 -20"><span class='ocrx_word' id='word_1_577' title='bbox 114 3600 151 3658; x_wconf 91' lang='lat' dir='ltr'><strong>tis</strong></span> <span class='ocrx_word' id='word_1_578' title='bbox 162 3601 297 3658; x_wconf 90' lang='lat' dir='ltr'><strong>omnibus</strong></span> <span class='ocrx_word' id='word_1_579' title='bbox 323 3601 459 3669; x_wconf 88' lang='lat' dir='ltr'><strong>molestis,</strong></span> <span class='ocrx_word' id='word_1_580' title='bbox 483 3616 542 3659; x_wconf 92' lang='lat' dir='ltr'><strong>uon</strong></span> <span class='ocrx_word' id='word_1_581' title='bbox 562 3603 598 3659; x_wconf 90' lang='lat' dir='ltr'><strong>ad</strong></span> <span class='ocrx_word' id='word_1_582' title='bbox 621 3602 704 3661; x_wconf 91' lang='lat' dir='ltr'><strong>illum</strong></span> <span class='ocrx_word' id='word_1_583' title='bbox 719 3603 843 3660; x_wconf 75' lang='lat' dir='ltr'><strong>Abrahae</strong></span> <span class='ocrx_word' id='word_1_584' title='bbox 863 3603 960 3660; x_wconf 89' lang='lat' dir='ltr'><strong>sinum</strong></span> <span class='ocrx_word' id='word_1_585' title='bbox 1014 3601 1092 3673; x_wconf 91' lang='lat' dir='ltr'><strong>plius</strong></span> <span class='ocrx_word' id='word_1_586' title='bbox 1119 3605 1369 3674; x_wconf 89' lang='lat' dir='ltr'><strong>peecatoribusest</strong></span> <span class='ocrx_word' id='word_1_587' title='bbox 1391 3605 1603 3673; x_wconf 80' lang='lat' dir='ltr'><strong>confidendum,</strong></span> <span class='ocrx_word' id='word_1_588' title='bbox 1618 3614 1646 3663; x_wconf 90' lang='lat' dir='ltr'><strong>et</strong></span> <span class='ocrx_word' id='word_1_589' title='bbox 1673 3606 1860 3677; x_wconf 79' lang='lat' dir='ltr'><strong>quodamde</strong></span> 
     </span>
     <span class='ocr_line' id='line_1_40' title="bbox 114 3689 1861 3768; baseline 0.001 -20"><span class='ocrx_word' id='word_1_590' title='bbox 114 3696 142 3748; x_wconf 91' lang='lat' dir='ltr'><strong>et</strong></span> <span class='ocrx_word' id='word_1_591' title='bbox 167 3689 346 3762; x_wconf 79' lang='lat' dir='ltr'><strong>refrigerium</strong></span> <span class='ocrx_word' id='word_1_592' title='bbox 376 3691 515 3763; x_wconf 84' lang='lat' dir='ltr'><strong>bdelium,</strong></span> <span class='ocrx_word' id='word_1_593' title='bbox 538 3706 595 3763; x_wconf 87' lang='lat' dir='ltr'><strong>quo</strong></span> <span class='ocrx_word' id='word_1_594' title='bbox 619 3704 730 3764; x_wconf 88' lang='lat' dir='ltr'><strong>pauper</strong></span> <span class='ocrx_word' id='word_1_595' title='bbox 751 3693 872 3749; x_wconf 83' lang='lat' dir='ltr'><strong>lazarus</strong></span> <span class='ocrx_word' id='word_1_596' title='bbox 899 3706 961 3764; x_wconf 90' lang='lat' dir='ltr'><strong>per·</strong></span> <span class='ocrx_word' id='word_1_597' title='bbox 1014 3691 1073 3749; x_wconf 92' lang='lat' dir='ltr'><strong>bito</strong></span> <span class='ocrx_word' id='word_1_598' title='bbox 1095 3692 1125 3749; x_wconf 91' lang='lat' dir='ltr'><strong>in</strong></span> <span class='ocrx_word' id='word_1_599' title='bbox 1144 3692 1199 3750; x_wconf 93' lang='lat' dir='ltr'><strong>boc</strong></span> <span class='ocrx_word' id='word_1_600' title='bbox 1225 3693 1317 3764; x_wconf 89' lang='lat' dir='ltr'><strong>ipsam</strong></span> <span class='ocrx_word' id='word_1_601' title='bbox 1332 3694 1432 3764; x_wconf 90' lang='lat' dir='ltr'><strong>teneri,</strong></span> <span class='ocrx_word' id='word_1_602' title='bbox 1463 3702 1574 3767; x_wconf 87' lang='lat' dir='ltr'><strong>quanto</strong></span> <span class='ocrx_word' id='word_1_603' title='bbox 1599 3696 1690 3768; x_wconf 81' lang='lat' dir='ltr'><strong>magis</strong></span> <span class='ocrx_word' id='word_1_604' title='bbox 1705 3695 1784 3766; x_wconf 89' lang='lat' dir='ltr'><strong>apud</strong></span> <span class='ocrx_word' id='word_1_605' title='bbox 1803 3709 1861 3752; x_wconf 91' lang='lat' dir='ltr'><strong>om·</strong></span> 
     </span>
     <span class='ocr_line' id='line_1_41' title="bbox 115 3778 1863 3855; baseline 0.003 -19"><span class='ocrx_word' id='word_1_606' title='bbox 115 3778 220 3836; x_wconf 90' lang='lat' dir='ltr'><strong>ductus</strong></span> <span class='ocrx_word' id='word_1_607' title='bbox 237 3785 290 3846; x_wconf 89' lang='lat' dir='ltr'><strong>est,</strong></span> <span class='ocrx_word' id='word_1_608' title='bbox 318 3778 368 3836; x_wconf 90' lang='lat' dir='ltr'><strong>sed</strong></span> <span class='ocrx_word' id='word_1_609' title='bbox 385 3779 422 3836; x_wconf 91' lang='lat' dir='ltr'><strong>ad</strong></span> <span class='ocrx_word' id='word_1_610' title='bbox 442 3779 558 3838; x_wconf 82' lang='lat' dir='ltr'><strong>aetberei</strong></span> <span class='ocrx_word' id='word_1_611' title='bbox 586 3780 682 3838; x_wconf 89' lang='lat' dir='ltr'><strong>throni</strong></span> <span class='ocrx_word' id='word_1_612' title='bbox 709 3781 823 3838; x_wconf 92' lang='lat' dir='ltr'><strong>culmen</strong></span> <span class='ocrx_word' id='word_1_613' title='bbox 850 3788 892 3841; x_wconf 90' lang='lat' dir='ltr'><strong>est</strong></span> <span class='ocrx_word' id='word_1_614' title='bbox 915 3796 960 3840; x_wconf 91' lang='lat' dir='ltr'><strong>as·</strong></span> <span class='ocrx_word' id='word_1_615' title='bbox 1014 3789 1199 3851; x_wconf 90' lang='lat' dir='ltr'><strong>nescoustat,</strong></span> <span class='ocrx_word' id='word_1_616' title='bbox 1229 3781 1318 3854; x_wconf 82' lang='lat' dir='ltr'><strong>huius</strong></span> <span class='ocrx_word' id='word_1_617' title='bbox 1344 3783 1443 3855; x_wconf 78' lang='lat' dir='ltr'><strong>gloria·</strong></span> <span class='ocrx_word' id='word_1_618' title='bbox 1467 3783 1642 3855; x_wconf 87' lang='lat' dir='ltr'><strong>singularem</strong></span> <span class='ocrx_word' id='word_1_619' title='bbox 1670 3784 1807 3841; x_wconf 90' lang='lat' dir='ltr'><strong>honorem</strong></span> <span class='ocrx_word' id='word_1_620' title='bbox 1831 3791 1863 3842; x_wconf 93' lang='lat' dir='ltr'><strong>ut</strong></span> 
     </span>
     <span class='ocr_line' id='line_1_42' title="bbox 112 3867 1860 3944; baseline 0.002 -19"><span class='ocrx_word' id='word_1_621' title='bbox 112 3867 263 3925; x_wconf 89' lang='lat' dir='ltr'><strong>sumenda.</strong></span> <span class='ocrx_word' id='word_1_622' title='bbox 278 3868 340 3925; x_wconf 88' lang='lat' dir='ltr'><strong>llon</strong></span> <span class='ocrx_word' id='word_1_623' title='bbox 354 3868 524 3940; x_wconf 90' lang='lat' dir='ltr'><strong>ignoramus</strong></span> <span class='ocrx_word' id='word_1_624' title='bbox 538 3869 654 3927; x_wconf 89' lang='lat' dir='ltr'><strong>beatum</strong></span> <span class='ocrx_word' id='word_1_625' title='bbox 666 3869 872 3942; x_wconf 83' lang='lat' dir='ltr'><strong>Hieronymum</strong></span> <span class='ocrx_word' id='word_1_626' title='bbox 891 3871 958 3944; x_wconf 74' lang='grc' dir='ltr'>(ιθ),</span> <span class='ocrx_word' id='word_1_627' title='bbox 1014 3871 1169 3927; x_wconf 83' lang='lat' dir='ltr'><strong>materDci</strong></span> <span class='ocrx_word' id='word_1_628' title='bbox 1194 3878 1278 3940; x_wconf 87' lang='lat' dir='ltr'><strong>esset,</strong></span> <span class='ocrx_word' id='word_1_629' title='bbox 1306 3871 1421 3927; x_wconf 90' lang='lat' dir='ltr'><strong>nonnisi</strong></span> <span class='ocrx_word' id='word_1_630' title='bbox 1445 3885 1496 3942; x_wconf 87' lang='lat' dir='ltr'><strong>pro</strong></span> <span class='ocrx_word' id='word_1_631' title='bbox 1517 3871 1715 3941; x_wconf 89' lang='lat' dir='ltr'><strong>peccatoribus</strong></span> <span class='ocrx_word' id='word_1_632' title='bbox 1729 3872 1860 3943; x_wconf 88' lang='lat' dir='ltr'><strong>adeptam</strong></span> 
     </span>
     <span class='ocr_line' id='line_1_43' title="bbox 113 3956 1860 4031; baseline 0.001 -17"><span class='ocrx_word' id='word_1_633' title='bbox 113 3971 182 4015; x_wconf 92' lang='lat' dir='ltr'><strong>cum</strong></span> <span class='ocrx_word' id='word_1_634' title='bbox 207 3957 296 4030; x_wconf 86' lang='lat' dir='ltr'><strong>hujus</strong></span> <span class='ocrx_word' id='word_1_635' title='bbox 320 3957 531 4029; x_wconf 83' lang='lat' dir='ltr'><strong>Assumptionis</strong></span> <span class='ocrx_word' id='word_1_636' title='bbox 563 3973 723 4016; x_wconf 90' lang='lat' dir='ltr'><strong>sermonem</strong></span> <span class='ocrx_word' id='word_1_637' title='bbox 760 3959 908 4028; x_wconf 86' lang='lat' dir='ltr'><strong>scriberet,</strong></span> <span class='ocrx_word' id='word_1_638' title='bbox 928 3960 959 4016; x_wconf 91' lang='lat' dir='ltr'><strong>in</strong></span> <span class='ocrx_word' id='word_1_639' title='bbox 1013 3956 1125 4015; x_wconf 77' lang='lat' dir='ltr'><strong>luisse?</strong></span> <span class='ocrx_word' id='word_1_640' title='bbox 1144 3959 1188 4017; x_wconf 76' lang='lat' dir='ltr'><strong>Ad</strong></span> <span class='ocrx_word' id='word_1_641' title='bbox 1211 3959 1304 4031; x_wconf 63' lang='lat' dir='ltr'><strong>¹(guod</strong></span> <span class='ocrx_word' id='word_1_642' title='bbox 1332 3960 1449 4031; x_wconf 87' lang='lat' dir='ltr'><strong>quidem</strong></span> <span class='ocrx_word' id='word_1_643' title='bbox 1474 3959 1601 4017; x_wconf 89' lang='lat' dir='ltr'><strong>debitum</strong></span> <span class='ocrx_word' id='word_1_644' title='bbox 1631 3959 1860 4031; x_wconf 88' lang='lat' dir='ltr'><strong>persolvendum,</strong></span> 
     </span>
     <span class='ocr_line' id='line_1_44' title="bbox 114 4046 1859 4120; baseline 0.001 -17"><span class='ocrx_word' id='word_1_645' title='bbox 114 4052 227 4103; x_wconf 91' lang='lat' dir='ltr'><strong>tantum</strong></span> <span class='ocrx_word' id='word_1_646' title='bbox 247 4046 394 4104; x_wconf 87' lang='lat' dir='ltr'><strong>dubitasse</strong></span> <span class='ocrx_word' id='word_1_647' title='bbox 417 4047 452 4104; x_wconf 91' lang='lat' dir='ltr'><strong>de</strong></span> <span class='ocrx_word' id='word_1_648' title='bbox 465 4049 674 4105; x_wconf 89' lang='lat' dir='ltr'><strong>resurrectione</strong></span> <span class='ocrx_word' id='word_1_649' title='bbox 696 4049 761 4118; x_wconf 91' lang='lat' dir='ltr'><strong>hae,</strong></span> <span class='ocrx_word' id='word_1_650' title='bbox 778 4062 867 4120; x_wconf 86' lang='lat' dir='ltr'><strong>quam</strong></span> <span class='ocrx_word' id='word_1_651' title='bbox 882 4049 958 4106; x_wconf 85' lang='lat' dir='ltr'><strong>diri·</strong></span> <span class='ocrx_word' id='word_1_652' title='bbox 1013 4059 1103 4117; x_wconf 83' lang='lat' dir='ltr'><strong>quam</strong></span> <span class='ocrx_word' id='word_1_653' title='bbox 1116 4054 1261 4119; x_wconf 87' lang='lat' dir='ltr'><strong>prompta,</strong></span> <span class='ocrx_word' id='word_1_654' title='bbox 1278 4060 1367 4118; x_wconf 88' lang='lat' dir='ltr'><strong>quam</strong></span> <span class='ocrx_word' id='word_1_655' title='bbox 1382 4055 1541 4119; x_wconf 87' lang='lat' dir='ltr'><strong>spontanea</strong></span> <span class='ocrx_word' id='word_1_656' title='bbox 1555 4049 1591 4105; x_wconf 89' lang='lat' dir='ltr'><strong>sit</strong></span> <span class='ocrx_word' id='word_1_657' title='bbox 1613 4048 1685 4119; x_wconf 89' lang='lat' dir='ltr'><strong>ipsa,</strong></span> <span class='ocrx_word' id='word_1_658' title='bbox 1715 4057 1743 4105; x_wconf 91' lang='lat' dir='ltr'><strong>et</strong></span> <span class='ocrx_word' id='word_1_659' title='bbox 1768 4050 1859 4106; x_wconf 90' lang='lat' dir='ltr'><strong>omui·</strong></span> 
     </span>
     <span class='ocr_line' id='line_1_45' title="bbox 113 4133 1860 4209; baseline 0.002 -18"><span class='ocrx_word' id='word_1_660' title='bbox 113 4148 180 4191; x_wconf 91' lang='lat' dir='ltr'><strong>mus</strong></span> <span class='ocrx_word' id='word_1_661' title='bbox 203 4135 232 4191; x_wconf 93' lang='lat' dir='ltr'><strong>in</strong></span> <span class='ocrx_word' id='word_1_662' title='bbox 246 4144 339 4193; x_wconf 89' lang='lat' dir='ltr'><strong>matre</strong></span> <span class='ocrx_word' id='word_1_663' title='bbox 352 4135 465 4193; x_wconf 93' lang='lat' dir='ltr'><strong>Domini</strong></span> <span class='ocrx_word' id='word_1_664' title='bbox 493 4137 673 4209; x_wconf 91' lang='lat' dir='ltr'><strong>completam,</strong></span> <span class='ocrx_word' id='word_1_665' title='bbox 701 4145 733 4195; x_wconf 92' lang='lat' dir='ltr'><strong>ut</strong></span> <span class='ocrx_word' id='word_1_666' title='bbox 757 4139 864 4196; x_wconf 86' lang='lat' dir='ltr'><strong>diceret</strong></span> <span class='ocrx_word' id='word_1_667' title='bbox 884 4139 958 4196; x_wconf 89' lang='lat' dir='ltr'><strong>nibil</strong></span> <span class='ocrx_word' id='word_1_668' title='bbox 1013 4133 1068 4191; x_wconf 91' lang='lat' dir='ltr'><strong>hus</strong></span> <span class='ocrx_word' id='word_1_669' title='bbox 1092 4136 1142 4206; x_wconf 85' lang='lat' dir='ltr'><strong>qui</strong></span> <span class='ocrx_word' id='word_1_670' title='bbox 1162 4148 1226 4192; x_wconf 89' lang='lat' dir='ltr'><strong>eam</strong></span> <span class='ocrx_word' id='word_1_671' title='bbox 1252 4135 1388 4193; x_wconf 89' lang='lat' dir='ltr'><strong>invocant</strong></span> <span class='ocrx_word' id='word_1_672' title='bbox 1416 4136 1446 4192; x_wconf 91' lang='lat' dir='ltr'><strong>in</strong></span> <span class='ocrx_word' id='word_1_673' title='bbox 1465 4136 1681 4194; x_wconf 83' lang='lat' dir='ltr'><strong>necessitatibus</strong></span> <span class='ocrx_word' id='word_1_674' title='bbox 1705 4137 1860 4194; x_wconf 85' lang='lat' dir='ltr'><strong>subvenire</strong></span> 
     </span>
     <span class='ocr_line' id='line_1_46' title="bbox 113 4212 1860 4298; baseline 0.003 -22"><span class='ocrx_word' id='word_1_675' title='bbox 113 4229 266 4292; x_wconf 89' lang='lat' dir='ltr'><strong>procerte</strong></span> <span class='ocrx_word' id='word_1_676' title='bbox 297 4223 364 4279; x_wconf 91' lang='lat' dir='ltr'><strong>hine</strong></span> <span class='ocrx_word' id='word_1_677' title='bbox 387 4223 496 4293; x_wconf 90' lang='lat' dir='ltr'><strong>haberi,</strong></span> <span class='ocrx_word' id='word_1_678' title='bbox 528 4227 613 4282; x_wconf 91' lang='lat' dir='ltr'><strong>«uisi</strong></span> <span class='ocrx_word' id='word_1_679' title='bbox 644 4227 721 4298; x_wconf 85' lang='lat' dir='ltr'><strong>quod</strong></span> <span class='ocrx_word' id='word_1_680' title='bbox 748 4228 888 4285; x_wconf 88' lang='lat' dir='ltr'><strong>hodierna</strong></span> <span class='ocrx_word' id='word_1_681' title='bbox 913 4212 1125 4295; x_wconf 70' lang='lat' dir='ltr'><strong>dierarata</strong></span> <span class='ocrx_word' id='word_1_682' title='bbox 1158 4224 1316 4281; x_wconf 89' lang='lat' dir='ltr'><strong>multorum</strong></span> <span class='ocrx_word' id='word_1_683' title='bbox 1357 4226 1419 4297; x_wconf 80' lang='lat' dir='ltr'><strong>jam</strong></span> <span class='ocrx_word' id='word_1_684' title='bbox 1447 4226 1641 4296; x_wconf 91' lang='lat' dir='ltr'><strong>comperimus</strong></span> <span class='ocrx_word' id='word_1_685' title='bbox 1683 4225 1860 4296; x_wconf 82' lang='lat' dir='ltr'><strong>experientia</strong></span> 
     </span>
     <span class='ocr_line' id='line_1_47' title="bbox 113 4309 1861 4385; baseline 0.003 -20"><span class='ocrx_word' id='word_1_686' title='bbox 113 4309 251 4381; x_wconf 81' lang='lat' dir='ltr'><strong>migrarit</strong></span> <span class='ocrx_word' id='word_1_687' title='bbox 275 4311 310 4368; x_wconf 91' lang='lat' dir='ltr'><strong>de</strong></span> <span class='ocrx_word' id='word_1_688' title='bbox 338 4327 497 4383; x_wconf 84' lang='lat' dir='ltr'><strong>corpore.»</strong></span> <span class='ocrx_word' id='word_1_689' title='bbox 521 4315 575 4371; x_wconf 88' lang='lat' dir='ltr'><strong>Sed</strong></span> <span class='ocrx_word' id='word_1_690' title='bbox 596 4330 664 4373; x_wconf 89' lang='lat' dir='ltr'><strong>corn</strong></span> <span class='ocrx_word' id='word_1_691' title='bbox 692 4317 721 4373; x_wconf 93' lang='lat' dir='ltr'><strong>in</strong></span> <span class='ocrx_word' id='word_1_692' title='bbox 750 4317 867 4375; x_wconf 85' lang='lat' dir='ltr'><strong>Daniele</strong></span> <span class='ocrx_word' id='word_1_693' title='bbox 891 4319 959 4375; x_wconf 89' lang='lat' dir='ltr'><strong>scri-</strong></span> <span class='ocrx_word' id='word_1_694' title='bbox 1013 4322 1189 4384; x_wconf 85' lang='lat' dir='ltr'><strong>sanctorum,</strong></span> <span class='ocrx_word' id='word_1_695' title='bbox 1214 4326 1341 4385; x_wconf 87' lang='lat' dir='ltr'><strong>quorum</strong></span> <span class='ocrx_word' id='word_1_696' title='bbox 1370 4314 1511 4373; x_wconf 87' lang='lat' dir='ltr'><strong>nonnulla</strong></span> <span class='ocrx_word' id='word_1_697' title='bbox 1539 4315 1711 4372; x_wconf 86' lang='lat' dir='ltr'><strong>deducentes</strong></span> <span class='ocrx_word' id='word_1_698' title='bbox 1748 4315 1778 4370; x_wconf 92' lang='lat' dir='ltr'><strong>in</strong></span> <span class='ocrx_word' id='word_1_699' title='bbox 1805 4329 1861 4371; x_wconf 80' lang='lat' dir='ltr'><strong>mc</strong></span> 
     </span>
     <span class='ocr_line' id='line_1_48' title="bbox 113 4400 1858 4476; baseline 0.002 -20"><span class='ocrx_word' id='word_1_700' title='bbox 113 4407 196 4471; x_wconf 91' lang='lat' dir='ltr'><strong>ptum</strong></span> <span class='ocrx_word' id='word_1_701' title='bbox 215 4400 272 4458; x_wconf 91' lang='lat' dir='ltr'><strong>sit:</strong></span> <span class='ocrx_word' id='word_1_702' title='bbox 302 4403 512 4459; x_wconf 70' lang='lat' dir='ltr'><strong>Petrensibunt</strong></span> <span class='ocrx_word' id='word_1_703' title='bbox 528 4405 654 4475; x_wconf 82' lang='lat' dir='ltr'><strong>plurimi,</strong></span> <span class='ocrx_word' id='word_1_704' title='bbox 683 4412 708 4461; x_wconf 92' lang='lat' dir='ltr'><strong>et</strong></span> <span class='ocrx_word' id='word_1_705' title='bbox 735 4407 881 4476; x_wconf 83' lang='lat' dir='ltr'><strong>multiplea</strong></span> <span class='ocrx_word' id='word_1_706' title='bbox 906 4407 959 4462; x_wconf 85' lang='lat' dir='ltr'><strong>erit</strong></span> <span class='ocrx_word' id='word_1_707' title='bbox 1014 4403 1105 4471; x_wconf 88' lang='lat' dir='ltr'><strong>dium,</strong></span> <span class='ocrx_word' id='word_1_708' title='bbox 1137 4404 1177 4460; x_wconf 92' lang='lat' dir='ltr'><strong>sic</strong></span> <span class='ocrx_word' id='word_1_709' title='bbox 1215 4417 1233 4460; x_wconf 94' lang='lat' dir='ltr'><strong>a</strong></span> <span class='ocrx_word' id='word_1_710' title='bbox 1264 4403 1390 4462; x_wconf 90' lang='lat' dir='ltr'><strong>minimis</strong></span> <span class='ocrx_word' id='word_1_711' title='bbox 1422 4403 1595 4462; x_wconf 86' lang='lat' dir='ltr'><strong>inchoamus</strong></span> <span class='ocrx_word' id='word_1_712' title='bbox 1642 4412 1675 4462; x_wconf 91' lang='lat' dir='ltr'><strong>ut</strong></span> <span class='ocrx_word' id='word_1_713' title='bbox 1704 4404 1858 4476; x_wconf 84' lang='lat' dir='ltr'><strong>pervenia-</strong></span> 
     </span>
     <span class='ocr_line' id='line_1_49' title="bbox 68 4489 1860 4565; baseline 0.003 -22"><span class='ocrx_word' id='word_1_714' title='bbox 68 4519 71 4525; x_wconf 88' lang='lat'>·</span> <span class='ocrx_word' id='word_1_715' title='bbox 112 4489 225 4544; x_wconf 80' lang='lat' dir='ltr'><strong>scientie</strong></span> <span class='ocrx_word' id='word_1_716' title='bbox 257 4491 339 4559; x_wconf 82' lang='lat' dir='ltr'><strong>(Duo.</strong></span> <span class='ocrx_word' id='word_1_717' title='bbox 373 4505 422 4560; x_wconf 84' lang='grc' dir='ltr'>ιιιι,</span> <span class='ocrx_word' id='word_1_718' title='bbox 456 4491 500 4564; x_wconf 79' lang='grc' dir='ltr'>ι);</span> <span class='ocrx_word' id='word_1_719' title='bbox 532 4499 560 4550; x_wconf 92' lang='lat' dir='ltr'><strong>et</strong></span> <span class='ocrx_word' id='word_1_720' title='bbox 592 4494 693 4552; x_wconf 90' lang='lat' dir='ltr'><strong>beatus</strong></span> <span class='ocrx_word' id='word_1_721' title='bbox 722 4495 892 4552; x_wconf 83' lang='lat' dir='ltr'><strong>Benedictus</strong></span> <span class='ocrx_word' id='word_1_722' title='bbox 928 4495 959 4551; x_wconf 93' lang='lat' dir='ltr'><strong>in</strong></span> <span class='ocrx_word' id='word_1_723' title='bbox 1013 4507 1079 4550; x_wconf 88' lang='lat' dir='ltr'><strong>mus</strong></span> <span class='ocrx_word' id='word_1_724' title='bbox 1094 4492 1130 4548; x_wconf 89' lang='lat' dir='ltr'><strong>ad</strong></span> <span class='ocrx_word' id='word_1_725' title='bbox 1151 4493 1293 4563; x_wconf 84' lang='lat' dir='ltr'><strong>marima3</strong></span> <span class='ocrx_word' id='word_1_726' title='bbox 1327 4499 1360 4549; x_wconf 91' lang='lat' dir='ltr'><strong>ut</strong></span> <span class='ocrx_word' id='word_1_727' title='bbox 1391 4503 1458 4549; x_wconf 92' lang='lat' dir='ltr'><strong>cum</strong></span> <span class='ocrx_word' id='word_1_728' title='bbox 1486 4507 1550 4550; x_wconf 89' lang='lat' dir='ltr'><strong>eam</strong></span> <span class='ocrx_word' id='word_1_729' title='bbox 1573 4494 1607 4550; x_wconf 93' lang='lat' dir='ltr'><strong>de</strong></span> <span class='ocrx_word' id='word_1_730' title='bbox 1640 4494 1738 4565; x_wconf 85' lang='lat' dir='ltr'><strong>parvis</strong></span> <span class='ocrx_word' id='word_1_731' title='bbox 1762 4493 1860 4550; x_wconf 88' lang='lat' dir='ltr'><strong>memi-</strong></span> 
     </span>
     <span class='ocr_line' id='line_1_50' title="bbox 112 4576 1897 4656; baseline 0.003 -23"><span class='ocrx_word' id='word_1_732' title='bbox 112 4576 224 4649; x_wconf 85' lang='lat' dir='ltr'><strong>Regula</strong></span> <span class='ocrx_word' id='word_1_733' title='bbox 243 4578 319 4636; x_wconf 88' lang='lat' dir='ltr'><strong>dicat</strong></span> <span class='ocrx_word' id='word_1_734' title='bbox 339 4579 406 4652; x_wconf 82' lang='grc' dir='ltr'>(ιι),</span> <span class='ocrx_word' id='word_1_735' title='bbox 431 4581 502 4652; x_wconf 87' lang='lat' dir='ltr'><strong>qnia</strong></span> <span class='ocrx_word' id='word_1_736' title='bbox 520 4582 628 4640; x_wconf 83' lang='lat' dir='ltr'><strong>revelat</strong></span> <span class='ocrx_word' id='word_1_737' title='bbox 648 4582 725 4640; x_wconf 90' lang='lat' dir='ltr'><strong>Deus</strong></span> <span class='ocrx_word' id='word_1_738' title='bbox 749 4598 824 4655; x_wconf 84' lang='lat' dir='ltr'><strong>saepe</strong></span> <span class='ocrx_word' id='word_1_739' title='bbox 848 4584 958 4656; x_wconf 84' lang='lat' dir='ltr'><strong>juniori</strong></span> <span class='ocrx_word' id='word_1_740' title='bbox 1014 4581 1143 4639; x_wconf 89' lang='lat' dir='ltr'><strong>nerimus</strong></span> <span class='ocrx_word' id='word_1_741' title='bbox 1152 4594 1267 4648; x_wconf 88' lang='lat' dir='ltr'><strong>curare,</strong></span> <span class='ocrx_word' id='word_1_742' title='bbox 1287 4581 1322 4638; x_wconf 91' lang='lat' dir='ltr'><strong>de</strong></span> <span class='ocrx_word' id='word_1_743' title='bbox 1342 4580 1501 4652; x_wconf 87' lang='lat' dir='ltr'><strong>majoribus</strong></span> <span class='ocrx_word' id='word_1_744' title='bbox 1515 4582 1608 4653; x_wconf 91' lang='lat' dir='ltr'><strong>ipsam</strong></span> <span class='ocrx_word' id='word_1_745' title='bbox 1621 4593 1679 4640; x_wconf 90' lang='lat' dir='ltr'><strong>uon</strong></span> <span class='ocrx_word' id='word_1_746' title='bbox 1694 4582 1859 4640; x_wconf 88' lang='lat' dir='ltr'><strong>dubitemus</strong></span> <span class='ocrx_word' id='word_1_747' title='bbox 1893 4578 1897 4587; x_wconf 83' lang='lat'>&#39;</span> 
     </span>
     <span class='ocr_line' id='line_1_51' title="bbox 113 4666 1275 4744; baseline 0.003 -22"><span class='ocrx_word' id='word_1_748' title='bbox 113 4667 191 4737; x_wconf 86' lang='lat' dir='ltr'><strong>quod</strong></span> <span class='ocrx_word' id='word_1_749' title='bbox 206 4682 264 4724; x_wconf 91' lang='lat' dir='ltr'><strong>uon</strong></span> <span class='ocrx_word' id='word_1_750' title='bbox 282 4669 390 4727; x_wconf 87' lang='lat' dir='ltr'><strong>revelat</strong></span> <span class='ocrx_word' id='word_1_751' title='bbox 426 4670 552 4741; x_wconf 85' lang='lat' dir='ltr'><strong>majori:</strong></span> <span class='ocrx_word' id='word_1_752' title='bbox 584 4671 677 4742; x_wconf 89' lang='lat' dir='ltr'><strong>potuit</strong></span> <span class='ocrx_word' id='word_1_753' title='bbox 712 4666 886 4744; x_wconf 81' lang='lat' dir='ltr'><strong>contingere,</strong></span> <span class='ocrx_word' id='word_1_754' title='bbox 927 4679 960 4730; x_wconf 92' lang='lat' dir='ltr'><strong>ut</strong></span> <span class='ocrx_word' id='word_1_755' title='bbox 1013 4670 1163 4728; x_wconf 88' lang='lat' dir='ltr'><strong>sollicitam</strong></span> <span class='ocrx_word' id='word_1_756' title='bbox 1178 4684 1275 4727; x_wconf 79' lang='lat' dir='ltr'><strong>esse.»</strong></span> 
     </span>
    </p>

    <p class='ocr_par' dir='ltr' id='par_1_5' title="bbox 91 4756 1861 5369">
     <span class='ocr_line' id='line_1_52' title="bbox 112 4756 1860 4832; baseline 0.003 -19"><span class='ocrx_word' id='word_1_757' title='bbox 112 4756 191 4827; x_wconf 88' lang='lat' dir='ltr'><strong>quod</strong></span> <span class='ocrx_word' id='word_1_758' title='bbox 211 4763 338 4828; x_wconf 91' lang='lat' dir='ltr'><strong>tempore</strong></span> <span class='ocrx_word' id='word_1_759' title='bbox 367 4758 532 4830; x_wconf 82' lang='lat' dir='ltr'><strong>lliercuyml</strong></span> <span class='ocrx_word' id='word_1_760' title='bbox 549 4759 632 4818; x_wconf 89' lang='lat' dir='ltr'><strong>latuit</strong></span> <span class='ocrx_word' id='word_1_761' title='bbox 659 4761 813 4829; x_wconf 87' lang='lat' dir='ltr'><strong>incertum,</strong></span> <span class='ocrx_word' id='word_1_762' title='bbox 835 4768 959 4832; x_wconf 89' lang='lat' dir='ltr'><strong>postmo-</strong></span> <span class='ocrx_word' id='word_1_763' title='bbox 1049 4760 1156 4818; x_wconf 84' lang='lat' dir='ltr'><strong>vinum</strong></span> <span class='ocrx_word' id='word_1_764' title='bbox 1183 4760 1214 4816; x_wconf 95' lang='lat' dir='ltr'><strong>in</strong></span> <span class='ocrx_word' id='word_1_765' title='bbox 1230 4759 1337 4829; x_wconf 89' lang='lat' dir='ltr'><strong>nuptiis</strong></span> <span class='ocrx_word' id='word_1_766' title='bbox 1350 4757 1485 4816; x_wconf 88' lang='lat' dir='ltr'><strong>deiecisse</strong></span> <span class='ocrx_word' id='word_1_767' title='bbox 1497 4758 1631 4832; x_wconf 88' lang='lat' dir='ltr'><strong>legimus,</strong></span> <span class='ocrx_word' id='word_1_768' title='bbox 1646 4760 1681 4817; x_wconf 92' lang='lat' dir='ltr'><strong>ad</strong></span> <span class='ocrx_word' id='word_1_769' title='bbox 1693 4774 1768 4832; x_wconf 80' lang='lat' dir='ltr'><strong>quos</strong></span> <span class='ocrx_word' id='word_1_770' title='bbox 1782 4761 1860 4818; x_wconf 83' lang='lat' dir='ltr'><strong>iilius</strong></span> 
     </span>
     <span class='ocr_line' id='line_1_53' title="bbox 111 4847 1859 4922; baseline 0.001 -19"><span class='ocrx_word' id='word_1_771' title='bbox 111 4847 183 4905; x_wconf 92' lang='lat' dir='ltr'><strong>dum</strong></span> <span class='ocrx_word' id='word_1_772' title='bbox 204 4848 350 4905; x_wconf 87' lang='lat' dir='ltr'><strong>revelante</strong></span> <span class='ocrx_word' id='word_1_773' title='bbox 375 4849 483 4920; x_wconf 88' lang='lat' dir='ltr'><strong>Spiritu</strong></span> <span class='ocrx_word' id='word_1_774' title='bbox 504 4850 583 4908; x_wconf 87' lang='lat' dir='ltr'><strong>ficret</strong></span> <span class='ocrx_word' id='word_1_775' title='bbox 608 4851 803 4909; x_wconf 89' lang='lat' dir='ltr'><strong>maniiestum.</strong></span> <span class='ocrx_word' id='word_1_776' title='bbox 826 4852 908 4919; x_wconf 83' lang='lat' dir='ltr'><strong>Quod</strong></span> <span class='ocrx_word' id='word_1_777' title='bbox 934 4852 959 4908; x_wconf 90' lang='lat' dir='ltr'><strong>si</strong></span> <span class='ocrx_word' id='word_1_778' title='bbox 1013 4850 1155 4922; x_wconf 86' lang='lat' dir='ltr'><strong>ejuseum</strong></span> <span class='ocrx_word' id='word_1_779' title='bbox 1184 4849 1246 4919; x_wconf 89' lang='lat' dir='ltr'><strong>ipsa</strong></span> <span class='ocrx_word' id='word_1_780' title='bbox 1271 4856 1299 4905; x_wconf 93' lang='lat' dir='ltr'><strong>et</strong></span> <span class='ocrx_word' id='word_1_781' title='bbox 1323 4847 1473 4919; x_wconf 89' lang='lat' dir='ltr'><strong>discipulis</strong></span> <span class='ocrx_word' id='word_1_782' title='bbox 1490 4857 1607 4906; x_wconf 87' lang='lat' dir='ltr'><strong>venerat</strong></span> <span class='ocrx_word' id='word_1_783' title='bbox 1621 4850 1770 4907; x_wconf 84' lang='lat' dir='ltr'><strong>invitatos.</strong></span> <span class='ocrx_word' id='word_1_784' title='bbox 1786 4850 1859 4908; x_wconf 88' lang='lat' dir='ltr'><strong>lliuo</strong></span> 
     </span>
     <span class='ocr_line' id='line_1_54' title="bbox 111 4936 1858 5012; baseline 0.001 -20"><span class='ocrx_word' id='word_1_785' title='bbox 111 4936 199 4993; x_wconf 92' lang='lat' dir='ltr'><strong>etiam</strong></span> <span class='ocrx_word' id='word_1_786' title='bbox 219 4950 237 4993; x_wconf 94' lang='lat' dir='ltr'><strong>a</strong></span> <span class='ocrx_word' id='word_1_787' title='bbox 260 4937 364 4996; x_wconf 90' lang='lat' dir='ltr'><strong>minori</strong></span> <span class='ocrx_word' id='word_1_788' title='bbox 391 4938 428 4994; x_wconf 91' lang='lat' dir='ltr'><strong>ad</strong></span> <span class='ocrx_word' id='word_1_789' title='bbox 454 4939 550 5010; x_wconf 81' lang='lat' dir='ltr'><strong>majus</strong></span> <span class='ocrx_word' id='word_1_790' title='bbox 573 4949 781 5012; x_wconf 88' lang='lat' dir='ltr'><strong>argumentum</strong></span> <span class='ocrx_word' id='word_1_791' title='bbox 804 4942 957 5011; x_wconf 87' lang='lat' dir='ltr'><strong>ducamus,</strong></span> <span class='ocrx_word' id='word_1_792' title='bbox 1013 4939 1113 5010; x_wconf 85' lang='lat' dir='ltr'><strong>itaque</strong></span> <span class='ocrx_word' id='word_1_793' title='bbox 1133 4937 1171 4995; x_wconf 94' lang='lat' dir='ltr'><strong>ibi</strong></span> <span class='ocrx_word' id='word_1_794' title='bbox 1201 4936 1358 5005; x_wconf 90' lang='lat' dir='ltr'><strong>delicieute,</strong></span> <span class='ocrx_word' id='word_1_795' title='bbox 1386 4937 1455 4994; x_wconf 89' lang='lat' dir='ltr'><strong>dicit</strong></span> <span class='ocrx_word' id='word_1_796' title='bbox 1484 4946 1576 4995; x_wconf 91' lang='lat' dir='ltr'><strong>mater</strong></span> <span class='ocrx_word' id='word_1_797' title='bbox 1606 4938 1673 4995; x_wconf 85' lang='lat' dir='ltr'><strong>lesu</strong></span> <span class='ocrx_word' id='word_1_798' title='bbox 1700 4938 1736 4995; x_wconf 89' lang='lat' dir='ltr'><strong>ad</strong></span> <span class='ocrx_word' id='word_1_799' title='bbox 1762 4953 1858 4995; x_wconf 88' lang='lat' dir='ltr'><strong>eum:</strong></span> 
     </span>
     <span class='ocr_line' id='line_1_55' title="bbox 111 5024 1858 5102; baseline 0.002 -22"><span class='ocrx_word' id='word_1_800' title='bbox 111 5025 178 5094; x_wconf 83' lang='lat' dir='ltr'><strong>quis</strong></span> <span class='ocrx_word' id='word_1_801' title='bbox 196 5024 225 5081; x_wconf 92' lang='lat' dir='ltr'><strong>iu</strong></span> <span class='ocrx_word' id='word_1_802' title='bbox 240 5026 294 5083; x_wconf 90' lang='lat' dir='ltr'><strong>hoc</strong></span> <span class='ocrx_word' id='word_1_803' title='bbox 312 5027 454 5084; x_wconf 90' lang='lat' dir='ltr'><strong>mendacii</strong></span> <span class='ocrx_word' id='word_1_804' title='bbox 469 5042 593 5101; x_wconf 90' lang='lat' dir='ltr'><strong>arguere</strong></span> <span class='ocrx_word' id='word_1_805' title='bbox 606 5037 762 5100; x_wconf 77' lang='lat' dir='ltr'><strong>presumat</strong></span> <span class='ocrx_word' id='word_1_806' title='bbox 787 5031 959 5102; x_wconf 83' lang='lat' dir='ltr'><strong>praedictum</strong></span> <span class='ocrx_word' id='word_1_807' title='bbox 1016 5030 1118 5086; x_wconf 82' lang='lat' dir='ltr'><strong>Vicum</strong></span> <span class='ocrx_word' id='word_1_808' title='bbox 1137 5042 1192 5083; x_wconf 79' lang='lat' dir='ltr'><strong>coo</strong></span> <span class='ocrx_word' id='word_1_809' title='bbox 1213 5025 1322 5081; x_wconf 81' lang='lat' dir='ltr'><strong>babent.</strong></span> <span class='ocrx_word' id='word_1_810' title='bbox 1338 5025 1427 5093; x_wconf 79' lang='lat' dir='ltr'><strong>(icoc.</strong></span> <span class='ocrx_word' id='word_1_811' title='bbox 1455 5041 1486 5096; x_wconf 88' lang='grc' dir='ltr'><strong>ιι,</strong></span> <span class='ocrx_word' id='word_1_812' title='bbox 1502 5026 1539 5098; x_wconf 82' lang='grc'><strong>3).</strong></span> <span class='ocrx_word' id='word_1_813' title='bbox 1568 5029 1601 5086; x_wconf 87' lang='lat' dir='ltr'><strong>Et</strong></span> <span class='ocrx_word' id='word_1_814' title='bbox 1627 5027 1696 5085; x_wconf 90' lang='lat' dir='ltr'><strong>dicit</strong></span> <span class='ocrx_word' id='word_1_815' title='bbox 1716 5028 1742 5085; x_wconf 90' lang='lat' dir='ltr'><strong>ei</strong></span> <span class='ocrx_word' id='word_1_816' title='bbox 1756 5029 1858 5086; x_wconf 87' lang='lat' dir='ltr'><strong>lesus:</strong></span> 
     </span>
     <span class='ocr_line' id='line_1_56' title="bbox 91 5110 1861 5191; baseline 0.002 -24"><span class='ocrx_word' id='word_1_817' title='bbox 91 5110 282 5184; x_wconf 87' lang='lat' dir='ltr'><strong>·Gregnrium</strong></span> <span class='ocrx_word' id='word_1_818' title='bbox 296 5115 374 5187; x_wconf 85' lang='lat' dir='ltr'><strong>quod</strong></span> <span class='ocrx_word' id='word_1_819' title='bbox 400 5116 512 5174; x_wconf 92' lang='lat' dir='ltr'><strong>Domini</strong></span> <span class='ocrx_word' id='word_1_820' title='bbox 542 5119 660 5176; x_wconf 86' lang='lat' dir='ltr'><strong>llatrem</strong></span> <span class='ocrx_word' id='word_1_821' title='bbox 685 5119 745 5191; x_wconf 86' lang='lat' dir='ltr'><strong>jam</strong></span> <span class='ocrx_word' id='word_1_822' title='bbox 761 5121 958 5177; x_wconf 81' lang='lat' dir='ltr'><strong>resuscitatam</strong></span> <span class='ocrx_word' id='word_1_823' title='bbox 1014 5116 1087 5184; x_wconf 82' lang='lat' dir='ltr'><strong>Quid</strong></span> <span class='ocrx_word' id='word_1_824' title='bbox 1111 5115 1183 5171; x_wconf 83' lang='lat' dir='ltr'><strong>mibi</strong></span> <span class='ocrx_word' id='word_1_825' title='bbox 1195 5119 1231 5185; x_wconf 63' lang='lat' dir='ltr'><strong>get</strong></span> <span class='ocrx_word' id='word_1_826' title='bbox 1246 5115 1297 5169; x_wconf 82' lang='lat' dir='ltr'><strong>tibi</strong></span> <span class='ocrx_word' id='word_1_827' title='bbox 1310 5113 1428 5172; x_wconf 83' lang='lat' dir='ltr'><strong>molter?</strong></span> <span class='ocrx_word' id='word_1_828' title='bbox 1457 5116 1579 5171; x_wconf 83' lang='lat' dir='ltr'><strong>condem</strong></span> <span class='ocrx_word' id='word_1_829' title='bbox 1604 5120 1681 5172; x_wconf 80' lang='lat' dir='ltr'><strong>venit</strong></span> <span class='ocrx_word' id='word_1_830' title='bbox 1707 5117 1777 5174; x_wconf 86' lang='lat' dir='ltr'><strong>bore</strong></span> <span class='ocrx_word' id='word_1_831' title='bbox 1801 5131 1861 5172; x_wconf 79' lang='lat' dir='ltr'><strong>meo</strong></span> 
     </span>
     <span class='ocr_line' id='line_1_57' title="bbox 111 5200 1858 5280; baseline 0.002 -23"><span class='ocrx_word' id='word_1_832' title='bbox 111 5200 223 5269; x_wconf 71' lang='lat' dir='ltr'><strong>asserit,</strong></span> <span class='ocrx_word' id='word_1_833' title='bbox 249 5215 314 5260; x_wconf 90' lang='lat' dir='ltr'><strong>eum</strong></span> <span class='ocrx_word' id='word_1_834' title='bbox 336 5205 390 5262; x_wconf 91' lang='lat' dir='ltr'><strong>hoc</strong></span> <span class='ocrx_word' id='word_1_835' title='bbox 409 5205 496 5262; x_wconf 91' lang='lat' dir='ltr'><strong>etiam</strong></span> <span class='ocrx_word' id='word_1_836' title='bbox 522 5207 557 5264; x_wconf 90' lang='lat' dir='ltr'><strong>de</strong></span> <span class='ocrx_word' id='word_1_837' title='bbox 584 5209 694 5265; x_wconf 88' lang='lat' dir='ltr'><strong>loaune</strong></span> <span class='ocrx_word' id='word_1_838' title='bbox 722 5208 849 5280; x_wconf 92' lang='lat' dir='ltr'><strong>apostolo</strong></span> <span class='ocrx_word' id='word_1_839' title='bbox 869 5209 959 5280; x_wconf 90' lang='lat' dir='ltr'><strong>ipsius</strong></span> <span class='ocrx_word' id='word_1_840' title='bbox 1014 5204 1106 5274; x_wconf 71' lang='lat' dir='ltr'><strong>(ibid,</strong></span> <span class='ocrx_word' id='word_1_841' title='bbox 1140 5204 1180 5275; x_wconf 75' lang='grc'><strong>4).</strong></span> <span class='ocrx_word' id='word_1_842' title='bbox 1212 5203 1285 5260; x_wconf 92' lang='lat' dir='ltr'><strong>Dicit</strong></span> <span class='ocrx_word' id='word_1_843' title='bbox 1309 5211 1401 5261; x_wconf 85' lang='lat' dir='ltr'><strong>mater</strong></span> <span class='ocrx_word' id='word_1_844' title='bbox 1424 5204 1489 5275; x_wconf 83' lang='lat' dir='ltr'><strong>ejus</strong></span> <span class='ocrx_word' id='word_1_845' title='bbox 1523 5205 1686 5262; x_wconf 91' lang='lat' dir='ltr'><strong>ministris:</strong></span> <span class='ocrx_word' id='word_1_846' title='bbox 1715 5204 1858 5274; x_wconf 80' lang='lat' dir='ltr'><strong>Quodcun-</strong></span> 
     </span>
     <span class='ocr_line' id='line_1_58' title="bbox 112 5287 1858 5369; baseline 0.005 -24"><span class='ocrx_word' id='word_1_847' title='bbox 112 5287 269 5347; x_wconf 82' lang='lat' dir='ltr'><strong>Dominicae</strong></span> <span class='ocrx_word' id='word_1_848' title='bbox 294 5291 393 5350; x_wconf 87' lang='lat' dir='ltr'><strong>llatris</strong></span> <span class='ocrx_word' id='word_1_849' title='bbox 419 5297 619 5368; x_wconf 85' lang='lat' dir='ltr'><strong>paranympho</strong></span> <span class='ocrx_word' id='word_1_850' title='bbox 656 5297 758 5357; x_wconf 88' lang='lat' dir='ltr'><strong>beatus</strong></span> <span class='ocrx_word' id='word_1_851' title='bbox 790 5298 961 5358; x_wconf 81' lang='lat' dir='ltr'><strong>Ambrosius</strong></span> <span class='ocrx_word' id='word_1_852' title='bbox 1013 5308 1066 5365; x_wconf 85' lang='lat' dir='ltr'><strong>poc</strong></span> <span class='ocrx_word' id='word_1_853' title='bbox 1078 5293 1183 5350; x_wconf 82' lang='lat' dir='ltr'><strong>dicerit</strong></span> <span class='ocrx_word' id='word_1_854' title='bbox 1210 5294 1286 5351; x_wconf 84' lang='lat' dir='ltr'><strong>nobis</strong></span> <span class='ocrx_word' id='word_1_855' title='bbox 1311 5296 1398 5363; x_wconf 71' lang='lat' dir='ltr'><strong>fosite</strong></span> <span class='ocrx_word' id='word_1_856' title='bbox 1414 5293 1507 5366; x_wconf 73' lang='lat' dir='ltr'><strong>(ibid,</strong></span> <span class='ocrx_word' id='word_1_857' title='bbox 1524 5297 1564 5367; x_wconf 78' lang='grc'><strong>5).</strong></span> <span class='ocrx_word' id='word_1_858' title='bbox 1592 5296 1627 5354; x_wconf 84' lang='lat' dir='ltr'><strong>lit</strong></span> <span class='ocrx_word' id='word_1_859' title='bbox 1651 5302 1714 5368; x_wconf 92' lang='lat' dir='ltr'><strong>post</strong></span> <span class='ocrx_word' id='word_1_860' title='bbox 1735 5295 1858 5369; x_wconf 85' lang='lat' dir='ltr'><strong>aliqua:</strong></span> 
     </span>
    </p>
   </div>
   <div class='ocr_carea' id='block_1_5' title="bbox 147 5413 1513 5558">
    <p class='ocr_par' dir='ltr' id='par_1_6' title="bbox 147 5413 1513 5558">
     <span class='ocr_line' id='line_1_59' title="bbox 147 5413 1513 5555; baseline 0.007 -89"><span class='ocrx_word' id='word_1_861' title='bbox 147 5413 205 5555; x_wconf 49' lang='lat'><strong>&amp;3</strong></span> <span class='ocrx_word' id='word_1_862' title='bbox 219 5413 324 5545; x_wconf 43' lang='lat' dir='ltr'><strong>{gergi</strong></span> <span class='ocrx_word' id='word_1_863' title='bbox 341 5417 410 5545; x_wconf 50' lang='lat' dir='ltr'><strong>tgffi.</strong></span> <span class='ocrx_word' id='word_1_864' title='bbox 422 5418 520 5547; x_wconf 44' lang='lat' dir='ltr'><strong>iffi}</strong></span> <span class='ocrx_word' id='word_1_865' title='bbox 536 5419 589 5548; x_wconf 51' lang='lat'><strong>31¹</strong></span> <span class='ocrx_word' id='word_1_866' title='bbox 607 5423 666 5547; x_wconf 49' lang='grc' dir='ltr'><strong>(ἐξ.</strong></span> <span class='ocrx_word' id='word_1_867' title='bbox 1050 5416 1104 5492; x_wconf 77' lang='grc' dir='ltr'>(ιι)</span> <span class='ocrx_word' id='word_1_868' title='bbox 1117 5417 1222 5478; x_wconf 83' lang='lat' dir='ltr'><strong>Patrol.</strong></span> <span class='ocrx_word' id='word_1_869' title='bbox 1240 5424 1259 5478; x_wconf 93' lang='lat' dir='ltr'><strong>t.</strong></span> <span class='ocrx_word' id='word_1_870' title='bbox 1280 5418 1375 5489; x_wconf 87' lang='lat' dir='ltr'><strong>illllll,</strong></span> <span class='ocrx_word' id='word_1_871' title='bbox 1386 5416 1513 5476; x_wconf 65' lang='lat' dir='ltr'><strong>coloss.</strong></span> 
     </span>
     <span class='ocr_line' id='line_1_60' title="bbox 317 5527 670 5558; baseline 0.006 -15"><span class='ocrx_word' id='word_1_872' title='bbox 317 5528 324 5543; x_wconf 92' lang='lat'><strong>.</strong></span> <span class='ocrx_word' id='word_1_873' title='bbox 401 5528 408 5544; x_wconf 86' lang='lat'>.</span> <span class='ocrx_word' id='word_1_874' title='bbox 512 5527 521 5558; x_wconf 90' lang='lat'><strong>,</strong></span> <span class='ocrx_word' id='word_1_875' title='bbox 585 5530 592 5545; x_wconf 92' lang='lat'><strong>.</strong></span> <span class='ocrx_word' id='word_1_876' title='bbox 664 5532 670 5545; x_wconf 93' lang='lat'>.</span> 
     </span>
    </p>
   </div>
   <div class='ocr_carea' id='block_1_6' title="bbox 0 0 1906 5962">
    <p class='ocr_par' dir='ltr' id='par_1_7' title="bbox 0 0 1906 5962">
     <span class='ocr_line' id='line_1_61' title="bbox 0 0 1906 5962; baseline 0 2"><span class='ocrx_word' id='word_1_877' title='bbox 0 0 1906 5962; x_wconf 95' lang='lat' dir='ltr'><strong> </strong></span> 
     </span>
    </p>
   </div>
  </div>
 </body>
</html>
