3804 5962
103 216 171 275 1689

538 210 687 270 cultollis
704 210 913 271 rheohodlle
931 207 1411 269 (1111111111-111111111.

1780 207 1847 265 1690

99 346 136 398 aa
154 342 188 399 de
202 339 331 398 bonitate
344 338 444 397 divina
466 338 641 411 disputatur.
652 336 751 408 Capite
765 339 865 405 13-31,
882 336 947 394 duae
960 336 985 392 A
1000 337 1034 391 tt
1046 336 1164 407 legitur,
1190 335 1295 392 diserte
1324 331 1504 391 contradicit.
1520 332 1554 389 ln
1575 332 1629 390 hoc
1642 328 1726 388 enim
1745 325 1848 392 auctor

98 413 221 485 reliqum
237 420 343 482 partes,
365 418 504 468 tractatus
531 411 565 466 de
581 410 719 466 charitate
734 416 761 465 et
783 422 945 466 sacramen·

99 486 147 551 tis,
172 483 331 540 adduntur.
360 482 403 537 ita
432 482 504 538 libor
536 489 631 537 noster
657 481 745 537 finem
779 481 944 550 quemdam,

99 569 188 627 quem
208 556 238 610 in
257 553 461 609 introductione
486 555 587 609 Petrus
612 560 753 622 tanquam
774 565 861 608 suum
882 565 944 621 pro·

99 630 208 690 hiatur,
238 625 431 694 persequitur,
456 624 544 693 quod,
569 623 712 692 siquidem
736 623 809 678 ratio
832 636 892 692 qua
917 622 947 679 id

100 698 151 754 liat
169 697 319 753 hbaelardo
343 695 431 764 digna
456 709 516 750 esse
530 694 675 759 videatur,
692 708 749 749 nou
762 695 824 749 sine
839 707 947 764 magno

99 774 243 824 momento
268 767 298 822 in
321 764 442 836 ineerta
465 765 554 821 nostri
583 765 650 821 libri
679 764 857 822 detendenda
886 777 946 820 esse

140 846 202 894 tesi.

101 854 232 979 poilique
264 907 389 977 prolecto
419 914 625 977 argumentum
656 905 722 962 libri
748 905 838 962 nostri
864 905 946 962 Petro

99 978 179 1035 haud
206 979 360 1049 indignum
373 977 498 1048 judicari
516 986 615 1048 potest.
643 977 757 1033 Etenim
772 977 798 1032 si
816 976 945 1033 lntrodu·

98 1052 197 1105 ctionis
223 1063 289 1104 curn
322 1049 396 1105 libro
423 1056 519 1103 nostro
547 1048 789 1119 comparationem
815 1047 947 1104 institui-

99 1136 167 1185 iuus
186 1120 253 1247 (11θέ,
281 1120 415 1176 eumdem
440 1119 539 1175 uiruin
555 1119 592 1174 ab
611 1120 689 1175 omui
704 1119 877 1175 auctoritate
893 1119 946 1174 hu-

98 1205 187 1248 mana
209 1191 226 1247 li
249 1204 331 1246 crum
356 1189 423 1260 187),
452 1189 633 1261 ingeniosum
659 1204 692 1245 ac
710 1204 783 1260 saepe
807 1189 946 1246 audacem

99 1262 256 1332 Scriptura
276 1275 365 1317 sacrae
387 1268 649 1328 commentatorem,
666 1269 834 1317 accuratum
851 1267 878 1316 et
902 1259 945 1315 di-

98 1331 235 1404 ligentem
267 1332 448 1403 antiquitatis
477 1339 727 1401 perscrutatorem,
754 1346 807 1387 nec
846 1331 947 1386 minus

99 1403 247 1460 hominem
274 1403 404 1473 perlectae
417 1404 508 1458 aetatis
526 1417 586 1459 sue
609 1416 642 1457 ac
664 1404 813 1458 variarum
832 1401 946 1472 opinio-

98 1488 169 1530 num
185 1475 214 1529 in
237 1487 271 1531 ea
286 1474 466 1530 auctoritatis
480 1474 551 1544 qiiid
574 1473 743 1530 habentium
759 1473 946 1544 1111111111-

99 1546 226 1611 dentem,
249 1545 419 1615 reperimus.
449 1545 526 1600 idem
552 1558 670 1614 prorsus
699 1545 793 1600 locum
819 1543 945 1609 habebit,

98 1615 123 1671 si
139 1623 293 1672 tractatum
308 1623 440 1671 nostrum
460 1629 526 1671 cum
537 1616 646 1671 caeteris
661 1615 803 1672 Abrelardi
819 1615 943 1683 scriptis,

1001 409 1037 464 ad
1052 409 1280 464 commentarium
1307 422 1388 476 super
1404 405 1540 476 Epistulas
1556 403 1594 458 ad
1622 405 1757 459 Romanos
1781 416 1849 474 pro·

999 488 1093 535 vocat.
1117 480 1180 535 tam
1208 494 1274 534 oum
1302 477 1532 535 Commentarius
1553 481 1650 545 aperte
1677 473 1848 531 11111111-

1001 550 1195 605 troductionem
1220 557 1287 605 aute
1302 562 1369 604 eum
1391 549 1527 616 scriptam
1554 560 1625 611 esse,
1647 559 1707 601 nou
1722 544 1847 603 dubium

999 636 1060 677 esse
1076 628 1166 692 potest
1181 621 1253 691 quin
1272 628 1369 675 noster
1393 619 1506 675 libellus
1530 624 1592 686 post
1615 615 1848 672 introductionem

1000 691 1139 749 locandus
1166 693 1211 748 sit.
1228 693 1368 747 Praeterea
1387 690 1462 746 nihil
1491 687 1560 745 certi
1584 690 1619 743 de
1639 694 1766 757 tompore
1779 686 1848 768 ded·

1000 764 1058 819 uiri
1072 772 1171 832 potest,
1188 764 1309 819 Prorsus
1327 763 1356 817 iii
1375 761 1463 817 dubio
1478 758 1704 829 relinquendum
1717 770 1779 813 1111
1800 770 1848 814 ri·

1001 833 1086 890 detur
1111 848 1181 890 nuin
1209 833 1282 890 liber
1305 840 1401 889 noster
1429 839 1495 888 ante
1518 830 1562 887 vel
1591 835 1653 899 post
1674 827 1849 910 Titeotoqiom

1001 906 1187 962 Christianam
1213 912 1240 960 el
1264 904 1372 961 librum
1397 902 1501 960 titulo:
1524 902 1598 958 Scito
1623 900 1750 970 teipsum,
1778 913 1849 956 inst·

1000 976 1113 1102 finitum
1144 975 1304 1045 prodierit?
1324 976 1380 1030 Pro
1406 981 1506 1030 nostra
1529 971 1680 1038 sententia,
1696 983 1763 1026 eum
1785 983 1848 1027 me-

1022 1049 1080 1102 ium
1116 1047 1210 1103 locum
1245 1049 1320 1103 iuter
1362 1046 1588 1102 commentorium
1617 1049 1644 1099 et
1674 1040 1847 1110 Theotopicm

1000 1119 1185 1176 Christianum
1209 1124 1313 1180 tenere,
1347 1116 1374 1172 id
1404 1117 1489 1172 unice
1518 1112 1640 1185 prolerri
1665 1118 1765 1182 potest,
1797 1112 1846 1168 Pe·

1001 1196 1080 1245 trum
1098 1190 1242 1256 Tteoiopic
1260 1188 1417 1245 Christiano
1430 1187 1508 1242 edita
1533 1191 1738 1256 argumentum
1753 1182 1858 1237 inho-¹

1001 1260 1147 1327 ductionis,
1177 1259 1238 1327 jam
1264 1259 1346 1330 prius
1368 1259 1459 1324 editie,
1479 1256 1531 1314 vix
1553 1270 1587 1311 ac
1601 1270 1637 1311 ne
1655 1253 1706 1312 rix
1728 1251 1847 1334 quidem

1003 1340 1061 1387 tam
1090 1337 1233 1395 accurate,
1264 1329 1508 1401 quemadmodum
1536 1327 1564 1383 id
1592 1327 1742 1408 innostro
1771 1322 1847 1405 libro

1001 1402 1109 1458 iactum
1123 1416 1184 1459 esse
1202 1402 1341 1469 videmus,
1358 1400 1551 1470 repetiturum
1565 1397 1663 1455 luisse.
1680 1399 1752 1476 Ante
1773 1394 1846 1475 ube·

1001 1474 1091 1531 riores
1124 1472 1274 1544 theologiae
1305 1472 1524 1529 commentarios
1553 1468 1615 1525 haeo
1635 1472 1770 1549 ⁸repet-itio
1795 1479 1848 1521 mi·

1001 1559 1058 1601 nus
1072 1545 1252 1601 mirationem
1281 1557 1396 1600 movere
1410 1550 1511 1613 potest.
1538 1539 1592 1596 Sed
1613 1539 1658 1596 liis
1683 1549 1778 1593 missis
1796 1549 1846 1606 pro

1003 1619 1079 1672 certo
1095 1615 1239 1672 allirmare
1266 1613 1332 1671 licet
1349 1613 1456 1671 librum
1472 1620 1538 1670 ante
1553 1625 1665 1667 annum
1685 1608 1752 1663 1110
1769 1621 1845 1664 com-

99 1686 234 1756 inpriuiis
252 1700 320 1743 cuni
345 1687 488 1753 Theotopio
513 1687 670 1742 christiano
692 1695 719 1742 et
748 1687 945 1744 Commentario
961 1678 982 1733 Β
1000 1687 1126 1757 positum
1140 1700 1210 1743 esse.
1240 1686 1320 1742 Ultra
1334 1685 1414 1742 hunc
1429 1698 1540 1741 aunum
1552 1696 1611 1740 non
1626 1680 1708 1738 iacile
1728 1691 1844 1750 progre-

98 1759 129 1811 in
143 1760 194 1828 Ep.
209 1757 246 1812 od
268 1759 401 1814 Romanos
425 1765 513 1827 atque
539 1757 710 1828 lragmentis
729 1771 766 1814 ex
793 1756 942 1827 11111111-

98 1827 164 1897 ptis,
185 1842 251 1898 quae
274 1829 351 1897 apud
378 1828 557 1885 adversarios
579 1836 704 1894 exstant,
729 1830 944 1898 comparaveri-

97 1913 165 1955 mus
187 1897 254 1971 (88).
279 1898 359 1966 Quod
386 1913 419 1956 eo
435 1900 526 1980 magis
546 1908 644 1955 notatu
671 1899 794 1970 dignum
812 1906 864 1967 est,
885 1913 943 1970 quo

98 1971 196 2027 minus
210 1970 372 2041 ingenium,
388 1969 474 2040 quale
487 1984 517 2025 in
533 1969 683 2026 Abaelardo
697 1978 768 2035 erat,
785 1971 944 2027 imitatione

97 2041 223 2111 exprimi
242 2048 342 2111 potest.
368 2042 500 2112 benique
522 2050 640 2097 externa
665 2054 698 2095 ac
716 2041 829 2098 interna
853 2040 945 2096 torma

97 2112 240 2170 dictionis,
261 2111 368 2182 lingum
385 2125 477 2182 geniis
491 2120 518 2166 ct
533 2111 625 2181 stylus
643 2112 828 2168 Abmlarduin
845 2120 943 2168 aucto·

96 2196 160 2239 rem
176 2182 241 2239 iibri
261 2183 351 2238 nostri
370 2196 431 2238 csse
460 2183 593 2252 probant.
614 2182 735 2238 Obviam
758 2183 834 2238 enim
857 2182 944 2238 babes

99 2253 231 2309 latinum
255 2267 425 2322 serinoueni,
451 2268 509 2322 quo
525 2253 680 2320 delecteris,
707 2268 824 2322 prorsus
845 2252 944 2309 diver·

97 2338 163 2379 suin
183 2324 268 2379 abeo
292 2338 422 2380 sermone
442 2323 494 2394 qui
510 2324 538 2378 iu
555 2324 615 2380 istis
642 2325 784 2380 barbariei
809 2324 962 2393 tempori·

97 2394 154 2450 bus
167 2394 340 2450 invaluerat.
368 2394 469 2450 Noster
482 2393 594 2450 libellus
609 2393 717 2449 allatiiii
731 2396 832 2465 probat
847 2403 944 2451 aucto-

96 2479 158 2522 rem
183 2475 313 2521 uostruui
344 2479 427 2592 111111
452 2474 539 2535 atque
567 2465 752 2520 Abaelardum
775 2465 890 2522 assidue
914 2465 944 2521 iii

99 2536 256 2593 tractandis
288 2543 315 2592 et
343 2536 491 2591 vovendis
526 2536 710 2607 antiquitatis
744 2536 943 2607 scriptoribus,

96 2606 253 2673 Ciceronis,
268 2607 387 2673 Horatii,
407 2606 532 2662 alioruin
548 2606 801 2663 luisseversatum.

134 2675 215 2743 Quod
231 2677 255 2733 si
269 2691 306 2733 ex
334 2678 379 2734 bis
406 2676 576 2733 concludere
600 2677 665 2733 lieet
680 2678 789 2734 librum
812 2685 944 2734 nostruin

97 2761 166 2804 rere
185 2747 221 2803 ab
252 2748 404 2805 Abrelardo
425 2748 566 2817 scripturn
594 2748 691 2812 luisse,
722 2761 806 2818 porro
830 2748 946 2804 intesti-

98 2818 230 2945 5111111
244 2820 297 2874 erit
319 2833 377 2890 quo
392 2818 504 2874 circiter
525 2828 650 2888 tempore
666 2819 695 2874 in
717 2818 865 2888 publicum
883 2833 944 2889 pro-

121 2888 210 2944 ierit?
245 2889 317 2946 Cum
346 2890 445 2960 igitur,
475 2897 508 2945 ut
548 2903 637 2959 supra
673 2890 944 2957 demonstravimus,

1068 1772 1097 1812 ui
1136 1797 1143 1812 .

998 1758 1272 1900 deirleuieliqurestioui
1294 1827 1383 1885 altera
1401 1824 1535 1954 Suadam
1561 1822 1690 1904 finitima¹
1704 1826 1758 1888 est,
1773 1831 1846 1901 num

999 1901 1099 1955 Petrus
1128 1900 1355 1955 introductionem
1383 1912 1400 1954 a
1437 1894 1845 1973 111111111111111111,1111111-Ι

998 1971 1150 2040 perlectam
1166 1970 1369 2040 mediamque,
1386 1978 1417 2026 ut
1427 1983 1491 2025 eain
1508 1968 1538 2024 in
1552 1965 1676 2045 editione
1691 1964 1847 2019 Parisicnsi

1000 2042 1149 2108 habemus,
1175 2040 1348 2112 reliquerit?
1364 2040 1445 2096 lianc
1461 2053 1528 2097 vero
1550 2045 1740 2117 quaestionem
1761 2029 1845 2089 modo

999 2113 1151 2183 attingere,
1175 2127 1242 2169 cum
1269 2112 1317 2167 alii
1334 2125 1452 2182 quoque
1472 2124 1534 2166 eam
1556 2109 1717 2187 attigerint,
1731 2117 1785 2184 nec
1796 2109 1846 2184 3²?

999 2199 1065 2240 men
1081 2183 1200 2239 uberius
1223 2184 1354 2253 persequi
1374 2182 1565 2238 volumusit
1589 2177 1677 2249 priori
1699 2176 1734 2234 hs
1749 2174 1846 2230 dirimi

999 2268 1056 2310 nou
1073 2261 1170 2322 potest.
1188 2255 1241 2309 Pro
1262 2261 1385 2324 utraque
1399 2253 1477 2308 enirn
1491 2251 1634 2322 opinione,
1658 2244 1844 2304 llbaelardum

1000 2324 1072 2380 libro
1088 2325 1218 2381 ultimam
1232 2338 1353 2380 manum
1364 2323 1507 2380 addidisse
1528 2321 1589 2378 sive
1608 2333 1683 2390 opus
1699 2319 1846 2442 inceptum

999 2409 1058 2451 non
1073 2396 1233 2466 periecisse,
1259 2409 1362 2452 causas
1381 2395 1451 2451 satis
1465 2407 1568 2463 graves
1583 2401 1755 2472 enumerare
1780 2389 1845 2441 icet.

1000 2467 1128 2536 Utraque
1144 2468 1240 2536 opinio
1265 2466 1326 2522 suis
1356 2466 1468 2522 laborat
1487 2460 1716 2520 dilticultatibus.
1741 2457 1848 2539 11111111

1000 2537 1139 2594 Sanitlius
1167 2546 1223 2594 stat
1247 2536 1438 2593 ablabillonii
1466 2535 1522 2606 (89)
1544 2533 1762 2613 partibusqui
1785 2538 1848 2584 sine

1001 2608 1086 2678 longa
1114 2623 1270 2665 causarum
1303 2607 1521 2664 enumeratione
1549 2604 1780 2681 introductionem
1810 2608 1847 2652 ex

999 2678 1144 2736 abaelardi
1167 2694 1255 2735 inanit
1271 2679 1425 2749 perlectam
1453 2676 1590 2746 prodiisse
1622 2676 1723 2754 statuit
1736 2667 1782 2727 vel
1796 2680 1848 2748 po·

1001 2758 1058 2806 tius
1082 2751 1270 2820 conjectatur.
1297 2751 1337 2805 Ea
1356 2763 1421 2819 quie
1447 2749 1588 2812 deessent,
1614 2751 1665 2824 ait,
1690 2756 1707 2822 a
1730 2745 1849 2820 posteris

1000 2820 1036 2876 ob
1052 2834 1166 2890 sparsos
1180 2835 1292 2877 errores
1320 2830 1428 2876 resecta
1451 2832 1522 2874 esse.
1539 2816 1592 2873 Sed
1617 2811 1732 2895 diiiicile
1747 2815 1789 2891 est
1803 2822 1847 2864 m·

1001 2890 1126 2958 tellectu,
1141 2906 1194 2948 cur
1214 2892 1236 2947 is
1252 2891 1302 2961 qui
1319 2892 1394 2947 hanc
1413 2888 1565 2948 criticastri
1581 2895 1760 2958 provinciam
1774 2894 1805 2937 rii
1818 2891 1849 2936 se

98 2972 214 3015 summa
237 2959 396 3016 similitudo
419 2961 493 3016 inter
508 2968 639 3016 nostruin
662 2959 770 3016 librum
789 2968 876 3031 atque
895 2963 945 3015 in·
961 2959 982 3016 G
999 2963 1132 3032 suscepit,
1151 2963 1243 3018 medio
1262 2964 1291 3018 in
1320 2962 1393 3018 libro
1417 2962 1534 3017 denium
1550 2972 1595 3014 res
1610 2956 1707 3012 minus
1734 2951 1846 3023 placen·

99 3030 296 3085 troductioncm
322 3030 488 3097 intercedat,
518 3031 604 3088 cardo
628 3030 669 3086 rei
699 3032 727 3086 iii
758 3047 792 3088 eo
815 3035 948 3088 versatur

1003 3041 1044 3089 tes
1056 3047 1152 3089 severe
1167 3033 1369 3102 amputaverit,
1391 3046 1446 3088 cur
1461 3045 1519 3087 non
1535 3030 1565 3085 in
1580 3026 1727 3100 prioribus
1745 3020 1850 3092 capiti·

98 3115 172 3158 1111
193 3100 301 3156 tibruni
316 3111 447 3157 nostrum
464 3100 552 3171 priori
571 3101 614 3157 iel
632 3101 733 3158 seriori
760 3110 886 3172 tempore
905 3110 945 3159 at·
1002 3105 1057 3161 bus
1072 3105 1147 3161 idern
1176 3104 1283 3170 iecerit,
1315 3104 1372 3160 imo
1396 3104 1501 3174 potius,
1531 3102 1555 3157 si
1571 3100 1626 3156 sibi
1650 3102 1848 3177 constaretu-

100 3186 159 3243 que
182 3173 414 3227 introductionem
439 3173 577 3242 scriptum
611 3187 672 3229 esse
702 3173 887 3231 arbitremur.
913 3174 946 3229 in
1002 3175 1110 3242 luisset,
1135 3182 1227 3232 totum
1256 3173 1415 3245 exemplar,
1445 3172 1522 3244 quod
1551 3172 1581 3227 in
1607 3181 1712 3249 manus
1736 3162 1849 3247 incidit,

100 3243 156 3300 hac
171 3256 201 3298 re
215 3257 272 3298 non
286 3243 349 3298 siue
370 3257 477 3314 magna
491 3244 552 3299 reri
568 3244 661 3312 specle
676 3243 792 3309 dixeris,
816 3254 947 3302 nostrum
1003 3244 1159 3317 perdiderit
1184 3252 1211 3302 et
1238 3259 1276 3302 ex
1291 3254 1382 3301 morte
1406 3251 1475 3300 tunc
1497 3241 1634 3312 temporis
1662 3243 1768 3295 usitato
1783 3246 1849 3305 igue

101 3320 257 3372 tractatum
290 3314 412 3383 priorem
441 3314 530 3370 luisse
561 3327 593 3368 ac
619 3313 793 3371 lineamenta
821 3316 948 3373 111111111-
1001 3317 1247 3373 concremaverit?
1267 3316 1356 3372 Alteri
1384 3323 1486 3372 contra
1501 3312 1640 3384 opinioni,
1672 3311 1790 3390 Petrum
1804 3307 1850 3359 in·

98 3384 194 3440 dianna
212 3383 362 3455 theologie
392 3383 435 3440 vel
465 3385 529 3454 ejus
560 3383 729 3451 Theotoqium
753 3386 782 3441 iii
808 3401 947 3456 compen·
1002 3388 1197 3443 traductionem
1232 3401 1386 3458 nunquam
1416 3386 1582 3451 absolvisse,
1610 3381 1658 3439 sed
1685 3379 1785 3450 aliqua
1819 3388 1851 3432 re

99 3455 182 3511 dium
197 3455 344 3511 redactam
359 3455 389 3510 in
415 3469 444 3511 se
468 3454 631 3524 continerc;
646 3456 682 3510 ad
699 3457 861 3512 ulteriorem
885 3458 949 3527 ejus
1002 3458 1172 3526 impeditum
1197 3458 1296 3522 luisse,
1325 3458 1483 3527 quominus
1497 3456 1625 3524 inceptas
1638 3446 1850 3529 perficeretlu-

98 3525 314 3583 enarrationem
340 3527 569 3581 introductionem
596 3526 732 3595 scriptam
763 3541 795 3582 ac
819 3527 949 3583 scribon·
1003 3529 1199 3585 cubrationes.
1213 3531 1270 3584 duo
1285 3528 1541 3584 laverevidentur.
1569 3525 1608 3581 ld
1626 3523 1734 3580 scillcet
1755 3529 1851 3591 primo

99 3597 167 3652 datii
197 3596 304 3663 luisse;
322 3596 517 3653 defensionem
540 3596 665 3667 denique
691 3611 724 3652 ac
750 3597 947 3666 amplihiaiio-
1002 3599 1168 3669 loco‚quod
1196 3606 1258 3654 tuin
1282 3599 1364 3654 lacile
1387 3597 1526 3668 explicari
1546 3602 1737 3721 (ptolemeum
1757 3587 1852 3646 media

99 3681 167 3723 nem
200 3667 369 3734 ibcoioqiam
397 3668 585 3724 christianum
615 3666 760 3725 Abaelardi
789 3668 947 3725 absolvere.
1004 3670 1034 3725 iu
1063 3669 1253 3741 propositione
1281 3669 1372 3724 oratio
1409 3675 1516 3734 cesset;
1566 3665 1649 3722 eindo
1677 3664 1704 3719 id
1733 3661 1852 3718 tortasse

99 3737 178 3797 Nihil
193 3739 272 3793 euim
299 3740 330 3793 in
348 3739 402 3794 hac
416 3738 551 3808 opinione
567 3738 710 3794 temerarii
725 3747 752 3793 et
772 3739 874 3795 insulsi
889 3754 949 3796 esse
1003 3755 1121 3811 quoque
1150 3740 1240 3795 altero
1268 3738 1340 3808 loco,
1370 3741 1447 3820 quod
1473 3738 1566 3793 forma
1591 3732 1741 3802 Theotopr'a
1768 3731 1850 3814 dhri-

99 3809 227 3874 ridetur,
255 3810 370 3866 Petrum
400 3809 474 3865 idem
505 3809 601 3865 thema
619 3809 711 3865 tribus
727 3809 831 3877 modis,
847 3810 950 3880 paulu·
1003 3814 1099 3866 stiiinae
1123 3824 1268 3867 sumniam
1296 3808 1517 3865 similitudinem
1541 3821 1609 3863 cuin
1638 3804 1851 3865 introductione,

100 3879 255 3936 lurninter
282 3894 310 3936 se
335 3879 465 3947 dirersis,
496 3880 769 3947 voluissetraciarr,
791 3880 831 3937 ita
853 3889 885 3937 ut
912 3881 948 3938 ab
1025 3891 1149 3938 uatenus
1179 3880 1208 3935 iii
1235 3888 1359 3952 utroque
1384 3887 1508 3936 tractatu
1539 3878 1614 3933 idern
1642 3873 1785 3944 reperitur
1810 3884 1851 3927 re

102 3949 305 4020 imperiectiori
330 3965 415 4021 opere
440 3950 476 4006 ad
504 3949 658 4020 perfectius
688 3952 829 4021 paulatim
852 3966 949 4009 ascen·
1004 3897 1058 4009 fleri
1082 3952 1146 4024 (90).
1170 3951 1418 4022 Praetereaquaeri
1447 3957 1537 4022 potest
1560 3945 1745 4003 curtaudem
1768 3941 1849 3999 Abae·

100 4020 192 4078 deret·
259 4090 264 4100 ,
1004 4024 1114 4092 lardus,
1151 4022 1202 4094 qui
1232 4023 1399 4094 perfectiore
1429 4022 1489 4094 jam
1518 4033 1602 4090 opere
1633 4014 1851 4099 Introductiom‘s

138 4091 191 4147 Sed
213 4090 283 4147 huic
306 4090 454 4148 sententiae
479 4091 559 4147 locus
584 4090 651 4147 libri
665 4092 766 4160 nostri,
793 4093 843 4165 qui
859 4095 1111 4202 capiteDscripto
1140 4096 1293 4165 perfectius
1331 4095 1417 4151 etiarn
1445 4106 1518 4163 opus
1556 4089 1631 4163 (dico
1668 4083 1852 4156 Tlicotoqtum)

100 4237 115 4266 ir
137 4218 185 4281 ait,
200 4222 284 4273 erant
298 4215 386 4272 libelli
402 4216 568 4288 (abaelardi)
584 4217 657 4272 idem
675 4233 743 4287 pene
759 4217 948 4288 continentes,
1005 4221 1103 4287 tentia,
1116 4221 1179 4276 haeo
1193 4235 1246 4290 ego
1261 4221 1351 4276 verba
1366 4234 1425 4276 non
1449 4225 1506 4274 tani
1521 4218 1656 4274 haeretica
1679 4227 1767 4285 quain
1792 4209 1853 4268 dia·

102 4309 113 4338 i
133 4289 189 4366 nisi
204 4289 282 4358 quod
297 4287 326 4342 in
343 4288 432 4343 alteru
448 4289 524 4358 plus,
541 4289 570 4344 iu
584 4289 674 4345 altero
689 4290 785 4347 niinus
799 4290 949 4361 aliquanto
1004 4291 1108 4358 bolica,
1124 4293 1199 4347 sicut
1217 4291 1410 4363 justissimum
1439 4298 1489 4353 est,
1507 4289 1659 4354 abhorreo,
1687 4287 1811 4366 detestor
1823 4290 1852 4365 et

103 4378 114 4407 2
132 4368 323 4415 inveniretur·
342 4379 353 4408 ⁸
1003 4377 1112 4419 eaeum
1132 4377 1184 4419 suo
1208 4369 1324 4418 auctore
1340 4362 1447 4432 pariter
1459 4361 1575 4416 damno.
1592 4357 1661 4425 Quia
1690 4356 1797 4437 siquis
1821 4367 1853 4409 iii

137 4430 267 4497 (ebich.
293 4445 321 4485 e.
341 4445 370 4500 g.
392 4428 499 4484 introd.
522 4429 552 4485 L.
581 4445 600 4497 i,
622 4445 646 4486 c.
663 4433 688 4496 2,
703 4446 814 4488 cumo.
832 4435 867 4489 28
882 4432 949 4489 libri
1004 4434 1074 4489 meis
1095 4433 1219 4502 reperiat
1242 4434 1364 4503 scriptis,
1399 4447 1457 4488 non
1479 4430 1571 4487 solum
1602 4443 1647 4484 me
1672 4429 1851 4493 haereticum,

100 4509 205 4555 11081r1·
356 4570 361 4579 ¹
403 4570 408 4579 Ι
1004 4517 1107 4560 verum
1137 4506 1223 4560 etiarn
1244 4503 1466 4562 heresiarcham
1489 4502 1632 4573 profiteor.
1663 4500 1772 4556 illecta
1798 4495 1853 4552 ad·

137 4570 193 4640 181)
224 4570 254 4626 C.
276 4572 310 4622 ab
343 4569 409 4626 libri
436 4571 583 4626 nostri:«
600 4569 653 4626 Sed
675 4572 751 4628 dicat
766 4574 949 4644 Augustinus
1004 4582 1084 4631 notat
1099 4575 1253 4632 harterius
1276 4574 1498 4700 Stupraetatad
1528 4572 1607 4626 Thes.
1637 4585 1698 4626 nou.
1727 4567 1850 4624 unmdm.

99 4642 280 4696 voluntatem
295 4655 389 4708 suain,
407 4655 460 4695 nos
477 4656 543 4696 vero
558 4641 692 4708 dicimus,
708 4651 779 4699 rete.
1004 4653 1072 4702 tom.
1098 4646 1145 4716 V),
1162 4646 1274 4701 ilbmlar
1297 4660 1345 4701 uni
1371 4645 1448 4701 hisce
1463 4644 1560 4700 verbis
1574 4641 1659 4712 quasi
1684 4639 1798 4712 proprio
1821 4651 1852 4694 se

136 4710 192 4783 (88)
221 4710 248 4765 Si
269 4725 354 4780 quein
377 4726 411 4768 ea
433 4711 622 4767 contradictio
645 4712 780 4777 attendat,
797 4714 950 4784 1111111)-
1002 4717 1138 4788 jugulare
1169 4717 1264 4787 gladio
1292 4731 1325 4772 11
1355 4715 1502 4772 Bernardo
1530 4715 1703 4783 scriptorum
1729 4722 1851 4766 suorum

98 4782 177 4837 viam
198 4782 339 4837 habemus
363 4781 393 4837 in
419 4783 514 4838 verbis
543 4783 733 4840 Conlessionis
763 4784 873 4853 (supra,
894 4787 947 4842 col.
1004 4789 1114 4843 censori
1131 4789 1315 4857 applaudere.
1341 4788 1475 4843 Attamen
1501 4799 1591 4855 quain
1610 4783 1698 4853 paulo
1719 4778 1852 4908 Rooted·

102 4852 391 4918 loilsolumiilium
412 4852 462 4907 Dei
492 4853 676 4909 incarnatum
700 4855 834 4924 profiteor
851 4864 882 4912 iit
898 4872 950 4913 iios
1002 4860 1103 4927 jungit
1138 4859 1264 4927 opinioni
1293 4857 1474 4914 subscribere
1500 4856 1647 4912 uolumus.
1676 4874 1691 4903 «
1745 4859 1853 4908 tsane

98 4924 272 4979 aseivitute
295 4923 457 5004 peccati-et
485 4941 501 4977 ii
524 4926 593 4992 jiiqo
621 4924 724 4979 dioboli
757 4926 900 4994 liberaret,
923 4935 950 4983 et
1004 4927 1123 5011 (inquit)
1140 4930 1191 4999 qui
1207 4929 1281 4984 Petri
1297 4929 1441 4985 Abietardi
1462 4930 1577 4999 genium
1589 4926 1675 4982 111111
1691 4921 1852 4995 agnoverit,

99 5007 235 5062 supernae
258 4994 370 5050 aditum
398 5002 464 5050 vitai
488 5003 578 5050 morte
608 5008 661 5050 sua
683 4996 766 5053 nobis
800 5006 948 5063 reseraret,
1004 5015 1028 5056 is
1052 5000 1128 5055 laoili
1151 5001 1264 5070 negotio
1293 5001 1429 5066 advertit,
1449 4999 1593 5055 boiuiuein
1623 4997 1662 5051 ita
1694 5008 1712 5050 a
1747 4998 1854 5049 natura

99 5077 166 5120 cuin
188 5064 284 5120 verbis
311 5065 400 5146 nostri
426 5065 493 5120 libri
519 5066 619 5145 (⁰2²³)
649 5066 768 5134 collatis,
800 5067 823 5124 is
846 5069 951 5138 cogitet
1004 5079 1203 5138 comparatum
1232 5071 1379 5138 luissent
1411 5070 1554 5139 oppositas
1577 5067 1632 5124 sibi
1648 5065 1773 5122 invicem
1787 5076 1853 5134 pro·

99 5135 230 5191 camdem
264 5137 519 5191 contradictionem
560 5152 586 5190 in
624 5136 834 5194 Commentario
863 5153 951 5208 super
1005 5142 1158 5211 positiones
1174 5142 1251 5196 haud
1267 5141 1455 5207 aegredocere
1474 5140 1609 5210 potuerit.
1632 5158 1646 5186 >i

100 5206 250 5275 epistolam
280 5208 314 5261 nd
349 5209 493 5262 Romanos
515 5206 552 5276 (c.
573 5207 600 5271 31
617 5210 735 5276 reperiri
764 5210 826 5276 (cir.
857 5225 885 5265 n.
912 5210 948 5280 8).
1041 5213 1096 5279 (89)
1127 5207 1321 5276 1111111οηί11,
1347 5208 1678 5278 Admonitadeplitd
1701 5204 1850 5264 1111111111.

100 5277 242 5332 Praeterea
272 5277 499 5357 lurdonlessione
527 5277 583 5332 alia
604 5293 721 5348 quoque
746 5281 848 5336 diserte
868 5281 952 5337 alme·
1006 5282 1084 5351 (Opti.
1106 5283 1148 5347 Β..
1167 5292 1186 5339 t.
1204 5285 1226 5349 i,
1241 5297 1266 5352 p.
1283 5285 1334 5337 611
1349 5283 1464 5352 [Petrei.
1482 5289 1500 5336 t.
1518 5279 1689 5351 uexillill)

100 5354 310 5417 ganiiirqiinsi
340 5363 492 5419 nunquam
510 5363 525 5403 a
543 5351 752 5418 Pctroproiatn
778 5358 806 5407 et
832 5353 948 5420 scripta,
1042 5353 1098 5423 (90)
1132 5356 1230 5424 Neque
1260 5362 1355 5409 tamen
1385 5367 1430 5408 me
1461 5353 1599 5422 praeterii,
1629 5350 1705 5407 hanc
1733 5361 1851 5406 causam

100 5432 167 5497 qum
183 5419 374 5499 nihilominus
398 5423 427 5474 in
442 5419 601 5490 ejuslibris
627 5420 775 5491 leguntur.
793 5423 950 5492 Egregium
1005 5425 1217 5493 quodammodo
1248 5424 1385 5480 incertam
1420 5437 1491 5480 esse.
1525 5423 1639 5479 Etenim
1669 5420 1694 5477 si
1719 5419 1851 5476 Introdu-

100 5488 191 5556 huiiis
231 5503 275 5570 rei
316 5492 521 5569 docimentum
557 5491 646 5548 habes
674 5493 703 5547 in
732 5493 949 5550 contessione:
1004 5497 1118 5551 ctionem
1148 5496 1345 5566 imperiectam
1375 5507 1436 5552 esse
1464 5505 1502 5552 ex
1528 5507 1562 5551 eo
1586 5493 1725 5552 volumus
1748 5489 1850 5549 elicere

103 5580 113 5610 i
133 5559 213 5626 Quod
230 5569 319 5629 igliur
331 5561 406 5641 milii
435 5562 479 5618 rel
497 5576 546 5631 por
562 5562 701 5619 riialitioiii
718 5565 882 5634 impositum
896 5572 948 5633 est,
1005 5568 1083 5636 quod
1111 5569 1253 5637 ibcotoqio
1281 5565 1446 5638 iuiperiecta
1459 5566 1506 5632 sit,
1523 5566 1599 5623 hauc
1613 5578 1732 5636 quoque
1748 5573 1849 5618 revera

100 5631 179 5712 quod
205 5632 368 5700 scripserim
398 5632 499 5714 :quia
523 5634 608 5714 Pater
635 5634 720 5704 plena
739 5637 865 5706 potentia
896 5643 948 5703 est,
1005 5637 1201 5708 imperiectam
1233 5637 1323 5695 luisse
1345 5638 1473 5708 primum
1501 5645 1575 5695 esset
1606 5632 1809 5699 evincendum,
1820 5630 1849 5711 ¹ai

101 5701 193 5759 Filius
208 5702 336 5774 quadam
351 5708 489 5775 potentia,
511 5702 635 5775 Spiritus
660 5714 779 5765 sanctus
793 5706 875 5766 nulla
900 5720 947 5777 po·
1005 5707 1147 5767 cuculum
1167 5710 1197 5768 in
1212 5709 1435 5769 demonstrando
1454 5708 1654 5781 subteriugere
1669 5703 1751 5764 velie.
1774 5700 1850 5770 11111
