3804 5962
93 165 143 216 567
388 158 490 214 PETRI
508 159 696 214 adelelini
715 157 792 213 dee.
814 156 903 213 PARS
922 157 957 212 ll.
973 182 1009 196 -··
1024 154 1210 215 sindones
1230 155 1272 210 ET
1291 154 1413 212 OPUSC.
1432 154 1550 213 ASCET.
1794 158 1847 212 568

90 286 151 359 jam
165 291 197 342 tu
210 282 354 342 homicida
364 283 506 341 teneberis
520 281 582 355 lege
595 282 656 346 liei,
674 281 698 339 si
713 295 772 340 non
792 280 914 339 dederis.
933 300 944 331 ι
962 281 1093 338 Amater
1114 277 1246 336 omnium
1271 278 1426 336 virtutum.
1453 278 1514 336 Etsi
1547 286 1624 336 recte
1651 277 1764 347 oderas,
1795 279 1846 336 sed

93 375 148 432 Leo
164 387 238 445 papa
257 373 287 430 in
310 372 445 430 Sermone
466 371 600 429 secundae
623 370 778 429 dominicae
807 370 941 440 Quadra·
996 383 1054 427 non
1080 376 1157 426 recte
1175 369 1299 436 dividas,
1315 367 1447 439 peccasti.
1463 369 1499 425 Et
1512 368 1610 425 omnia
1633 368 1680 426 lex
1695 369 1848 426 immunda

94 465 225 536 gesirnau:
249 484 260 515 ι
292 463 430 534 Quisquis
457 461 534 517 enim
561 461 704 532 pascendo
728 460 872 518 hominem
886 475 942 516 ser·
996 469 1091 516 censet
1106 458 1253 526 animalia,
1270 461 1338 529 quae
1357 472 1415 514 non
1431 457 1592 527 ruminant,
1615 461 1644 514 et
1659 473 1717 515 non
1734 459 1850 517 lindunt

93 568 165 611 vare
191 552 307 625 poteris,
336 552 360 608 si
385 566 443 608 uon
468 552 593 621 paveris,
622 550 759 608 occidisti.
795 570 809 601 ι
833 549 942 606 Nobilis
998 548 1149 620 ungulam,
1178 548 1329 604 nonenim
1360 547 1526 604 infidelibus
1555 548 1727 621 deneganda
1739 559 1782 605 est
1797 549 1849 607 mi·

95 656 212 715 qnoque
237 640 352 715 gentilis
374 640 490 709 Seneca,
516 647 544 698 ct
559 639 686 696 naturali
712 639 848 710 praeditus
869 640 941 710 lege,
996 638 1152 695 sericordia
1166 637 1215 694 sed
1237 637 1363 694 marimo
1388 637 1521 694 ildelibus
1537 637 1739 707 impendenda,
1761 639 1847 709 iuxta

95 732 150 790 ltoc
179 745 297 803 quoque
320 731 371 787 diu
395 736 462 786 ante
483 728 513 785 in
528 728 690 800 proverbiis
715 728 776 786 suis
794 736 959 796 sanxerat,
997 727 1075 799 qnod
1101 728 1320 798 scriptumest:
1349 728 1469 782 dissime
1494 733 1585 782 cutem
1624 727 1663 782 ed
1689 728 1847 783 domesticos

95 821 209 878 dicens:
223 842 238 873 ι
265 820 320 888 Qui
335 832 517 895 succurrere*
532 818 660 889 perituro
677 826 777 888 potest,
794 832 860 874 curn
885 832 943 873 non
997 818 1062 888 littei
1090 816 1191 888 (dolet.
1209 831 1249 881 ιι,
1269 815 1324 887 to),
1348 816 1370 872 si
1387 823 1467 873 tanta
1487 815 1523 872 sit
1546 815 1667 888 largitas
1681 816 1762 887 stipis
1778 830 1848 887 por-

95 909 250 976 sucourrit,
281 907 395 965 occidit.
412 927 425 956 n
455 906 604 974 Quantum
633 906 691 973 bic,
720 906 832 974 iratres,
861 905 944 963 nobis
998 907 1135 978 rigendae.
1152 905 1205 961 Sed
1229 905 1384 975 Apostolus
1398 906 1479 961 docet
1497 905 1655 962 taciendam
1673 905 1791 976 quidem
1810 905 1846 960 ad

95 997 259 1071 periculum
270 996 419 1063 indicitur,
439 996 463 1053 si
483 995 524 1052 sic
538 1008 678 1065 pauperes
697 995 826 1051 membra
840 992 944 1051 Cbristi
998 1010 1097 1052 omnes
1130 995 1333 1065 elemosynam,
1372 995 1419 1051 sed
1448 995 1575 1052 maxime
1611 995 1646 1051 ad
1679 994 1848 1052 domesticos

96 1086 219 1143 avaritia
232 1093 331 1142 nostra
344 1083 488 1152 interlicit,
505 1085 562 1141 imo
578 1084 672 1154 ipsum
690 1084 795 1141 iterum
807 1084 836 1141 in
853 1098 944 1140 ment·
1000 1084 1075 1141 fidei.
1094 1086 1133 1140 lie
1163 1083 1271 1152 quibus
1298 1091 1325 1139 et
1344 1082 1475 1140 Salvator
1499 1082 1689 1154 loquebatur:
1705 1084 1787 1150 ¹oum
1803 1099 1847 1137 re·

96 1173 226 1232 brissuis
241 1174 387 1231 Christum
397 1172 501 1230 occidit
513 1172 527 1227 l
537 1173 599 1244 lpse
614 1172 723 1244 quippo
743 1172 777 1230 de
791 1172 838 1229 bis
853 1172 946 1230 onini-
1000 1175 1105 1243 cipiunt
1129 1175 1159 1228 in
1186 1175 1290 1227 eterno
1321 1171 1497 1227 tabernaculo
1511 1172 1588 1241 (luc.
1604 1186 1664 1238 ιιι,
1681 1171 1717 1242 9).
1733 1171 1787 1228 Sed
1802 1171 1846 1227 in·

97 1264 161 1332 bus,
190 1277 257 1334 que
282 1263 328 1320 bis
363 1261 542 1332 pauperibus
569 1262 653 1330 bunt,
677 1276 728 1333 per
756 1261 946 1332 semetipsum
1001 1269 1044 1318 ter
1061 1261 1146 1319 etiam
1160 1261 1238 1331 ipsos
1257 1258 1354 1316 fideles
1376 1273 1517 1331 pauperes
1539 1259 1631 1317 multa
1653 1258 1849 1317 estdiiieren-

95 1347 242 1424 loquitur:
256 1351 333 1418 Quod
356 1353 405 1407 uni
425 1368 460 1407 en
474 1353 595 1408 miminis
609 1354 677 1408 meis
689 1354 807 1420 fecistis,
819 1353 887 1407 mibi
900 1354 947 1420 te·
1003 1350 1051 1419 tia,
1072 1364 1137 1406 cum
1151 1348 1200 1427 alii
1229 1361 1370 1417 pauperes
1397 1348 1499 1405 mundi
1524 1347 1581 1405 siut
1600 1348 1778 1415 necessitate,
1799 1346 1849 1402 alii

96 1444 171 1499 cistis
187 1441 295 1513 (Mutet.
340 1456 406 1511 xxv,
434 1441 492 1512 40).
519 1441 613 1497 Etiam
638 1440 668 1497 in
696 1441 766 1498 cteio
791 1442 948 1498 consistens
1001 1451 1144 1509 pauperes
1157 1435 1208 1493 liei
1223 1435 1340 1506 propria
1359 1437 1509 1494 voluntate
1524 1454 1532 1505 ς
1548 1436 1582 1494 de
1598 1435 1708 1507 quibus
1723 1436 1845 1492 dicitur:

97 1530 272 1603 persecutori
297 1545 351 1587 suo
376 1531 491 1599 clamat,
526 1530 637 1587 dicens:
655 1531 748 1599 Saule,
772 1531 863 1599 Saule,
878 1532 947 1601 quid
1002 1531 1082 1584 Beati
1106 1540 1242 1598 pauperes
1268 1525 1380 1594 spiritu,
1399 1528 1528 1596 quonium
1545 1529 1666 1596 ipsorum
1681 1531 1720 1580 est
1735 1540 1848 1594 regnum

96 1621 350 1690 menet-sequeris?
377 1619 450 1690 (Act.
475 1633 516 1684 tx,
543 1620 658 1689 lnllpse
674 1628 791 1691 propter
805 1634 946 1691 pauperes
1002 1619 1127 1674 colorum
1166 1618 1275 1690 (Mottb.
1300 1633 1328 1686 v,
1356 1620 1395 1687 3).
1416 1616 1496 1684 Quod
1525 1623 1553 1673 et
1574 1616 1731 1686 predictus
1750 1615 1849 1670 doctor

98 1723 166 1767 suos
180 1708 266 1766 semel
295 1709 406 1766 occisus
434 1716 488 1777 est,
504 1723 557 1765 nos
572 1723 639 1765 enm
653 1708 750 1765 adbuc
772 1709 900 1780 quotidie
916 1710 944 1765 in
1000 1707 1152 1778 diligenter
1172 1708 1332 1774 attendens,
1355 1711 1563 1776 consequenter
1591 1704 1710 1775 adjecit:
1736 1724 1751 1754 ‹
1767 1705 1848 1760 Nun-

98 1799 167 1870 ipsis
193 1799 372 1868 pauperibus
398 1797 597 1855 interficimus.
628 1797 710 1855 Prior
733 1797 854 1867 ejnsilta
871 1799 944 1855 occi·
1000 1797 1120 1868 quidet
1145 1796 1191 1853 isti
1215 1811 1366 1868 pauperes,
1395 1797 1471 1851 inter
1496 1808 1625 1865 quorum
1641 1807 1752 1865 pannos
1768 1800 1793 1849 et
1809 1792 1851 1848 iu-

98 1889 150 1956 sio,
173 1901 327 1959 perquam
357 1887 496 1958 redempti
537 1902 648 1955 sumus,
688 1887 836 1945 lructuosa
863 1889 946 1945 nobis
1000 1885 1127 1957 gluviem
1147 1886 1274 1957 corporis
1288 1886 1417 1956 flagrans
1432 1883 1519 1940 libido
1534 1883 1710 1950 dominatur,
1728 1889 1848 1952 possunt

98 1976 162 2045 init,
194 1976 255 2033 bec
280 1983 376 2033 autem
406 1976 586 2034 solummodo
618 1978 771 2034 damnosa.
816 1976 947 2047 Suscepit
1000 1975 1106 2032 babere
1119 1983 1228 2031 aeterna
1243 1974 1442 2040 tabernacula,
1458 1973 1509 2044 qui
1525 1987 1578 2029 nec
1595 1973 1747 2043 praeseutia
1762 1971 1850 2042 possi·

98 2064 187 2121 ludas
213 2078 407 2122 mammonam
435 2065 605 2137 iniquitatis,
636 2065 828 2123 uthristum
849 2067 947 2122 trade·
1000 2065 1068 2122 dent
1092 2079 1145 2120 nec
1166 2063 1266 2120 lutura
1294 2065 1307 2119 ‘l
1338 2063 1401 2120 Non
1430 2064 1507 2119 enim
1529 2061 1669 2132 simplices
1697 2073 1848 2130 pauperes,

99 2161 152 2210 ret.
176 2153 233 2210 Nos
256 2168 452 2211 mammonam
482 2155 638 2213 retinentes
661 2154 834 2227 iniquitatis,
853 2156 946 2225 ipsum

100 2243 259 2300 interlicere
282 2258 340 2300 non
367 2257 523 2301 cessamus.
546 2245 726 2301 Accusamus
740 2245 855 2311 ludam,
869 2243 946 2314 quod

100 2345 167 2388 eunt
191 2339 307 2402 propter
338 2333 488 2403 pecuniam
512 2333 597 2388 semel
610 2332 738 2388 tradidit.
754 2332 817 2389 Non
831 2346 948 2388 accusa-

101 2433 167 2476 mus
180 2432 244 2488 nos,
262 2419 339 2490 quod
356 2433 407 2489 per
434 2420 564 2490 pecunie
590 2420 775 2490 cupiditatem
792 2435 859 2477 eum
874 2434 947 2491 quo·

101 2507 168 2566 tidie
183 2507 266 2579 quasi
282 2508 387 2564 iterum
402 2508 605 2579 crucifigentes
621 2508 821 2566 interficimus.

136 2596 366 2664 Transieramus,
382 2597 494 2666 iratres,
525 2596 607 2653 istam
621 2594 831 2657 ‚mammonam
847 2598 949 2670 iniqui-

103 2684 169 2743 tatis
199 2685 228 2741 in
257 2698 452 2742 mammonam
476 2685 623 2757 aequitatis
658 2693 746 2757 atque
767 2687 887 2758 justitie
914 2689 948 2745 de

104 2788 164 2847 qua
187 2779 327 2844 scrtptum
359 2781 415 2830 est:
445 2776 590 2845 dispersit,
618 2775 693 2830 dedit
709 2777 884 2847 pauperibus,
904 2777 950 2845 jn·

1001 2153 1049 2210 sed
1078 2167 1219 2224 pauperes
1247 2153 1351 2223 spiritu
1367 2151 1442 2208 beati
1461 2150 1653 2222 appellantur,
1680 2148 1762 2205 idest
1779 2157 1810 2206 ut
1825 2149 1849 2204 ei

1002 2242 1111 2299 tribuat
1133 2241 1184 2313 qui
1212 2241 1357 2298 erubescit
1391 2241 1529 2310 accipere,
1559 2246 1588 2296 et
1614 2253 1681 2296 curn
1709 2239 1851 2309 acceperit

1002 2332 1077 2388 dolet
1092 2339 1199 2387 ntetens
1213 2331 1352 2398 carnalia,
1368 2338 1395 2387 ιι
1409 2329 1555 2386 seminans
1569 2327 1742 2398 spiritualia.
1759 2347 1773 2378 ι
1797 2326 1850 2383 Sed

1002 2421 1078 2476 inter
1110 2420 1186 2490 ipsos
1210 2419 1327 2485 iterum,
1363 2420 1415 2489 qui
1438 2419 1484 2475 lici
1510 2420 1720 2488 potiusquam
1747 2415 1848 2472 mundi

1003 2523 1144 2581 pauperes
1173 2516 1251 2576 sunt,
1277 2507 1417 2564 nonnulla
1444 2516 1486 2565 ιιι
1512 2506 1684 2576 differentia,
1711 2519 1778 2562 cunt
1802 2505 1851 2561 alii

1004 2600 1068 2670 plus
1081 2606 1195 2669 egeant,
1211 2597 1259 2654 alii
1275 2597 1382 2655 miuus.
1408 2597 1443 2654 lli
1457 2596 1586 2667 quidem,
1601 2595 1653 2666 qui
1677 2594 1782 2651 saeculo
1801 2608 1851 2664 pe·

1003 2687 1083 2745 nitus
1097 2685 1337 2745 abrenuntiantes
1360 2686 1545 2758 apostolicam
1575 2683 1726 2741 imitantur
1746 2682 1847 2747 vitam,

1003 2777 1130 2834 veriores
1160 2783 1230 2833 sunt
1245 2790 1387 2846 pauperes
1416 2777 1516 2832 etlieo
1545 2773 1776 2845 propinquiores.
1798 2771 1850 2828 Sed

104 2865 182 2920 stilic
207 2865 267 2934 ejus
289 2866 424 2919 monetiu
452 2866 581 2920 seculum
623 2866 715 2920 saecuti
734 2865 817 2935 (Psoi.
839 2865 946 2936 erqo).
965 2882 986 2938 q
1003 2873 1071 2923 sunt
1098 2866 1188 2936 hujus
1210 2862 1393 2935 professionis
1413 2879 1471 2920 non
1495 2862 1675 2920 solummodo
1703 2860 1770 2929 viri,
1802 2861 1850 2918 sed

103 2953 208 3009 lllaest
219 2966 383 3009 mammona
403 2952 559 3024 equitatis,
576 2954 605 3009 id
625 2961 666 3009 est
683 2954 805 3024 pecunia
819 2953 948 3024 iustitiae,

105 3054 194 3112 quarn
220 3041 315 3098 virtus
332 3039 451 3110 justitiae
481 3040 602 3097 fideliter
625 3040 780 3111 dispensat,
810 3042 884 3098 sicut
902 3041 952 3097 illa

105 3138 148 3187 est
161 3129 321 3201 iniquitatis
336 3142 425 3200 quam
440 3128 570 3186 avaritie
584 3127 736 3186 defraudat
748 3129 896 3201 iniquitas.

140 3220 182 3276 Ne
212 3217 329 3290 putetis,
368 3218 482 3284 iratres,
505 3232 574 3275 cum
605 3218 667 3275 baec
694 3220 871 3290 pauperibus
895 3220 949 3277 int-

108 3308 240 3379 penditis,
266 3322 318 3363 vos
327 3307 368 3363 eis
383 3313 478 3363 restra
493 3307 572 3375 dare,
585 3309 633 3364 sed
650 3321 703 3365 sna
718 3308 845 3366 reddere.
867 3309 951 3377 Quid·

107 3396 177 3468 quid
192 3397 270 3453 enirn
282 3409 372 3466 supra
387 3396 549 3452 necessaria
568 3395 634 3452 vitae
663 3397 802 3459 retinetis,
822 3397 951 3468 ipsorum

107 3491 186 3550 sunt,
207 3493 234 3541 et
249 3498 300 3555 per
327 3484 458 3555 rapinam
474 3498 528 3542 sua
553 3485 873 3556 violenteroceupastis,
890 3488 953 3558 qui·

107 3576 162 3632 bus
186 3572 289 3631 ablatis
319 3587 368 3630 eos
381 3573 550 3631 interficitis.
579 3575 658 3631 Unde
685 3574 841 3647 Gregorius
858 3577 887 3633 in
903 3576 953 3634 Pa-

108 3662 207 3721 storali
238 3663 295 3734 (45)
313 3679 350 3718 :c
376 3663 428 3732 Ea,
454 3663 563 3736 inquit,
588 3663 623 3721 de
650 3678 710 3736 qun
738 3666 846 3736 sumpti
872 3674 951 3735 sunt,

108 3753 219 3810 cunctis
245 3751 413 3809 bominibus
441 3759 516 3809 terra
545 3753 707 3810 communis
735 3760 786 3822 ιιι,
806 3753 953 3812 etidcirco

107 3842 244 3899 alimenta
272 3855 390 3913 quoque
412 3843 603 3900 communiter
626 3842 761 3899 omnibus
789 3842 904 3914 prolert.
936 3867 951 3896 ‚t

107 3935 256 3989 incassum
273 3945 302 3988 se
317 3945 385 4003 ergo
410 3931 576 3989 innocentes
590 3939 705 4002 putant,
722 3932 774 4004 qui
800 3946 952 3992 commune

19 4051 23 4056 -
107 4021 157 4079 Dei
179 4020 357 4078 munussibi
385 4022 520 4092 privatim
555 4021 712 4090 vindicant,
742 4021 792 4093 qui
819 4036 951 4080 cumac-

63 4100 71 4107 ’
107 4118 188 4182 cepta
204 4125 262 4166 non
288 4110 433 4176 tribuunt,
450 4110 480 4165 in
507 4110 707 4180 proximorum
738 4124 950 4182 necegrassan·

107 4206 165 4256 tur.
183 4199 256 4256 Nam
283 4213 351 4256 cunt
376 4199 512 4272 quelibet
540 4200 702 4256 necessaria
733 4201 953 4273 indignantibus

106 4285 317 4354 ministramus,
343 4301 397 4344 sua
412 4286 467 4344 illis
483 4286 639 4353 reddimus,
663 4301 721 4344 non
743 4296 839 4345 nostra
866 4287 953 4361 largi·

108 4387 184 4432 mur.
213 4375 333 4432 lustitia
361 4377 456 4447 potius
480 4375 608 4433 debitum
623 4375 774 4444 solvimus,
795 4390 883 4448 quant
899 4377 953 4433 tui·

106 4466 269 4523 sericordiae
295 4479 383 4537 opera
403 4466 564 4536 implemus.
591 4464 670 4524 Unde
697 4474 725 4523 et
752 4465 864 4525 Veritas
887 4480 954 4524 cum

106 4555 141 4612 de
167 4554 462 4611 misericordiaoaute
487 4555 653 4612 exbibenda
668 4555 845 4627 loqueretur,
861 4554 952 4612 dixit:

107 4644 249 4701 Attendite
279 4661 313 4700 ue
335 4646 477 4716 justitium
504 4651 622 4703 oestrum
644 4647 757 4714 sociatis
795 4660 885 4701 corum
911 4645 956 4700 bo·

105 4735 225 4790 minibus
261 4735 372 4806 (Metti.
402 4749 442 4802 ιι,
476 4735 512 4807 l).
547 4736 583 4793 Et
608 4735 777 4792 psalmista:
808 4736 953 4805 dispersit,

107 4823 182 4879 dedit
192 4824 375 4896 pauperibus,
388 4825 501 4893 iustitio
517 4826 576 4895 eius
589 4829 681 4882 mouet
704 4828 734 4879 in
752 4825 884 4882 saeculum
900 4838 954 4880 sae-

106 4914 161 4968 culi
179 4911 264 4983 (Pscl.
293 4928 349 4982 en,
365 4914 405 4985 9).
431 4916 481 4972 Est
494 4915 572 4971 enim
597 4915 722 4986 justitia,
739 4927 805 4986 quae
833 4913 954 4971 unicui-

106 5015 163 5072 que
179 5004 272 5059 reddit
300 5003 378 5074 quod
393 5017 478 5061 suurn
492 5011 543 5061 est.
578 5004 650 5061 Cum
663 5011 758 5060 autern
777 5001 955 5074 pauperibus

105 5103 159 5147 sua
182 5092 373 5161 restituimus,
393 5094 520 5150 maxima
548 5101 590 5152 est
613 5092 777 5150 adhibenda
809 5090 951 5161 discretio,

104 5192 142 5236 ne
166 5179 274 5236 scilicet
293 5183 371 5253 quod
398 5183 517 5240 alterius
542 5191 584 5240 est
599 5183 683 5240 alteri
708 5183 888 5250 demessui
905 5180 953 5238 coi

103 5269 197 5340 magis
211 5268 360 5340 debemus,
390 5271 486 5330 minus
515 5273 626 5331 demus.
644 5275 692 5332 list
714 5273 792 5331 enirn
818 5269 951 5332 discretio

141 5443 196 5516 (li)
210 5444 315 5506 Patrai.
334 5454 352 5504 t.
383 5448 516 5518 lxxvii,
537 5451 590 5508 col.
606 5454 648 5506 st.

1006 2956 1091 3012 etiam
1119 2954 1242 3016 lemine.
1270 2969 1335 3026 quas
1359 2969 1426 3011 cnm
1454 2953 1513 3012 siut
1532 2951 1689 3024 tragilioris
1707 2963 1805 3019 sexus,
1826 2951 1855 3006 ιι

1007 3043 1173 3100 infirmioris
1195 3049 1318 3114 naturae,
1356 3050 1435 3100 tanto
1461 3050 1504 3100 est
1544 3056 1645 3100 earum
1673 3040 1768 3097 virtus
1798 3041 1853 3095 beo

1006 3133 1208 3204 acceptabilior
1232 3120 1320 3204 atquo
1349 3133 1509 3205 perlectior,
1538 3139 1648 3203 quanto
1676 3136 1719 3186 ost
1747 3135 1853 3184 natura

1007 3221 1257 3292 indeminutum
1282 3221 1353 3278 iilud
1382 3221 1525 3293 Apostoli:
1565 3221 1635 3277 Num
1666 3220 1753 3273 virtus
1769 3219 1799 3271 in
1814 3219 1856 3270 in-

1005 3313 1286 3381 firmiloteperficitur
1297 3312 1335 3379 (ll
1350 3312 1410 3370 Cor.
1429 3326 1486 3379 ιιι,
1504 3311 1542 3382 9).

1042 3400 1105 3455 lstae
1133 3412 1210 3467 cum,
1240 3401 1361 3456 terrenis
1395 3401 1539 3473 conjugiis
1554 3398 1599 3455 vel
1614 3396 1780 3455 carnalium
1802 3409 1856 3453 ιο-

1007 3491 1152 3560 luptatum
1177 3488 1318 3547 illecebris
1364 3491 1477 3561 spretis,
1506 3503 1610 3559 sponso
1639 3486 1797 3544 immortali
1822 3501 1852 3543 ιι

1006 3577 1152 3649 copulant,
1194 3592 1306 3648 sponsa
1342 3579 1448 3636 summi
1482 3580 1558 3650 regis
1575 3575 1693 3645 eiectae,
1721 3575 1852 3632 omnium

1006 3667 1070 3738 ejus
1082 3680 1234 3724 servorum
1258 3667 1425 3725 ellicinntur
1455 3667 1591 3724 Domine.
1604 3665 1687 3733 Quod
1701 3664 1858 3738 diligenter

1007 3755 1157 3812 attendens
1185 3756 1287 3813 beatus
1311 3757 1502 3828 Hieronymus
1516 3770 1582 3813 cum
1598 3754 1737 3812 adunam
1751 3754 1857 3811 barum

1006 3850 1196 3918 sponsarum
1215 3847 1405 3906 Eustochium
1433 3847 1580 3917 scriberet,
1596 3849 1654 3902 ait:
1673 3866 1687 3895 «
1716 3845 1783 3901 llaec
1807 3843 1854 3900 id·

1006 3936 1082 3992 circo
1106 3937 1223 3997 domina
1264 3951 1328 3995 mea
1352 3935 1554 4000 Eustochium,
1582 3934 1728 3991 dominam
1750 3933 1859 4004 quippe

1007 4024 1093 4082 debeo
1108 4039 1213 4085 vocare
1226 4040 1359 4098 sponsam
1385 4024 1499 4082 Domini
1520 4022 1589 4080 mei.
1614 4042 1628 4075 n
1649 4023 1729 4089 Quod
1748 4022 1771 4078 si
1787 4029 1854 4077 tan-

1007 4120 1053 4171 tus
1068 4116 1200 4174 Ecclesiae
1213 4117 1312 4173 doctor
1339 4116 1480 4171 veraciter
1502 4113 1628 4184 proliteri
1654 4127 1711 4168 non
1726 4111 1857 4178 erubuit,

1005 4212 1034 4263 et
1061 4218 1113 4263 ros
1136 4220 1185 4264 eas
1198 4205 1328 4262 dominas
1342 4206 1452 4261 vestras
1467 4203 1554 4259 rebus
1569 4201 1637 4272 ipsis
1662 4201 1753 4273 magis
1768 4214 1858 4272 quam

1009 4294 1106 4353 verbis
1128 4301 1371 4368 recognoscentes,
1401 4307 1436 4349 ne
1462 4290 1602 4348 dilleratis
1631 4303 1731 4347 earum
1754 4290 1857 4359 inopie

1008 4384 1172 4453 subvenire,
1194 4392 1222 4441 et
1236 4398 1287 4441 vos
1301 4382 1387 4455 longe
1402 4380 1529 4452 amplius
1542 4379 1650 4438 domini
1666 4379 1754 4437 vestri
1769 4392 1857 4450 spon·

1009 4473 1048 4531 sis
1062 4474 1164 4532 debere
1179 4486 1267 4545 quarn
1291 4473 1390 4540 servis,
1413 4479 1440 4528 et
1458 4484 1508 4527 eas
1523 4470 1599 4541 apud
1628 4481 1765 4538 sponsum
1792 4482 1857 4538 pro.

1010 4561 1105 4634 prium
1134 4561 1199 4633 plus
1222 4575 1302 4632 posse
1331 4574 1420 4632 quam
1448 4574 1549 4617 servos
1578 4557 1752 4630 agnoscatis.
1780 4558 1858 4614 luter

1009 4650 1085 4722 ipsas
1108 4665 1225 4722 quoque
1263 4648 1496 4707 sanctimoniales
1523 4649 1584 4704 heec
1610 4648 1639 4702 in
1672 4643 1860 4716 eleemosynis

1008 4739 1172 4798 adhibenda
1189 4747 1230 4797 ιιι
1246 4739 1389 4806 discretio,
1415 4745 1448 4796 ut
1477 4751 1545 4809 quae
1566 4732 1670 4805 majori
1688 4741 1859 4804 paupertate

1008 4836 1076 4887 sunt
1104 4842 1256 4900 oppresse,
1272 4827 1374 4900 majori
1392 4826 1520 4886 subsidio
1549 4831 1761 4882 sustentantur.
1786 4822 1859 4879 Sunt

1008 4918 1085 4977 eninr
1104 4918 1277 4977 monasteria
1304 4917 1478 4975 feminarum
1508 4914 1583 4971 sicut
1604 4921 1632 4970 et
1646 4912 1856 4969 monachorum

1009 5008 1199 5079 antiquitusa
1226 5007 1391 5079 potentibus
1414 5004 1513 5063 seculi
1536 5003 1668 5070 lundata,
1695 5001 1739 5058 nei
1764 5003 1860 5073 copio-

1008 5098 1047 5155 sis
1075 5097 1300 5168 possessionibus
1327 5095 1426 5153 ditata.
1459 5094 1519 5150 lloc
1545 5105 1614 5148 nero
1648 5090 1854 5148 monasterinm

1006 5187 1119 5245 noviter
1137 5193 1347 5251 constructum,
1375 5198 1429 5240 nec
1460 5195 1478 5238 a
1496 5181 1583 5239 divite
1598 5179 1724 5252 quodam
1749 5179 1856 5236 lunda·

1008 5285 1072 5335 tum
1095 5283 1146 5346 est,
1171 5290 1224 5334 nec
1250 5272 1474 5348 possessionibus
1487 5271 1620 5329 ditatum.
1653 5269 1735 5339 Quod
1759 5275 1856 5326 tamen
