3804 5962
131 139 199 198 tais
396 137 498 194 serat
517 136 703 196 tamtum
723 138 800 194 OPP.
821 136 908 193 Pras
928 138 976 194 lll.
989 167 1024 180 ·-
1035 139 1261 232 rubocouics
1280 142 1322 197 ΕΤ
1340 141 1604 200 pflibosorfflca
1807 144 1869 200 lats

125 247 169 324 εει
192 263 326 337 quassari
352 276 389 320 ex
416 262 607 320 similitudine
635 262 769 335 superius
784 262 912 332 inducta,
937 262 972 320 de
986 261 1011 317 Δ
1026 277 1140 322 εειεεεε
1163 271 1194 323 ει
1218 280 1284 322 cum
1310 280 1369 323 nna
1386 280 1511 337 persona
1531 280 1597 338 quae
1622 267 1699 324 Deus
1720 274 1764 323 εει
1788 267 1825 323 sit
1836 281 1869 324 ex

124 367 194 413 cara
208 352 341 412 ridebcet
355 359 443 423 atque
461 364 544 409 cerea
559 350 696 424 imagine.
713 351 790 408 idem
808 352 916 424 quippe
929 361 970 410 est
1026 368 1087 411 una
1117 368 1239 425 persona
1262 370 1327 426 quae
1351 356 1428 412 Deus
1452 363 1504 423 est,
1531 354 1609 426 quod
1633 363 1675 412 εει
1701 357 1794 413 εεεει
1813 370 1869 414 essa

124 440 314 504 essentialiter
334 453 399 498 ιειε
413 438 475 511 ipsa
495 447 523 497 ει
538 440 633 512 imago
649 454 740 497 cerea.
758 440 795 497 Ει
812 455 879 498 cnm
894 441 970 497 ima·
1024 443 1059 499 dc
1081 444 1147 512 Deo,
1166 444 1228 500 ideo
1248 444 1323 499 idem
1345 445 1381 500 sit
1398 458 1435 500 ex
1459 459 1500 514 se,
1521 458 1588 501 curn
1609 442 1689 500 nullo
1710 445 1798 501 modo
1815 459 1868 502 una

124 546 161 606 go
174 531 238 604 ipsa
251 544 289 589 ex
307 529 369 602 ipsa
383 542 449 587 cera
467 535 593 598 estnon
613 529 676 587 ideo
689 543 727 586 ex
742 530 846 601 scipsa,
861 531 915 587 εει
927 538 969 587 εει
1024 545 1145 602 persona
1159 547 1225 603 qnae
1239 539 1282 588 εει
1303 547 1339 589 ex
1359 532 1449 589 altera
1468 534 1504 589 sit
1525 532 1573 588 illa
1588 547 1623 589 ex
1640 545 1700 603 qua
1714 539 1769 596 εει,
1789 546 1823 590 ει
1836 534 1867 591 si·

37 663 44 671 .
121 635 182 680 non
196 618 260 678 idco
285 619 348 690 ipsa
362 617 460 690 imago
485 626 625 675 cereaest
646 631 682 675 ex
699 620 760 689 ipsa
782 619 908 689 imagine
922 634 967 676 ce.
1024 620 1129 678 militer
1153 622 1215 678 istae
1244 635 1381 691 persone,
1407 636 1474 692 quaa
1498 621 1528 693 in
1551 621 1607 678 [teo
1630 629 1710 690 sunt,
1727 621 1822 679 sinra
1845 635 1868 680 ει

121 721 189 781 rca3
204 707 277 781 quia
299 713 342 765 εει
355 720 393 764 ex
408 708 470 778 ipsa
489 719 565 776 cera,
596 706 732 778 quamvis
747 707 808 763 εει
826 705 888 776 ipsa
903 720 968 764 cera
1024 723 1075 780 per
1103 709 1335 780 praedicationem
1372 710 1532 782 disjunctae,
1557 709 1631 767 sicut
1662 718 1691 767 ct
1724 709 1783 767 ittae
1809 727 1868 783 qua

121 804 150 856 ct
165 796 227 855 baec
252 795 316 868 ipsa
336 793 433 868 imago
454 794 530 853 idem
556 795 614 852 sint
639 794 754 866 penitus
767 793 966 862 essentialiter,
1023 797 1154 855 suntsub
1167 798 1282 854 bomine
1297 798 1438 869 etspecie.

120 899 180 944 non
194 884 367 943 dilllnitione
379 883 499 955 quidem
513 883 559 940 rel
574 884 758 955 proprietate.
774 884 846 954 ipsae
860 883 967 955 quippe
1058 887 1138 953 Quod
1152 901 1220 945 rcro
1234 888 1378 959 objectum
1404 896 1456 955 est,
1484 889 1508 945 si
1524 891 1599 946 Deus
1626 890 1718 949 neum
1743 898 1868 961 generet,

121 972 260 1033 dictiones
287 972 417 1031 relativae
439 986 507 1030 cum
522 971 559 1029 ad
585 972 763 1030 identitatem
781 972 909 1043 eiusdem
924 971 966 1028 rei
1022 974 1068 1032 rel
1091 975 1216 1047 seipsum
1238 977 1328 1033 Deum
1354 976 1396 1033 vel
1414 976 1505 1033 alium
1530 978 1628 1043 Deum,
1658 978 1804 1035 lacileest
1826 992 1869 1037 rc-

119 1062 261 1135 premissi
283 1061 453 1121 nominibus
490 1068 740 1132 superponuntur,
776 1075 834 1117 non
872 1059 966 1117 solum
1021 1061 1080 1121 lelli
1109 1065 1268 1121 εειεεεεει
1287 1066 1435 1142 inductam
1459 1067 1595 1136 superius
1617 1067 1817 1137 generationis
1839 1067 1869 1125 si

119 1151 158 1211 ad
181 1150 361 1210 identitatem
379 1149 519 1216 εεεεειῐει,
545 1162 649 1206 ιειεει
678 1150 766 1206 etiam
781 1148 817 1204 ad
830 1148 965 1205 identita-
1021 1151 1214 1209 militudinem
1231 1153 1266 1208 de
1283 1167 1349 1210 cera
1363 1154 1493 1211 videlicet
1509 1162 1536 1210 et
1552 1154 1677 1225 imagine
1693 1169 1788 1212 cerea.
1803 1154 1869 1214 Cera

119 1248 176 1298 tam
199 1238 382 1298 dilduitionis
410 1245 498 1312 atquc
529 1238 658 1310 ejusdem
674 1238 789 1309 penitus
805 1245 898 1294 status
918 1251 966 1293 ac·
1022 1240 1127 1311 quippe
1151 1240 1306 1312 cujuslibet
1333 1256 1405 1299 cere
1431 1256 1608 1313 quocunqne
1632 1243 1718 1299 modo
1741 1241 1868 1302 formata

118 1324 349 1398 commodantur,
370 1335 403 1386 ut
418 1326 443 1386 si
455 1328 549 1385 dicam
563 1326 693 1397 aliquam
712 1340 772 1384 rem
790 1340 851 1383 esse
873 1340 964 1393 exse,
1021 1329 1141 1387 materia
1163 1339 1205 1387 εει
1231 1336 1259 1387 et
1289 1330 1503 1402 quodammodo
1529 1331 1678 1402 quodlibet
1702 1346 1793 1389 suum
1825 1347 1866 1405 ge-

120 1417 364 1490 oportetntldem
385 1417 503 1490 penitus
525 1415 584 1472 sint
604 1415 692 1487 juxta
711 1429 880 1486 expressum
904 1429 965 1473 esse
1020 1426 1104 1475 uerat
1128 1419 1312 1476 materiatum
1343 1420 1420 1490 quod
1448 1433 1486 1476 ex
1505 1420 1567 1490 ipsa
1594 1427 1646 1487 est,
1668 1427 1704 1477 ut
1729 1420 1865 1478 diximus.

119 1520 218 1572 sunm,
235 1520 281 1564 res
301 1505 441 1580 ipsaque
455 1513 498 1562 εει
512 1511 540 1563 et
556 1517 602 1562 res
621 1504 683 1576 ipsa
696 1518 734 1562 ex
761 1518 820 1575 qna
845 1511 897 1570 est,
914 1518 965 1561 re-
1020 1507 1208 1579 domitaque
1231 1521 1297 1564 cera
1319 1509 1396 1565 banc
1421 1523 1516 1566 ceram
1538 1510 1579 1566 sic
1602 1509 1762 1566 lormatam
1787 1509 1865 1582 quasi

119 1594 173 1654 luti
198 1594 221 1654 si
237 1595 312 1654 idem
325 1603 398 1655 esset
419 1593 591 1652 dildnitione
616 1593 677 1650 baec
698 1607 763 1650 cera
776 1600 804 1651 ει
818 1593 878 1650 εει
893 1593 964 1650 ima·
981 1604 1003 1660 Β
1020 1596 1143 1652 materia
1156 1597 1313 1654 constituat
1330 1605 1417 1668 atquc
1433 1605 1559 1668 generet,
1575 1597 1678 1669 utique
1689 1612 1865 1670 ceraquam-

118 1685 156 1743 bo
170 1698 263 1754 cerea,
290 1684 367 1743 sicut
381 1683 456 1742 idem
471 1690 514 1742 εει
537 1682 615 1740 εεείε
640 1690 668 1740 ει
694 1695 812 1740 mucro:
829 1689 857 1739 et
884 1690 964 1752 tunc,
1019 1684 1087 1742 dam
1109 1694 1228 1757 generat
1247 1699 1352 1743 ceram.
1370 1686 1451 1743 Unde
1463 1693 1573 1758 oportet
1587 1687 1751 1744 secundnm
1768 1701 1863 1760 snpra·

118 1787 186 1833 cnm
209 1773 434 1832 concederemus
463 1771 554 1844 ipsam
579 1770 737 1842 imaginem
761 1784 823 1827 essa
841 1784 877 1839 ex
902 1771 967 1843 ipsa
1019 1773 1141 1844 positam
1166 1774 1320 1841 rationem,
1351 1783 1383 1832 nt
1416 1774 1462 1831 rel
1491 1790 1521 1832 εε
1555 1776 1647 1846 ipsam
1678 1783 1800 1846 generet
1824 1775 1864 1834 rel

118 1872 196 1931 cera,
221 1865 362 1934 oporteret
384 1859 500 1918 concedi
523 1858 598 1917 idem
617 1874 678 1917 εεεε
700 1874 737 1917 ex
757 1872 786 1916 ει
805 1858 876 1930 ipso.
893 1859 965 1918 Cum
1019 1861 1105 1918 aliam
1132 1876 1237 1919 ceram.
1264 1861 1316 1919 Sed
1340 1876 1393 1919 uec
1415 1862 1514 1919 eadem
1531 1877 1596 1921 cera
1620 1877 1656 1921 ex
1679 1877 1711 1921 se
1736 1864 1802 1936 ipsa
1819 1879 1862 1938 ge

118 1963 187 2009 vero
200 1965 260 2008 non
275 1949 363 2023 possit
386 1948 498 2007 ostendi
513 1947 542 2004 id
556 1949 635 2020 qnod
650 1949 758 2006 dicitnr
783 1964 845 2008 esse
860 1964 897 2008 ex
916 1948 965 2007 illc
1024 1957 1147 2007 neratur
1169 1950 1215 2007 vel
1240 1965 1276 2007 ιιι
1298 1965 1328 2006 se
1355 1950 1416 2020 ipsa
1429 1958 1482 2019 est,
1507 1951 1643 2023 quamvis
1661 1966 1730 2008 cera
1750 1953 1794 2010 sic
1816 1953 1865 2011 lor·

118 2038 195 2098 idem
218 2038 466 2098 cssadildnitionc
480 2052 547 2096 cum
573 2036 633 2108 illc,
649 2052 707 2095 non
732 2046 774 2095 est
789 2039 965 2097 ideorerum
1019 2045 1096 2095 mata
1118 2037 1193 2095 idem
1222 2037 1258 2094 sit
1282 2037 1472 2095 essentialiter
1492 2053 1560 2097 cum
1578 2053 1643 2096 ocra
1666 2039 1731 2110 ipsa
1751 2054 1790 2098 ax
1809 2053 1865 2113 qua

118 2128 196 2188 idem
209 2143 270 2187 esse
282 2142 320 2187 ex
335 2143 365 2186 se
388 2127 459 2200 ipso,
474 2126 540 2185 etsi
569 2127 622 2183 boc
637 2125 711 2184 idem
726 2128 763 2184 sit
776 2127 966 2185 essentialiter
1017 2134 1061 2185 cst
1080 2140 1133 2183 εει
1153 2126 1191 2182 sit
1210 2126 1285 2182 idem
1307 2127 1490 2184 dilllnitionc.
1517 2127 1597 2186 Unde
1619 2141 1709 2198 supra
1732 2128 1866 2186 memini·

119 2230 154 2273 ac
171 2230 294 2276 numero
318 2231 385 2275 cum
410 2215 469 2274 illo.
494 2214 584 2273 blulto
609 2214 715 2284 minus,
744 2229 809 2271 cum
839 2218 922 2274 Pater
938 2223 966 2273 ει
1019 2228 1084 2272 mus
1105 2214 1243 2271 relativas
1269 2214 1407 2272 dictiones
1430 2230 1488 2272 non
1515 2216 1630 2287 proprie
1661 2218 1791 2288 supponi
1814 2216 1868 2275 nisi

120 2303 210 2364 iilius
222 2305 328 2363 diversi
341 2305 379 2362 ab
392 2304 517 2362 invicem
531 2303 599 2370 sint,
616 2309 674 2360 tam
689 2302 861 2361 dildnitionc
875 2318 964 2376 quam
1019 2302 1056 2360 ad
1078 2302 1256 2360 identitatem
1293 2318 1411 2375 quoquc
1446 2304 1637 2362 diltiuitionis.
1679 2305 1733 2362 list
1769 2305 1866 2378 itaque

120 2394 304 2466 proprietate,
334 2394 400 2451 licet
428 2392 486 2451 sint
508 2392 583 2449 idem
612 2391 808 2457 essentialiter,
837 2407 896 2450 non
923 2401 965 2450 εει
1019 2405 1085 2449 cera
1113 2392 1235 2448 materia
1264 2407 1336 2449 ceree
1366 2393 1518 2463 cujusdam
1544 2400 1632 2465 atque
1656 2395 1723 2465 ejus
1745 2395 1866 2452 materia

119 2495 243 2552 εειεεεε,
259 2489 292 2540 ut
307 2494 374 2539 cum
389 2479 480 2538 Filius
493 2480 529 2537 sit
549 2494 585 2537 ex
599 2479 682 2537 Patre
700 2479 745 2538 vel
760 2490 915 2553 generetur
927 2495 964 2538 ex
1016 2481 1102 2554 juxta
1121 2479 1277 2550 Platonem,
1304 2481 1355 2552 qui
1381 2482 1530 2539 materiam
1551 2482 1637 2553 quasi
1659 2490 1784 2540 matrem
1811 2497 1868 2541 rna·

118 2568 214 2638 Patre,
236 2568 311 2627 idem
326 2568 363 2626 sit
378 2567 518 2626 cxsavel
540 2574 696 2638 generetur
709 2579 743 2624 cr
759 2582 798 2625 sc.
814 2569 868 2626 sed
893 2569 965 2626 dicis
1019 2567 1112 2627 teriati
1147 2567 1304 2637 coustituit,
1336 2582 1389 2625 εει
1421 2576 1516 2626 ιειεεε
1540 2568 1603 2625 ideo
1628 2569 1672 2626 rel
1698 2569 1745 2626 sui
1775 2570 1865 2642 ipsius

118 2657 191 2717 mibi
205 2658 276 2732 qnia
292 2659 370 2716 Dens
383 2656 423 2715 'de
439 2657 497 2714 Deo
510 2664 563 2725 est,
577 2670 643 2714 cum
665 2656 755 2714 Filius
768 2657 805 2714 sit
818 2672 855 2715 cx
870 2658 964 2730 Patre,
1018 2656 1140 2714 materia
1164 2665 1207 2715 εει
1233 2671 1285 2714 seu
1317 2664 1409 2714 mater
1435 2657 1480 2713 vel
1507 2657 1626 2714 alterins
1653 2671 1738 2715 cerae.
1774 2659 1822 2717 Sic
1839 2666 1864 2718 ει

117 2747 233 2807 undeet
246 2747 418 2806 confitemur
435 2761 487 2804 nos
506 2745 622 2803 credere
636 2745 665 2801 in
676 2745 780 2804 Filium
795 2747 858 2814 Dei,
871 2748 962 2804 Deum
1018 2748 1095 2805 Deus
1113 2759 1180 2803 cum
1211 2746 1303 2802 Deum
1332 2753 1458 2816 generet,
1488 2746 1544 2802 εει
1564 2752 1605 2803 εει
1632 2746 1669 2803 sit
1692 2749 1779 2805 Pater
1806 2748 1863 2819 liei,

116 2836 153 2895 de
166 2837 234 2906 bec,
251 2835 349 2895 lumen
361 2837 396 2893 de
410 2833 531 2900 lumine.
979 2821 1001 2878 C
1018 2849 1071 2895 εει
1086 2833 1211 2904 seipsum
1229 2833 1291 2889 ideo
1308 2840 1424 2905 generat
1438 2847 1490 2890 εει
1502 2833 1593 2890 alium
1608 2834 1713 2892 Deum.

151 2923 225 2983 Cum
240 2926 349 2998 itaque,
362 2924 489 2997 inquies,
503 2924 579 2981 licus
593 2924 630 2980 sit
645 2923 679 2980 de
694 2925 762 2993 Deo,
777 2931 805 2981 et
819 2924 896 2981 Deus
907 2924 961 2982 εει
1047 2922 1091 2979 lic
1116 2921 1275 2980 eternitate
1303 2929 1401 2979 autem
1430 2922 1622 2994 generationis
1652 2924 1733 2994 qnod
1757 2925 1862 2997 quesi-

115 3027 221 3072 nornen
231 3013 381 3087 proprium
394 3013 527 3070 situnius
537 3020 565 3069 et
576 3011 734 3068 individuae
745 3012 961 3084 singularisque
1015 3014 1149 3078 tumeat,
1181 3016 1281 3066 utrum
1306 3008 1439 3066 videlicet
1462 3008 1553 3066 Filius
1575 3024 1687 3081 semper
1712 3011 1861 3084 gignatur,

114 3103 294 3174 substantie,
310 3117 364 3159 nec
377 3100 437 3159 ullo
452 3100 537 3157 modo
551 3100 628 3157 Deus
643 3100 728 3156 aDeo
742 3099 778 3156 sit
790 3099 961 3158 diffinitione
1014 3110 1053 3152 an
1073 3111 1185 3167 semper
1204 3097 1241 3154 sit
1256 3097 1379 3168 genitus,
1411 3098 1440 3153 in
1465 3097 1525 3168 ipso
1547 3098 1604 3155 lere
1624 3101 1759 3170 superius
1774 3101 1862 3158 nostri

14 3198 17 3202 ’
114 3189 257 3260 diversus,
274 3190 323 3249 sed
336 3189 453 3261 penitus
468 3188 554 3256 idem,
564 3187 799 3259 oportetconcedi
811 3187 885 3243 idem
899 3201 961 3244 esse
1014 3192 1154 3243 tractatus
1190 3186 1307 3242 exordio
1340 3187 1419 3256 qnod
1457 3189 1597 3244 sentimus
1634 3189 1860 3262 assignavimus,

113 3292 152 3336 cx
166 3293 196 3336 se
226 3279 297 3349 ipso.
326 3276 371 3334 Ad
399 3275 479 3347 quod
493 3275 651 3347 respondeo
666 3276 745 3354 quod
769 3277 958 3346 quemadmo·
1013 3287 1080 3330 eum
1104 3271 1210 3330 scilicet
1223 3280 1281 3329 tam
1310 3274 1390 3345 gigni
1412 3288 1524 3345 semper
1546 3289 1636 3346 qnam
1651 3278 1785 3348 genitum
1801 3292 1860 3336 csse

113 3366 185 3425 dum
210 3365 335 3423 dicimus
360 3364 507 3422 bominem
534 3362 570 3419 ab
597 3362 714 3419 bomine
735 3377 797 3420 εεεε
810 3363 960 3421 diversum
1013 3369 1181 3430 asserentes,
1209 3360 1263 3417 boc
1290 3369 1333 3418 est
1360 3377 1473 3432 semper
1500 3377 1567 3420 cnm
1586 3378 1623 3422 ex
1653 3366 1738 3423 Patre
1756 3373 1858 3425 essee

112 3452 284 3512 dildnitione
310 3453 370 3510 sisc
397 3451 582 3524 proprietate,
605 3451 628 3508 si
646 3451 700 3508 εει
724 3452 831 3509 scilicet
854 3453 891 3509 ad
916 3453 959 3509 di·
1013 3449 1128 3522 plenam
1155 3464 1268 3521 semper
1294 3460 1321 3507 ει
1350 3451 1504 3522 perlectam
1533 3454 1562 3509 in
1589 3454 1643 3511 boc
1662 3455 1725 3525 ipso
1744 3468 1859 3527 genera·

39 3594 45 3610 ,
110 3541 277 3601 versitatem
307 3553 507 3613 personarum,
536 3553 602 3612 que
618 3541 647 3596 in
673 3540 880 3606 hominesunt,
907 3554 959 3598 ac-
1013 3539 1121 3597 tionem
1142 3540 1205 3611 ejns
1224 3552 1303 3596 esse:
1329 3554 1396 3610 quaa
1415 3555 1568 3612 nunquam
1595 3550 1646 3599 aut
1669 3543 1790 3615 incoepit
1811 3552 1858 3601 aut

110 3631 265 3703 clplamns,
280 3637 313 3688 nt
330 3629 464 3689 videlicet
479 3643 540 3688 una
567 3641 689 3700 persona
706 3628 830 3686 bominis
844 3629 959 3686 diversa
1012 3627 1128 3697 desinit,
1145 3628 1222 3699 guod
1244 3635 1287 3685 est
1299 3642 1367 3684 enm
1399 3644 1511 3700 semper
1534 3630 1615 3702 gigni
1629 3637 1659 3688 ct
1675 3645 1793 3704 semper
1807 3647 1855 3706 gc·

110 3719 150 3778 sit
167 3721 204 3779 ab
219 3717 287 3790 alia,
311 3725 412 3790 utpote
435 3716 598 3775 Socratesa
624 3717 755 3782 Platone,
781 3732 834 3774 εει
861 3725 959 3774 ιεειεε
1011 3717 1105 3774 εἰιεει
1125 3730 1196 3784 εεεε,
1217 3731 1285 3773 cum
1305 3716 1380 3774 idem
1395 3718 1432 3774 sit
1457 3718 1482 3775 ei
1504 3718 1587 3790 gigni
1611 3720 1690 3790 quod
1714 3728 1757 3779 est
1778 3721 1853 3793 geni·

111 3807 175 3871 ideo
188 3807 290 3867 cadem
318 3821 365 3865 ras
392 3807 507 3866 diversa
533 3812 575 3864 est
600 3820 617 3862 a
641 3820 671 3863 εε
701 3806 774 3878 ipsa,
802 3820 869 3863 cum
896 3807 958 3864 baec
1011 3810 1074 3862 tum
1103 3819 1174 3862 esse.
1196 3804 1410 3876 Neque-enim,
1446 3821 1513 3863 cnm
1547 3807 1681 3876 dicimus,
1710 3818 1763 3867 aut
1781 3808 1856 3882 quod

109 3910 233 3970 persona
247 3911 306 3955 non
322 3897 358 3955 sit
387 3895 452 3953 illa:
484 3896 524 3953 its
549 3902 578 3953 et
602 3894 726 3953 dicimus
753 3896 844 3952 Deum
863 3909 880 3951 a
899 3896 957 3953 [teo
1011 3894 1102 3952 Filius
1126 3907 1163 3951 cx
1177 3894 1239 3950 Deo
1254 3896 1336 3952 Patre
1361 3895 1493 3966 gignitur
1507 3903 1559 3954 ant
1578 3898 1655 3968 qnod
1674 3904 1719 3956 εει
1733 3899 1854 3970 genitus,
1899 3960 1901 3969 ,

107 3985 256 4044 diuersum
283 3999 344 4043 asse
374 3984 544 4042 dilduiticne
570 3985 617 4042 rel
649 3983 823 4056 proprietate
853 3997 956 4041 secun·
1011 3982 1172 4040 secundum
1197 3989 1361 4052 temporum
1390 3983 1602 4042 distinctionem
1628 3986 1655 4042 id
1684 3988 1853 4058 accipimus,
1899 3972 1901 3987 '

109 4073 179 4143 dum
194 4072 287 4145 ipsam
303 4088 493 4147 personarum
513 4073 718 4138 diversitatem,
735 4086 861 4143 quarum
882 4086 955 4129 una·
1010 4084 1077 4128 cum
1094 4069 1142 4127 illa
1167 4070 1299 4127 videlicet
1328 4077 1435 4128 aeterna
1459 4073 1605 4143 generatio
1631 4076 1753 4146 tempori
1776 4076 1854 4134 nulio

108 4177 234 4236 queque
253 4164 329 4221 Dens
357 4171 409 4234 εει,
438 4175 506 4241 cum
535 4162 559 4218 is
589 4161 640 4233 qui
669 4163 745 4217 licus
769 4167 822 4230 est,
847 4160 901 4219 boc
915 4169 956 4218 cst
972 4158 994 4213 D
1010 4158 1095 4216 modo
1110 4158 1203 4225 cedat,
1217 4173 1283 4230 que
1298 4165 1365 4216 ante
1390 4166 1519 4230 tempora
1538 4175 1656 4233 quoqne
1678 4163 1756 4221 sicot
1778 4178 1855 4221 nunc

107 4250 200 4323 Pater,
228 4252 265 4312 ab
279 4267 314 4310 eo
343 4252 395 4323 qui
423 4251 500 4308 Deus
514 4256 568 4317 cst,
587 4249 645 4306 boc
670 4256 712 4305 εει
739 4247 820 4316 Filio,
837 4249 873 4305 sit
888 4263 954 4321 pro·
1009 4248 1135 4319 perlecta
1159 4247 1342 4306 consistebat.
1366 4247 1406 4304 dc
1422 4263 1473 4319 per
1502 4249 1556 4306 boc
1578 4251 1649 4307 nibil
1677 4251 1787 4310 relerm
1811 4253 1851 4309 in·

106 4340 227 4410 prietatc
252 4341 396 4410 diversus,
426 4353 480 4396 nec
508 4343 603 4396 tamen
644 4337 706 4395 ideo
737 4337 866 4395 eamdem
893 4352 954 4395 rem
1009 4336 1174 4408 telligimus,
1196 4334 1257 4392 sive
1279 4335 1361 4407 gigni
1378 4337 1483 4394 Filium
1505 4337 1565 4396 sive
1585 4340 1715 4409 genitum
1735 4355 1797 4399 essa
1819 4349 1855 4399 tc·

105 4439 123 4483 a
148 4441 178 4491 sc
200 4429 262 4502 ipsa
291 4429 435 4486 diversam
454 4441 515 4484 esse
541 4425 692 4498 contingit,
712 4440 778 4483 cum
804 4425 865 4483 εει
893 4441 955 4498 per·
1007 4437 1138 4498 neamus.
1163 4423 1312 4489 Praeterea,
1341 4426 1485 4494 quomodo
1510 4426 1567 4482 dici
1594 4435 1683 4497 potest
1708 4429 1789 4501 quod
1803 4431 1852 4486 Pa·

104 4529 178 4575 sona
203 4517 314 4576 nonsit
340 4517 400 4574 iila.
418 4515 534 4573 Falsum
555 4521 597 4572 est
624 4514 722 4586 itaque
745 4514 823 4597 quod
844 4513 953 4572 dictum
1007 4518 1052 4570 ter
1067 4511 1168 4583 genuit
1186 4510 1300 4579 Filium,
1324 4511 1380 4568 uisi
1405 4514 1464 4584 ipse
1479 4512 1565 4571 luerit
1592 4516 1715 4587 gignens
1729 4517 1851 4576 Filium:

104 4605 242 4666 estuullo
270 4605 354 4662 modo
378 4605 470 4662 Deum
503 4617 521 4660 a
547 4604 604 4661 lico
623 4601 795 4660 dilfiniticne
815 4601 861 4658 rel
890 4615 953 4673 pro·
1006 4599 1078 4658 nibil
1104 4601 1212 4672 qnippe
1236 4599 1317 4657 alind
1344 4610 1426 4658 sonat
1442 4616 1530 4674 quam
1557 4601 1615 4660 fuit
1630 4605 1764 4677 gignens,
1780 4607 1852 4665 sicut

102 4692 223 4764 prietate
238 4692 386 4751 diversum
411 4706 482 4762 csse,
498 4706 565 4749 cum
581 4691 605 4749 is
628 4693 680 4763 qni
710 4692 787 4750 Deus
807 4699 849 4748 εει
867 4691 903 4748 ab
919 4705 952 4748 co
1006 4701 1059 4744 nec
1074 4688 1173 4759 gignet
1187 4687 1267 4745 alind
1283 4698 1365 4746 sonat
1386 4704 1475 4760 quam
1497 4691 1551 4747 erit
1565 4693 1688 4764 gignens
1701 4694 1747 4751 vel
1761 4695 1852 4769 gignit

102 4779 156 4852 qni
171 4781 247 4838 bens
267 4788 309 4839 est
331 4781 368 4839 sit
397 4779 569 4852 proprietate
591 4780 734 4848 diversus,
760 4780 815 4837 boc
829 4787 871 4837 est
890 4793 951 4836 una
1006 4790 1095 4847 quam
1111 4784 1153 4834 cst
1168 4777 1301 4849 gignens.
1326 4779 1407 4846 Quod
1428 4781 1450 4835 si
1467 4779 1590 4851 gignens
1615 4781 1702 4839 luerit
1724 4784 1810 4842 Pater
1826 4790 1852 4842 ct

101 4881 225 4939 persona
249 4869 286 4927 ab
316 4868 383 4939 alia,
408 4875 505 4939 utpote
528 4867 612 4926 Pater
633 4868 749 4925 aritio.
779 4867 862 4936 Quod
881 4881 949 4925 vero
1002 4864 1064 4937 jam
1079 4865 1200 4937 gignens
1219 4880 1277 4922 uon
1301 4867 1348 4935 sit,
1370 4881 1436 4924 cnm
1450 4867 1510 4937 jam
1526 4868 1659 4927 videlicet
1682 4871 1802 4942 genitus
1816 4873 1850 4930 ab

100 4957 233 5017 additum
264 4957 410 5031 estquod
440 4957 494 5015 εει
516 4970 622 5015 nomen
642 4959 713 5012 licus
737 4956 885 5028 proprium
915 4956 951 5013 sit
1004 4953 1140 5012 eoFilius
1158 4968 1218 5011 esse
1243 4955 1352 5013 dicitur
1379 4956 1474 5026 potius
1502 4971 1591 5027 quam
1612 4959 1705 5030 gigni,
1726 4961 1850 5032 prolecto

100 5046 190 5107 nnius
215 5044 374 5105 individuae
396 5045 565 5104 substantie
597 5059 632 5103 ac
663 5060 714 5117 per
733 5045 798 5116 boc,
827 5045 950 5102 silicus
1004 5042 1140 5100 inchoata
1155 5043 1289 5114 primitus
1303 5051 1330 5100 et
1352 5053 1450 5116 postea
1479 5045 1603 5115 perlecta
1615 5060 1677 5103 εεεε
1692 5048 1781 5106 Verbi
1805 5064 1848 5125 ga

99 5133 207 5193 dciteo
231 5123 284 5206 sit,¹
305 5136 381 5194 idem
404 5143 446 5193 εει
469 5149 535 5192 ase
559 5133 629 5205 ipso,
662 5133 736 5190 nibil
760 5136 836 5206 cogit
846 5150 856 5206 ;
879 5132 950 5204 quia
1004 5131 1115 5189 neratio
1153 5132 1275 5189 dicenda
1305 5138 1357 5200 est,
1388 5132 1435 5188 ilie
1461 5135 1513 5204 qui
1543 5143 1628 5190 antea
1650 5132 1707 5193 luit
1729 5138 1850 5211 gignens

99 5221 242 5281 ὓεειεεε
265 5224 397 5292 Decesse
416 5221 539 5280 dicimus
563 5228 680 5293 propter
703 5235 840 5293 personas
859 5221 946 5291 ipsas,
1002 5227 1131 5293 posteaa
1155 5220 1320 5291 generando
1347 5233 1467 5290 cessare,
1484 5236 1551 5279 cum
1571 5223 1633 5294 jam
1660 5223 1698 5280 ab
1712 5239 1747 5282 ει
1769 5227 1848 5300 geui-
1899 5252 1901 5275 2

97 5321 226 5380 ιιειιιειε
243 5325 313 5371 cnm
332 5324 519 5386 unaqueque
542 5310 618 5370 bens
642 5309 688 5380 sit,
712 5323 773 5369 una
795 5316 950 5368 tamenest
1002 5317 1050 5367 tus
1068 5315 1141 5367 essct
1164 5308 1265 5366 Filius.
1297 5308 1330 5364 iu
1354 5310 1513 5367 eternitate
1527 5311 1722 5371 antemnulla
1739 5315 1848 5388 imper·
1899 5324 1901 5331 ’

96 5409 135 5456 ex
148 5395 252 5473 εειειε,
271 5413 324 5462 εει
339 5399 400 5463 ulio
426 5400 511 5459 modo
534 5408 578 5460 ast
599 5398 702 5460 altera.
718 5399 799 5460 Unde
820 5411 879 5460 non
905 5406 949 5461 est
1003 5396 1099 5469 lectio,
1128 5396 1210 5459 nulia
1237 5395 1357 5455 cassatio
1386 5404 1444 5484 aut
1476 5398 1648 5460 variationis
1679 5401 1849 5467 ricsemdo
