3736 5962
655 259 892 318 ruosbunsru
912 257 1103 316 uuboissm.
1696 265 1748 319 686

91 394 160 444 suut
187 386 267 443 velut
297 386 412 442 mortui.
437 385 549 453 Quibus
570 385 686 442 duabus
707 385 845 442 euntibus
859 384 884 439 A
899 394 958 443 stra
976 386 1135 456 redemptio
1156 395 1395 454 consummetur,
1412 389 1491 460 quod
1505 395 1532 446 et
1546 388 1608 460 ipso
1623 389 1749 448 moriens

89 490 131 532 tre
152 474 301 545 discipulis
329 474 406 545 quod
436 474 557 546 augelus
580 483 766 545 prteceparat,
794 491 841 533 oc·
900 476 1051 546 prolitetur
1083 476 1201 533 dicens:
1242 478 1465 534 consummatum
1497 477 1658 548 esta-(ioan.
1683 493 1745 548 xix,

104 567 187 622 tosus
203 564 258 620 illis
279 563 367 620 simul
386 565 513 619 secundo
527 577 680 634 apparens.
700 549 770 620 Aliae
792 579 845 622 au·
899 566 955 635 30),
971 579 1028 621 ηοη
1052 565 1210 636 incongrue
1236 549 1355 636 sanguis
1378 564 1489 622 ellusus
1510 567 1663 636 praelertur
1678 582 1746 625 con·

89 669 155 726 quae
182 652 338 710 timidiores
359 659 386 708 et
403 651 576 708 infirmiores
592 649 707 708 fuerant
733 653 843 721 infide,
899 661 987 724 ceptae
1008 654 1099 721 carui,
1128 655 1181 710 boc
1202 660 1254 721 est,
1287 655 1381 724 passio
1407 655 1471 725 ejus
1505 654 1661 712 nativitati.
1692 656 1748 721 Qui

90 757 184 814 ‚quam
203 751 274 798 tune
303 739 457 797 Dominum
472 748 644 797 meruerunt
659 741 756 798 ridere
772 757 780 807 ;
795 744 845 799 sed
899 743 984 798 etiam
1002 742 1094 813 magis
1109 755 1198 813 quam
1215 755 1281 797 caro
1302 743 1366 813 ejus
1380 741 1522 799 dicendus
1534 742 1590 800 luit
1608 743 1681 799 Nori
1695 745 1748 802 'l'e-

90 841 158 889 itum
180 828 290 901 angelis
314 828 529 896 nuntiantibus,
543 843 610 884 eum
632 829 785 888 audierant
800 844 845 888 re·
900 831 1043 898 stameuti,
1067 831 1121 886 boc
1139 839 1180 887 est
1208 831 1386 887 confirmatio
1406 830 1580 902 evangelicas
1609 832 1748 902 praedica·

89 920 166 977 tisse.
189 919 224 975 Et
240 918 303 974 ideo
330 932 397 973 cum
426 930 484 972 uon
515 930 614 973 omnes
632 917 845 988 aqualitersu·
899 919 994 987 tionis,
1011 919 1092 989 quia,
1115 918 1190 975 sicut
1217 919 1286 976 dicit
1307 919 1469 989 Apostolus,
1497 925 1687 976 testamentum
1718 924 1750 977 ia

91 1023 124 1064 oc
143 1008 224 1079 prius
237 1013 332 1063 essent
355 1012 450 1071 eertae,
467 1003 548 1075 prius
562 1017 662 1061 omues
680 1012 844 1075 tacuerunt,
900 1012 1014 1063 mortuis
1037 1011 1226 1077 coraprmatum
1248 1014 1288 1063 est
1304 1008 1395 1079 (ltebr.
1418 1023 1460 1076 rx,
1489 1008 1543 1078 17).
1557 1008 1633 1076 Quid
1647 1009 1750 1065 Eran—
1806 1062 1809 1066 .

90 1096 211 1153 ulerunt
239 1093 312 1151 illud
334 1092 481 1165 discipulis
505 1094 650 1161 nuntiare,
668 1095 780 1164 pavida
794 1097 845 1152 ad·
900 1096 1008 1169 galium
1024 1096 1079 1152 uisi
1105 1105 1308 1153 testamentum
1335 1105 1377 1155 est
1401 1098 1517 1164 amoris,
1534 1097 1610 1154 sicut
1629 1097 1676 1154 lex
1690 1097 1750 1155 lue

90 1183 357 1254 tobstupetactaede
384 1182 515 1253 angelica
538 1181 658 1251 visione,
674 1191 846 1243 atterentes
900 1192 945 1242 rat
960 1185 1100 1241 timoris?
1136 1185 1216 1242 Unde
1243 1193 1271 1242 et
1293 1186 1445 1257 Apostolus
1475 1185 1620 1243 conversis
1641 1186 1749 1244 tudaeis

90 1275 108 1331 ri
135 1275 230 1331 statim
246 1286 303 1329 nou
333 1271 509 1338 crederetur,
537 1271 627 1328 donee
641 1271 774 1341 pluribus
792 1271 847 1329 sibi
904 1276 962 1331 ait:
980 1275 1040 1330 Noa
1065 1278 1136 1328 enim
1150 1274 1256 1329 subditi
1270 1279 1334 1331 estis
1358 1278 1457 1330 iterum
1478 1277 1508 1329 tn
1534 1277 1630 1330 timore
1653 1275 1749 1346 (Rom.

90 1365 159 1435 palis
187 1360 378 1419 confidentius
402 1360 555 1419 diceretur.
580 1359 661 1416 Unde
686 1369 793 1430 postea,
814 1367 847 1417 ut
901 1378 963 1430 vrri,
999 1364 1049 1434 15).
1083 1363 1119 1419 Et
1143 1376 1281 1419 rursum:
1311 1364 1390 1418 Finis
1418 1367 1547 1434 praecepti
1574 1363 1694 1419 ebaritas
1717 1363 1751 1419 de

111 1451 251 1518 meminit,
269 1451 330 1521 ipsa
351 1447 529 1520 Magdalene,
552 1449 702 1505 etloanna
716 1450 848 1507 etblaria
901 1452 1063 1521 cordeparo
1088 1453 1113 1522 (l
1130 1453 1198 1506 Tim.
1224 1467 1243 1518 r,
1273 1451 1311 1522 5).
1328 1454 1363 1508 Et
1389 1467 1439 1522 per
1462 1453 1646 1523 semetipsam
1672 1452 1751 1510 Veri·

90 1545 104 1609 2,
119 1549 148 1598 et
167 1549 286 1607 caeterae,
308 1553 373 1610 quae
399 1551 466 1593 cum
488 1537 529 1593 eis
547 1546 641 1604 eraut,
664 1538 797 1594 dicebaut
811 1539 848 1596 ad
903 1548 963 1597 tas:
978 1543 1071 1608 tpaem
1092 1543 1155 1595 aeri
1179 1544 1328 1596 mitterem
1351 1548 1463 1608 terram,
1479 1547 1505 1597 et
1529 1541 1599 1611 qaid
1617 1541 1677 1596 solo
1695 1544 1752 1598 nist

90 1632 139 1689 ilos
155 1632 225 1687 bac.
243 1629 353 1697 Quibus
376 1629 479 1683 Petrus
491 1626 520 1682 in
537 1625 591 1682 fido
607 1625 720 1684 firmior
735 1628 847 1685 steteris
863 1671 885 1727 B
903 1635 934 1684 at
949 1628 1070 1684 ardeat?
1091 1629 1170 1699 (Lae.
1194 1644 1247 1698 xri,
1273 1630 1332 1699 49.)
1353 1631 1412 1687 Hoc
1437 1631 1526 1702 igitur
1546 1637 1751 1687 testamentum

92 1736 130 1777 ou
145 1719 339 1787 credentibus,
355 1718 461 1773 iterum
475 1717 605 1772 cucurrit
619 1714 847 1774 admonumeu-
903 1717 1009 1773 amoris
1026 1718 1056 1773 iu
1089 1717 1143 1773 boo
1170 1717 1296 1773 maxime
1320 1717 1468 1775 [lominica
1483 1718 1577 1788 passio
1601 1718 1752 1775 oonlirma-

112 1817 140 1866 ct
161 1822 229 1866 eum
249 1822 301 1863 nec
321 1805 446 1876 angelos,
472 1819 525 1860 uec
540 1805 695 1862 Dominum
710 1805 846 1876 {vidisset
901 1807 954 1873 rit,
976 1820 1043 1862 eum
1063 1820 1115 1876 pro
1130 1806 1212 1862 uobis
1233 1806 1393 1873 moriendo,
1420 1806 1498 1864 illam
1523 1806 1606 1864 nobis
1626 1807 1751 1865 dilectio

105 1897 290 1954 vehementer
312 1893 469 1950 admirans.
499 1892 640 1960 Quicum
665 1895 849 1952 uehementer
902 1909 968 1951 nem
990 1894 1133 1961 exhibuit,
1159 1909 1219 1965 qua
1234 1896 1327 1966 major
1350 1909 1411 1952 esso
1431 1896 1600 1967 nonpossit.
1627 1895 1708 1953 Unde
1722 1903 1752 1952 et

90 1995 124 2043 et
136 1987 170 2042 de
189 1982 416 2055 apparitionibus
436 1982 616 2052 angelorum,
638 1983 697 2040 sive
721 1983 847 2052 Domini,
902 1984 1021 2054 ipsemet
1036 1984 1091 2039 ait:
1107 1984 1239 2052 dtojorem
1260 1984 1310 2040 bae
1324 1985 1494 2040 dilectionem
1514 2001 1590 2041 memo
1613 1985 1703 2054 babet,
1720 1989 1753 2039 ut

91 2076 172 2133 laclae
196 2072 311 2129 fuerant
333 2070 503 2127 mulieribus
534 2071 629 2140 potius
653 2086 743 2143 quam
763 2073 788 2128 ei
805 2071 849 2129 vel
903 2077 1024 2128 animam
1039 2079 1215 2143 soampomt
1239 2075 1299 2139 quis
1329 2090 1381 2144 pro
1397 2076 1491 2130 amicis
1512 2077 1571 2130 suis
1595 2074 1685 2145 (Joart.
1701 2089 1750 2143 xv,

93 2164 159 2231 ulis,
183 2177 219 2218 ue
241 2161 292 2217 diu
308 2161 337 2215 in
360 2159 540 2215 dubitatione
554 2167 582 2216 et
602 2160 736 2217 maestitia
757 2161 848 2231 persi·
906 2163 959 2233 lb).
978 2163 1010 2218 ln
1037 2162 1091 2218 boc
1118 2163 1206 2218 etiam
1236 2170 1440 2219 testamentum
1475 2163 1529 2219 boc
1557 2163 1751 2232 confirmavit,

90 2296 96 2322 ,
121 2252 166 2309 vel
190 2250 334 2308 credimus
357 2255 426 2304 tuno
447 2248 474 2304 ei
498 2249 651 2305 Dominum
668 2250 848 2321 apparuisse,
904 2252 981 2322 quod
999 2264 1050 2320 pro
1080 2251 1211 2306 doctrina
1239 2250 1412 2321 evangelicae
1433 2252 1645 2320 praedicationis
1658 2265 1753 2322 usquo

101 2343 194 2399 Lucas
209 2340 294 2396 relert
320 2336 463 2408 apostolos
478 2337 571 2393 dicere
595 2338 694 2408 quod:
720 2340 848 2394 surremit
903 2340 939 2396 ad
956 2347 1076 2395 mortem
1093 2337 1223 2409 perstitit,
1244 2345 1272 2395 et
1291 2339 1439 2396 moriendo
1463 2341 1644 2407 monstravit,
1673 2340 1752 2410 quod

91 2448 131 2487 ms
157 2446 226 2493 aere,
254 2434 279 2483 et
309 2432 443 2497 apparuit
466 2426 571 2482 Simoni
590 2427 665 2493 (baa.
689 2442 770 2493 xxiv,
792 2428 848 2498 st).
904 2428 1048 2485 nascendo
1061 2441 1119 2484 uon
1138 2428 1242 2497 potuit,
1262 2428 1337 2485 sicut
1356 2437 1384 2485 et
1412 2428 1458 2486 ille
1473 2429 1526 2499 qui
1549 2436 1754 2487 testamentum

110 2526 207 2577 autem
235 2517 387 2574 Matthaeus
421 2522 449 2571 et
476 2514 568 2570 Lucas
594 2513 703 2582 dicunt,
735 2519 850 2586 Vespere
904 2517 1023 2589 aliquod
1046 2517 1107 2573 suis
1128 2516 1291 2573 haeredibus
1313 2517 1469 2587 componit,
1493 2518 1563 2574 dum
1586 2519 1616 2574 in
1631 2517 1754 2588 pristina

93 2609 234 2682 tilitattb.
253 2621 354 2671 ravin,
373 2607 397 2672 t,
415 2621 422 2670 3
438 2605 500 2659 lae.
518 2617 601 2670 xxiv,
621 2604 657 2673 t),
675 2604 759 2660 linem
775 2604 849 2674 ejus,
904 2606 1053 2663 voluntate
1077 2607 1243 2675 perseverat
1270 2605 1404 2673 moriens,
1436 2612 1640 2662 testamentum
1664 2620 1754 2663 suum

91 2706 227 2756 tuoctem
244 2701 412 2766 sequentem
440 2707 533 2763 usque
562 2692 599 2748 ad
633 2692 726 2749 lucem
750 2693 850 2749 Domi·
905 2693 1161 2764 confirmatorum
1190 2706 1376 2763 nequaquam
1397 2692 1504 2761 delens,
1533 2694 1579 2750 vel
1599 2694 1629 2749 in
1655 2683 1754 2764 aliquo

109 2789 165 2846 diei
196 2785 370 2857 intelligunt.
392 2783 451 2840 Hoc
485 2797 638 2853 vesperum
676 2782 794 2840 lucescit
821 2782 850 2838 in
905 2784 1061 2854 corrigens,
1089 2782 1182 2852 ipsum
1206 2781 1323 2838 omnino
1358 2790 1427 2838 ωηο
1451 2782 1659 2839 roboratllude
1681 2782 1754 2839 bene

91 2877 246 2941 tSabbati,
278 2888 344 2932 cum
367 2873 403 2929 ad
419 2872 512 2929 lucem
540 2872 595 2928 dici
622 2871 768 2944 sequentis
784 2885 850 2943 per·
906 2871 1147 2944 sauguisllomiui
1164 2871 1259 2940 potius
1282 2884 1371 2941 quam
1386 2884 1491 2941 corpus
1516 2871 1580 2942 ejus
1602 2871 1675 2928 Nori
1698 2871 1754 2929 Το-

91 2984 133 3027 ur.
165 2967 246 3034 Quod
267 2979 335 3021 vero
358 2963 408 3029 ait,
434 2977 494 3032 qna
516 2963 626 3016 lacescit
643 2960 748 3031 (ἑοῖο),
769 2960 851 3017 lemi-
906 2959 1050 3027 stamenti,
1067 2966 1099 3016 ut
1112 2959 1251 3027 diximus,
1268 2959 1361 3015 luerat
1371 2959 1521 3020 dicendus.

98 3056 206 3115 scilicet
228 3067 333 3126 genere
355 3059 448 3116 utens,
465 3051 501 3106 ad
525 3050 766 3121 significationem
788 3024 889 3106 res(²
940 3049 1014 3105 lllud
1037 3055 1134 3104 autern
1154 3047 1233 3119 quod
1254 3047 1313 3105 ait:
1338 3049 1399 3106 Noa
1420 3049 1509 3104 bibam
1539 3049 1638 3121 amodp
1652 3049 1686 3105 de
1708 3049 1756 3106 boa

118 3145 198 3216 quia,
224 3151 256 3200 ut
271 3141 408 3207 diximus,
435 3139 465 3194 in
484 3151 601 3207 vespere
630 3146 741 3195 noctem
767 3137 850 3194 intel·
906 3139 1040 3208 perimine
1054 3139 1119 3192 vitis
1138 3153 1225 3207 usque
1239 3141 1268 3192 tn
1284 3138 1447 3193 dicmiltum
1469 3153 1529 3192 enm
1565 3137 1638 3192 illud
1666 3138 1756 3195 bibam

107 3242 140 3293 ut
165 3232 221 3291 tale
248 3232 293 3297 sit,
323 3245 383 3295 quae
416 3229 536 3295 lucescit,
566 3234 707 3297 tauquam
744 3227 851 3284 diuers·
906 3230 1043 3284 uobiscum
1068 3243 1166 3282 nouum
1181 3229 1212 3283 in
1227 3243 1308 3296 repno
1339 3228 1433 3282 Patris
1451 3229 1505 3281 mei
1527 3226 1638 3297 (blasti.
1666 3241 1748 3292 xxvi,

105 3323 175 3392 Quae
206 3335 264 3378 nox
301 3318 337 3374 ad
365 3317 524 3372 claritatem
560 3315 706 3387 pertingit.
743 3316 854 3387 Vespe-
906 3319 963 3389 ω),
983 3318 1024 3373 sic
1050 3316 1188 3387 intelligo,
1211 3324 1351 3386 tanquam
1378 3315 1401 3370 si
1430 3315 1536 3371 dicaret
1560 3330 1567 3370 :
1593 3315 1657 3372 Nou
1682 3314 1757 3373 eelo-

95 3413 194 3483 itaque
208 3424 259 3466 seu
274 3419 395 3477 vespera
419 3404 485 3472 diei,
506 3405 619 3461 dicetur
642 3412 773 3461 extrema
791 3404 855 3475 ejus
908 3405 1125 3464 braboulterius
1141 3405 1170 3461 in
1185 3411 1365 3461 sacramento
1376 3404 1537 3475 passionem
1549 3418 1645 3461 caruis
1673 3419 1756 3473 meae,

98 3519 105 3557 :
135 3512 237 3571 vesper
262 3511 331 3555 vero
359 3500 450 3550 totum
482 3500 593 3563 tempus
620 3494 712 3551 noetis
733 3506 856 3564 sequen·
909 3496 999 3552 donec
1012 3493 1040 3550 id
1055 3494 1158 3550 faciam
1173 3493 1324 3550 vobiscum
1341 3496 1482 3565 tanquam
1498 3508 1607 3551 novum
1623 3494 1653 3550 iu
1669 3507 1758 3565 regno

909 3583 1000 3640 Patris
1010 3583 1075 3638 mei.
1096 3581 1314 3639 Sacramentum
1335 3583 1444 3654 quippe
1465 3581 1572 3639 Cbristi
1591 3590 1660 3639 ωηο
1673 3581 1758 3653 quasi

249 3689 403 3733 rnoncuua
423 3684 563 3728 nuuorssu
576 3686 614 3726 rr.
910 3684 1018 3727 novum
1043 3660 1181 3738 sumitur',
1210 3682 1278 3724 cum
1306 3667 1402 3739 ipsum
1419 3676 1565 3725 sumentes
1589 3668 1675 3739 plena
1689 3652 1756 3737 lide,

91 3767 117 3824 id
138 3773 180 3823 est
207 3766 286 3837 quod
306 3764 446 3820 Dominus
474 3767 655 3816 sacramenta
679 3759 809 3829 eorporis
829 3766 858 3816 et
911 3758 1077 3816 accedentes
1096 3757 1173 3827 ipsos
1185 3756 1315 3821 innovat,
1331 3763 1359 3812 et
1374 3769 1391 3811 a
1405 3755 1494 3812 veteri
1518 3756 1646 3823 bomine,
1671 3770 1759 3828 quem

92 3857 163 3914 sinis
191 3855 236 3911 sui
263 3852 414 3922 discipulis
442 3849 559 3906 tradens
587 3855 615 3904 et
639 3848 856 3914 commendans,
911 3862 961 3918 per
976 3845 1233 3916 transgressionem
1252 3843 1413 3910 imitantur,
1438 3844 1467 3899 iu
1488 3857 1596 3900 novum
1614 3851 1760 3900 transmu-

92 3946 124 4002 sit
147 3945 182 4000 de
208 3956 326 4013 corpore
345 3955 418 3997 suo:
435 3942 491 3994 tlte
519 3942 557 3993 est
573 3952 669 4008 corpas
689 3952 777 3992 meam
791 3937 859 3992 Noai
912 3944 964 4003 tat,
986 3935 1057 3990 dum
1072 3934 1166 4004 ipsum
1191 3946 1243 4003 per
1256 3931 1447 3989 obsidentiam
1471 3945 1565 4003 usque
1589 3932 1625 3987 ad
1639 3938 1762 3988 mortem

92 4035 178 4089 ‚menti
202 4031 312 4105 (Mattb.
334 4044 415 4091 xxvi,
447 4027 503 4097 26),
519 4040 586 4082 cum
601 4026 636 4082 de
654 4025 799 4096 sauguine
813 4024 856 4080 di·
912 4023 995 4096 sequi
1016 4030 1085 4079 sunt
1113 4021 1216 4092 parati.
1231 4020 1336 4088 Quales
1353 4034 1541 4091 nequaquam
1559 4027 1627 4077 tuuc
1641 4019 1763 4076 aderant

104 4122 179 4179 :Hie
192 4126 231 4176 est
259 4120 372 4187 sompnis
396 4131 469 4171 meus
488 4116 557 4170 Noui
579 4114 742 4169 Testamenti
767 4109 858 4184 (teta,
913 4111 1047 4185 discipuli
1061 4111 1092 4167 in
1112 4110 1167 4166 side
1182 4110 1279 4166 adhuc
1301 4109 1438 4178 maxime,
1460 4117 1520 4166 eta
1538 4109 1674 4180 temporis
1688 4107 1763 4166 arli-

92 4214 230 4281 tauquam
243 4208 335 4280 magis
353 4205 525 4277 sanguinem
540 4201 752 4259 commendaret
771 4212 861 4271 quam
915 4202 980 4260 culo
1003 4200 1183 4271 potissimum
1202 4199 1322 4267 infirmi,
1348 4213 1401 4256 nec
1419 4199 1516 4255 adbuc
1543 4197 1574 4254 iu
1597 4211 1686 4271 regno
1713 4197 1764 4256 liei

92 4298 159 4356 emi
186 4298 261 4363 Quid
290 4305 332 4353 est
359 4296 445 4352 etiam
467 4292 555 4349 illud:
571 4293 630 4346 Non
652 4291 743 4346 bibam
765 4288 861 4344 amodo
878 4313 900 4369 D
917 4289 1024 4357 traditi,
1041 4296 1073 4346 ut
1090 4289 1120 4345 in
1133 4289 1175 4346 eis
1188 4289 1321 4346 videlicet
1350 4292 1484 4360 regnaret
1506 4289 1593 4356 Deus,
1617 4287 1665 4345 oui
1687 4301 1764 4345 non·
1840 4344 1843 4351 ,

92 4389 260 4460 operimine
281 4389 357 4454 uitis,
373 4384 501 4451 usquein
516 4382 588 4436 diem
602 4382 691 4447 illum,
705 4394 788 4449 reprto
802 4393 863 4433 eum
918 4381 987 4437 dum
1005 4378 1147 4436 soliditate
1171 4378 1236 4435 lldel
1262 4376 1461 4448 adhaerebant,
1478 4377 1542 4450 eius
1565 4375 1692 4434 dominio
1714 4389 1764 4446 pe·

96 4478 188 4533 bibam
211 4477 347 4532 sabaeum
375 4488 473 4529 novam
501 4476 531 4526 in
555 4485 638 4539 resno
663 4471 753 4526 Patris
781 4469 864 4524 mei?
919 4469 998 4526 uitus
1012 4467 1130 4526 subditi.
1146 4467 1233 4535 Quasi
1248 4481 1316 4538 orgo
1340 4475 1424 4524 retus
1447 4474 1475 4523 et
1497 4477 1680 4522 uonuovum
1695 4470 1766 4520 tuuc

92 4607 109 4634 .,
126 4566 185 4637 ts.)
918 4565 1091 4630 acceperuut
1107 4557 1201 4628 ipsum
1213 4564 1439 4622 sacramentum,
1454 4562 1482 4611 et
1501 4560 1643 4624 tauquam
1665 4551 1763 4608 adbuc

292 4666 404 4711 saburro
419 4663 585 4708 tunulum.
919 4656 1002 4706 extra
1016 4660 1139 4718 reguum
1154 4646 1204 4703 bei
1229 4652 1387 4712 manentes,
1418 4642 1488 4714 quia
1514 4641 1644 4698 noudum
1664 4640 1694 4696 in
1708 4640 1766 4696 lieo

92 4759 164 4817 rpus
178 4743 282 4802 Christi
306 4745 335 4799 in
358 4748 536 4798 sacramento
556 4745 733 4809 susceptum,
760 4737 865 4795 huma·
921 4738 962 4794 sio
976 4751 1024 4794 eos
1038 4736 1199 4793 constantia
1227 4733 1293 4789 lldei
1316 4732 1546 4800 confirmaverat,
1562 4737 1594 4786 ut
1610 4730 1663 4786 boc
1678 4727 1768 4799 perci·

121 4841 175 4904 est,
210 4847 298 4904 quam
330 4831 473 4886 nascendo
503 4830 538 4886 de
576 4827 696 4899 Virgine
730 4826 865 4898 suscepit,
922 4826 1109 4897 piendouovi
1135 4822 1288 4895 jamlacti,
1309 4826 1491 4878 mererentur
1510 4818 1540 4873 iu
1566 4817 1693 4874 novitate
1718 4814 1769 4872 illa

92 4922 390 4991 rdo,sicutsariptum
409 4927 473 4975 est:
493 4919 611 4976 Verbum
630 4917 867 4983 carosoctumest
922 4914 963 4972 ita
1001 4915 1076 4972 sicut
1103 4920 1165 4985 post
1204 4910 1443 4968 resurrectionem
1473 4905 1648 4963 confirmari.
1686 4904 1768 4962 ilibet

92 5030 110 5068 t.
135 5027 155 5081 r,
188 5011 241 5080 ll).
256 5011 380 5080 Sanguis
395 5009 459 5079 ejus
484 5008 514 5063 in
531 5006 666 5077 poculum
690 5005 786 5072 datus,
802 5017 867 5074 pas-
923 5010 995 5059 tunc
1007 5000 1138 5058 Christus
1159 4999 1194 5055 de
1217 4999 1273 5054 hoc
1293 4995 1438 5068 genimina
1453 4993 1596 5050 ritiscum
1609 4991 1660 5060 eis,
1685 4991 1770 5050 idest

92 5105 123 5158 :st
144 5101 242 5171 ipsius,
270 5099 317 5155 cui
340 5096 554 5154 communicare
578 5095 716 5151 debemus
744 5093 869 5165 quieun·
924 5090 959 5146 de
972 5088 1113 5159 sanguine
1128 5101 1191 5154 suo,
1215 5085 1266 5157 qui
1286 5092 1328 5140 est
1348 5084 1413 5140 vitis
1431 5095 1532 5138 eorum
1556 5089 1696 5152 tanquam
1711 5080 1770 5152 pal-

110 5189 240 5245 membra
266 5189 329 5259 ejus
351 5201 463 5243 sumus.
480 5184 561 5242 Unde
588 5192 616 5241 et
643 5183 867 5253 scriptumest:
924 5179 1038 5244 mitum,
1064 5190 1131 5233 cum
1157 5175 1211 5231 illis
1234 5174 1321 5244 digne
1345 5179 1526 5228 sacramenta
1547 5184 1608 5226 suae
1631 5168 1771 5240 passionis

93 5284 148 5334 stas
158 5294 259 5350 passus
275 5281 314 5332 'est
339 5276 488 5346 probabis,
505 5275 580 5329 uobis
595 5275 752 5340 relinquens
779 5288 869 5328 eamn·
925 5264 1218 5331 communicantibus,
1239 5264 1280 5318 sio
1295 5262 1361 5318 inde
1384 5260 1461 5317 sitim
1476 5273 1560 5317 suam
1573 5259 1603 5315 in
1624 5259 1693 5330 ipsis
1709 5257 1773 5316 rell·

93 5385 109 5433 i,
128 5367 330 5438 utseaaamimi
343 5366 458 5433 vestipia
477 5364 536 5432 ejus
551 5362 574 5432 (t
592 5365 664 5419 Petr.
681 5376 710 5429 u,
727 5363 783 5430 tt).
798 5361 870 5418 llum
926 5357 990 5413 ciet.
1024 5355 1079 5423 Qui
1097 5354 1174 5410 euim
1197 5352 1320 5410 salutem
1349 5350 1502 5407 bominum
1527 5349 1586 5406 sitit
1607 5348 1653 5405 rel
1671 5347 1772 5416 esurit,

93 5474 101 5514 ι
132 5455 287 5529 Gregorius
310 5454 408 5511 dicat:
430 5472 442 5502 ι
463 5451 541 5508 Nihil
556 5451 632 5507 enim
658 5448 738 5506 nasci
752 5448 870 5521 proluit,
927 5454 998 5503 tuno
1017 5444 1053 5501 do
1080 5443 1143 5516 ipsa
1165 5441 1304 5506 refieitur,
1326 5453 1393 5497 cum
1425 5453 1488 5496 eam
1511 5435 1624 5509 impleri
1647 5436 1771 5496 laetatur.

103 5544 206 5604 redimi
226 5543 390 5618 proluisset,
413 5547 501 5612 atque
515 5538 547 5596 iu
568 5540 632 5611 ejus
658 5537 788 5609 passione
816 5551 871 5596 uo·
927 5533 1068 5593 Fortassis
1081 5541 1108 5594 et
1121 5547 1157 5592 ox
1175 5534 1229 5590 boo
1257 5534 1469 5588 sacramentum
1490 5526 1646 5586 Dominicae
1668 5524 1774 5599 passio·
