3804 5962
119 196 186 252 rece
630 192 895 252 neocosurrcos
915 193 984 251 eno
1003 190 1118 251 neruo
1138 161 1347 253 spectaco.
1800 201 1868 257 tero

79 298 97 359 ἦ
116 327 153 384 ob
169 326 195 382 id
210 323 407 382 hereticorum
425 322 545 396 collegio
569 330 637 379 sunt
660 323 785 395 ascripti.
806 321 958 380 minutim
973 321 998 379 A
1015 336 1105 394 quare
1127 322 1202 381 malo
1221 324 1431 394 comparaturi
1458 324 1547 382 Nemo
1567 320 1643 384 enlm
1667 326 1781 386 ratione
1795 341 1864 386 tna·

79 404 95 443 '⁵'
115 418 138 473 H
154 418 241 471 larius
264 415 370 470 erroris
395 424 592 485 expungnatur,
609 423 805 485 propugnator
821 414 963 481 Ecclesiae,
1019 411 1080 468 luto
1098 414 1172 470 brino
1182 423 1342 484 conparat.
1362 415 1409 472 Uri
1425 422 1502 470 certe
1517 415 1625 472 malurn
1640 425 1692 484 est,
1709 424 1737 474 et
1750 418 1862 476 nubere

79 492 91 533 ²
114 505 271 575 inquibus
291 517 357 558 eum
386 518 442 558 non
462 503 544 558 audit
567 501 708 559 sobrietas
730 501 862 559 Ecclesiae
899 502 964 557 Pri·
1020 501 1087 557 mali
1104 502 1194 574 liujus
1210 493 1341 574 respectu
1359 502 1465 560 bonum
1480 498 1631 570 est.‘Qood
1655 508 1752 563 aulem
1768 520 1865 578 respe-

79 582 89 621 ἶ
113 608 208 657 ιῃιιιιι,
234 593 311 664 qarod
336 591 481 648 Christum
506 591 545 647 nil
570 605 600 646 tn
618 591 748 661 passione
771 591 878 646 doloris
896 605 964 647 sen·
1020 599 1069 647 clu
1088 593 1155 647 mali
1171 592 1279 648 nontam
1304 593 1349 657 sil,
1371 592 1539 661 simpliciter
1554 593 1662 649 bianum
1679 607 1735 648 non
1754 605 1806 650 est.
1824 596 1866 653 lix

83 684 184 738 ‘sisse
203 682 333 736 asseruit.
355 678 460 737 Corttra
485 692 573 748 quam
592 679 763 734 sententian
787 679 965 734 claudianus
1020 680 1064 737 lus
1088 681 1254 752 iheronymi
1282 681 1378 737 verbis
1409 679 1540 737 dtsincte
1566 680 1731 753 colligimus
1751 684 1868 752 nuptias

85 771 265 842 ipresbyrer
302 769 514 838 Lugdunensis,
552 767 597 822 vir
634 767 906 833 curistianissimus,
936 773 979 822 et.
1019 783 1076 825 non
1094 785 1155 826 esse
1177 769 1307 826 absolute
1333 770 1432 826 otinas.
1451 769 1527 825 Perit
1552 770 1642 842 igitur
1661 769 1793 841 nuptiale
1815 770 1868 827 lsa-

81 854 90 893 i
113 866 174 917 tam
199 857 315 914 sttbtilis
334 858 368 912 ad
394 857 572 926 disputanda
587 873 601 909 a
628 869 716 926 quam
737 856 840 911 artilex
855 856 890 911 ad
920 856 964 911 lo·
1018 872 1100 915 nunt.
1116 858 1191 915 Nam
1205 859 1336 929 nuptiale
1351 859 1459 915 bonum
1477 860 1638 915 secundum
1661 859 1870 929 Hieronymum

80 944 85 979 ¹
112 949 273 1020 quendum,
301 947 341 1002 sic
365 955 515 1014 personat:
545 944 600 1001 «si
621 946 754 1001 christus
779 945 820 1000 nil
847 944 876 1000 in
897 957 962 1015 pas·
1018 961 1077 1004 non
1103 956 1145 1005 est
1174 949 1294 1012 braum,
1312 948 1368 1004 nisi
1396 948 1466 1018 quia
1492 947 1538 1004 uri
1565 957 1607 1004 est
1633 946 1729 1019 majus
1759 947 1870 1005 malum

79 1036 194 1094 ³sione
209 1035 296 1092 sctrsit
312 1034 430 1100 doloris,
451 1048 507 1090 non
528 1048 595 1090 vere
616 1048 718 1103 passus
731 1040 791 1101 esl3
816 1034 881 1089 etsi
897 1046 964 1090 rere
1019 1050 1109 1107 quam
1140 1037 1244 1107 ipsum.
1274 1037 1376 1093 Multos
1399 1035 1499 1092 fideles
1525 1035 1613 1106 viros,
1642 1036 1717 1092 inter
1740 1049 1815 1108 quos
1840 1041 1870 1093 el

79 1125 172 1182 ‘non
195 1139 296 1195 passus
319 1131 360 1179 est
380 1122 654 1193 (dissecandum,
682 1123 760 1193 quiid
781 1121 896 1178 nullum
916 1124 963 1178 in·
1019 1120 1206 1183 Patriaclrium
1229 1135 1411 1195 senatorem,
1438 1124 1645 1181 scandalizavit
1687 1125 1749 1182 lraec
1780 1121 1870 1184 edera

79 1216 91 1254 ὲ·
113 1211 370 1282 corporeumditit
392 1226 453 1266 esse
480 1221 619 1267 creatum.
637 1232 651 1261 «
667 1210 723 1266 Nec
743 1211 845 1282 igitur,
869 1211 963 1281 inquit
1018 1224 1195 1286 austeraque
1227 1215 1399 1285 disputatio,
1423 1214 1611 1285 doloremque
1639 1227 1727 1271 suurn
1748 1213 1866 1285 scriptis

79 1305 91 1344 ¹¹
115 1301 305 1368 Claudianus,
322 1300 429 1366 anima,
447 1314 515 1356 curn
534 1299 570 1355 sit
595 1302 772 1370 incorporea,
798 1308 840 1356 est
855 1312 961 1357 creata.
1017 1306 1175 1374 superduc
1201 1303 1330 1374 epistolis
1351 1303 1444 1360 eidem
1467 1303 1641 1374 Hieronymo
1666 1301 1762 1359 testati
1787 1311 1866 1361 sunt.

79 1391 197 1457 iQuod
213 1391 236 1446 si
254 1397 350 1445 creata
384 1404 442 1445 noo
469 1396 521 1457 est,
555 1404 608 1444 aec
635 1399 769 1446 creatura
799 1388 849 1445 Dei
876 1397 958 1445 est·
1018 1391 1099 1456 Quod
1114 1393 1137 1449 si
1153 1393 1254 1449 Petrus
1268 1400 1326 1448 tam
1342 1390 1500 1448 crudeliter
1512 1399 1614 1448 contra
1638 1392 1755 1462 nuptias
1770 1390 1864 1448 decla·

79 1498 89 1525 ι
113 1478 168 1536 Sed
185 1493 242 1535 ntro
267 1478 303 1533 ob
325 1479 388 1545 hoe,
414 1485 447 1533 ut
469 1478 508 1533 ait
532 1477 607 1532 idem
629 1475 816 1542 Claudianus,
842 1476 962 1534 scientia
977 1455 1000 1512 Β
1018 1488 1133 1548 massot,
1155 1478 1278 1551 prolecto
1303 1480 1466 1536 Bernartius
1490 1479 1520 1536 in
1538 1480 1601 1552 eius
1619 1479 1743 1538 exitium
1765 1482 1868 1555 conju·

79 1604 87 1617 .
113 1567 239 1623 doctoris
258 1566 349 1636 perdit
375 1565 508 1621 meritum
533 1565 714 1634 conlassoris,
738 1565 809 1636 qula
835 1564 963 1621 Ecclesia
1018 1578 1151 1643 gatcrum
1163 1568 1294 1626 conortes
1308 1575 1457 1625 armasset.

113 1657 190 1714 bono
226 1655 283 1711 lilio
308 1655 428 1711 indulsit
461 1654 539 1725 quod
573 1654 702 1711 humana
732 1654 829 1723 opinio
865 1654 964 1711 minus
1052 1658 1233 1730 Augustinus
1245 1657 1394 1714 erroribus
1416 1656 1478 1714 suis
1500 1655 1637 1714 inimicus
1660 1671 1709 1714 eos
1728 1656 1804 1714 libro
1817 1660 1868 1716 Hc·

81 1741 84 1762 ³
114 1754 200 1802 caute
223 1745 392 1815 disputavit.
416 1743 518 1799 Procul
534 1745 622 1800 dubio
635 1744 657 1799 si
674 1744 735 1800 haec
753 1746 853 1801 Petrus
872 1743 963 1799 dixis·
1017 1753 1210 1804 tractationum
1245 1745 1413 1819 purgandos
1431 1745 1594 1803 committit.
1622 1744 1797 1812 Lactantius,
1830 1747 1866 1806 de

79 1848 85 1887 :
112 1845 166 1903 set,
183 1849 248 1891 eum
269 1849 329 1890 esse
349 1834 539 1904 lapidandum
555 1833 659 1905 rigoris
680 1834 722 1891 tui
736 1834 875 1892 severitas
896 1848 961 1890 sau·
1017 1853 1076 1910 qtro
1098 1837 1158 1907 ipse
1186 1836 1370 1906 dogustans
1401 1843 1547 1892 assereret
1570 1836 1648 1907 quod
1678 1834 1769 1892 multo
1794 1848 1867 1894 auro

113 1925 214 1981 xissel.
1017 1926 1224 1984 saliacuinatus
1237 1922 1341 1981 exierit
1366 1924 1401 1980 de
1415 1927 1547 1997 AEgypto,
1567 1916 1633 1981 curri
1657 1939 1707 1981 ore
1729 1925 1867 1983 lulmmeu

152 2014 255 2068 Beatus
270 2012 355 2067 etiam
372 2010 563 2081 Hieronymus
584 2010 612 2065 in
628 2010 701 2067 libro
721 2017 821 2068 rantra
835 2009 962 2067 lorinia-
1017 2024 1117 2070 contra
1137 2021 1236 2084 geistes
1258 2012 1403 2068 constan
1424 2012 1578 2080 dellendat,
1604 2015 1736 2085 tpuaedam
1757 2014 1866 2073 absona

112 2117 185 2159 noro
205 2105 237 2156 lie
259 2103 366 2170 nuptiis
388 2103 519 2171 troadam
543 2101 663 2155 disserit.
690 2101 725 2155 Et
751 2101 893 2169 praecipue
915 2100 963 2155 illo
1017 2104 1052 2160 de
1072 2103 1258 2174 dogmatibus
1288 2102 1419 2158 Ecclesiae
1444 2111 1540 2170 postea
1566 2105 1700 2159 somniat.
1734 2102 1866 2176 Longum

113 2192 185 2257 loco,
203 2190 252 2247 ulti
269 2190 438 2245 sententiam
463 2189 590 2257 Apstistoii
606 2190 727 2253 inducit,
751 2204 817 2260 quae
832 2189 861 2244 in
884 2190 964 2245 nunc
1017 2202 1059 2250 est
1078 2206 1224 2249 recensere
1239 2199 1368 2248 veterum
1388 2193 1556 2263 syngrapha
1581 2200 1781 2255 tractatorum,
1798 2206 1865 2266 que

113 2281 231 2338 ualidum
244 2295 273 2334 se
294 2279 398 2335 nabet:
421 2280 524 2333 Bonum
547 2285 586 2333 est
610 2280 751 2333 matlierem
769 2295 823 2334 non
841 2283 962 2348 tenpore·
1017 2297 1074 2339 non
1094 2290 1162 2339 sunt
1178 2283 1219 2337 sic
1233 2281 1268 2336 ad
1285 2294 1393 2351 purum
1408 2288 1537 2347 excocta,
1552 2288 1585 2337 ut
1604 2297 1662 2338 noo
1676 2282 1864 2341 inveniantur

114 2371 137 2442 (l
153 2372 213 2427 Gor.
235 2369 297 2438 ιιι).
314 2368 364 2424 Cui
377 2367 569 2436 Hieronymus
583 2368 754 2440 subjungit:
777 2388 791 2417 α
810 2367 837 2424 Si
854 2369 961 2424 bonurn
1018 2371 1047 2426 iu
1059 2371 1101 2427 eis
1125 2371 1216 2426 multa
1230 2385 1296 2441 quae
1320 2370 1403 2440 virga
1425 2370 1609 2427 correctionis
1632 2379 1726 2429 essent
1751 2372 1863 2446 dignis·

112 2469 158 2516 est
175 2459 323 2514 mulierem
345 2471 402 2511 non
417 2465 545 2525 tangere,
563 2458 671 2512 malum
686 2464 728 2513 est
749 2470 818 2529 ergo
834 2466 960 2528 tangere.
1017 2462 1099 2516 sima.
1121 2459 1217 2516 Veratt
1237 2474 1364 2530 namque
1379 2466 1421 2516 est
1440 2460 1537 2516 laconi
1557 2460 1677 2531 apostoli
1699 2462 1859 2520 sententia:

113 2548 191 2605 Nitril
218 2548 294 2603 coint
316 2545 392 2601 bono
416 2546 669 2601 contradictorium
700 2553 742 2601 est
771 2554 872 2614 praeter
901 2558 961 2601 roa·
1016 2551 1162 2616 lrrroultis,
1192 2549 1299 2620 inquit,
1322 2548 1485 2618 offendimus
1510 2564 1609 2604 omnes.
1636 2550 1667 2605 Si
1686 2549 1749 2618 puis
1771 2555 1863 2606 uatem

113 2639 186 2695 lum.
205 2656 219 2684 ι)
242 2640 453 2705 Argumentum
480 2634 533 2689 hoc
555 2636 608 2690 scil
631 2649 692 2691 esse
713 2634 857 2701 frivolum,
882 2635 962 2704 quis·
1015 2644 1044 2693 iu
1059 2640 1139 2693 verbo
1156 2653 1208 2692 aon
1222 2637 1375 2707 offenderit,
1396 2638 1440 2692 llic
1454 2639 1650 2708 perfectus'est
1666 2638 1793 2705 cirtica.
1808 2637 1861 2711 ιιι).

114 2728 182 2796 quis
201 2724 368 2794 disputandi
391 2722 547 2793 disciplina
576 2737 605 2779 se
630 2722 778 2792 profitetur
804 2724 958 2779 imbutum·
978 2738 999 2793 c,
1018 2727 1157 2798 ltaquesi
1177 2727 1279 2782 Petrus
1301 2726 1330 2783 in
1352 2726 1441 2783 verbo
1466 2725 1635 2792 offenderat,
1657 2725 1863 2795 judicandusa

113 2814 186 2870 Nam
203 2813 332 2868 similiter
347 2813 454 2869 bonum
475 2819 516 2866 est
536 2824 651 2867 carnem
670 2824 728 2865 non
755 2810 913 2877 consedere,
933 2818 960 2866 el

113 2905 216 2960 vinum
232 2917 288 2956 non
304 2902 417 2964 nilrere;
436 2915 489 2956 nro
505 2900 567 2956 ideo
591 2901 724 2967 sequitur
745 2899 821 2969 quod
837 2900 874 2954 sit
897 2913 960 2954 ma-

113 2991 174 3048 lum
189 3005 305 3046 carnem
317 2991 463 3045 comedere
479 2997 505 3044 et
533 2990 633 3044 trinum
651 2987 759 3042 bibere.
793 2986 872 3054 Quod
896 2988 960 3058 qui·

112 3081 180 3137 dam
207 3087 366 3136 asserentes
391 3080 465 3136 inter
494 3078 642 3147 hereticos
670 3078 774 3146 recepti
800 3085 879 3134 sunt.
905 3074 961 3132 Sed

114 3177 212 3225 tamen
237 3169 381 3238 paulisper
409 3168 593 3233 concedatur,
620 3175 651 3224 ut
681 3168 789 3222 nralutu
817 3165 853 3221 sit
877 3167 962 3237 juxta

110 3257 330 3324 Hrrooymum,
354 3257 503 3311 ottrticretn
544 3263 673 3325 tetigere.
699 3256 743 3310 Eu
770 3271 829 3325 uuo
852 3264 963 3325 ‹puattla

111 3358 254 3418 sequatur
282 3344 454 3410 absurditas,
479 3359 572 3399 nexus
600 3343 659 3414 ipse
687 3344 806 3399 rationis
829 3345 960 3400 ostendit.

111 3437 184 3490 Nato
201 3433 224 3488 si
242 3434 349 3487 attalum
378 3440 419 3487 est
451 3433 601 3489 mulierem
629 3440 757 3502 langere,
788 3432 897 3486 malurn
920 3440 962 3487 est

113 3539 180 3580 cum
200 3522 319 3577 muliere
339 3523 423 3577 coire.
441 3521 540 3591 Neque
561 3522 637 3577 enim
665 3528 754 3590 potest
776 3519 837 3575 steri
863 3527 894 3576 ut
914 3521 960 3575 bo·

113 3626 170 3668 uus
185 3620 220 3665 stt
236 3611 327 3666 coitus
351 3611 374 3664 sl
402 3610 494 3665 malus
509 3618 550 3665 est
571 3616 675 3664 lactus.
697 3609 728 3663 Et
744 3609 767 3662 si
791 3608 899 3664 malum
911 3616 962 3664 est

114 3715 181 3756 cum
196 3700 316 3754 trrtrliere
340 3712 424 3766 corre,
442 3698 551 3753 malum
567 3698 627 3768 agit
651 3697 784 3767 utrisquis
807 3712 873 3752 cum
898 3710 961 3753 nru-

114 3789 183 3846 licre
199 3790 263 3844 coit.
293 3789 412 3844 Peccant
436 3802 504 3859 ergo
531 3787 678 3858 conjugati
702 3785 828 3857 legitime
857 3786 962 3841 utendo

79 3940 100 3959 Ι,
114 3879 193 3936 coitu
209 3877 366 3948 cotriugali.
382 3877 453 3933 Nam
471 3878 557 3932 etiam
582 3876 711 3933 coeundo
730 3876 879 3930 mulierem
900 3883 963 3930 tau·

1016 2911 1124 2960 tactum
1139 2917 1227 2974 quatu
1252 2903 1410 2959 iracundiae
1431 2902 1618 2959 incentivum.
1648 2903 1778 2972 AEquum
1800 2894 1863 2962 erat

1016 3000 1043 3048 lc
1058 2992 1202 3047 reminisci
1227 2993 1304 3062 quod
1322 2992 1458 3047 Haliacuc
1482 2991 1622 3062 propheta
1641 2991 1715 3062 (cap.
1738 2992 1780 3062 ιιι)
1804 2991 1863 3051 neo

1017 3081 1157 3145 detrantat,
1188 3081 1306 3136 dicens:
1324 3083 1395 3135 Cum
1423 3082 1510 3135 iratus
1543 3082 1642 3147 lucris,
1670 3081 1861 3137 misericordie

1016 3169 1210 3223 recordaberis.
1227 3167 1299 3224 Vide
1314 3169 1383 3239 quid
1398 3169 1482 3224 distet
1506 3169 1580 3224 inter
1596 3169 1666 3225 iram
1690 3168 1739 3224 Dei
1750 3176 1778 3225 et
1791 3169 1863 3226 iram

1018 3260 1149 3314 ltonrmis.
1173 3256 1243 3314 Cum
1271 3257 1356 3313 horno
1377 3258 1523 3325 irascitur,
1552 3258 1710 3314 clementias
1741 3258 1778 3313 alr
1800 3259 1864 3329 ejus

1017 3356 1129 3417 pectore
1147 3361 1209 3401 mon
1227 3345 1253 3400 io
1268 3347 1392 3402 exsulat.
1408 3347 1480 3401 Cum
1503 3356 1600 3402 autern
1619 3347 1692 3403 Deus
1716 3347 1861 3415 irascitur,

1017 3448 1067 3504 por
1083 3434 1218 3504 ingenitae
1233 3433 1370 3489 bonitatis
1393 3434 1572 3491 allluentiam
1599 3435 1801 3492 miserirordiae
1820 3447 1861 3490 re·

1016 3523 1170 3577 cordatur:
1193 3522 1361 3577 recordatur
1376 3537 1433 3577 non
1464 3525 1526 3578 sine
1549 3523 1705 3590 oblivione,
1729 3524 1781 3593 qui
1810 3522 1864 3578 ira·

1016 3612 1106 3665 scitur
1129 3609 1190 3665 sine
1211 3611 1410 3665 corntnotioue.
1437 3610 1558 3680 lllagnus
1594 3610 1733 3665 Dominus
1757 3616 1863 3677 noster,

1006 3695 1068 3769 'tpui
1087 3698 1129 3754 sic
1156 3705 1245 3754 tentat
1278 3712 1401 3765 snorma,
1426 3705 1458 3754 ut
1481 3711 1581 3753 curam
1616 3698 1786 3753 inleriorum
1807 3711 1865 3754 non

1017 3789 1154 3857 negligat.
1171 3788 1265 3858 Hujus
1290 3786 1444 3856 imaginem
1469 3785 1610 3851 aemulari,
1633 3786 1721 3857 liujus
1739 3794 1765 3842 te
1779 3799 1861 3856 opor·

1017 3878 1093 3933 teltat
1109 3877 1228 3947 vestigia
1238 3876 1303 3932 totis
1319 3875 1472 3932 conatibus
1496 3874 1665 3945 amplexari,
1697 3881 1727 3930 ut
1751 3873 1863 3932 calculo

116 3976 200 4040 gunt.
218 3967 311 4037 lgltur
328 3974 358 4022 ut
377 3967 452 4023 male
468 3981 526 4022 non
545 3972 634 4037 agant
649 3964 757 4033 mariti,
781 3962 963 4021 leriabuntur
1020 3980 1105 4036 ιμιειιιι
1127 3965 1233 4036 lorcipe
1254 3965 1360 4021 tulerat
1387 3964 1508 4036 angelus
1537 3964 1572 4019 de
1598 3962 1693 4031 altari,
1726 3972 1865 4034 purgares

79 4100 104 4141 '-
116 4057 152 4113 alr
166 4057 312 4112 uxoribus.
330 4060 397 4122 Aut,
423 4057 446 4111 si
472 4069 586 4112 necesse
613 4055 667 4111 erit
693 4053 779 4117 coire,
797 4053 836 4108 ita
863 4058 963 4108 coeant
979 4066 1001 4120 p
1018 4053 1120 4110 vitium
1135 4053 1276 4110 labiorum
1290 4053 1375 4110 Petri.
1403 4052 1461 4109 Nec
1477 4052 1611 4124 ignorare
1623 4053 1673 4123 jus
1694 4059 1756 4107 erat
1770 4056 1797 4106 te
1814 4049 1863 4105 lto·

79 4196 94 4205 .
115 4152 148 4201 ut
169 4144 318 4201 mulierem
339 4159 396 4201 non
417 4153 547 4216 tangant.
575 4143 628 4200 Sed
652 4142 706 4198 hoc
727 4142 900 4211 impossihile
921 4148 964 4199 est
1018 4143 1125 4199 minem
1146 4157 1216 4210 esse,
1244 4157 1331 4214 ouem
1347 4149 1374 4198 et
1395 4141 1488 4212 culpa
1514 4141 1662 4198 lubricum
1687 4139 1801 4196 trahere
1825 4136 1862 4194 ad

79 4232 192 4315 -lreri
217 4233 356 4303 Sequitur
381 4247 450 4305 ergo
479 4232 640 4304 conjugalis
671 4231 738 4288 boni
765 4230 962 4302 naufragium,
1017 4245 1133 4302 prunam
1159 4237 1187 4287 et
1211 4230 1338 4288 medicus
1362 4231 1456 4302 gratia
1481 4243 1614 4300 reparare
1637 4235 1732 4300 posset
1753 4227 1790 4285 ad
1817 4240 1861 4283 rc·

116 4321 196 4393 quod
208 4321 244 4377 ad
263 4321 424 4378 remedium
448 4321 578 4378 mortalis
591 4319 718 4377 lusuriae
738 4333 865 4390 superna
880 4318 964 4374 iudu-
1019 4320 1109 4375 niam.

115 4410 188 4468 stria
208 4411 388 4481 praeparavit.
404 4412 472 4465 llam
488 4410 512 4465 si
531 4409 701 4481 conjugium
716 4408 824 4465 coitum
839 4423 899 4466 non
917 4421 965 4464 ex·
1054 4408 1101 4463 His
1132 4407 1173 4463 ita
1195 4406 1334 4476 decursis,
1368 4406 1516 4464 silentium
1554 4405 1676 4476 imperat
1712 4403 1865 4475 prolixitas

79 4482 107 4579 ζ,
114 4506 210 4561 cusat,
226 4507 293 4555 eant
315 4498 421 4562 mariti,
449 4500 579 4555 certatim
602 4505 692 4569 agant
711 4497 917 4568 poenitentiam,
932 4511 965 4553 eo
1019 4496 1165 4553 orationis.
1179 4496 1214 4551 Et
1227 4496 1368 4567 quoniam
1388 4509 1447 4551 vox
1464 4496 1570 4551 lassata
1594 4493 1734 4566 relrigerii
1751 4500 1867 4564 portum

79 4580 195 4659 'guod
210 4602 275 4643 curo
294 4588 434 4643 uxoribus
453 4587 513 4643 suis
537 4586 695 4657 aliquando
725 4586 866 4643 coierunt.
888 4586 965 4641 alias
1018 4586 1080 4657 jana
1098 4585 1214 4656 expetit,
1235 4585 1271 4642 ol)
1298 4585 1487 4641 recreandum
1513 4583 1626 4639 lectoris
1647 4581 1797 4638 rastitium
1815 4581 1867 4637 de·

79 4666 88 4673 ⁶
109 4672 141 4735 in
158 4677 261 4732 codem
278 4676 350 4732 lilrro
372 4677 571 4747 Hieronpmms
599 4675 788 4731 inhumanius
804 4675 838 4729 de
856 4674 967 4744 nuptiis
1022 4674 1100 4730 bittts
1121 4674 1213 4744 primo
1237 4672 1377 4730 volumini
1406 4673 1546 4729 terminus
1566 4670 1711 4742 alligetur,
1729 4668 1810 4726 ulad
1830 4681 1865 4724 ee

107 4763 246 4836 disputat
269 4780 356 4835 super
389 4766 469 4822 illum
511 4764 638 4835 Apostoll
663 4765 773 4820 locum:
808 4764 904 4819 Melius
928 4767 968 4817 est
1023 4760 1632 4835 quaepromislmusetttrdan·lasecundtlli)
1652 4759 1798 4816 luctamen
1819 4756 1866 4813 la-

80 4857 221 4915 mutem
238 4857 375 4923 prioratui
398 4855 500 4926 cibidi.
526 4853 579 4910 Sed
603 4855 627 4910 si
651 4853 761 4910 bonum
784 4860 826 4908 est
845 4851 966 4920 nubere,
1023 4849 1267 4908 horisolllciosius
1281 4851 1463 4920 accingatur.

79 5102 90 5119 ·-
149 5015 195 5161 833
209 5015 359 5144 &offis
372 5014 492 5144 ῗιιιιέξιιιῗι
501 5093 594 5144 exstat
605 5099 658 5144 nec
672 5099 689 5142 a
703 5082 879 5156 Berengario
893 5081 1018 5155 scriptus
1032 5088 1084 5151 est,
1098 5091 1131 5141 ut
1144 5097 1181 5141 ex
1191 5083 1274 5156 epist.
1288 5097 1348 5156 seq.
1361 5088 1447 5154 patet.

1016 2822 1052 2882 le,
1087 2815 1289 2871 misericordias
1315 2816 1411 2885 potius
1443 2813 1727 2871 blandum'delreret
1758 2811 1890 2874 sentire'
