3804 5962
78 217 148 273 lora

345 212 450 269 rnrul
469 211 657 269 ABAEnAnur
676 209 754 268 OPP.
773 211 862 270 PARS
880 213 919 268 lll
938 242 973 255 -

992 213 1244 272 rulluserfflctl
1262 214 1305 269 ET
1322 212 1555 271 rependeres.
1756 216 1827 270 leti

81 348 159 399 retur
182 340 265 411 findit
287 339 452 408 antiquitas.
477 336 549 403 Quia
575 352 697 393 summus
717 340 787 395 lteus
813 341 839 394 el
860 342 927 394 uota
941 338 966 393 A
982 321 1087 397 bilibus
1110 339 1292 410 prestantior
1310 339 1580 410 apraestantissimo
1613 346 1731 397 auctore
1749 339 1825 397 lacta

77 448 111 488 ec
126 446 155 486 eo
173 445 248 484 mens
270 430 341 484 siout
361 427 436 482 uitro
460 431 593 494 animum,
618 429 734 483 itasumt
746 433 922 499 supranatu-

75 536 147 587 ram,
160 534 211 590 quo
225 518 267 572 mil
276 518 320 584 fos
335 520 377 570 est
398 515 554 584 fabulosum
570 521 721 586 pememire.
742 520 781 572 De
802 517 856 572 diis
872 533 921 571 au-

77 615 139 680 tem,
163 611 194 661 ut
215 606 284 673 dici,
305 608 419 672 oaeteris,
445 609 471 658 et
500 604 533 658 de
551 606 655 674 animo,
679 621 735 659 mou
755 607 863 673 frustra
884 621 922 676 se,

75 713 122 753 meo
146 698 177 751 ut
198 694 339 762 oblectent,
364 693 401 747 ad
424 692 554 761 fabuloso
577 699 760 758 conuertunt:
782 695 831 750 sed
858 700 924 762 quio

75 787 165 842 sciunt
187 784 326 838 inimicam
344 798 400 837 esse
428 788 536 838 notura
551 788 674 853 apertam
699 783 857 854 nudamque
879 801 924 840 em·

977 425 1189 496 sitiNunquid
1218 426 1338 482 minoris
1361 426 1497 483 ellicaoiae
1524 434 1566 484 est
1589 427 1714 483 innubis
1732 441 1825 500 quam

977 524 1086 572 caeterae
1100 515 1213 582 animm,
1234 523 1286 571 aut
1298 530 1365 572 cum
1384 517 1446 587 jam
1459 529 1582 589 corpora
1614 524 1713 573 nostra
1724 515 1826 574 deiun-

977 611 1021 661 cta
1034 611 1112 672 sunt,
1129 619 1187 659 nou
1205 612 1272 660 sunt
1289 604 1391 660 idonea
1402 606 1436 661 ad
1453 606 1653 678 animandum,
1676 605 1751 662 sicut
1773 619 1825 662 au·

978 702 1023 750 tea
1044 693 1318 764 erantpreesentibus
1341 694 1480 750 humanis
1512 694 1824 752 animabusiPossunt

977 796 1013 838 ex
1042 797 1101 839 nno
1116 796 1235 853 corpore
1258 783 1426 839 innumeros
1446 798 1558 840 vermes
1577 783 1737 852 vivificare,
1754 797 1824 841 cum

75 875 236 945 positionem
260 874 315 939 sui,
346 887 405 941 quae
423 876 495 926 sicut
519 873 679 941 vulgaribus
713 874 923 930 bominumson-
974 872 1034 943 jem
1057 867 1151 941 ipsum
1176 886 1282 942 corpus
1301 886 1360 928 non
1382 872 1457 929 valet
1487 870 1643 929 animare?
1659 871 1729 940 Quae
1745 873 1824 929 deest

75 964 151 1020 sibus
178 961 344 1017 intellectum
370 963 414 1016 sui
436 963 513 1016 uario
528 977 620 1016 rerum
643 965 759 1030 tegmine
774 965 920 1032 operimeu-
977 961 1107 1032 aptitudo
1117 961 1251 1017 deiuncto
1277 962 1399 1032 corpori,
1424 976 1477 1018 nec
1505 961 1573 1018 item
1587 976 1645 1033 quo
1665 963 1822 1031 animetur,

77 1059 157 1120 toque
179 1051 384 1117 subscribite
404 1067 422 1104 a
442 1051 623 1120 prudentibus
645 1067 748 1107 areana
772 1051 923 1108 suauoluit
976 1050 1033 1106 nisi
1063 1056 1175 1107 tantum
1204 1051 1354 1120 praesentia
1382 1052 1518 1108 bumanae
1553 1052 1669 1119 animae,
1698 1067 1767 1123 quae
1795 1059 1823 1108 et

75 1158 125 1213 per
155 1141 282 1209 sabuloso
309 1143 434 1195 tractari.
459 1142 507 1198 Sic
525 1142 587 1211 ipsa
614 1142 745 1209 mysterio
770 1145 922 1212 figurarum
977 1153 1103 1209 praesens
1127 1152 1233 1209 corpus
1261 1139 1401 1208 vivificat,
1416 1149 1444 1197 et
1463 1141 1597 1197 recedens
1619 1141 1716 1212 ipsum
1726 1142 1824 1198 morti·

76 1230 209 1287 cuniculis
233 1231 405 1299 operiuntur,
426 1246 459 1284 ne
473 1231 515 1286 aei
535 1230 577 1285 liis
593 1229 701 1299 adeptis
713 1230 819 1285 uadum
831 1247 922 1286 rerum
976 1226 1070 1284 doat‘t
1085 1226 1196 1298 quodsi
1213 1228 1248 1284 ed
1265 1228 1450 1285 involuerum
1484 1231 1537 1286 ista
1547 1229 1745 1298 deflectamus,
1756 1244 1823 1301 quea

78 1322 176 1375 tatium
199 1324 301 1374 maturo
322 1333 351 1372 se
369 1319 499 1388 prebeat,
527 1320 577 1374 sed
605 1320 785 1374 summatibus
814 1324 922 1376 tautum
976 1316 1011 1373 de
1029 1317 1127 1372 anima
1142 1317 1271 1374 mundia
1286 1317 1462 1388 pbilosophis
1486 1319 1564 1375 dicta
1587 1327 1664 1387 suut,
1682 1318 1768 1377 facile
1781 1328 1822 1376 est

77 1411 144 1464 airis
159 1409 296 1479 sapientia
307 1409 467 1478 interprete,
487 1413 531 1463 sut
548 1410 644 1463 arcani
658 1410 783 1476 comeda,
804 1412 922 1465 conteuti
976 1405 1185 1462 rationabiliter
1198 1414 1302 1462 cuncta
1318 1406 1419 1476 accipi,
1447 1421 1499 1464 nec
1511 1420 1626 1463 asacrae
1642 1406 1709 1463 lidei
1724 1413 1821 1464 tenore

77 1499 132 1553 siut
152 1501 253 1563 reliqui
266 1502 303 1558 ad
324 1497 523 1556 commotionem
546 1499 644 1568 tiquris
674 1497 921 1565 defendentibusa
975 1493 1148 1551 exorbitare.
1187 1495 1340 1551 conterant
1383 1495 1487 1551 auimae
1525 1495 1661 1552 humanae
1696 1496 1822 1566 corpori·

76 1588 184 1643 uilitate
194 1596 334 1646 secretum.
357 1591 443 1644 ructo
467 1587 541 1656 quod
554 1590 580 1641 ει
599 1587 706 1643 Veritas
730 1589 792 1655 ipsa
807 1586 840 1642 de
853 1589 921 1643 inte·
977 1582 1031 1640 bus
1050 1585 1154 1642 nostris
1164 1585 1320 1641 animalem
1334 1586 1424 1642 vitam
1443 1585 1571 1643 conterat
1586 1586 1685 1642 anima
1699 1586 1819 1643 mundo.

77 1682 203 1745 pumemto
223 1679 421 1749 parabolarum
443 1691 557 1731 suorum
581 1677 709 1745 apostolis
731 1675 854 1744 loquitur
877 1678 920 1732 di·
1012 1673 1073 1729 Nisi
1087 1673 1179 1741 fallor,
1195 1673 1336 1743 Spiritum
1349 1681 1483 1730 sanetum
1512 1673 1718 1731 intellexerunt
1732 1675 1820 1744 pbilo-

76 1781 157 1822 oeus:
175 1787 190 1818 ε
209 1769 289 1825 Vobis
319 1769 415 1822 datum
429 1770 470 1821 est
483 1780 561 1820 nosse
582 1766 741 1833 mysterium
762 1769 841 1833 requi
860 1769 920 1831 Dei,
976 1763 1060 1834 sophi
1077 1764 1147 1834 ipsis
1171 1762 1324 1819 animabus
1346 1763 1453 1819 nastris
1468 1763 1557 1818 vitum
1581 1762 1753 1834 spiritalem,
1767 1763 1820 1819 dis

76 1859 178 1911 ceteris
202 1862 291 1912 eutem
308 1854 492 1926 imperabatis
505 1859 559 1917 :ut
580 1853 701 1908 uidentes
721 1869 775 1908 nou
799 1855 920 1922 uideant,
977 1853 1134 1909 tributioue
1153 1852 1260 1908 scilieet
1288 1865 1410 1908 suorum
1439 1853 1593 1920 danorum,
1623 1861 1654 1907 ut
1676 1852 1819 1910 sicutsin·

76 1947 102 1998 et
116 1945 256 2001 audantes
271 1962 324 2001 mou
335 1946 493 2013 intelligant
508 1942 616 2014 (Alottb.
634 1957 684 2009 xu,
699 1943 753 2014 ll).
768 1964 782 1992 »
976 1942 1052 2014 gulae
1076 1941 1181 1997 animae
1195 1941 1252 1997 vite
1273 1955 1436 2011 corporum,
1454 1941 1576 2010 Spiritus
1594 1949 1690 1998 autem
1705 1948 1822 1999 sanetus

111 2034 155 2089 Ex
169 2035 223 2091 hac
239 2035 336 2106 itaque
352 2032 488 2090 llacrobii
505 2031 657 2087 traditione
671 2031 783 2087 clarum
799 2039 841 2088 est
857 2047 923 2102 quae
975 2030 1037 2086 rita
1051 2030 1225 2096 animarum,
1243 2044 1317 2100 quas
1336 2030 1493 2101 vegetando
1508 2030 1544 2085 ad
1561 2029 1720 2100 proiectum
1733 2030 1818 2086 bono·

76 2134 94 2177 a
118 2121 296 2194 pbilosophis
311 2123 345 2178 de
360 2122 460 2178 anima
482 2119 583 2176 mundi
610 2119 761 2187 dicuntur,
778 2132 829 2190 per
843 2120 923 2177 iuro
976 2133 1043 2176 rum
1058 2132 1177 2189 operum
1192 2124 1350 2188 promovet.
1367 2118 1448 2183 Quod
1473 2118 1571 2189 itaque
1603 2118 1687 2174 modo
1712 2117 1817 2175 anima

75 2207 191 2266 lucrunl
207 2210 373 2282 accipienda
395 2224 465 2267 esse.
478 2209 617 2279 Alioquin
633 2222 780 2264 summurn
797 2209 920 2278 pbiloso-
976 2215 1080 2264 nostrae
1106 2221 1226 2276 corpora
1246 2209 1336 2264 saneti
1361 2207 1486 2277 Spiritus
1503 2206 1629 2263 dicendae
1643 2214 1722 2274 sunt,
1748 2220 1820 2278 quas

76 2298 201 2369 phorum
213 2298 358 2354 Platonem
386 2311 535 2354 summum
556 2296 712 2353 stultorum
729 2291 922 2366 dep‘rebende-
977 2296 1101 2367 ipseper
1116 2296 1234 2367 aliquod
1250 2296 1351 2368 gratiae
1366 2311 1427 2352 suae
1442 2296 1550 2352 donum
1578 2297 1664 2366 quasi
1680 2296 1819 2366 templum

76 2398 183 2442 remus.
201 2384 276 2449 Quid
308 2387 385 2441 enirn
402 2385 496 2456 magis
523 2384 709 2441 ridiculosum
731 2399 819 2455 quarn
836 2400 923 2444 mun·
977 2385 1130 2453 inhabitat,
1151 2394 1179 2442 et
1208 2385 1367 2442 virtutibus
1392 2384 1530 2442 vivificat.
1557 2384 1638 2441 Unde
1651 2392 1678 2442 et
1691 2384 1763 2441 illud
1779 2391 1820 2441 est

76 2474 146 2531 dum
170 2480 262 2530 toturn
288 2474 424 2530 arbitrari
457 2487 551 2529 unum
571 2472 679 2528 animal
695 2487 755 2529 esse
770 2474 920 2544 rationale,
975 2474 1130 2546 Augustini
1172 2488 1303 2530 sermone
1330 2478 1356 2541 b,
1387 2476 1425 2529 lie
1450 2474 1545 2530 verbis
1579 2473 1691 2528 Domini
1724 2474 1819 2530 :Siout

75 2562 133 2619 uisi
148 2577 201 2633 per
228 2564 282 2620 bac
306 2563 540 2635 integumentum
560 2561 601 2617 sio
623 2561 768 2633 prolatum
783 2562 797 2618 i
813 2564 921 2622 animal
975 2579 1045 2619 auem
1068 2569 1127 2619 aito
1149 2565 1269 2632 corporis
1291 2565 1385 2618 anima
1406 2568 1457 2630 est,
1477 2565 1515 2617 sia
1535 2564 1594 2617 cita
1607 2564 1705 2619 amima
1723 2565 1817 2618 Deus:

76 2652 184 2723 quippe
216 2665 346 2709 essenon
369 2659 463 2724 potest
485 2650 538 2707 nisi
568 2651 702 2708 sensibile
736 2652 781 2716 sit,
803 2667 870 2709 cum
886 2655 922 2712 sit
975 2655 1046 2709 siout
1063 2655 1187 2722 respiret
1212 2668 1307 2722 eorpus
1321 2669 1381 2708 oum
1404 2655 1526 2707 animam
1540 2654 1649 2719 emittit,
1672 2654 1714 2707 ita
1726 2656 1818 2707 aalma

75 2749 144 2797 nota
172 2740 314 2817 diffinitio,
340 2741 475 2797 animalis
503 2739 665 2797 substantia
683 2741 810 2798 animata
833 2742 922 2799 seusi-
973 2757 1034 2797 oum
1048 2744 1131 2797 Deum
1144 2745 1259 2797 amittit.
1276 2745 1345 2797 Deus
1361 2744 1479 2796 amissus
1500 2757 1572 2796 mors
1596 2744 1706 2807 amima,
1723 2744 1818 2796 auimo

76 2827 151 2885 bilis.
168 2831 238 2894 Quis
250 2839 347 2887 autem
362 2845 398 2887 ex
416 2831 547 2901 quinque
560 2829 692 2886 sensibus
702 2829 810 2886 mundo
830 2830 921 2888 inesse
974 2834 1079 2886 amissa
1104 2845 1175 2885 mors
1188 2832 1318 2898 eorporis.
1339 2831 1417 2884 Mors
1431 2832 1552 2897 corporis
1569 2832 1817 2895 necessariarium

75 2917 188 2989 poterit,
203 2918 259 2975 nisi
288 2918 358 2976 torte
381 2925 486 2984 tactus.
512 2918 563 2988 qni
589 2917 725 2974 omuibus
742 2925 920 2975 estcommu-
975 2923 1069 2975 amima
1082 2921 1240 2974 uoluntario
1253 2917 1316 2974 .Sed
1329 2924 1357 2974 ει
1369 2917 1439 2974 illud
1464 2918 1541 2989 quod
1573 2918 1665 2985 aiunt,
1691 2917 1817 2975 animam

75 3007 121 3062 nis
151 3006 341 3063 animalibus.
378 3007 487 3062 Desunt
509 3006 535 3061 ei
558 3005 669 3075 quippe
696 3013 832 3062 aeterum
857 3022 920 3064 seu·
937 2977 959 3034 ⁰
975 3018 1065 3085 totam
1076 3009 1200 3079 siugulis
1212 3007 1381 3078 corporibus
1409 3005 1535 3062 infusam
1549 3005 1815 3074 omniaviviueare,

75 3109 162 3151 suum
189 3095 390 3157 instrumenta,
421 3095 480 3164 ipso
495 3099 646 3149 attestante
662 3093 788 3163 Platone,
808 3095 859 3152 ubi
878 3098 920 3152 ri·
973 3108 1061 3170 atque
1084 3098 1187 3154 anime
1201 3111 1267 3168 quae
1294 3096 1330 3151 ad
1358 3095 1567 3152 vivificandum
1583 3094 1686 3150 idonea
1700 3095 1816 3164 reperit,

74 3182 308 3240 delicetostendit
336 3196 426 3254 quare
449 3181 473 3237 ei
501 3182 588 3249 oculi,
615 3189 666 3238 aut
681 3195 773 3250 neres,
794 3192 845 3240 aut
869 3200 920 3243 eae·
973 3186 1055 3242 nulla
1083 3184 1199 3241 illorum
1222 3183 1333 3239 duritia
1354 3183 1397 3238 vel
1429 3182 1593 3248 diversitas,
1609 3182 1817 3253 naturaimpe·

75 3277 142 3326 term
162 3281 257 3342 partes
281 3271 404 3327 humaui
417 3269 546 3339 corporis
571 3270 739 3326 necessariae
763 3286 822 3327 non
848 3273 918 3330 luis·
973 3275 1079 3339 diocte,
1094 3273 1249 3343 pulchrum
1265 3272 1449 3328 involucrum
1463 3278 1515 3339 est,
1533 3272 1603 3342 qnia
1618 3271 1746 3326 ebaritas
1767 3271 1817 3328 liei

75 3366 148 3415 sent.
170 3363 264 3429 Atque
292 3364 334 3414 est
349 3373 416 3429 pars
437 3357 568 3428 corporis
586 3359 687 3414 mundi
722 3373 781 3430 qua
809 3361 869 3431 ipse
895 3363 919 3419 si
973 3376 1063 3434 quam
1074 3361 1213 3431 Spiritum
1227 3368 1360 3416 sanetum
1376 3359 1510 3423 dicimus,
1526 3359 1663 3416 cordibus
1678 3359 1817 3415 humanis

74 3453 212 3518 tangatur
240 3447 346 3504 sentire
375 3454 463 3518 queat
496 3447 591 3519 magis
619 3461 708 3519 quam
741 3449 860 3507 arbores
875 3452 918 3508 vel
971 3468 1022 3525 per
1037 3452 1102 3509 fidei
1117 3451 1178 3508 sive
1198 3450 1318 3507 rationis
1333 3451 1440 3506 donum
1459 3449 1593 3520 primitus
1609 3448 1715 3513 inlusa.
1732 3464 1816 3520 quae-

74 3536 191 3608 plantae,
219 3550 286 3608 quae
301 3542 385 3593 terrae
414 3535 556 3593 radicitus
579 3537 686 3604 allium,
702 3537 802 3594 eadem
822 3541 919 3597 anima
972 3543 1038 3599 dam
1053 3541 1182 3600 viviticat
1198 3541 1235 3596 ad
1252 3540 1393 3596 bonorum
1407 3553 1526 3609 operum
1545 3537 1673 3594 fructum
1688 3551 1740 3594 uos
1751 3551 1814 3608 pro·

73 3623 217 3680 vivificari
241 3625 388 3682 dicuutur.
411 3625 546 3697 nunquid
560 3640 596 3681 ex
607 3623 757 3683 ellossione
772 3633 862 3698 ¹terrae
873 3642 920 3698 po
971 3631 1122 3699 movendo,
1148 3637 1181 3687 ut
1195 3630 1285 3687 vitam
1299 3641 1490 3699 assequamur
1505 3635 1649 3693 aeternam,
1661 3634 1689 3683 ει
1704 3627 1733 3683 iu
1748 3627 1815 3698 qui·

74 3712 132 3769 tius
153 3713 273 3770 sentiret
294 3715 423 3770 mundus
452 3727 542 3785 quam
573 3714 690 3771 arbores
719 3715 918 3774 exirundium
972 3719 1094 3777 busdam
1111 3718 1169 3788 ipse
1195 3719 1315 3789 spiritus
1337 3730 1441 3773 vacare
1469 3717 1575 3773 dicitur
1601 3715 1750 3787 pravitatis
1770 3730 1815 3773 eo·

74 3801 224 3859 avulsione
243 3803 288 3859 vel
310 3803 397 3860 totius
416 3803 544 3875 corporis
563 3805 609 3860 sui
625 3803 808 3861 abscisione?
824 3805 917 3863 Arbo·
970 3820 1036 3864 rum
1048 3806 1155 3864 duritia
1171 3811 1361 3876 repugnante.
1389 3805 1468 3860 ilaue
1487 3811 1585 3860 autem
1598 3805 1703 3860 anime
1718 3803 1817 3860 rideli-

74 3905 119 3949 res
158 3899 253 3949 tamen
277 3899 305 3949 et
327 3893 470 3964 «quaslibet
504 3892 618 3964 plantas
645 3893 826 3951 insensibiles
858 3909 918 3952 esse
971 3903 1015 3953 cet
1037 3895 1196 3951 mundanae
1218 3893 1377 3950 doctrinam
1408 3894 1551 3963 praecipue
1579 3891 1819 3964 diligentissimus

76 3988 197 4050 constat,
230 3981 351 4053 ideoque
370 3983 406 4038 ad
425 3982 618 4039 exclusionem
640 3997 743 4039 earum
760 3983 790 4038 in
809 3983 916 4039 dillini-
972 3985 1209 4056 pbilosophorum
1239 3984 1269 4038 in
1295 3982 1479 4052 Expositione
1502 3982 1663 4038 llacrobius
1687 3981 1815 4053 reliquit.

72 4068 151 4126 tione
187 4070 320 4127 animalis
349 4077 412 4141 post
446 4071 606 4127 animatum
636 4071 755 4141 ponitur
772 4070 915 4127 sensibile.
970 4072 1188 4144 cujusquidem
1201 4071 1290 4127 verba
1301 4070 1325 4126 si
1341 4069 1495 4140 diligenter
1513 4071 1712 4141 inspiciamus,
1729 4077 1817 4127 totam

74 4157 214 4215 Praeterea
242 4172 309 4215 eum
328 4159 426 4215 dicant
439 4160 565 4215 animam
580 4159 683 4216 mundi
704 4159 827 4231 siugulis
842 4158 917 4216 infu-
971 4160 1056 4218 iidem
1087 4160 1144 4217 lere
1168 4167 1295 4216 nostram
1323 4159 1357 4215 de
1371 4159 1479 4226 Spiritu
1502 4168 1601 4215 sancta
1626 4161 1656 4215 in
1675 4160 1746 4229 ipsis
1769 4172 1818 4216 ex·

73 4259 135 4302 sam
160 4246 330 4318 corporibus
357 4261 390 4304 ea
413 4248 544 4304 animare
567 4263 633 4319 quae
657 4248 692 4304 ad
725 4248 917 4305 animandum
933 4255 955 4309 l)
971 4264 1099 4323 pressam
1128 4249 1335 4316 inveniremus,
1361 4248 1516 4304 cumbanc
1541 4250 1632 4318 ipsam
1652 4251 1781 4304 animam
1791 4250 1819 4304 ei

74 4342 142 4406 apta
160 4336 277 4406 reperit,
302 4335 375 4408 quid
402 4351 475 4407 opus
501 4343 564 4392 erat
585 4337 729 4393 creatione
751 4346 915 4393 nostrarum

73 4425 239 4482 animarum
265 4439 339 4496 quas
352 4433 448 4497 postea
462 4425 551 4482 iactas
572 4426 650 4483 Plato
666 4441 727 4483 esse
741 4442 916 4483 commemo·

73 4512 202 4569 rat‘laut
217 4512 293 4584 quio
304 4528 378 4584 opus
393 4523 435 4570 est
461 4514 589 4571 animam
604 4516 708 4572 muudi
719 4516 764 4572 luis
785 4516 916 4586 corpori-

73 4601 129 4658 bus
161 4601 267 4657 uostris
296 4602 387 4659 inesse
416 4617 481 4673 quae
502 4618 560 4660 nou
588 4603 812 4670 animatiQuid
837 4605 916 4660 enim

72 4688 236 4746 evidentius
250 4704 339 4761 quam
364 4705 484 4761 corpora
498 4699 596 4749 nostra
615 4706 651 4749 ex
668 4693 792 4764 propriis
807 4693 915 4751 auima-

73 4777 129 4834 bus
157 4778 294 4835 humanis
309 4779 403 4850 magis
419 4793 557 4850 quamex
577 4781 676 4837 anima
699 4781 801 4838 mundi
826 4781 917 4838 sitam

72 4867 226 4924 animalem
247 4867 352 4925 babere
368 4868 382 4924 i
398 4869 446 4926 llis
474 4869 582 4940 quippe
604 4869 758 4927 animabus
772 4871 917 4940 praesenti·

72 4954 128 5012 bus
155 4956 252 5012 statim
263 4957 393 5014 animata
407 4967 474 5015 sunt
502 4965 541 5025 et,
562 4958 662 5016 iisdem
677 4959 845 5017 absentibus
854 4960 915 5017 ina-

71 5045 193 5114 nimata‚
218 5045 284 5103 licet
311 5055 343 5104 ut
359 5047 452 5117 aiunt,
480 5047 510 5104 in
525 5048 565 5105 eis
588 5048 686 5104 anima
707 5050 808 5106 muudi
829 5050 917 5107 etiam

72 5141 135 5202 post
158 5141 278 5192 mortem
295 5143 466 5206 perseveret,
495 5151 561 5209 quae
584 5137 614 5193 in
638 5138 774 5195 omnibus
795 5146 854 5196 tota
874 5145 917 5196 est

72 5223 251 5293 cerporibus,
285 5231 312 5281 et
342 5225 432 5282 iubis
449 5226 479 5282 in
506 5226 614 5298 quibus
637 5235 729 5284 vocat.
744 5227 818 5295 Quid
830 5228 916 5285 etiam

70 5315 113 5364 est
143 5311 219 5380 quod
252 5313 422 5371 absentibus
450 5315 588 5373 humanis
622 5316 788 5387 animabus,
817 5317 916 5373 anima

46 5397 174 5463 ,mundi
189 5399 310 5471 corpora
323 5411 423 5460 nostra
451 5403 516 5462 lieet
535 5407 576 5460 eis
602 5405 679 5475 insit,
707 5406 837 5463 animare
858 5420 917 5463 uon

72 5485 190 5554 suifloit,
219 5502 286 5545 oum
301 5492 374 5561 ipsa,
390 5499 511 5548 metante
533 5493 662 5560 Platane,
676 5494 790 5551 cunctis
817 5494 917 5552 inrisi-

971 4339 1132 4397 Creatorem
1159 4338 1298 4406 nominet,
1324 4341 1412 4408 atque
1444 4353 1482 4394 eu
1512 4339 1568 4394 Deo
1594 4339 1678 4395 Patre
1701 4345 1729 4394 et
1757 4345 1817 4408 νεῷ,

972 4431 1027 4487 boc
1050 4435 1091 4486 esi
1115 4429 1172 4484 lieo
1185 4427 1256 4483 Filio
1272 4434 1383 4483 astruat
1404 4442 1475 4484 esse.
1492 4426 1583 4494 Quam
1599 4427 1670 4483 dum
1684 4426 1817 4497 quando-

971 4531 1029 4589 que
1045 4524 1169 4573 mentem
1182 4516 1325 4585 nominat,
1349 4524 1473 4572 mentem
1494 4531 1545 4587 pro
1560 4517 1657 4571 anima
1673 4515 1718 4572 rel
1734 4513 1817 4584 spiri·

971 4606 1162 4664 tualinatura
1175 4604 1346 4676 generaliter
1372 4604 1461 4675 ponit.
1491 4605 1582 4661 Aliter
1600 4605 1697 4675 itaque
1712 4603 1817 4659 Filium

971 4703 1040 4758 meo,
1066 4694 1152 4751 idest
1177 4701 1301 4750 mentem
1339 4693 1418 4760 dicit,
1453 4693 1536 4749 aliter
1570 4694 1698 4749 animani
1725 4692 1818 4762 ipsam

970 4791 1094 4841 mentem
1118 4783 1252 4853 appellat.
1270 4785 1346 4838 llens
1362 4783 1470 4853 quippe
1481 4781 1571 4837 Patris
1596 4781 1686 4836 Filius
1700 4780 1814 4844 dieitur,

971 4873 1131 4929 secundum
1150 4871 1228 4942 quod
1264 4871 1405 4941 sapientia
1423 4872 1512 4941 ipsius
1536 4869 1582 4926 rel
1604 4871 1676 4926 ratio
1698 4868 1816 4925 dicitur.

970 4962 1107 5018 Animam
1126 4974 1244 5031 quoque
1259 4974 1326 5016 oum
1353 4966 1479 5015 mentem
1495 4958 1633 5026 nominet,
1654 4956 1817 5028 spiritualis

971 5063 1035 5107 eam
1049 5063 1109 5106 esse
1126 5057 1250 5116 naturae,
1276 5062 1335 5105 nou
1347 5062 1490 5118 corporee
1506 5047 1642 5103 insinuat.
1660 5045 1741 5110 Quod
1755 5047 1820 5117 qui-

971 5139 1078 5196 demet
1099 5137 1345 5208 persemetipsum
1361 5137 1493 5208 aperiens
1520 5137 1589 5193 dum
1605 5136 1739 5207 quaedam
1755 5135 1818 5193 Vir·

972 5226 1044 5300 gilii,
1055 5227 1146 5290 rerba
1173 5232 1340 5296 exponeret,
1355 5225 1414 5282 ait:
1430 5227 1465 5281 Ut
1484 5227 1607 5294 puritati
1630 5225 1688 5294 ejus
1704 5228 1817 5279 attesta-

971 5318 1057 5383 retur,
1084 5319 1199 5370 meutem
1220 5315 1383 5369 nominauit.
1403 5314 1473 5370 item
1489 5328 1496 5367 :
1512 5314 1548 5369 Ut
1573 5313 1648 5367 illius
1669 5312 1818 5369 mundana

971 5405 1069 5460 anima
1104 5406 1234 5459 assereret
1265 5402 1440 5472 dignitatem,
1476 5408 1593 5458 mentem
1617 5417 1674 5457 esse
1702 5406 1818 5458 metatam

971 5499 1021 5550 est.
1036 5496 1075 5551 Ac
1090 5493 1116 5550 si
1126 5499 1223 5565 aperte
1239 5491 1339 5550 doceat
1354 5490 1391 5549 ob
1415 5492 1470 5549 boe
1483 5505 1548 5550 eam
1573 5499 1698 5551 menum
1718 5491 1818 5550 vocari
