3804 5962
128 179 177 235 iet
447 175 551 233 nurui
569 174 759 232 asebium
777 173 852 231 OPP.
872 170 964 230 eius
981 173 1017 228 ll.
1036 169 1219 230 sautioues
1236 173 1280 230 ET
1299 171 1419 231 oebsc.
1438 173 1557 232 asem.
1821 176 1878 230 ita

128 308 161 358 ut
189 303 314 368 cessauit,
348 300 423 357 dieii
447 316 519 356 unus
534 316 569 356 eu
584 300 730 370 discipulis
755 301 813 370 ejus
833 299 870 355 ad
893 315 954 355 eum
970 314 977 354 :
994 301 1017 353 a
1033 297 1190 358 intentione
1209 305 1308 358 nostra
1322 300 1430 358 ineum
1453 298 1580 358 directa.
1608 300 1733 373 ingressi
1749 300 1871 357 cubicu-

128 394 250 461 liomine,
270 390 335 446 doec
352 406 401 445 nos
418 405 504 454 orare,
520 392 591 445 sieut
603 395 629 444 et
654 379 774 444 ioannes
786 389 875 444 docuit
890 388 974 444 disci-
1029 387 1101 456 lum,
1116 390 1221 447 ostium
1235 391 1299 461 ejus
1321 388 1500 458 claudimus,
1516 404 1553 447 nc
1568 389 1605 447 ab
1620 389 1758 456 sitisses
1774 403 1792 445 a
1811 389 1873 446 solo

124 481 207 554 pulos
222 495 295 536 suos.
322 480 359 534 Et
380 481 421 534 ait
450 478 507 534 iliis
521 495 528 534 :
543 479 609 535 cum
624 479 719 544 aratis,
735 477 818 532 dicite
835 493 843 532 s
870 479 973 544 Pater,
1029 477 1086 535 lieo
1099 478 1261 546 videamur,
1273 493 1340 536 cum
1356 478 1447 535 modis
1460 478 1596 537 omnibus
1612 477 1818 550 providemus,
1836 491 1875 533 ne

129 573 315 640 sanctificetur
348 584 443 624 nomen
468 574 554 624 tuum.
582 568 721 625 Adueniet
743 581 858 636 regnum
878 572 973 634 tuum,
1028 567 1070 623 sic
1092 582 1144 638 per
1167 569 1325 626 orationem
1341 575 1469 625 nostram
1498 569 1666 626 bominibus
1682 567 1874 639 placeamus,

127 663 180 730 piet
206 660 331 715 uoluntas
354 664 404 714 tua
425 660 495 713 sieut
522 660 553 713 in
575 658 639 713 culo
662 658 732 713 etin
762 662 845 712 terra.
873 659 974 711 Panem
1028 662 1061 712 ut
1077 656 1134 712 lieo
1159 656 1308 728 displicere
1330 671 1503 715 mereamur.
1527 658 1560 714 ln
1588 657 1755 714 abscondito
1783 655 1877 728 magis

127 753 252 806 nastrum
275 749 469 819 quotidianum
483 748 523 804 da
541 747 619 802 nobis
638 747 726 815 bodie,
743 750 769 801 et
795 746 902 802 dimitte
927 761 975 801 na·
1028 758 1117 816 quam
1132 745 1162 802 in
1187 745 1337 802 manilesto
1350 745 1426 803 Deus
1439 746 1538 804 ridere
1553 745 1670 815 dieitur,
1686 747 1758 817 onia
1773 746 1876 817 proba·

128 838 169 893 bis
184 843 415 909 pessumarum,
430 837 566 907 siquidem
594 841 620 891 et
635 838 691 905 ipsi
718 835 882 891 dimittimus
901 837 974 890 omni
1027 833 1175 891 torcordis
1188 841 1339 902 etrenum,
1354 848 1414 891 non
1431 841 1487 893 tam
1504 850 1570 909 qua
1599 836 1683 906 liunt,
1699 850 1787 908 qnam
1814 851 1875 908 quo

126 926 236 984 debenti
249 927 336 983 ιιοιιι.
360 927 401 983 tit
414 942 449 982 ne
461 942 509 981 nos
524 925 640 981 inducas
653 926 683 980 in
698 927 876 980 tentationem
891 923 970 995 (Lata.
1026 925 1122 979 animo
1146 923 1217 980 liant
1235 923 1374 992 ἵιιιιιιιιιι,
1390 939 1443 981 nec
1456 931 1514 982 iam
1530 938 1617 997 opera
1636 939 1726 996 quam
1741 925 1875 982 intentio·

125 1029 168 1086 ιι,
188 1017 225 1088 t).
250 1017 400 1074 liettbaeus
417 1029 486 1072 sero
511 1014 688 1071 Dominicam
717 1013 875 1070 orationem
903 1026 972 1083 apo·
1026 1026 1091 1068 uem
1120 1021 1294 1068 remunerat.
1325 1012 1440 1070 Orontes
1460 1020 1551 1069 autem
1574 1015 1736 1082 notitaetc.
1754 1016 1812 1071 lloc
1832 1021 1877 1071 esi

126 1105 206 1163 stolis
229 1112 370 1178 tanquam
403 1104 568 1162 doctoribus
598 1109 625 1160 et
664 1103 883 1173 perfectioribus
910 1116 972 1172 por·
1026 1115 1063 1156 ne
1083 1102 1223 1170 appetatis
1239 1101 1432 1171 prolixitatem
1446 1101 1603 1159 verborum
1616 1105 1644 1158 in
1667 1103 1798 1159 oratione
1817 1143 1824 1169 ‚
1840 1117 1875 1159 ca

125 1192 228 1252 iectius
246 1193 390 1262 traditam,
411 1206 475 1251 eam
503 1191 646 1249 interserit
665 1190 790 1247 sermoni
818 1189 855 1245 ad
881 1190 971 1247 eosin
1026 1202 1086 1260 qua
1103 1189 1230 1245 inlideies
1252 1189 1361 1247 iaciunt
1375 1190 1541 1248 intentione.
1558 1192 1665 1248 Petam
1691 1192 1777 1260 enlm,
1796 1192 1875 1264 qnod

30 1328 32 1338 i
126 1291 223 1340 monto
246 1282 359 1352 babitu,
389 1296 476 1354 quem
500 1288 528 1338 et
556 1279 749 1351 perfectiorem
778 1293 839 1336 esse
862 1285 972 1336 constat
1026 1285 1135 1349 quanto
1162 1276 1409 1348 prolixioruerbis
1424 1280 1515 1338 oratio
1538 1281 1702 1347 sueluerit,
1719 1289 1800 1339 tanto
1815 1296 1875 1338 ma-

126 1385 215 1443 quam
238 1372 285 1429 ille
299 1372 404 1440 luerit,
429 1385 515 1443 quem
532 1372 624 1427 Lucas
644 1368 729 1425 relert
752 1368 783 1424 in
810 1367 972 1438 campestri·
1027 1365 1102 1437 gisa
1117 1366 1173 1423 Deo
1193 1367 1328 1424 exaudiri
1353 1375 1465 1439 posset,
1492 1383 1650 1441 qnemnon
1664 1369 1774 1441 ubique
1801 1386 1875 1441 prae-

126 1459 182 1516 bus
197 1460 233 1517 ed
258 1461 360 1517 turbas
384 1461 502 1517 iactum.
524 1458 569 1515 Sic
594 1457 701 1529 quippe
716 1457 854 1528 scriptum
879 1459 921 1512 ιιι
942 1456 972 1512 in
1028 1463 1135 1511 sentem
1149 1456 1303 1525 estimant,
1319 1460 1347 1513 et
1364 1458 1459 1514 verbis
1474 1457 1604 1530 indigere
1618 1465 1721 1530 putant
1736 1500 1744 1527 ,
1762 1460 1874 1531 quibus

125 1548 270 1618 mattheo,
285 1549 405 1606 Domino
419 1549 453 1606 ad
466 1548 608 1620 apostolos
621 1546 732 1602 dicente
754 1561 762 1601 c
789 1546 855 1602 cum
873 1550 970 1613 aratis,
1025 1542 1051 1599 ei
1079 1543 1156 1615 quod
1177 1544 1313 1602 columns
1333 1544 1538 1602 insinuemus.
1557 1546 1650 1604 Nolite
1675 1561 1744 1619 ergo
1772 1548 1802 1604 ιιι
1819 1548 1875 1606 bec

125 1653 179 1693 non
198 1639 275 1693 eritis
299 1639 369 1694 sicut
384 1639 600 1710 hypocriticam
615 1639 719 1703 amant,
734 1639 764 1690 in
785 1636 934 1707 synapopis
948 1630 973 1689 el
989 1623 1011 1678 Β
1028 1633 1135 1690 ιιιιιιιι
1149 1632 1307 1692 intentione
1320 1634 1427 1692 similes
1441 1636 1482 1692 eis
1500 1635 1572 1692 lieri.

125 1726 278 1794 manualis
296 1728 454 1797 platearum
472 1730 584 1789 stantes,
611 1740 690 1780 arare
703 1729 735 1780 ut
765 1723 913 1779 rideantur
936 1725 969 1778 ab
1060 1723 1252 1778 paternoster.
1275 1723 1344 1780 Octo
1358 1731 1455 1781 antem
1471 1725 1602 1794 partibus
1618 1725 1680 1782 bec
1708 1727 1872 1785 secundum

125 1816 287 1872 bominibus.
312 1816 402 1872 Amen
430 1816 492 1871 dieo
526 1815 615 1884 υιιιι,
640 1817 799 1884 receperunt
821 1811 969 1868 mercedem
1023 1809 1191 1868 lilattbenm
1213 1811 1304 1868 oratio
1318 1811 1516 1885 distinguitur.
1546 1812 1675 1881 Quarum
1690 1815 1786 1887 prima
1804 1831 1873 1888 pars

124 1921 216 1962 suam.
237 1907 276 1962 Tu
289 1910 381 1959 autem
402 1919 461 1960 cum
484 1904 575 1959 mobis
599 1901 703 1974 [Vuig.
720 1903 872 1974 manem,
893 1904 969 1956 intra
1021 1904 1065 1955 esi
1079 1898 1232 1967 invocatio,
1247 1914 1307 1971 qua
1327 1900 1433 1958 dicitur
1448 1918 1454 1957 :
1470 1904 1551 1959 Pater
1565 1907 1656 1959 noster
1672 1909 1720 1970 qui
1735 1909 1802 1960 asin
1820 1921 1873 1960 ιι-

123 1994 155 2047 ιιι
181 1992 336 2049 cubiculum
351 1997 441 2060 tuum,
455 1996 481 2047 et
502 1992 592 2047 clauso
612 1992 681 2046 ostio
711 1994 765 2057 tao,
788 2005 836 2045 oro
858 1992 970 2045 Patrem
1024 1987 1068 2042 lis.
1084 1987 1190 2044 Deinde
1203 1997 1311 2059 septem
1325 1990 1474 2059 petitiones
1495 2000 1669 2063 mouentur.
1698 1993 1766 2050 Tres
1800 2008 1871 2050 vero

126 2087 202 2138 tuum
217 2084 245 2137 in
265 2081 432 2137 abscondito.
446 2083 482 2137 lit
504 2087 585 2151 pater
599 2086 684 2148 tuus,
701 2082 749 2146 qui
761 2079 836 2134 uidet
861 2081 891 2134 in
905 2079 967 2134 abs·
1021 2075 1132 2145 priores
1147 2077 1184 2132 ad
1197 2077 1288 2134 Deum
1303 2078 1457 2149 pertinent,
1472 2087 1599 2150 quatuor
1612 2094 1681 2138 vero
1698 2081 1818 2154 reliquae
1834 2082 1872 2138 ad

124 2171 244 2238 condito,
259 2169 354 2225 reddet
369 2170 427 2225 tibi.
446 2170 560 2226 Oroates
575 2174 675 2237 ouum,
691 2169 774 2224 nolite
798 2169 914 2223 multam
929 2169 968 2224 la·
1022 2177 1084 2221 uos.
1110 2164 1205 2237 Hujus
1233 2166 1323 2238 igitur
1343 2167 1453 2224 ordinis
1479 2168 1659 2226 intendentes
1689 2169 1871 2241 expositioni,

125 2262 184 2326 qui,
212 2261 283 2315 sieut
297 2258 407 2314 etinici.
423 2259 527 2313 Putant
548 2259 619 2313 enim
639 2257 713 2328 quod
737 2260 768 2311 in
795 2257 968 2326 muitdoquia
1023 2251 1117 2321 ipsum
1141 2253 1224 2324 prius
1252 2268 1367 2312 oremus
1403 2256 1572 2326 Dominum,
1593 2264 1625 2315 ut
1645 2258 1783 2315 orationis
1811 2273 1873 2316 suaa

123 2362 174 2404 sua
211 2347 407 2403 repudiantur.
432 2347 522 2402 llotite
550 2362 613 2415 erpo
641 2345 792 2400 assimilari
819 2349 857 2400 cis
886 2348 968 2400 :scit
1022 2340 1106 2398 nobis
1128 2342 1257 2401 conterat
1275 2343 1588 2417 intelligentiamque
1617 2347 1708 2418 ipsam
1732 2348 1815 2405 nobis
1830 2348 1873 2405 la·

124 2439 196 2493 enim
224 2438 307 2492 Pater
328 2441 417 2491 uester
441 2434 574 2505 quiuobis
594 2449 661 2504 opus
684 2437 732 2501 sit,
746 2439 893 2500 antequam
918 2450 967 2504 pe·
1021 2429 1078 2486 ciat
1106 2430 1293 2489 lructuosam.
1321 2432 1393 2490 Cum
1419 2433 1487 2491 dicit
1504 2438 1615 2506 :Palem
1631 2436 1727 2507 potius
1755 2451 1869 2509 quam:

127 2527 192 2580 tatis
206 2524 240 2581 ab
256 2541 285 2580 eo
309 2523 408 2596 [Vulg.
425 2524 507 2596 eum].
522 2524 568 2581 Sic
595 2528 686 2578 autem
707 2522 807 2594 [vulg.
824 2538 887 2590 erpo
907 2522 969 2595 aas}
1025 2517 1151 2587 Domine,
1163 2535 1217 2578 nos
1243 2521 1267 2578 ιι
1282 2535 1333 2593 per
1346 2536 1473 2581 amorem
1499 2525 1696 2597 potiusquam
1712 2540 1762 2596 per
1788 2528 1870 2584 timo

123 2615 262 2670 orabitis:
284 2616 367 2669 Pater
396 2616 488 2668 noster
501 2614 550 2680 qui
577 2628 605 2668 es
625 2615 656 2667 iu
674 2612 757 2680 antis,
782 2614 968 2682 sanctificetur
1023 2620 1085 2664 rem
1112 2609 1246 2667 admonet
1271 2611 1422 2669 deservire.
1452 2613 1564 2671 Timere
1584 2615 1692 2687 quippe
1714 2629 1866 2674 servorum

123 2717 220 2757 nornen
237 2705 324 2757 tuum.
350 2700 489 2756 Adueniet
504 2715 617 2769 repnum
642 2705 728 2755 tuum.
758 2700 821 2753 siat
841 2700 966 2755 voluntas
1020 2706 1072 2765 est,
1088 2711 1186 2757 amare
1200 2698 1337 2757 filiorum.
1354 2701 1435 2758 Unde
1447 2709 1475 2759 et
1495 2702 1649 2774 Apostolus
1672 2704 1868 2762 Christianam

124 2796 174 2848 tua
193 2794 265 2847 sicui
284 2793 315 2846 in
329 2791 392 2846 celo
407 2796 432 2845 ct
452 2791 482 2845 in
499 2794 581 2846 terra.
603 2792 704 2844 Panem
718 2792 843 2843 nostrum
869 2803 965 2858 super·
1000 2787 1187 2861 ,servitutem
1214 2802 1231 2844 a
1256 2789 1376 2846 iudeica
1401 2790 1606 2864 distinguens,
1636 2793 1779 2851 conversis
1807 2793 1869 2865 jam

122 2880 330 2938 substantialem
344 2880 381 2935 da
394 2879 471 2933 nobis
486 2879 574 2934 tede.
599 2881 634 2933 Ει
656 2878 764 2932 dimitte
783 2876 861 2931 nobe
874 2877 967 2933 debim
981 2878 1008 2965 e
1021 2875 1129 2933 ludaeis
1142 2876 1237 2934 aiebat
1253 2892 1260 2933 :
1289 2881 1350 2935 lion
1364 2882 1437 2935 enim
1462 2882 1568 2937 subditi
1581 2885 1647 2938 estis
1669 2885 1768 2939 iterum
1780 2885 1813 2937 in
1837 2886 1871 2938 ti-

122 2976 217 3027 aostra
235 2971 306 3026 sicut
328 2974 353 3022 et
369 2982 418 3022 nos
437 2967 602 3022 dimittimus
617 2965 783 3020 debitoribus
805 2969 916 3022 nostris.
933 2969 969 3022 rit
1022 2980 1105 3032 more,
1121 2965 1169 3020 sed
1192 2968 1335 3038 accepistis
1357 2970 1486 3039 spiritum
1512 2970 1669 3041 adoptionis
1689 2974 1784 3041 inquo
1810 2973 1869 3027 clu·

122 3075 156 3116 tte
169 3074 218 3115 nos
244 3058 361 3113 inducas
375 3057 405 3109 in
429 3057 614 3122 tentationem,
638 3054 685 3109 sed
700 3053 784 3109 libera
799 3070 847 3109 nos
871 3057 969 3111 amalo
1021 3069 1126 3109 mamus
1144 3070 1151 3108 :
1166 3055 1247 3110 itta
1259 3057 1342 3111 Pater
1357 3056 1449 3128 (Rom.
1465 3072 1526 3128 ιιιι,
1545 3059 1599 3129 ιι).
1617 3059 1783 3117 Notandum
1798 3074 1870 3116 ιιιο

124 3148 236 3220 (Metti.
253 3161 294 3215 ιι,
308 3144 346 3217 9).
362 3144 521 3217 Diligenter
538 3157 590 3200 nos
617 3144 757 3200 Dominus
779 3143 815 3200 de
839 3145 969 3201 oratione
1022 3141 1161 3209 hocloco,
1187 3159 1253 3201 cum
1276 3144 1514 3217 dicitur:Pater,
1550 3161 1609 3205 non
1635 3161 1725 3205 unam
1754 3154 1867 3205 tantum

123 3228 292 3293 instruens,
316 3238 374 3280 non
403 3223 495 3280 solnm
520 3223 676 3281 verborum
704 3224 967 3294 pronuntiationem
1020 3229 1168 3288 Trinitatis
1192 3247 1343 3302 personam
1372 3235 1518 3308 intelligi,
1540 3236 1589 3294 sed
1614 3235 1811 3294 indifferenter
1830 3236 1867 3293 ad

122 3314 219 3383 tradit,
242 3311 454 3370 verumetiam
477 3311 511 3368 de
540 3311 698 3369 intentione
721 3325 774 3369 uos
791 3312 911 3381 erudit,
935 3319 968 3370 ut
1020 3320 1111 3376 iteum
1126 3319 1283 3378 orationem
1298 3321 1394 3395 dirigi,
1419 3324 1468 3381 cui
1490 3324 1683 3383 communiter
1704 3325 1867 3384 aiidelibus

121 3403 212 3461 oratio
227 3403 375 3459 irnctuosa
389 3399 472 3457 nobis
486 3414 545 3456 esse
560 3401 656 3470 possit.
1019 3421 1209 3478 peramarum
1237 3410 1408 3469 deservitur.
1425 3413 1489 3471 lion
1507 3414 1658 3472 mediocris
1671 3414 1788 3473 videtur
1814 3415 1867 3472 be-

155 3492 234 3548 sicut
255 3488 413 3560 appossita,
429 3488 535 3560 inquit,
551 3487 606 3545 ¹1⁰0
618 3495 660 3545 0⁸1
674 3502 732 3544 ¹1⁰ss
746 3501 780 3546 θλ
809 3488 965 3546 intentione
1018 3497 1190 3555 nevolentiae
1211 3500 1344 3570 captatio,
1359 3515 1426 3557 cum
1436 3516 1503 3560 eum
1522 3516 1610 3573 quem
1623 3517 1741 3561 oramus
1755 3511 1867 3575 patrem

120 3591 181 3649 qua
195 3577 259 3635 illos
285 3585 397 3636 constat
411 3590 504 3634 orare.
529 3575 658 3644 Quorum
686 3576 803 3648 quidem
825 3576 963 3634 intentio·
1018 3600 1165 3657 vocamus,
1187 3589 1272 3660 quasi
1294 3603 1331 3646 ιχ
1347 3597 1406 3647 ram
1422 3590 1501 3648 dulci
1529 3591 1645 3649 nomine
1674 3593 1711 3649 ad
1738 3597 1866 3663 paternas

120 3680 186 3724 nem
214 3666 364 3739 allerisii,
381 3667 439 3725 ait:
466 3670 498 3721 iti
511 3666 662 3722 uideantur
690 3666 724 3721 αὖ
747 3665 899 3721 imbibit
914 3680 963 3736 po
1017 3675 1177 3734 dilectionis
1201 3676 1335 3736 allectum
1364 3688 1525 3749 moveatur,
1559 3687 1668 3739 cinon
1699 3688 1758 3738 tem
1787 3680 1867 3754 quod

120 3755 179 3813 ‘¹1¹⁸
203 3757 407 3829 uuamabeo,
421 3755 491 3813 dum
505 3755 668 3826 &illicere
684 3762 839 3826 appetunt,
866 3753 964 3825 aqni·
1017 3765 1108 3822 servis
1131 3780 1221 3837 qnam
1247 3767 1325 3839 qnod
1350 3767 1416 3826 liliis
1444 3769 1545 3827 debeat
1574 3769 1766 3828 recordetur.
1793 3771 1865 3827 Cum

118 3845 174 3904 laus
196 3845 238 3903 sic
250 3845 351 3903 laudes
363 3845 408 3902 rel
424 3853 540 3902 terrena
557 3844 707 3901 commoda
722 3842 894 3915 requirunt.
910 3841 964 3910 Qui
1016 3852 1085 3910 nicia
1096 3855 1299 3926 unusquisqne
1311 3861 1403 3913 noster
1433 3858 1631 3930 potiusquam
1644 3873 1744 3929 meus,
1770 3860 1863 3917 illium

118 3940 182 3991 ¹1¹³
197 3933 468 4006 il¹¹¹l5¹l¹¹⁸⁰⁰¹¹⁸lliei
484 3933 602 4004 possint,
616 3937 720 3998 amelli·
742 3931 858 4003 inquit,
874 3935 905 3987 in
920 3949 964 4002 sit·
1016 3955 1046 3999 se
1069 3943 1119 4000 ilci
1135 3957 1185 4014 per
1197 3944 1378 4015 adoptionem
1404 3948 1482 4019 qnod
1506 3961 1659 4005 commune
1686 3949 1786 4006 multis
1811 3957 1864 4017 ost,

117 4025 232 4092 Mi⁰ti⁸
255 4026 280 4077 ιι
294 4024 324 4077 in
342 4022 453 4090 anguiis
462 4022 631 4091 plaltstrum·
655 4022 708 4078 11⁰⁰
721 4027 765 4076 ⁰⁵1
792 4020 821 4076 1¹1
837 4020 961 4091 lssbllssli
1015 4031 1214 4103 potiusquam
1240 4047 1292 4104 per
1316 4035 1608 4110 substantiam‚quod
1636 4038 1726 4095 solius
1759 4039 1865 4096 Christi

117 4110 306 4168 conventibus
335 4109 506 4178 bominum,
527 4109 580 4166 boc
607 4123 701 4181 agere.
717 4108 781 4165 Non
807 4108 876 4166 dicit
894 4109 960 4167 sim.
1015 4126 1066 4187 est,
1085 4120 1243 4191 prometur,
1265 4123 1340 4180 pen,
1368 4131 1465 4182 autem
1484 4125 1648 4185 haegomjo
1673 4141 1732 4184 „011
1760 4127 1865 4199 singu.

116 4196 229 4269 pliciter
248 4211 296 4255 eos
320 4197 358 4254 ibi
374 4210 474 4266 orare,
500 4197 570 4268 quia
591 4196 630 4253 ibi
660 4211 679 4252 a
705 4196 840 4267 pluribus
869 4197 962 4256 videri
976 4199 1125 4277 illiricos,
1153 4210 1202 4268 sed
1218 4212 1368 4282 pluraliter
1383 4212 1419 4270 ab
1448 4226 1626 4287 unoquoque
1650 4215 1692 4284 fle,
1712 4229 1779 4273 cum
1795 4216 1866 4273 dici.

117 4293 248 4356 imiimi·
271 4286 330 4343 Nec
343 4285 412 4343 dicit
432 4287 462 4342 ΠΙ
479 4287 596 4356 plateis,
622 4286 671 4343 sed
698 4288 728 4341 in
741 4287 849 4354 ailulis
868 4287 961 4356 illale-
1016 4303 1066 4356 tur
1081 4306 1204 4367 :noster,
1220 4299 1415 4369 velnostrum,
1428 4301 1512 4358 nobis
1523 4302 1568 4359 ιιι
1583 4316 1646 4372 nos,
1664 4303 1864 4375 potiusquam

115 4388 206 4442 ‘immi
231 4373 316 4446 quasi
334 4381 520 4446 ⁰⁰⁰⁸i0⁰¹1¹¹¹1
542 4373 693 4432 hminum
716 4373 817 4447 fusili
842 4375 961 4433 *littin-
1015 4400 1097 4442 meus
1113 4385 1158 4443 ιιι
1178 4400 1284 4457 meum,
1300 4388 1347 4446 vei
1374 4388 1447 4446 mibi
1463 4388 1508 4448 rel
1532 4404 1586 4458 me,
1602 4393 1672 4463 quia
1687 4399 1766 4450 tanto
1792 4394 1861 4451 laci·

114 4470 173 4532 tur,
189 4477 219 4522 ιι
233 4463 264 4521 in
279 4464 397 4537 angulis
417 4464 596 4532 occultando,
610 4478 697 4535 quem
721 4466 847 4521 menime
874 4478 961 4537 appe·
1013 4471 1072 4529 lius
1086 4473 1276 4545 impetramus
1292 4476 1371 4548 quod
1390 4479 1580 4549 postulamus,
1598 4488 1708 4552 quanto
1736 4496 1788 4553 per
1803 4482 1860 4539 ira-

113 4559 190 4611 itiut·
207 4551 319 4610 Stantia
344 4552 541 4625 multotius
562 4565 651 4623 (tuam
676 4552 806 4610 ιθᾱθῦῑθι
834 4552 878 4609 Vi!
898 4566 962 4622 pro
1015 4567 1104 4619 ιιιιιιι
1117 4561 1277 4621 dilectionis
1304 4564 1440 4624 allectum
1459 4566 1530 4626 alios
1546 4568 1672 4626 nobisin
1700 4571 1860 4629 cretionem

113 4641 262 4712 ouantes,
288 4649 323 4701 ut
349 4657 381 4699 eo
408 4641 599 4715 religiosiores
624 4648 772 4713 putentur,
795 4656 854 4713 (1110
869 4655 900 4698 ιθ
928 4641 958 4698 in
1013 4650 1166 4709 sociamus.
1182 4653 1237 4719 Qui
1249 4654 1280 4708 in
1295 4655 1366 4711 calu
1380 4672 1416 4720 es,
1434 4655 1489 4714 hoc
1502 4666 1544 4714 est
1570 4671 1619 4728 per
1633 4659 1757 4730 gretiam
1780 4659 1862 4717 inba-

113 4731 240 4790 oratione
255 4731 348 4801 magis
364 4730 672 4802 albigeteuutduniur·
695 4732 888 4800 Permultum,
916 4728 959 4786 in·
1012 4738 1086 4796 bites
1099 4739 1128 4797 in
1143 4739 1187 4797 bis
1213 4742 1265 4814 qui
1280 4744 1364 4814 quasi
1382 4746 1510 4804 celestes
1530 4753 1608 4814 suni,
1640 4749 1745 4806 caelum
1764 4749 1861 4821 potius

111 4820 186 4891 quit,
205 4820 355 4876 'usitidem
373 4816 742 4877 ⁰1³150¹11⁵²bh0mi¹11b118
766 4817 796 4874 in
812 4817 954 4889 ilffitissii
1012 4841 1102 4899 quam
1115 4835 1219 4887 terram
1235 4830 1406 4903 habitantes,
1421 4833 1492 4891 etin
1518 4834 1727 4906 superioribus,
1756 4851 1815 4895 nou
1831 4840 1861 4896 in

111 4908 439 4979 nonempnsmmum
459 4901 739 4978 inconceptus.
769 4906 876 4963 uerear
896 4906 957 4964 sive
1011 4917 1118 4976 infimis
1144 4921 1310 4979 unsaltan.
1327 4924 1368 4980 ne
1390 4923 1531 4996 quatinus
1549 4923 1689 4983 nominos
1710 4927 1773 4983 air:
1806 4929 1859 4985 ce-

110 4997 304 5054 remuneratio
319 4995 460 5054 orationis
480 4994 677 5064 bisredditur,
693 4993 876 5053 cumlaudes
902 4995 958 5053 bu·
1012 5006 1068 5063 tum
1091 5009 1159 5065 miti
1182 5010 1258 5066 sene,-
1283 5016 1323 5068 est
1346 5011 1412 5084 (isa.
1433 5027 1512 5080 Lm,
1541 5011 1577 5085 t),
1603 5012 1657 5070 boc
1684 5021 1727 5072 051
1759 5017 1859 5074 anim,

109 5097 212 5141 minti
225 5084 271 5142 iil
292 5083 575 5153 lertsssetofflmdi,
595 5097 661 5156 (lllae
683 5083 750 5141 indi
776 5083 955 5155 minirum,
1010 5096 1144 5156 sublimis
1168 5099 1328 5159 virtutibus
1353 5109 1381 5160 et
1408 5101 1556 5160 desideriis
1583 5100 1698 5161 terrens
1723 5105 1861 5176 spiritali·

109 5170 320 5244 adipiscuntur.
352 5177 392 5230 Tu
416 5181 507 5231 autem
523 5177 681 5244 quicunque
706 5189 745 5241 es,
764 5188 825 5228 cum
853 5175 954 5244 mobis,
1010 5185 1079 5249 bus,

108 5266 162 5318 otc.
178 5259 352 5321 cubiculum
371 5271 513 5332 nostrum,
524 5263 553 5319 in
567 5277 627 5335 quo
640 5261 858 5335 requiescimus,
873 5277 956 5322 mens
1043 5266 1235 5339 Sanctificetur
1262 5286 1360 5328 nomen
1374 5275 1460 5326 tuum.
1486 5269 1551 5330 Post
1574 5270 1784 5331 invocationem
1809 5289 1857 5347 pe·

107 5355 271 5420 uostreest,
288 5364 306 5407 a
326 5350 590 5423 perturbationibus
611 5351 768 5409 mundanis
784 5359 904 5421 semota,
922 5358 955 5410 ut
1008 5351 1123 5412 titiones
1146 5355 1290 5429 adjungit,
1316 5366 1345 5415 at
1359 5357 1430 5429 quia
1455 5358 1521 5428 pius
1541 5359 1665 5432 gloriam
1686 5360 1737 5418 liei
1766 5376 1855 5434 quam

105 5434 165 5491 lieo
188 5446 325 5498 vacantes
345 5440 491 5511 puriorem
512 5438 671 5498 babeamus
692 5439 863 5509 orationem,
896 5446 953 5497 tota
1008 5441 1160 5502 utilitatem
1177 5452 1305 5504 nostram
1320 5458 1451 5519 querere
1465 5461 1518 5505 nos
1531 5448 1669 5508 convenit
1683 5448 1858 5523 (nicquippe
