<?xml version="1.0" encoding="UTF-8"?>
<!DOCTYPE html PUBLIC "-//W3C//DTD XHTML 1.0 Transitional//EN"
    "http://www.w3.org/TR/xhtml1/DTD/xhtml1-transitional.dtd">
<html xmlns="http://www.w3.org/1999/xhtml" xml:lang="en" lang="en">
 <head>
  <title>
</title>
<meta http-equiv="Content-Type" content="text/html;charset=utf-8" />
  <meta name='ocr-system' content='tesseract 3.04.00' />
  <meta name='ocr-capabilities' content='ocr_page ocr_carea ocr_par ocr_line ocrx_word'/>
</head>
<body>
  <div class='ocr_page' id='page_1' title='image "./patrologiaecurs53unkngoog_0590.png"; bbox 0 0 3736 5962; ppageno 0'>
   <div class='ocr_carea' id='block_1_1' title="bbox 57 180 1807 271">
    <p class='ocr_par' dir='ltr' id='par_1_1' title="bbox 57 180 1807 271">
     <span class='ocr_line' id='line_1_1' title="bbox 57 180 1807 271; baseline 0.003 -6"><span class='ocrx_word' id='word_1_1' title='bbox 57 212 131 266; x_wconf 82' lang='lat' dir='ltr'><strong>siaa</strong></span> <span class='ocrx_word' id='word_1_2' title='bbox 627 210 1193 270; x_wconf 80' lang='lat' dir='ltr'><strong>ranouosracumsrmna.-u1s.</strong></span> <span class='ocrx_word' id='word_1_3' title='bbox 1214 211 1251 267; x_wconf 88' lang='lat' dir='ltr'><strong>u.</strong></span> <span class='ocrx_word' id='word_1_4' title='bbox 1330 180 1333 187; x_wconf 77' lang='grc'><em>’</em></span> <span class='ocrx_word' id='word_1_5' title='bbox 1737 216 1807 271; x_wconf 79' lang='lat' dir='ltr'><strong>area</strong></span> 
     </span>
    </p>
   </div>
   <div class='ocr_carea' id='block_1_2' title="bbox 10 328 1807 3060">
    <p class='ocr_par' dir='ltr' id='par_1_2' title="bbox 10 328 1807 3060">
     <span class='ocr_line' id='line_1_2' title="bbox 17 328 1805 404; baseline 0.002 -17"><span class='ocrx_word' id='word_1_6' title='bbox 17 356 23 392; x_wconf 67' lang='lat' dir='ltr'><strong>i</strong></span> <span class='ocrx_word' id='word_1_7' title='bbox 55 346 102 389; x_wconf 80' lang='lat' dir='ltr'><strong>¹ae</strong></span> <span class='ocrx_word' id='word_1_8' title='bbox 116 333 158 404; x_wconf 88' lang='lat' dir='ltr'><strong>(l)</strong></span> <span class='ocrx_word' id='word_1_9' title='bbox 178 337 206 387; x_wconf 88' lang='lat' dir='ltr'><strong>et</strong></span> <span class='ocrx_word' id='word_1_10' title='bbox 226 329 327 388; x_wconf 83' lang='lat' dir='ltr'><strong>iarina</strong></span> <span class='ocrx_word' id='word_1_11' title='bbox 353 329 472 387; x_wconf 81' lang='lat' dir='ltr'>alantur</span> <span class='ocrx_word' id='word_1_12' title='bbox 489 330 565 387; x_wconf 88' lang='lat' dir='ltr'><strong>cibo.</strong></span> <span class='ocrx_word' id='word_1_13' title='bbox 581 330 616 388; x_wconf 82' lang='lat' dir='ltr'><strong>Et</strong></span> <span class='ocrx_word' id='word_1_14' title='bbox 639 345 707 389; x_wconf 91' lang='lat' dir='ltr'><strong>cum</strong></span> <span class='ocrx_word' id='word_1_15' title='bbox 728 344 782 390; x_wconf 85' lang='lat' dir='ltr'><strong>rex</strong></span> <span class='ocrx_word' id='word_1_16' title='bbox 802 331 839 388; x_wconf 89' lang='lat' dir='ltr'><strong>ad</strong></span> <span class='ocrx_word' id='word_1_17' title='bbox 858 346 906 389; x_wconf 90' lang='lat' dir='ltr'><strong>eos</strong></span> <span class='ocrx_word' id='word_1_18' title='bbox 920 330 944 384; x_wconf 87' lang='lat' dir='ltr'><strong>ll</strong></span> <span class='ocrx_word' id='word_1_19' title='bbox 958 338 1010 399; x_wconf 90' lang='lat' dir='ltr'><strong>est,</strong></span> <span class='ocrx_word' id='word_1_20' title='bbox 1027 329 1154 402; x_wconf 86' lang='lat' dir='ltr'><strong>qualiter</strong></span> <span class='ocrx_word' id='word_1_21' title='bbox 1165 329 1298 389; x_wconf 89' lang='lat' dir='ltr'><strong>videlicet</strong></span> <span class='ocrx_word' id='word_1_22' title='bbox 1322 328 1423 388; x_wconf 90' lang='lat' dir='ltr'><strong>ambos</strong></span> <span class='ocrx_word' id='word_1_23' title='bbox 1450 328 1642 388; x_wconf 75' lang='lat' dir='ltr'>Theodericus</span> <span class='ocrx_word' id='word_1_24' title='bbox 1669 343 1723 388; x_wconf 89' lang='lat' dir='ltr'><strong>rex</strong></span> <span class='ocrx_word' id='word_1_25' title='bbox 1746 330 1805 390; x_wconf 82' lang='lat' dir='ltr'><strong>Go-</strong></span> 
     </span>
     <span class='ocr_line' id='line_1_3' title="bbox 16 416 1804 492; baseline -0.003 -9"><span class='ocrx_word' id='word_1_26' title='bbox 16 442 21 483; x_wconf 74' lang='grc' dir='ltr'>ε</span> <span class='ocrx_word' id='word_1_27' title='bbox 53 420 179 489; x_wconf 89' lang='lat' dir='ltr'><strong>venerit,</strong></span> <span class='ocrx_word' id='word_1_28' title='bbox 202 421 322 477; x_wconf 91' lang='lat' dir='ltr'><strong>adorare</strong></span> <span class='ocrx_word' id='word_1_29' title='bbox 334 419 398 477; x_wconf 91' lang='lat' dir='ltr'><strong>illos</strong></span> <span class='ocrx_word' id='word_1_30' title='bbox 418 419 518 477; x_wconf 86' lang='lat' dir='ltr'><strong>solitus</strong></span> <span class='ocrx_word' id='word_1_31' title='bbox 532 420 579 487; x_wconf 89' lang='lat' dir='ltr'><strong>sit,</strong></span> <span class='ocrx_word' id='word_1_32' title='bbox 606 432 764 491; x_wconf 87' lang='lat' dir='ltr'><strong>pacemque</strong></span> <span class='ocrx_word' id='word_1_33' title='bbox 783 421 903 492; x_wconf 91' lang='lat' dir='ltr'><strong>provin·</strong></span> <span class='ocrx_word' id='word_1_34' title='bbox 958 419 1074 476; x_wconf 90' lang='lat' dir='ltr'><strong>thorum</strong></span> <span class='ocrx_word' id='word_1_35' title='bbox 1096 418 1248 477; x_wconf 79' lang='lat' dir='ltr'><strong>interfecit.</strong></span> <span class='ocrx_word' id='word_1_36' title='bbox 1282 419 1316 475; x_wconf 92' lang='lat' dir='ltr'><strong>ln</strong></span> <span class='ocrx_word' id='word_1_37' title='bbox 1341 417 1432 476; x_wconf 79' lang='lat' dir='ltr'>Gestis</span> <span class='ocrx_word' id='word_1_38' title='bbox 1455 416 1574 490; x_wconf 85' lang='lat' dir='ltr'><strong>quidem</strong></span> <span class='ocrx_word' id='word_1_39' title='bbox 1591 417 1631 477; x_wconf 86' lang='lat' dir='ltr'><strong>ita</strong></span> <span class='ocrx_word' id='word_1_40' title='bbox 1664 418 1804 492; x_wconf 78' lang='lat' dir='ltr'><strong>scalptum</strong></span> 
     </span>
     <span class='ocr_line' id='line_1_4' title="bbox 10 504 1802 584; baseline -0.002 -13"><span class='ocrx_word' id='word_1_41' title='bbox 10 532 14 571; x_wconf 78' lang='lat' dir='ltr'><strong>i</strong></span> <span class='ocrx_word' id='word_1_42' title='bbox 54 510 110 566; x_wconf 85' lang='lat' dir='ltr'><strong>cias</strong></span> <span class='ocrx_word' id='word_1_43' title='bbox 130 524 190 566; x_wconf 81' lang='lat' dir='ltr'><strong>suae</strong></span> <span class='ocrx_word' id='word_1_44' title='bbox 206 508 236 565; x_wconf 92' lang='lat' dir='ltr'><strong>in</strong></span> <span class='ocrx_word' id='word_1_45' title='bbox 256 507 371 566; x_wconf 89' lang='lat' dir='ltr'><strong>illorum</strong></span> <span class='ocrx_word' id='word_1_46' title='bbox 396 508 530 578; x_wconf 91' lang='lat' dir='ltr'><strong>precibus</strong></span> <span class='ocrx_word' id='word_1_47' title='bbox 550 508 687 566; x_wconf 90' lang='lat' dir='ltr'><strong>arbitrari</strong></span> <span class='ocrx_word' id='word_1_48' title='bbox 714 509 809 566; x_wconf 89' lang='lat' dir='ltr'><strong>sitam.</strong></span> <span class='ocrx_word' id='word_1_49' title='bbox 830 530 841 559; x_wconf 73' lang='grc' dir='ltr'><strong>ι</strong></span> <span class='ocrx_word' id='word_1_50' title='bbox 859 508 903 565; x_wconf 84' lang='lat' dir='ltr'><strong>Ad</strong></span> <span class='ocrx_word' id='word_1_51' title='bbox 958 506 1082 584; x_wconf 88' lang='lat' dir='ltr'><strong>reperies</strong></span> <span class='ocrx_word' id='word_1_52' title='bbox 1100 524 1135 562; x_wconf 70' lang='grc' dir='ltr'><strong>ια</strong></span> <span class='ocrx_word' id='word_1_53' title='bbox 1161 508 1223 564; x_wconf 84' lang='lat' dir='ltr'><strong>Rex</strong></span> <span class='ocrx_word' id='word_1_54' title='bbox 1242 506 1393 564; x_wconf 89' lang='lat' dir='ltr'><strong>haereticus</strong></span> <span class='ocrx_word' id='word_1_55' title='bbox 1411 506 1605 564; x_wconf 89' lang='lat' dir='ltr'><strong>Theodericus</strong></span> <span class='ocrx_word' id='word_1_56' title='bbox 1618 504 1692 566; x_wconf 91' lang='lat' dir='ltr'><strong>duos</strong></span> <span class='ocrx_word' id='word_1_57' title='bbox 1717 520 1802 567; x_wconf 83' lang='lat' dir='ltr'><strong>seua·</strong></span> 
     </span>
     <span class='ocr_line' id='line_1_5' title="bbox 10 594 1803 672; baseline 0.001 -16"><span class='ocrx_word' id='word_1_58' title='bbox 10 623 12 632; x_wconf 94' lang='lat'><em>·</em></span> <span class='ocrx_word' id='word_1_59' title='bbox 53 613 131 672; x_wconf 86' lang='lat' dir='ltr'><strong>quos</strong></span> <span class='ocrx_word' id='word_1_60' title='bbox 153 597 240 655; x_wconf 90' lang='lat' dir='ltr'><strong>etiam</strong></span> <span class='ocrx_word' id='word_1_61' title='bbox 268 597 368 654; x_wconf 89' lang='lat' dir='ltr'><strong>divina</strong></span> <span class='ocrx_word' id='word_1_62' title='bbox 385 597 478 669; x_wconf 90' lang='lat' dir='ltr'><strong>gratia</strong></span> <span class='ocrx_word' id='word_1_63' title='bbox 500 596 732 668; x_wconf 84' lang='lat' dir='ltr'><strong>pradicationem</strong></span> <span class='ocrx_word' id='word_1_64' title='bbox 760 596 904 669; x_wconf 87' lang='lat' dir='ltr'><strong>evangelii</strong></span> <span class='ocrx_word' id='word_1_65' title='bbox 958 602 1073 652; x_wconf 91' lang='lat' dir='ltr'><strong>toreset</strong></span> <span class='ocrx_word' id='word_1_66' title='bbox 1088 596 1262 654; x_wconf 83' lang='lat' dir='ltr'><strong>consuisset</strong></span> <span class='ocrx_word' id='word_1_67' title='bbox 1277 595 1413 666; x_wconf 88' lang='lat' dir='ltr'><strong>patricios</strong></span> <span class='ocrx_word' id='word_1_68' title='bbox 1436 594 1533 667; x_wconf 87' lang='lat' dir='ltr'><strong>gladio</strong></span> <span class='ocrx_word' id='word_1_69' title='bbox 1556 594 1710 666; x_wconf 85' lang='lat' dir='ltr'><strong>interiecit,</strong></span> <span class='ocrx_word' id='word_1_70' title='bbox 1729 596 1803 657; x_wconf 87' lang='lat' dir='ltr'><strong>Boe-</strong></span> 
     </span>
     <span class='ocr_line' id='line_1_6' title="bbox 52 683 1804 757; baseline 0 -13"><span class='ocrx_word' id='word_1_71' title='bbox 52 688 207 754; x_wconf 89' lang='lat' dir='ltr'><strong>directam,</strong></span> <span class='ocrx_word' id='word_1_72' title='bbox 227 686 290 756; x_wconf 90' lang='lat' dir='ltr'><strong>ipsa</strong></span> <span class='ocrx_word' id='word_1_73' title='bbox 299 685 430 756; x_wconf 90' lang='lat' dir='ltr'><strong>ejusdem</strong></span> <span class='ocrx_word' id='word_1_74' title='bbox 451 685 578 756; x_wconf 79' lang='lat' dir='ltr'>Epistola</span> <span class='ocrx_word' id='word_1_75' title='bbox 592 686 627 742; x_wconf 90' lang='lat' dir='ltr'><strong>ad</strong></span> <span class='ocrx_word' id='word_1_76' title='bbox 639 699 781 757; x_wconf 89' lang='lat' dir='ltr'><strong>magnum</strong></span> <span class='ocrx_word' id='word_1_77' title='bbox 803 693 903 742; x_wconf 92' lang='lat' dir='ltr'><strong>orato·</strong></span> <span class='ocrx_word' id='word_1_78' title='bbox 959 683 1032 740; x_wconf 91' lang='lat' dir='ltr'><strong>tium</strong></span> <span class='ocrx_word' id='word_1_79' title='bbox 1052 690 1080 741; x_wconf 88' lang='lat' dir='ltr'><strong>et</strong></span> <span class='ocrx_word' id='word_1_80' title='bbox 1094 683 1310 756; x_wconf 76' lang='lat' dir='ltr'><strong>Symmachum,</strong></span> <span class='ocrx_word' id='word_1_81' title='bbox 1327 697 1453 755; x_wconf 87' lang='lat' dir='ltr'><strong>quorum</strong></span> <span class='ocrx_word' id='word_1_82' title='bbox 1479 685 1565 741; x_wconf 90' lang='lat' dir='ltr'><strong>etiam</strong></span> <span class='ocrx_word' id='word_1_83' title='bbox 1581 683 1719 742; x_wconf 88' lang='lat' dir='ltr'><strong>abscondl</strong></span> <span class='ocrx_word' id='word_1_84' title='bbox 1739 697 1804 744; x_wconf 91' lang='lat' dir='ltr'><strong>cor-</strong></span> 
     </span>
     <span class='ocr_line' id='line_1_7' title="bbox 52 766 1805 846; baseline -0.001 -12"><span class='ocrx_word' id='word_1_85' title='bbox 52 790 118 835; x_wconf 91' lang='lat' dir='ltr'><strong>rem</strong></span> <span class='ocrx_word' id='word_1_86' title='bbox 139 774 270 846; x_wconf 74' lang='lat' dir='ltr'><strong>perhibet</strong></span> <span class='ocrx_word' id='word_1_87' title='bbox 288 775 333 831; x_wconf 91' lang='lat' dir='ltr'><strong>his</strong></span> <span class='ocrx_word' id='word_1_88' title='bbox 358 774 475 831; x_wconf 89' lang='lat' dir='ltr'><strong>verbis:</strong></span> <span class='ocrx_word' id='word_1_89' title='bbox 500 776 674 832; x_wconf 74' lang='lat' dir='ltr'><strong>«pantenus</strong></span> <span class='ocrx_word' id='word_1_90' title='bbox 698 774 799 832; x_wconf 87' lang='lat' dir='ltr'><strong>Stoicae</strong></span> <span class='ocrx_word' id='word_1_91' title='bbox 819 782 903 831; x_wconf 81' lang='lat' dir='ltr'><strong>sectm</strong></span> <span class='ocrx_word' id='word_1_92' title='bbox 958 787 1029 843; x_wconf 88' lang='lat' dir='ltr'><strong>pora</strong></span> <span class='ocrx_word' id='word_1_93' title='bbox 1048 774 1192 844; x_wconf 87' lang='lat' dir='ltr'><strong>praeoepit.</strong></span> <span class='ocrx_word' id='word_1_94' title='bbox 1210 795 1224 824; x_wconf 80' lang='lat' dir='ltr'><strong>a</strong></span> <span class='ocrx_word' id='word_1_95' title='bbox 1240 774 1273 830; x_wconf 93' lang='lat' dir='ltr'><strong>ln</strong></span> <span class='ocrx_word' id='word_1_96' title='bbox 1289 773 1372 831; x_wconf 88' lang='lat' dir='ltr'><strong>Libro</strong></span> <span class='ocrx_word' id='word_1_97' title='bbox 1383 781 1481 830; x_wconf 86' lang='lat' dir='ltr'><strong>autem</strong></span> <span class='ocrx_word' id='word_1_98' title='bbox 1500 766 1709 831; x_wconf 85' lang='lat' dir='ltr'><strong>miraculorum</strong></span> <span class='ocrx_word' id='word_1_99' title='bbox 1734 787 1805 846; x_wconf 86' lang='lat' dir='ltr'><strong>prte-</strong></span> 
     </span>
     <span class='ocr_line' id='line_1_8' title="bbox 50 861 1807 937; baseline -0.002 -15"><span class='ocrx_word' id='word_1_100' title='bbox 50 864 254 937; x_wconf 87' lang='lat' dir='ltr'><strong>philosophus,</strong></span> <span class='ocrx_word' id='word_1_101' title='bbox 285 863 321 920; x_wconf 90' lang='lat' dir='ltr'><strong>ob</strong></span> <span class='ocrx_word' id='word_1_102' title='bbox 354 864 508 933; x_wconf 80' lang='lat' dir='ltr'><strong>praecipure</strong></span> <span class='ocrx_word' id='word_1_103' title='bbox 540 862 709 919; x_wconf 89' lang='lat' dir='ltr'><strong>eruditionis</strong></span> <span class='ocrx_word' id='word_1_104' title='bbox 737 862 858 934; x_wconf 80' lang='lat' dir='ltr'><strong>gloriam</strong></span> <span class='ocrx_word' id='word_1_105' title='bbox 880 875 904 918; x_wconf 78' lang='lat' dir='ltr'><strong>a</strong></span> <span class='ocrx_word' id='word_1_106' title='bbox 958 861 1027 918; x_wconf 92' lang='lat' dir='ltr'><strong>dicti</strong></span> <span class='ocrx_word' id='word_1_107' title='bbox 1055 863 1146 919; x_wconf 87' lang='lat' dir='ltr'><strong>sancti</strong></span> <span class='ocrx_word' id='word_1_108' title='bbox 1175 862 1216 918; x_wconf 88' lang='lat' dir='ltr'><strong>ita</strong></span> <span class='ocrx_word' id='word_1_109' title='bbox 1252 861 1442 919; x_wconf 79' lang='lat' dir='ltr'><strong>continetur:</strong></span> <span class='ocrx_word' id='word_1_110' title='bbox 1477 883 1488 913; x_wconf 80' lang='grc' dir='ltr'>ι</span> <span class='ocrx_word' id='word_1_111' title='bbox 1527 861 1720 920; x_wconf 78' lang='lat' dir='ltr'><strong>Theodericus</strong></span> <span class='ocrx_word' id='word_1_112' title='bbox 1743 868 1807 935; x_wconf 90' lang='lat' dir='ltr'><strong>post</strong></span> 
     </span>
     <span class='ocr_line' id='line_1_9' title="bbox 51 949 1806 1024; baseline -0.001 -14"><span class='ocrx_word' id='word_1_113' title='bbox 51 953 199 1010; x_wconf 83' lang='lat' dir='ltr'><strong>Demetrio</strong></span> <span class='ocrx_word' id='word_1_114' title='bbox 222 950 404 1010; x_wconf 73' lang='lat' dir='ltr'><strong>Alexandriae</strong></span> <span class='ocrx_word' id='word_1_115' title='bbox 423 951 555 1022; x_wconf 90' lang='lat' dir='ltr'><strong>episcopo</strong></span> <span class='ocrx_word' id='word_1_116' title='bbox 584 951 691 1008; x_wconf 91' lang='lat' dir='ltr'><strong>missus</strong></span> <span class='ocrx_word' id='word_1_117' title='bbox 715 960 758 1008; x_wconf 90' lang='lat' dir='ltr'><strong>est</strong></span> <span class='ocrx_word' id='word_1_118' title='bbox 780 950 902 1017; x_wconf 85' lang='lat' dir='ltr'><strong>indiam,</strong></span> <span class='ocrx_word' id='word_1_119' title='bbox 957 950 1113 1008; x_wconf 81' lang='lat' dir='ltr'><strong>Odoacrem</strong></span> <span class='ocrx_word' id='word_1_120' title='bbox 1138 949 1298 1008; x_wconf 84' lang='lat' dir='ltr'><strong>Gothorum</strong></span> <span class='ocrx_word' id='word_1_121' title='bbox 1323 950 1520 1022; x_wconf 83' lang='lat' dir='ltr'><strong>principatum</strong></span> <span class='ocrx_word' id='word_1_122' title='bbox 1546 965 1614 1008; x_wconf 93' lang='lat' dir='ltr'><strong>cum</strong></span> <span class='ocrx_word' id='word_1_123' title='bbox 1643 950 1722 1024; x_wconf 89' lang='lat' dir='ltr'><strong>regio</strong></span> <span class='ocrx_word' id='word_1_124' title='bbox 1750 964 1806 1011; x_wconf 89' lang='lat' dir='ltr'><strong>no-</strong></span> 
     </span>
     <span class='ocr_line' id='line_1_10' title="bbox 50 1039 1805 1114; baseline -0.002 -13"><span class='ocrx_word' id='word_1_125' title='bbox 50 1052 88 1102; x_wconf 88' lang='lat' dir='ltr'><strong>ut</strong></span> <span class='ocrx_word' id='word_1_126' title='bbox 112 1044 259 1100; x_wconf 85' lang='lat' dir='ltr'><strong>Christum</strong></span> <span class='ocrx_word' id='word_1_127' title='bbox 275 1041 353 1113; x_wconf 90' lang='lat' dir='ltr'><strong>apud</strong></span> <span class='ocrx_word' id='word_1_128' title='bbox 368 1042 562 1099; x_wconf 80' lang='lat' dir='ltr'><strong>brachmanas</strong></span> <span class='ocrx_word' id='word_1_129' title='bbox 571 1048 600 1098; x_wconf 88' lang='lat' dir='ltr'><strong>et</strong></span> <span class='ocrx_word' id='word_1_130' title='bbox 618 1040 697 1098; x_wconf 92' lang='lat' dir='ltr'><strong>illius</strong></span> <span class='ocrx_word' id='word_1_131' title='bbox 720 1040 814 1114; x_wconf 85' lang='lat' dir='ltr'><strong>gentis</strong></span> <span class='ocrx_word' id='word_1_132' title='bbox 839 1041 902 1112; x_wconf 92' lang='lat' dir='ltr'><strong>phi·</strong></span> <span class='ocrx_word' id='word_1_133' title='bbox 957 1039 1037 1096; x_wconf 82' lang='lat' dir='ltr'><strong>tuine</strong></span> <span class='ocrx_word' id='word_1_134' title='bbox 1069 1039 1240 1111; x_wconf 84' lang='lat' dir='ltr'><strong>suscipiens,</strong></span> <span class='ocrx_word' id='word_1_135' title='bbox 1281 1039 1366 1096; x_wconf 91' lang='lat' dir='ltr'><strong>homo</strong></span> <span class='ocrx_word' id='word_1_136' title='bbox 1394 1039 1527 1109; x_wconf 86' lang='lat' dir='ltr'><strong>pestilens</strong></span> <span class='ocrx_word' id='word_1_137' title='bbox 1565 1039 1683 1097; x_wconf 80' lang='lat' dir='ltr'><strong>hrianm</strong></span> <span class='ocrx_word' id='word_1_138' title='bbox 1711 1045 1805 1108; x_wconf 79' lang='lat' dir='ltr'><strong>secte,</strong></span> 
     </span>
     <span class='ocr_line' id='line_1_11' title="bbox 50 1126 1805 1202; baseline -0.001 -12"><span class='ocrx_word' id='word_1_139' title='bbox 50 1132 189 1202; x_wconf 88' lang='lat' dir='ltr'><strong>losopuos</strong></span> <span class='ocrx_word' id='word_1_140' title='bbox 200 1130 378 1202; x_wconf 72' lang='lat' dir='ltr'><strong>predicaret.</strong></span> <span class='ocrx_word' id='word_1_141' title='bbox 397 1151 406 1179; x_wconf 81' lang='grc' dir='ltr'><strong><em>ι</em></strong></span> <span class='ocrx_word' id='word_1_142' title='bbox 958 1126 1083 1198; x_wconf 85' lang='lat' dir='ltr'><strong>denique</strong></span> <span class='ocrx_word' id='word_1_143' title='bbox 1098 1129 1173 1185; x_wconf 91' lang='lat' dir='ltr'><strong>inter</strong></span> <span class='ocrx_word' id='word_1_144' title='bbox 1187 1135 1291 1185; x_wconf 84' lang='lat' dir='ltr'><strong>caetera</strong></span> <span class='ocrx_word' id='word_1_145' title='bbox 1305 1128 1443 1197; x_wconf 78' lang='lat' dir='ltr'><strong>facinora,</strong></span> <span class='ocrx_word' id='word_1_146' title='bbox 1455 1129 1593 1186; x_wconf 84' lang='lat' dir='ltr'><strong>loannem</strong></span> <span class='ocrx_word' id='word_1_147' title='bbox 1616 1141 1721 1201; x_wconf 82' lang='lat' dir='ltr'><strong>papam</strong></span> <span class='ocrx_word' id='word_1_148' title='bbox 1742 1142 1805 1188; x_wconf 91' lang='lat' dir='ltr'><strong>cor·</strong></span> 
     </span>
     <span class='ocr_line' id='line_1_12' title="bbox 100 1215 1804 1290; baseline 0 -14"><span class='ocrx_word' id='word_1_149' title='bbox 100 1221 198 1277; x_wconf 86' lang='lat' dir='ltr'><strong>Restat</strong></span> <span class='ocrx_word' id='word_1_150' title='bbox 225 1218 351 1288; x_wconf 83' lang='lat' dir='ltr'><strong>denique</strong></span> <span class='ocrx_word' id='word_1_151' title='bbox 379 1218 416 1274; x_wconf 91' lang='lat' dir='ltr'><strong>ad</strong></span> <span class='ocrx_word' id='word_1_152' title='bbox 440 1218 602 1274; x_wconf 82' lang='lat' dir='ltr'><strong>maximum</strong></span> <span class='ocrx_word' id='word_1_153' title='bbox 623 1218 706 1275; x_wconf 90' lang='lat' dir='ltr'><strong>illum</strong></span> <span class='ocrx_word' id='word_1_154' title='bbox 733 1217 902 1275; x_wconf 84' lang='lat' dir='ltr'><strong>Latinorum</strong></span> <span class='ocrx_word' id='word_1_155' title='bbox 957 1216 1050 1287; x_wconf 92' lang='lat' dir='ltr'><strong>porali</strong></span> <span class='ocrx_word' id='word_1_156' title='bbox 1074 1215 1170 1274; x_wconf 90' lang='lat' dir='ltr'><strong>inedia</strong></span> <span class='ocrx_word' id='word_1_157' title='bbox 1188 1224 1367 1274; x_wconf 89' lang='lat' dir='ltr'><strong>maceratum</strong></span> <span class='ocrx_word' id='word_1_158' title='bbox 1390 1217 1514 1284; x_wconf 89' lang='lat' dir='ltr'><strong>necavit,</strong></span> <span class='ocrx_word' id='word_1_159' title='bbox 1530 1217 1664 1290; x_wconf 83' lang='lat' dir='ltr'><strong>duosque</strong></span> <span class='ocrx_word' id='word_1_160' title='bbox 1686 1225 1804 1276; x_wconf 81' lang='lat' dir='ltr'><strong>sensio·</strong></span> 
     </span>
     <span class='ocr_line' id='line_1_13' title="bbox 51 1304 1806 1383; baseline -0.002 -16"><span class='ocrx_word' id='word_1_161' title='bbox 51 1309 272 1383; x_wconf 85' lang='lat' dir='ltr'><strong>philosophum,</strong></span> <span class='ocrx_word' id='word_1_162' title='bbox 288 1308 418 1365; x_wconf 88' lang='lat' dir='ltr'><strong>Boetium</strong></span> <span class='ocrx_word' id='word_1_163' title='bbox 437 1308 555 1376; x_wconf 90' lang='lat' dir='ltr'><strong>scilieet,</strong></span> <span class='ocrx_word' id='word_1_164' title='bbox 572 1307 754 1373; x_wconf 87' lang='lat' dir='ltr'><strong>descendere,</strong></span> <span class='ocrx_word' id='word_1_165' title='bbox 775 1307 902 1378; x_wconf 81' lang='lat' dir='ltr'><strong>quium·</strong></span> <span class='ocrx_word' id='word_1_166' title='bbox 958 1305 993 1360; x_wconf 91' lang='lat' dir='ltr'><strong>rii</strong></span> <span class='ocrx_word' id='word_1_167' title='bbox 1009 1305 1119 1361; x_wconf 87' lang='lat' dir='ltr'><strong>ordinis</strong></span> <span class='ocrx_word' id='word_1_168' title='bbox 1138 1306 1219 1363; x_wconf 88' lang='lat' dir='ltr'><strong>viros</strong></span> <span class='ocrx_word' id='word_1_169' title='bbox 1239 1312 1267 1362; x_wconf 89' lang='lat' dir='ltr'><strong>et</strong></span> <span class='ocrx_word' id='word_1_170' title='bbox 1284 1306 1463 1375; x_wconf 84' lang='lat' dir='ltr'><strong>exconsules,</strong></span> <span class='ocrx_word' id='word_1_171' title='bbox 1484 1306 1691 1376; x_wconf 81' lang='lat' dir='ltr'><strong>Symmachum</strong></span> <span class='ocrx_word' id='word_1_172' title='bbox 1705 1304 1806 1365; x_wconf 84' lang='lat' dir='ltr'><strong>videli-</strong></span> 
     </span>
     <span class='ocr_line' id='line_1_14' title="bbox 50 1388 1802 1467; baseline -0.003 -9"><span class='ocrx_word' id='word_1_173' title='bbox 50 1414 107 1458; x_wconf 88' lang='lat' dir='ltr'><strong>nes</strong></span> <span class='ocrx_word' id='word_1_174' title='bbox 134 1399 192 1456; x_wconf 91' lang='lat' dir='ltr'><strong>iere</strong></span> <span class='ocrx_word' id='word_1_175' title='bbox 216 1396 381 1453; x_wconf 89' lang='lat' dir='ltr'><strong>liberalium</strong></span> <span class='ocrx_word' id='word_1_176' title='bbox 416 1396 524 1454; x_wconf 88' lang='lat' dir='ltr'><strong>artium</strong></span> <span class='ocrx_word' id='word_1_177' title='bbox 549 1395 719 1467; x_wconf 89' lang='lat' dir='ltr'><strong>disciplinas</strong></span> <span class='ocrx_word' id='word_1_178' title='bbox 749 1396 902 1453; x_wconf 90' lang='lat' dir='ltr'><strong>scribendo</strong></span> <span class='ocrx_word' id='word_1_179' title='bbox 956 1401 1098 1464; x_wconf 86' lang='lat' dir='ltr'><strong>cetatque</strong></span> <span class='ocrx_word' id='word_1_180' title='bbox 1124 1392 1254 1451; x_wconf 88' lang='lat' dir='ltr'><strong>Boetium</strong></span> <span class='ocrx_word' id='word_1_181' title='bbox 1277 1393 1444 1451; x_wconf 90' lang='lat' dir='ltr'><strong>incarcere</strong></span> <span class='ocrx_word' id='word_1_182' title='bbox 1474 1393 1571 1466; x_wconf 90' lang='lat' dir='ltr'><strong>gladio</strong></span> <span class='ocrx_word' id='word_1_183' title='bbox 1587 1388 1802 1454; x_wconf 77' lang='lat' dir='ltr'><strong>transverbera-</strong></span> 
     </span>
     <span class='ocr_line' id='line_1_15' title="bbox 50 1481 1799 1556; baseline -0.003 -11"><span class='ocrx_word' id='word_1_184' title='bbox 50 1487 103 1545; x_wconf 88' lang='lat' dir='ltr'><strong>vel</strong></span> <span class='ocrx_word' id='word_1_185' title='bbox 122 1485 321 1545; x_wconf 84' lang='lat' dir='ltr'><strong>transferendo</strong></span> <span class='ocrx_word' id='word_1_186' title='bbox 342 1499 391 1542; x_wconf 89' lang='lat' dir='ltr'><strong>seu</strong></span> <span class='ocrx_word' id='word_1_187' title='bbox 416 1486 502 1543; x_wconf 90' lang='lat' dir='ltr'><strong>etiam</strong></span> <span class='ocrx_word' id='word_1_188' title='bbox 530 1484 702 1556; x_wconf 78' lang='lat' dir='ltr'><strong>exponendo</strong></span> <span class='ocrx_word' id='word_1_189' title='bbox 730 1485 839 1541; x_wconf 85' lang='lat' dir='ltr'><strong>Latinis</strong></span> <span class='ocrx_word' id='word_1_190' title='bbox 862 1486 901 1556; x_wconf 78' lang='lat'><strong>(2)</strong></span> <span class='ocrx_word' id='word_1_191' title='bbox 955 1481 1007 1538; x_wconf 91' lang='lat' dir='ltr'><strong>vit.</strong></span> <span class='ocrx_word' id='word_1_192' title='bbox 1025 1503 1040 1532; x_wconf 87' lang='lat'>»</span> <span class='ocrx_word' id='word_1_193' title='bbox 1054 1484 1128 1539; x_wconf 91' lang='lat' dir='ltr'><strong>Dum</strong></span> <span class='ocrx_word' id='word_1_194' title='bbox 1159 1483 1257 1554; x_wconf 86' lang='lat' dir='ltr'><strong>itaque</strong></span> <span class='ocrx_word' id='word_1_195' title='bbox 1282 1482 1422 1539; x_wconf 92' lang='lat' dir='ltr'><strong>Dominus</strong></span> <span class='ocrx_word' id='word_1_196' title='bbox 1434 1490 1462 1540; x_wconf 89' lang='lat' dir='ltr'><strong>et</strong></span> <span class='ocrx_word' id='word_1_197' title='bbox 1490 1497 1541 1554; x_wconf 92' lang='lat' dir='ltr'><strong>per</strong></span> <span class='ocrx_word' id='word_1_198' title='bbox 1563 1483 1719 1556; x_wconf 83' lang='lat' dir='ltr'><strong>prophetas</strong></span> <span class='ocrx_word' id='word_1_199' title='bbox 1743 1483 1799 1541; x_wconf 81' lang='lat' dir='ltr'><strong>iu-</strong></span> 
     </span>
     <span class='ocr_line' id='line_1_16' title="bbox 51 1570 1805 1673; baseline -0.002 -38"><span class='ocrx_word' id='word_1_200' title='bbox 51 1576 184 1643; x_wconf 87' lang='lat' dir='ltr'><strong>tradidit,</strong></span> <span class='ocrx_word' id='word_1_201' title='bbox 195 1589 229 1631; x_wconf 90' lang='lat' dir='ltr'><strong>ao</strong></span> <span class='ocrx_word' id='word_1_202' title='bbox 244 1574 396 1646; x_wconf 90' lang='lat' dir='ltr'><strong>diligenter</strong></span> <span class='ocrx_word' id='word_1_203' title='bbox 412 1581 519 1630; x_wconf 86' lang='lat' dir='ltr'><strong>sanetae</strong></span> <span class='ocrx_word' id='word_1_204' title='bbox 533 1573 682 1629; x_wconf 81' lang='lat' dir='ltr'><strong>Trinitatis</strong></span> <span class='ocrx_word' id='word_1_205' title='bbox 712 1572 796 1630; x_wconf 88' lang='lat' dir='ltr'><strong>iidem</strong></span> <span class='ocrx_word' id='word_1_206' title='bbox 817 1572 900 1644; x_wconf 87' lang='lat' dir='ltr'><strong>Sym·</strong></span> <span class='ocrx_word' id='word_1_207' title='bbox 917 1616 940 1673; x_wconf 71' lang='grc' dir='ltr'><strong>Β</strong></span> <span class='ocrx_word' id='word_1_208' title='bbox 957 1570 1034 1635; x_wconf 77' lang='lat' dir='ltr'><strong>desis,</strong></span> <span class='ocrx_word' id='word_1_209' title='bbox 1050 1580 1078 1630; x_wconf 91' lang='lat' dir='ltr'><strong>et</strong></span> <span class='ocrx_word' id='word_1_210' title='bbox 1093 1586 1143 1644; x_wconf 90' lang='lat' dir='ltr'><strong>per</strong></span> <span class='ocrx_word' id='word_1_211' title='bbox 1158 1580 1325 1645; x_wconf 79' lang='lat' dir='ltr'><strong>praestantes</strong></span> <span class='ocrx_word' id='word_1_212' title='bbox 1355 1572 1542 1645; x_wconf 91' lang='lat' dir='ltr'><strong>philosophos</strong></span> <span class='ocrx_word' id='word_1_213' title='bbox 1567 1587 1620 1630; x_wconf 90' lang='lat' dir='ltr'><strong>seu</strong></span> <span class='ocrx_word' id='word_1_214' title='bbox 1647 1579 1805 1645; x_wconf 88' lang='lat' dir='ltr'><strong>vatesgen·</strong></span> 
     </span>
     <span class='ocr_line' id='line_1_17' title="bbox 50 1659 1805 1733; baseline -0.001 -12"><span class='ocrx_word' id='word_1_215' title='bbox 50 1664 158 1721; x_wconf 89' lang='lat' dir='ltr'><strong>macho</strong></span> <span class='ocrx_word' id='word_1_216' title='bbox 172 1676 269 1719; x_wconf 90' lang='lat' dir='ltr'><strong>socero</strong></span> <span class='ocrx_word' id='word_1_217' title='bbox 287 1677 341 1719; x_wconf 93' lang='lat' dir='ltr'><strong>suo</strong></span> <span class='ocrx_word' id='word_1_218' title='bbox 355 1669 383 1719; x_wconf 90' lang='lat' dir='ltr'><strong>et</strong></span> <span class='ocrx_word' id='word_1_219' title='bbox 411 1661 597 1733; x_wconf 91' lang='lat' dir='ltr'><strong>compatricio</strong></span> <span class='ocrx_word' id='word_1_220' title='bbox 621 1661 773 1719; x_wconf 91' lang='lat' dir='ltr'><strong>scribendo</strong></span> <span class='ocrx_word' id='word_1_221' title='bbox 799 1661 903 1719; x_wconf 92' lang='lat' dir='ltr'><strong>edisse·</strong></span> <span class='ocrx_word' id='word_1_222' title='bbox 958 1661 1035 1718; x_wconf 91' lang='lat' dir='ltr'><strong>tibus</strong></span> <span class='ocrx_word' id='word_1_223' title='bbox 1053 1660 1204 1719; x_wconf 82' lang='lat' dir='ltr'><strong>Catholicae</strong></span> <span class='ocrx_word' id='word_1_224' title='bbox 1219 1661 1286 1718; x_wconf 85' lang='lat' dir='ltr'><strong>fidei</strong></span> <span class='ocrx_word' id='word_1_225' title='bbox 1310 1668 1437 1719; x_wconf 90' lang='lat' dir='ltr'><strong>tenorem</strong></span> <span class='ocrx_word' id='word_1_226' title='bbox 1460 1660 1691 1729; x_wconf 87' lang='lat' dir='ltr'><strong>annuntiaverit,</strong></span> <span class='ocrx_word' id='word_1_227' title='bbox 1718 1659 1805 1719; x_wconf 87' lang='lat' dir='ltr'><strong>inex-</strong></span> 
     </span>
     <span class='ocr_line' id='line_1_18' title="bbox 51 1747 1804 1822; baseline -0.003 -11"><span class='ocrx_word' id='word_1_228' title='bbox 51 1767 131 1817; x_wconf 87' lang='lat' dir='ltr'><strong>reus,</strong></span> <span class='ocrx_word' id='word_1_229' title='bbox 148 1752 183 1809; x_wconf 91' lang='lat' dir='ltr'><strong>de</strong></span> <span class='ocrx_word' id='word_1_230' title='bbox 205 1751 316 1808; x_wconf 88' lang='lat' dir='ltr'><strong>unitate</strong></span> <span class='ocrx_word' id='word_1_231' title='bbox 344 1764 461 1822; x_wconf 89' lang='lat' dir='ltr'><strong>quoque</strong></span> <span class='ocrx_word' id='word_1_232' title='bbox 486 1764 613 1822; x_wconf 87' lang='lat' dir='ltr'><strong>personae</strong></span> <span class='ocrx_word' id='word_1_233' title='bbox 628 1749 733 1809; x_wconf 88' lang='lat' dir='ltr'><strong>Christi</strong></span> <span class='ocrx_word' id='word_1_234' title='bbox 749 1764 784 1807; x_wconf 90' lang='lat' dir='ltr'><strong>ac</strong></span> <span class='ocrx_word' id='word_1_235' title='bbox 807 1750 903 1808; x_wconf 88' lang='lat' dir='ltr'><strong>diver·</strong></span> <span class='ocrx_word' id='word_1_236' title='bbox 957 1747 1099 1806; x_wconf 89' lang='lat' dir='ltr'><strong>ousahiles</strong></span> <span class='ocrx_word' id='word_1_237' title='bbox 1126 1749 1292 1807; x_wconf 89' lang='lat' dir='ltr'><strong>redduntur</strong></span> <span class='ocrx_word' id='word_1_238' title='bbox 1319 1757 1379 1806; x_wconf 88' lang='lat' dir='ltr'><strong>tam</strong></span> <span class='ocrx_word' id='word_1_239' title='bbox 1406 1749 1501 1807; x_wconf 86' lang='lat' dir='ltr'><strong>Judaei</strong></span> <span class='ocrx_word' id='word_1_240' title='bbox 1527 1764 1618 1822; x_wconf 84' lang='lat' dir='ltr'><strong>quam</strong></span> <span class='ocrx_word' id='word_1_241' title='bbox 1645 1756 1755 1822; x_wconf 84' lang='lat' dir='ltr'><strong>gentes,</strong></span> <span class='ocrx_word' id='word_1_242' title='bbox 1780 1747 1804 1806; x_wconf 88' lang='lat' dir='ltr'><strong>si</strong></span> 
     </span>
     <span class='ocr_line' id='line_1_19' title="bbox 52 1837 1804 1910; baseline -0.001 -13"><span class='ocrx_word' id='word_1_243' title='bbox 52 1841 139 1898; x_wconf 89' lang='lat' dir='ltr'><strong>sitate</strong></span> <span class='ocrx_word' id='word_1_244' title='bbox 164 1848 337 1897; x_wconf 91' lang='lat' dir='ltr'><strong>naturarum</strong></span> <span class='ocrx_word' id='word_1_245' title='bbox 354 1853 420 1910; x_wconf 84' lang='lat' dir='ltr'><strong>quae</strong></span> <span class='ocrx_word' id='word_1_246' title='bbox 435 1839 466 1897; x_wconf 89' lang='lat' dir='ltr'><strong>in</strong></span> <span class='ocrx_word' id='word_1_247' title='bbox 491 1839 552 1909; x_wconf 90' lang='lat' dir='ltr'><strong>ipso</strong></span> <span class='ocrx_word' id='word_1_248' title='bbox 571 1846 650 1907; x_wconf 89' lang='lat' dir='ltr'><strong>suut,</strong></span> <span class='ocrx_word' id='word_1_249' title='bbox 666 1838 773 1896; x_wconf 85' lang='lat' dir='ltr'><strong>divinae</strong></span> <span class='ocrx_word' id='word_1_250' title='bbox 796 1838 903 1895; x_wconf 89' lang='lat' dir='ltr'><strong>scilieet</strong></span> <span class='ocrx_word' id='word_1_251' title='bbox 956 1839 1062 1896; x_wconf 89' lang='lat' dir='ltr'><strong>cumin</strong></span> <span class='ocrx_word' id='word_1_252' title='bbox 1076 1839 1186 1897; x_wconf 83' lang='lat' dir='ltr'><strong>caeteris</strong></span> <span class='ocrx_word' id='word_1_253' title='bbox 1201 1840 1330 1896; x_wconf 88' lang='lat' dir='ltr'><strong>doctores</strong></span> <span class='ocrx_word' id='word_1_254' title='bbox 1345 1839 1482 1909; x_wconf 90' lang='lat' dir='ltr'><strong>habeant,</strong></span> <span class='ocrx_word' id='word_1_255' title='bbox 1499 1839 1529 1895; x_wconf 91' lang='lat' dir='ltr'><strong>in</strong></span> <span class='ocrx_word' id='word_1_256' title='bbox 1553 1840 1675 1897; x_wconf 87' lang='lat' dir='ltr'><strong>salutern</strong></span> <span class='ocrx_word' id='word_1_257' title='bbox 1687 1837 1804 1904; x_wconf 73' lang='lat' dir='ltr'><strong>animm,</strong></span> 
     </span>
     <span class='ocr_line' id='line_1_20' title="bbox 51 1926 1801 1999; baseline -0.002 -12"><span class='ocrx_word' id='word_1_258' title='bbox 51 1931 230 1997; x_wconf 79' lang='lat' dir='ltr'><strong>ethumanae,</strong></span> <span class='ocrx_word' id='word_1_259' title='bbox 248 1929 284 1985; x_wconf 90' lang='lat' dir='ltr'><strong>ad</strong></span> <span class='ocrx_word' id='word_1_260' title='bbox 293 1930 434 1986; x_wconf 89' lang='lat' dir='ltr'><strong>loannem</strong></span> <span class='ocrx_word' id='word_1_261' title='bbox 449 1927 609 1985; x_wconf 86' lang='lat' dir='ltr'><strong>Diaconum</strong></span> <span class='ocrx_word' id='word_1_262' title='bbox 626 1927 697 1998; x_wconf 84' lang='lat' dir='ltr'><strong>‚qui</strong></span> <span class='ocrx_word' id='word_1_263' title='bbox 712 1934 811 1999; x_wconf 89' lang='lat' dir='ltr'><strong>postea</strong></span> <span class='ocrx_word' id='word_1_264' title='bbox 826 1940 903 1998; x_wconf 88' lang='lat' dir='ltr'><strong>papa</strong></span> <span class='ocrx_word' id='word_1_265' title='bbox 957 1926 1041 1998; x_wconf 74' lang='lat' dir='ltr'><strong>cuius</strong></span> <span class='ocrx_word' id='word_1_266' title='bbox 1065 1927 1288 1984; x_wconf 89' lang='lat' dir='ltr'><strong>iundamentum</strong></span> <span class='ocrx_word' id='word_1_267' title='bbox 1314 1934 1355 1985; x_wconf 88' lang='lat' dir='ltr'><strong>est</strong></span> <span class='ocrx_word' id='word_1_268' title='bbox 1377 1927 1457 1996; x_wconf 84' lang='lat' dir='ltr'><strong>fides,</strong></span> <span class='ocrx_word' id='word_1_269' title='bbox 1479 1928 1556 1999; x_wconf 90' lang='lat' dir='ltr'><strong>ipsos</strong></span> <span class='ocrx_word' id='word_1_270' title='bbox 1583 1941 1643 1985; x_wconf 93' lang='lat' dir='ltr'><strong>non</strong></span> <span class='ocrx_word' id='word_1_271' title='bbox 1668 1926 1801 1986; x_wconf 84' lang='lat' dir='ltr'><strong>audiant.</strong></span> 
     </span>
     <span class='ocr_line' id='line_1_21' title="bbox 50 2014 1797 2088; baseline -0.001 -13"><span class='ocrx_word' id='word_1_272' title='bbox 50 2019 172 2076; x_wconf 88' lang='lat' dir='ltr'><strong>eiiactus</strong></span> <span class='ocrx_word' id='word_1_273' title='bbox 197 2027 249 2085; x_wconf 88' lang='lat' dir='ltr'><strong>est,</strong></span> <span class='ocrx_word' id='word_1_274' title='bbox 269 2017 420 2074; x_wconf 91' lang='lat' dir='ltr'><strong>scribendo</strong></span> <span class='ocrx_word' id='word_1_275' title='bbox 439 2024 541 2073; x_wconf 87' lang='lat' dir='ltr'><strong>contra</strong></span> <span class='ocrx_word' id='word_1_276' title='bbox 568 2016 731 2088; x_wconf 87' lang='lat' dir='ltr'><strong>Eutychem</strong></span> <span class='ocrx_word' id='word_1_277' title='bbox 746 2023 775 2072; x_wconf 88' lang='lat' dir='ltr'><strong>et</strong></span> <span class='ocrx_word' id='word_1_278' title='bbox 798 2016 903 2073; x_wconf 88' lang='lat' dir='ltr'><strong>Nesto·</strong></span> <span class='ocrx_word' id='word_1_279' title='bbox 954 2015 991 2072; x_wconf 87' lang='lat' dir='ltr'><strong>Et</strong></span> <span class='ocrx_word' id='word_1_280' title='bbox 1005 2015 1124 2086; x_wconf 84' lang='lat' dir='ltr'><strong>quidem</strong></span> <span class='ocrx_word' id='word_1_281' title='bbox 1140 2015 1225 2074; x_wconf 91' lang='lat' dir='ltr'><strong>multi</strong></span> <span class='ocrx_word' id='word_1_282' title='bbox 1243 2029 1280 2073; x_wconf 82' lang='lat' dir='ltr'><strong>ex</strong></span> <span class='ocrx_word' id='word_1_283' title='bbox 1307 2015 1454 2087; x_wconf 90' lang='lat' dir='ltr'><strong>gentibus,</strong></span> <span class='ocrx_word' id='word_1_284' title='bbox 1476 2016 1611 2074; x_wconf 89' lang='lat' dir='ltr'><strong>nonnulli</strong></span> <span class='ocrx_word' id='word_1_285' title='bbox 1636 2030 1670 2074; x_wconf 86' lang='lat' dir='ltr'><strong>ex</strong></span> <span class='ocrx_word' id='word_1_286' title='bbox 1688 2014 1797 2076; x_wconf 78' lang='lat' dir='ltr'><strong>tudela</strong></span> 
     </span>
     <span class='ocr_line' id='line_1_22' title="bbox 51 2090 1803 2177; baseline -0.001 -13"><span class='ocrx_word' id='word_1_287' title='bbox 51 2107 132 2165; x_wconf 89' lang='lat' dir='ltr'><strong>rium</strong></span> <span class='ocrx_word' id='word_1_288' title='bbox 147 2108 254 2177; x_wconf 90' lang='lat' dir='ltr'><strong>optime</strong></span> <span class='ocrx_word' id='word_1_289' title='bbox 267 2106 436 2176; x_wconf 88' lang='lat' dir='ltr'><strong>disputavit,</strong></span> <span class='ocrx_word' id='word_1_290' title='bbox 448 2105 593 2176; x_wconf 86' lang='lat' dir='ltr'><strong>iidemque</strong></span> <span class='ocrx_word' id='word_1_291' title='bbox 616 2111 796 2162; x_wconf 88' lang='lat' dir='ltr'><strong>nostramet</strong></span> <span class='ocrx_word' id='word_1_292' title='bbox 817 2118 901 2161; x_wconf 89' lang='lat' dir='ltr'><strong>suam</strong></span> <span class='ocrx_word' id='word_1_293' title='bbox 955 2090 986 2158; x_wconf 85' lang='lat' dir='ltr'><strong>iu</strong></span> <span class='ocrx_word' id='word_1_294' title='bbox 1010 2101 1065 2159; x_wconf 93' lang='lat' dir='ltr'><strong>hoo</strong></span> <span class='ocrx_word' id='word_1_295' title='bbox 1091 2116 1208 2174; x_wconf 83' lang='lat' dir='ltr'><strong>quoque</strong></span> <span class='ocrx_word' id='word_1_296' title='bbox 1230 2116 1247 2159; x_wconf 89' lang='lat' dir='ltr'><strong>a</strong></span> <span class='ocrx_word' id='word_1_297' title='bbox 1268 2103 1433 2160; x_wconf 89' lang='lat' dir='ltr'><strong>doctoribus</strong></span> <span class='ocrx_word' id='word_1_298' title='bbox 1460 2103 1561 2176; x_wconf 92' lang='lat' dir='ltr'><strong>populi</strong></span> <span class='ocrx_word' id='word_1_299' title='bbox 1587 2104 1635 2161; x_wconf 91' lang='lat' dir='ltr'><strong>sui</strong></span> <span class='ocrx_word' id='word_1_300' title='bbox 1657 2103 1803 2174; x_wconf 86' lang='lat' dir='ltr'><strong>instructi,</strong></span> 
     </span>
     <span class='ocr_line' id='line_1_23' title="bbox 51 2180 1804 2266; baseline -0.001 -14"><span class='ocrx_word' id='word_1_301' title='bbox 51 2210 91 2253; x_wconf 90' lang='lat' dir='ltr'><strong>ne</strong></span> <span class='ocrx_word' id='word_1_302' title='bbox 120 2196 150 2251; x_wconf 90' lang='lat' dir='ltr'><strong>in</strong></span> <span class='ocrx_word' id='word_1_303' title='bbox 169 2195 267 2266; x_wconf 87' lang='lat' dir='ltr'><strong>aliquo</strong></span> <span class='ocrx_word' id='word_1_304' title='bbox 283 2193 443 2262; x_wconf 86' lang='lat' dir='ltr'><strong>vacillaret,</strong></span> <span class='ocrx_word' id='word_1_305' title='bbox 458 2201 518 2250; x_wconf 88' lang='lat' dir='ltr'><strong>tam</strong></span> <span class='ocrx_word' id='word_1_306' title='bbox 537 2193 572 2250; x_wconf 90' lang='lat' dir='ltr'><strong>de</strong></span> <span class='ocrx_word' id='word_1_307' title='bbox 588 2192 739 2250; x_wconf 88' lang='lat' dir='ltr'><strong>divinitate</strong></span> <span class='ocrx_word' id='word_1_308' title='bbox 754 2204 844 2263; x_wconf 85' lang='lat' dir='ltr'><strong>quam</strong></span> <span class='ocrx_word' id='word_1_309' title='bbox 867 2193 902 2249; x_wconf 92' lang='lat' dir='ltr'><strong>de</strong></span> <span class='ocrx_word' id='word_1_310' title='bbox 955 2190 1157 2248; x_wconf 84' lang='lat' dir='ltr'><strong>tidemsanctao</strong></span> <span class='ocrx_word' id='word_1_311' title='bbox 1173 2191 1322 2249; x_wconf 83' lang='lat' dir='ltr'><strong>Trinitatis</strong></span> <span class='ocrx_word' id='word_1_312' title='bbox 1346 2200 1580 2264; x_wconf 85' lang='lat' dir='ltr'><strong>recognoverunt</strong></span> <span class='ocrx_word' id='word_1_313' title='bbox 1595 2192 1625 2251; x_wconf 91' lang='lat' dir='ltr'><strong>iu</strong></span> <span class='ocrx_word' id='word_1_314' title='bbox 1652 2206 1713 2252; x_wconf 88' lang='lat' dir='ltr'><strong>uno</strong></span> <span class='ocrx_word' id='word_1_315' title='bbox 1736 2180 1804 2251; x_wconf 87' lang='lat' dir='ltr'><strong>cor-</strong></span> 
     </span>
     <span class='ocr_line' id='line_1_24' title="bbox 51 2278 1803 2354; baseline -0.001 -13"><span class='ocrx_word' id='word_1_316' title='bbox 51 2284 219 2341; x_wconf 89' lang='lat' dir='ltr'><strong>Divinitatis</strong></span> <span class='ocrx_word' id='word_1_317' title='bbox 237 2282 434 2339; x_wconf 88' lang='lat' dir='ltr'><strong>incarnatione</strong></span> <span class='ocrx_word' id='word_1_318' title='bbox 451 2281 612 2347; x_wconf 88' lang='lat' dir='ltr'><strong>tractando,</strong></span> <span class='ocrx_word' id='word_1_319' title='bbox 633 2279 903 2352; x_wconf 79' lang='lat' dir='ltr'><strong>inexpugnabiliter</strong></span> <span class='ocrx_word' id='word_1_320' title='bbox 955 2292 1024 2348; x_wconf 90' lang='lat' dir='ltr'><strong>pore</strong></span> <span class='ocrx_word' id='word_1_321' title='bbox 1047 2278 1179 2337; x_wconf 76' lang='lat' dir='ltr'><strong>Ecclesia</strong></span> <span class='ocrx_word' id='word_1_322' title='bbox 1209 2280 1294 2351; x_wconf 87' lang='lat' dir='ltr'><strong>qnasi</strong></span> <span class='ocrx_word' id='word_1_323' title='bbox 1331 2280 1391 2337; x_wconf 94' lang='lat' dir='ltr'><strong>duo</strong></span> <span class='ocrx_word' id='word_1_324' title='bbox 1417 2280 1538 2352; x_wconf 89' lang='lat' dir='ltr'><strong>parietes</strong></span> <span class='ocrx_word' id='word_1_325' title='bbox 1566 2281 1727 2354; x_wconf 86' lang='lat' dir='ltr'><strong>conjuncti.</strong></span> <span class='ocrx_word' id='word_1_326' title='bbox 1757 2280 1803 2340; x_wconf 77' lang='lat' dir='ltr'><strong>lix</strong></span> 
     </span>
     <span class='ocr_line' id='line_1_25' title="bbox 50 2366 1801 2443; baseline -0.001 -13"><span class='ocrx_word' id='word_1_327' title='bbox 50 2373 189 2430; x_wconf 85' lang='lat' dir='ltr'><strong>astruxit.</strong></span> <span class='ocrx_word' id='word_1_328' title='bbox 209 2372 325 2430; x_wconf 89' lang='lat' dir='ltr'><strong>Constat</strong></span> <span class='ocrx_word' id='word_1_329' title='bbox 343 2371 422 2427; x_wconf 88' lang='lat' dir='ltr'><strong>huno</strong></span> <span class='ocrx_word' id='word_1_330' title='bbox 436 2370 586 2442; x_wconf 89' lang='lat' dir='ltr'><strong>egregium</strong></span> <span class='ocrx_word' id='word_1_331' title='bbox 604 2376 765 2426; x_wconf 90' lang='lat' dir='ltr'><strong>senatorem</strong></span> <span class='ocrx_word' id='word_1_332' title='bbox 796 2369 900 2426; x_wconf 88' lang='lat' dir='ltr'><strong>lloma·</strong></span> <span class='ocrx_word' id='word_1_333' title='bbox 954 2366 1217 2439; x_wconf 88' lang='lat' dir='ltr'><strong>gentibusquidem</strong></span> <span class='ocrx_word' id='word_1_334' title='bbox 1233 2367 1325 2439; x_wconf 91' lang='lat' dir='ltr'><strong>primo</strong></span> <span class='ocrx_word' id='word_1_335' title='bbox 1348 2369 1502 2437; x_wconf 70' lang='lat' dir='ltr'><strong>(irascier</strong></span> <span class='ocrx_word' id='word_1_336' title='bbox 1519 2371 1629 2442; x_wconf 87' lang='lat' dir='ltr'><strong>quibus</strong></span> <span class='ocrx_word' id='word_1_337' title='bbox 1652 2369 1801 2443; x_wconf 82' lang='lat' dir='ltr'><strong>prsedictl·</strong></span> 
     </span>
     <span class='ocr_line' id='line_1_26' title="bbox 51 2454 1802 2532; baseline 0 -14"><span class='ocrx_word' id='word_1_338' title='bbox 51 2475 137 2528; x_wconf 90' lang='lat' dir='ltr'><strong>num,</strong></span> <span class='ocrx_word' id='word_1_339' title='bbox 163 2459 310 2516; x_wconf 89' lang='lat' dir='ltr'><strong>consulem</strong></span> <span class='ocrx_word' id='word_1_340' title='bbox 327 2472 454 2529; x_wconf 84' lang='lat' dir='ltr'><strong>quoque,</strong></span> <span class='ocrx_word' id='word_1_341' title='bbox 474 2466 563 2529; x_wconf 81' lang='lat' dir='ltr'><strong>atque</strong></span> <span class='ocrx_word' id='word_1_342' title='bbox 583 2457 748 2528; x_wconf 88' lang='lat' dir='ltr'><strong>patricium,</strong></span> <span class='ocrx_word' id='word_1_343' title='bbox 773 2464 900 2528; x_wconf 85' lang='lat' dir='ltr'><strong>tempore</strong></span> <span class='ocrx_word' id='word_1_344' title='bbox 954 2454 1114 2528; x_wconf 92' lang='lat' dir='ltr'><strong>philosophi</strong></span> <span class='ocrx_word' id='word_1_345' title='bbox 1143 2457 1271 2515; x_wconf 87' lang='lat' dir='ltr'><strong>luerunt.</strong></span> <span class='ocrx_word' id='word_1_346' title='bbox 1300 2457 1365 2515; x_wconf 90' lang='lat' dir='ltr'><strong>Post</strong></span> <span class='ocrx_word' id='word_1_347' title='bbox 1393 2457 1506 2516; x_wconf 84' lang='lat' dir='ltr'><strong>Graecos</strong></span> <span class='ocrx_word' id='word_1_348' title='bbox 1529 2459 1634 2524; x_wconf 86' lang='lat' dir='ltr'><strong>Latini,</strong></span> <span class='ocrx_word' id='word_1_349' title='bbox 1658 2459 1711 2532; x_wconf 82' lang='lat' dir='ltr'><strong>qui</strong></span> <span class='ocrx_word' id='word_1_350' title='bbox 1726 2458 1802 2518; x_wconf 87' lang='lat' dir='ltr'><strong>sicut</strong></span> 
     </span>
     <span class='ocr_line' id='line_1_27' title="bbox 52 2544 1801 2621; baseline 0.001 -16"><span class='ocrx_word' id='word_1_351' title='bbox 52 2547 183 2621; x_wconf 70' lang='lat' dir='ltr'><strong>praedicti</strong></span> <span class='ocrx_word' id='word_1_352' title='bbox 211 2546 329 2603; x_wconf 85' lang='lat' dir='ltr'><strong>loannis</strong></span> <span class='ocrx_word' id='word_1_353' title='bbox 358 2560 439 2617; x_wconf 84' lang='lat' dir='ltr'><strong>papae</strong></span> <span class='ocrx_word' id='word_1_354' title='bbox 464 2545 595 2603; x_wconf 84' lang='lat' dir='ltr'><strong>floruisse</strong></span> <span class='ocrx_word' id='word_1_355' title='bbox 616 2558 633 2602; x_wconf 89' lang='lat' dir='ltr'><strong>a</strong></span> <span class='ocrx_word' id='word_1_356' title='bbox 663 2544 807 2617; x_wconf 84' lang='lat' dir='ltr'><strong>Sylvestro</strong></span> <span class='ocrx_word' id='word_1_357' title='bbox 826 2559 899 2616; x_wconf 92' lang='lat' dir='ltr'><strong>papa</strong></span> <span class='ocrx_word' id='word_1_358' title='bbox 952 2545 983 2601; x_wconf 90' lang='lat' dir='ltr'><strong>in</strong></span> <span class='ocrx_word' id='word_1_359' title='bbox 998 2544 1156 2616; x_wconf 90' lang='lat' dir='ltr'><strong>disciplinis</strong></span> <span class='ocrx_word' id='word_1_360' title='bbox 1178 2545 1364 2604; x_wconf 82' lang='lat' dir='ltr'><strong>saecularium</strong></span> <span class='ocrx_word' id='word_1_361' title='bbox 1382 2547 1489 2605; x_wconf 90' lang='lat' dir='ltr'><strong>artium</strong></span> <span class='ocrx_word' id='word_1_362' title='bbox 1509 2547 1612 2606; x_wconf 87' lang='lat' dir='ltr'><strong>imitati</strong></span> <span class='ocrx_word' id='word_1_363' title='bbox 1634 2556 1703 2607; x_wconf 87' lang='lat' dir='ltr'><strong>suut</strong></span> <span class='ocrx_word' id='word_1_364' title='bbox 1722 2547 1801 2607; x_wconf 70' lang='lat' dir='ltr'><strong>Gre-</strong></span> 
     </span>
     <span class='ocr_line' id='line_1_28' title="bbox 49 2633 1803 2710; baseline 0 -16"><span class='ocrx_word' id='word_1_365' title='bbox 49 2637 196 2709; x_wconf 90' lang='lat' dir='ltr'><strong>vigesimi,</strong></span> <span class='ocrx_word' id='word_1_366' title='bbox 227 2644 254 2692; x_wconf 91' lang='lat' dir='ltr'><strong>et</strong></span> <span class='ocrx_word' id='word_1_367' title='bbox 280 2649 347 2692; x_wconf 90' lang='lat' dir='ltr'><strong>eum</strong></span> <span class='ocrx_word' id='word_1_368' title='bbox 376 2634 407 2691; x_wconf 93' lang='lat' dir='ltr'><strong>in</strong></span> <span class='ocrx_word' id='word_1_369' title='bbox 431 2634 481 2691; x_wconf 88' lang='lat' dir='ltr'><strong>illa</strong></span> <span class='ocrx_word' id='word_1_370' title='bbox 500 2634 698 2705; x_wconf 91' lang='lat' dir='ltr'><strong>persecutione</strong></span> <span class='ocrx_word' id='word_1_371' title='bbox 725 2633 900 2691; x_wconf 82' lang='lat' dir='ltr'><strong>Christiano·</strong></span> <span class='ocrx_word' id='word_1_372' title='bbox 952 2647 1010 2701; x_wconf 89' lang='lat' dir='ltr'><strong>cos,</strong></span> <span class='ocrx_word' id='word_1_373' title='bbox 1025 2633 1066 2690; x_wconf 90' lang='lat' dir='ltr'><strong>ita</strong></span> <span class='ocrx_word' id='word_1_374' title='bbox 1091 2634 1164 2691; x_wconf 90' lang='lat' dir='ltr'><strong>etin</strong></span> <span class='ocrx_word' id='word_1_375' title='bbox 1191 2649 1261 2692; x_wconf 88' lang='lat' dir='ltr'><strong>vera</strong></span> <span class='ocrx_word' id='word_1_376' title='bbox 1289 2635 1495 2692; x_wconf 86' lang='lat' dir='ltr'><strong>ildeidoctrina</strong></span> <span class='ocrx_word' id='word_1_377' title='bbox 1514 2637 1550 2695; x_wconf 90' lang='lat' dir='ltr'><strong>ab</strong></span> <span class='ocrx_word' id='word_1_378' title='bbox 1575 2637 1646 2709; x_wconf 86' lang='lat' dir='ltr'><strong>ipsis</strong></span> <span class='ocrx_word' id='word_1_379' title='bbox 1671 2637 1803 2710; x_wconf 82' lang='lat' dir='ltr'><strong>exempla</strong></span> 
     </span>
     <span class='ocr_line' id='line_1_29' title="bbox 50 2721 1797 2799; baseline 0.001 -15"><span class='ocrx_word' id='word_1_380' title='bbox 50 2739 131 2796; x_wconf 90' lang='lat' dir='ltr'><strong>rum,</strong></span> <span class='ocrx_word' id='word_1_381' title='bbox 147 2739 205 2795; x_wconf 81' lang='lat' dir='ltr'><strong>qua</strong></span> <span class='ocrx_word' id='word_1_382' title='bbox 230 2724 260 2779; x_wconf 94' lang='lat' dir='ltr'><strong>in</strong></span> <span class='ocrx_word' id='word_1_383' title='bbox 281 2724 418 2780; x_wconf 88' lang='lat' dir='ltr'><strong>loannem</strong></span> <span class='ocrx_word' id='word_1_384' title='bbox 438 2736 543 2795; x_wconf 91' lang='lat' dir='ltr'><strong>papam</strong></span> <span class='ocrx_word' id='word_1_385' title='bbox 571 2730 743 2793; x_wconf 78' lang='lat' dir='ltr'><strong>caeterosque</strong></span> <span class='ocrx_word' id='word_1_386' title='bbox 763 2721 899 2780; x_wconf 85' lang='lat' dir='ltr'><strong>christia·</strong></span> <span class='ocrx_word' id='word_1_387' title='bbox 951 2730 1146 2793; x_wconf 89' lang='lat' dir='ltr'><strong>sumpserunt,</strong></span> <span class='ocrx_word' id='word_1_388' title='bbox 1162 2738 1229 2780; x_wconf 91' lang='lat' dir='ltr'><strong>oum</strong></span> <span class='ocrx_word' id='word_1_389' title='bbox 1244 2738 1293 2780; x_wconf 89' lang='lat' dir='ltr'><strong>eos</strong></span> <span class='ocrx_word' id='word_1_390' title='bbox 1318 2722 1511 2782; x_wconf 87' lang='lat' dir='ltr'><strong>Christianam</strong></span> <span class='ocrx_word' id='word_1_391' title='bbox 1535 2724 1622 2782; x_wconf 88' lang='lat' dir='ltr'><strong>iidem</strong></span> <span class='ocrx_word' id='word_1_392' title='bbox 1637 2725 1797 2799; x_wconf 83' lang='lat' dir='ltr'><strong>suscepisse</strong></span> 
     </span>
     <span class='ocr_line' id='line_1_30' title="bbox 51 2810 1802 2887; baseline -0.001 -14"><span class='ocrx_word' id='word_1_393' title='bbox 51 2829 107 2873; x_wconf 88' lang='lat' dir='ltr'><strong>nos</strong></span> <span class='ocrx_word' id='word_1_394' title='bbox 133 2812 325 2869; x_wconf 89' lang='lat' dir='ltr'><strong>Theodericus</strong></span> <span class='ocrx_word' id='word_1_395' title='bbox 349 2811 451 2880; x_wconf 78' lang='lat' dir='ltr'><strong>saeviit,</strong></span> <span class='ocrx_word' id='word_1_396' title='bbox 478 2825 538 2868; x_wconf 89' lang='lat' dir='ltr'><strong>una</strong></span> <span class='ocrx_word' id='word_1_397' title='bbox 561 2825 628 2868; x_wconf 89' lang='lat' dir='ltr'><strong>cum</strong></span> <span class='ocrx_word' id='word_1_398' title='bbox 652 2810 786 2881; x_wconf 86' lang='lat' dir='ltr'><strong>praedicto</strong></span> <span class='ocrx_word' id='word_1_399' title='bbox 812 2813 898 2881; x_wconf 87' lang='lat' dir='ltr'><strong>sym·</strong></span> <span class='ocrx_word' id='word_1_400' title='bbox 951 2810 1111 2879; x_wconf 88' lang='lat' dir='ltr'><strong>audissent,</strong></span> <span class='ocrx_word' id='word_1_401' title='bbox 1139 2826 1212 2882; x_wconf 83' lang='lat' dir='ltr'><strong>quos</strong></span> <span class='ocrx_word' id='word_1_402' title='bbox 1240 2812 1426 2885; x_wconf 92' lang='lat' dir='ltr'><strong>ingeniorum</strong></span> <span class='ocrx_word' id='word_1_403' title='bbox 1465 2812 1624 2873; x_wconf 88' lang='lat' dir='ltr'><strong>subtilitate</strong></span> <span class='ocrx_word' id='word_1_404' title='bbox 1658 2813 1802 2887; x_wconf 79' lang='lat' dir='ltr'><strong>preditos,</strong></span> 
     </span>
     <span class='ocr_line' id='line_1_31' title="bbox 52 2898 1802 2974; baseline 0.001 -13"><span class='ocrx_word' id='word_1_405' title='bbox 52 2903 158 2962; x_wconf 87' lang='lat' dir='ltr'><strong>macho</strong></span> <span class='ocrx_word' id='word_1_406' title='bbox 186 2901 366 2958; x_wconf 87' lang='lat' dir='ltr'><strong>occubuisse.</strong></span> <span class='ocrx_word' id='word_1_407' title='bbox 389 2900 429 2957; x_wconf 90' lang='lat' dir='ltr'><strong>De</strong></span> <span class='ocrx_word' id='word_1_408' title='bbox 454 2914 513 2971; x_wconf 85' lang='lat' dir='ltr'><strong>quo</strong></span> <span class='ocrx_word' id='word_1_409' title='bbox 548 2899 577 2955; x_wconf 92' lang='lat' dir='ltr'><strong>in</strong></span> <span class='ocrx_word' id='word_1_410' title='bbox 602 2900 693 2956; x_wconf 82' lang='lat' dir='ltr'><strong>Gestis</strong></span> <span class='ocrx_word' id='word_1_411' title='bbox 716 2898 896 2970; x_wconf 82' lang='lat' dir='ltr'><strong>pontificum,</strong></span> <span class='ocrx_word' id='word_1_412' title='bbox 917 2900 1086 2974; x_wconf 68' lang='lat' dir='ltr'><strong>:omnibus</strong></span> <span class='ocrx_word' id='word_1_413' title='bbox 1113 2899 1300 2972; x_wconf 82' lang='lat' dir='ltr'><strong>philosophia</strong></span> <span class='ocrx_word' id='word_1_414' title='bbox 1326 2900 1489 2961; x_wconf 91' lang='lat' dir='ltr'><strong>rationibus</strong></span> <span class='ocrx_word' id='word_1_415' title='bbox 1512 2910 1639 2963; x_wconf 89' lang='lat' dir='ltr'><strong>armatos</strong></span> <span class='ocrx_word' id='word_1_416' title='bbox 1663 2915 1726 2963; x_wconf 91' lang='lat' dir='ltr'><strong>esse</strong></span> <span class='ocrx_word' id='word_1_417' title='bbox 1755 2916 1802 2962; x_wconf 87' lang='lat' dir='ltr'><strong>co.</strong></span> 
     </span>
     <span class='ocr_line' id='line_1_32' title="bbox 52 2987 1124 3060; baseline -0.006 -10"><span class='ocrx_word' id='word_1_418' title='bbox 52 3006 166 3050; x_wconf 90' lang='lat' dir='ltr'><strong>necnon</strong></span> <span class='ocrx_word' id='word_1_419' title='bbox 180 2989 210 3047; x_wconf 93' lang='lat' dir='ltr'><strong>in</strong></span> <span class='ocrx_word' id='word_1_420' title='bbox 226 2990 310 3046; x_wconf 85' lang='lat' dir='ltr'><strong>Libro</strong></span> <span class='ocrx_word' id='word_1_421' title='bbox 326 2987 535 3047; x_wconf 88' lang='lat' dir='ltr'><strong>miraculorum</strong></span> <span class='ocrx_word' id='word_1_422' title='bbox 549 2988 581 3046; x_wconf 89' lang='lat' dir='ltr'><strong>D.</strong></span> <span class='ocrx_word' id='word_1_423' title='bbox 597 2987 742 3045; x_wconf 87' lang='lat' dir='ltr'><strong>Benedicti</strong></span> <span class='ocrx_word' id='word_1_424' title='bbox 755 2987 897 3060; x_wconf 91' lang='lat' dir='ltr'><strong>scriplum</strong></span> <span class='ocrx_word' id='word_1_425' title='bbox 951 2994 1124 3060; x_wconf 88' lang='lat' dir='ltr'><strong>gnoverant.</strong></span> 
     </span>
    </p>
   </div>
   <div class='ocr_carea' id='block_1_3' title="bbox 89 3114 1282 3189">
    <p class='ocr_par' dir='ltr' id='par_1_3' title="bbox 89 3114 1282 3189">
     <span class='ocr_line' id='line_1_33' title="bbox 89 3114 1282 3189; baseline 0.003 -18"><span class='ocrx_word' id='word_1_426' title='bbox 89 3116 129 3188; x_wconf 87' lang='lat' dir='ltr'><strong>(l)</strong></span> <span class='ocrx_word' id='word_1_427' title='bbox 144 3114 265 3184; x_wconf 86' lang='lat' dir='ltr'><strong>Introd,</strong></span> <span class='ocrx_word' id='word_1_428' title='bbox 281 3116 367 3171; x_wconf 75' lang='lat' dir='ltr'><strong>oriza.</strong></span> <span class='ocrx_word' id='word_1_429' title='bbox 985 3115 1025 3189; x_wconf 77' lang='lat' dir='ltr'><strong>(i)</strong></span> <span class='ocrx_word' id='word_1_430' title='bbox 1036 3116 1159 3188; x_wconf 88' lang='lat' dir='ltr'><strong>lntrod.,</strong></span> <span class='ocrx_word' id='word_1_431' title='bbox 1175 3118 1282 3175; x_wconf 80' lang='lat' dir='ltr'><strong>batiae.</strong></span> 
     </span>
    </p>
   </div>
   <div class='ocr_carea' id='block_1_4' title="bbox 598 3413 1265 3516">
    <p class='ocr_par' dir='ltr' id='par_1_4' title="bbox 598 3413 1265 3516">
     <span class='ocr_line' id='line_1_34' title="bbox 598 3413 1265 3516; baseline 0.006 -4"><span class='ocrx_word' id='word_1_432' title='bbox 598 3413 817 3516; x_wconf 87' lang='lat' dir='ltr'><strong>LIBER</strong></span> <span class='ocrx_word' id='word_1_433' title='bbox 868 3416 1265 3516; x_wconf 83' lang='lat' dir='ltr'><strong>SECUNDUS.</strong></span> 
     </span>
    </p>
   </div>
   <div class='ocr_carea' id='block_1_5' title="bbox 31 3705 1802 5283">
    <p class='ocr_par' dir='ltr' id='par_1_5' title="bbox 31 3705 1802 5283">
     <span class='ocr_line' id='line_1_35' title="bbox 88 3705 1794 3780; baseline 0.001 -14"><span class='ocrx_word' id='word_1_434' title='bbox 88 3707 189 3780; x_wconf 87' lang='lat' dir='ltr'><strong>Operis</strong></span> <span class='ocrx_word' id='word_1_435' title='bbox 208 3714 288 3780; x_wconf 90' lang='lat' dir='ltr'><strong>parte</strong></span> <span class='ocrx_word' id='word_1_436' title='bbox 316 3705 457 3776; x_wconf 91' lang='lat' dir='ltr'><strong>superiori</strong></span> <span class='ocrx_word' id='word_1_437' title='bbox 483 3705 647 3762; x_wconf 89' lang='lat' dir='ltr'><strong>testimonia</strong></span> <span class='ocrx_word' id='word_1_438' title='bbox 678 3705 812 3776; x_wconf 75' lang='lat' dir='ltr'><strong>quadam</strong></span> <span class='ocrx_word' id='word_1_439' title='bbox 835 3712 895 3763; x_wconf 89' lang='lat' dir='ltr'><strong>tam</strong></span> <span class='ocrx_word' id='word_1_440' title='bbox 950 3705 1083 3778; x_wconf 87' lang='lat' dir='ltr'><strong>quaedam</strong></span> <span class='ocrx_word' id='word_1_441' title='bbox 1100 3713 1250 3777; x_wconf 88' lang='lat' dir='ltr'><strong>assumpta</strong></span> <span class='ocrx_word' id='word_1_442' title='bbox 1269 3705 1305 3763; x_wconf 92' lang='lat' dir='ltr'><strong>de</strong></span> <span class='ocrx_word' id='word_1_443' title='bbox 1321 3705 1473 3780; x_wconf 75' lang='lat' dir='ltr'><strong>gentilium</strong></span> <span class='ocrx_word' id='word_1_444' title='bbox 1492 3706 1588 3777; x_wconf 91' lang='lat' dir='ltr'><strong>libris,</strong></span> <span class='ocrx_word' id='word_1_445' title='bbox 1605 3714 1634 3766; x_wconf 89' lang='lat' dir='ltr'><strong>et</strong></span> <span class='ocrx_word' id='word_1_446' title='bbox 1662 3707 1794 3767; x_wconf 83' lang='lat' dir='ltr'><strong>Salomo-</strong></span> 
     </span>
     <span class='ocr_line' id='line_1_36' title="bbox 51 3792 1792 3871; baseline -0.001 -17"><span class='ocrx_word' id='word_1_447' title='bbox 51 3797 360 3871; x_wconf 87' lang='lat' dir='ltr'><strong>prophetarumquam</strong></span> <span class='ocrx_word' id='word_1_448' title='bbox 384 3793 622 3864; x_wconf 91' lang='lat' dir='ltr'><strong>philosophorum</strong></span> <span class='ocrx_word' id='word_1_449' title='bbox 637 3792 816 3866; x_wconf 82' lang='lat' dir='ltr'><strong>collegimus,</strong></span> <span class='ocrx_word' id='word_1_450' title='bbox 831 3793 894 3863; x_wconf 84' lang='lat' dir='ltr'><strong>qui·</strong></span> <span class='ocrx_word' id='word_1_451' title='bbox 950 3808 1016 3851; x_wconf 91' lang='lat' dir='ltr'><strong>nem</strong></span> <span class='ocrx_word' id='word_1_452' title='bbox 1044 3793 1221 3865; x_wconf 92' lang='lat' dir='ltr'><strong>philosophis</strong></span> <span class='ocrx_word' id='word_1_453' title='bbox 1244 3795 1311 3866; x_wconf 88' lang='lat' dir='ltr'><strong>Tyri</strong></span> <span class='ocrx_word' id='word_1_454' title='bbox 1335 3802 1363 3852; x_wconf 88' lang='lat' dir='ltr'><strong>et</strong></span> <span class='ocrx_word' id='word_1_455' title='bbox 1385 3797 1567 3867; x_wconf 90' lang='lat' dir='ltr'><strong>proposuisse</strong></span> <span class='ocrx_word' id='word_1_456' title='bbox 1594 3795 1738 3854; x_wconf 87' lang='lat' dir='ltr'><strong>nonnulla</strong></span> <span class='ocrx_word' id='word_1_457' title='bbox 1763 3802 1792 3854; x_wconf 89' lang='lat' dir='ltr'><strong>et</strong></span> 
     </span>
     <span class='ocr_line' id='line_1_37' title="bbox 50 3874 1792 3953; baseline -0.002 -10"><span class='ocrx_word' id='word_1_458' title='bbox 50 3887 108 3944; x_wconf 91' lang='lat' dir='ltr'><strong>hus</strong></span> <span class='ocrx_word' id='word_1_459' title='bbox 121 3892 229 3941; x_wconf 82' lang='lat' dir='ltr'><strong>sanctae</strong></span> <span class='ocrx_word' id='word_1_460' title='bbox 244 3883 393 3940; x_wconf 89' lang='lat' dir='ltr'><strong>Trinitatis</strong></span> <span class='ocrx_word' id='word_1_461' title='bbox 415 3882 500 3939; x_wconf 86' lang='lat' dir='ltr'><strong>iidem</strong></span> <span class='ocrx_word' id='word_1_462' title='bbox 516 3889 722 3939; x_wconf 83' lang='lat' dir='ltr'><strong>astrueremus.</strong></span> <span class='ocrx_word' id='word_1_463' title='bbox 753 3882 807 3940; x_wconf 92' lang='lat' dir='ltr'><strong>Ubi</strong></span> <span class='ocrx_word' id='word_1_464' title='bbox 836 3881 900 3952; x_wconf 87' lang='lat' dir='ltr'><strong>qui·</strong></span> <span class='ocrx_word' id='word_1_465' title='bbox 952 3881 1054 3953; x_wconf 87' lang='lat' dir='ltr'><strong>aliqua</strong></span> <span class='ocrx_word' id='word_1_466' title='bbox 1064 3882 1242 3953; x_wconf 89' lang='lat' dir='ltr'><strong>respondisse</strong></span> <span class='ocrx_word' id='word_1_467' title='bbox 1257 3881 1271 3936; x_wconf 89' lang='lat' dir='ltr'><strong>‘l</strong></span> <span class='ocrx_word' id='word_1_468' title='bbox 1293 3882 1375 3940; x_wconf 89' lang='lat' dir='ltr'><strong>Unde</strong></span> <span class='ocrx_word' id='word_1_469' title='bbox 1390 3883 1420 3940; x_wconf 92' lang='lat' dir='ltr'><strong>in</strong></span> <span class='ocrx_word' id='word_1_470' title='bbox 1434 3883 1554 3941; x_wconf 83' lang='lat' dir='ltr'><strong>exordio</strong></span> <span class='ocrx_word' id='word_1_471' title='bbox 1569 3874 1792 3943; x_wconf 83' lang='lat' dir='ltr'><strong>Proverbiorum</strong></span> 
     </span>
     <span class='ocr_line' id='line_1_38' title="bbox 48 3969 1798 4049; baseline -0.002 -16"><span class='ocrx_word' id='word_1_472' title='bbox 48 3976 116 4033; x_wconf 93' lang='lat' dir='ltr'><strong>dem</strong></span> <span class='ocrx_word' id='word_1_473' title='bbox 135 3974 204 4030; x_wconf 90' lang='lat' dir='ltr'><strong>dum</strong></span> <span class='ocrx_word' id='word_1_474' title='bbox 225 3972 459 4043; x_wconf 89' lang='lat' dir='ltr'><strong>philosophorum</strong></span> <span class='ocrx_word' id='word_1_475' title='bbox 482 3969 643 4027; x_wconf 91' lang='lat' dir='ltr'><strong>inlldelium</strong></span> <span class='ocrx_word' id='word_1_476' title='bbox 670 3971 841 4028; x_wconf 90' lang='lat' dir='ltr'><strong>assertiones</strong></span> <span class='ocrx_word' id='word_1_477' title='bbox 856 3970 899 4026; x_wconf 91' lang='lat' dir='ltr'><strong>si·</strong></span> <span class='ocrx_word' id='word_1_478' title='bbox 953 3978 1115 4029; x_wconf 90' lang='lat' dir='ltr'><strong>commonet</strong></span> <span class='ocrx_word' id='word_1_479' title='bbox 1130 3979 1161 4028; x_wconf 91' lang='lat' dir='ltr'><strong>ut</strong></span> <span class='ocrx_word' id='word_1_480' title='bbox 1172 3970 1369 4044; x_wconf 90' lang='lat' dir='ltr'><strong>intelligamus</strong></span> <span class='ocrx_word' id='word_1_481' title='bbox 1379 3985 1529 4049; x_wconf 23' lang='lat' dir='ltr'><strong>„sermones</strong></span> <span class='ocrx_word' id='word_1_482' title='bbox 1545 3971 1717 4043; x_wconf 85' lang='lat' dir='ltr'><strong>prudentiae,</strong></span> <span class='ocrx_word' id='word_1_483' title='bbox 1733 3983 1798 4030; x_wconf 89' lang='lat' dir='ltr'><strong>ver·</strong></span> 
     </span>
     <span class='ocr_line' id='line_1_39' title="bbox 48 4029 1802 4131; baseline -0.002 -9"><span class='ocrx_word' id='word_1_484' title='bbox 48 4071 101 4122; x_wconf 89' lang='lat' dir='ltr'><strong>cut</strong></span> <span class='ocrx_word' id='word_1_485' title='bbox 115 4070 144 4120; x_wconf 91' lang='lat' dir='ltr'><strong>et</strong></span> <span class='ocrx_word' id='word_1_486' title='bbox 156 4069 321 4117; x_wconf 90' lang='lat' dir='ltr'><strong>sanctorum</strong></span> <span class='ocrx_word' id='word_1_487' title='bbox 333 4060 452 4116; x_wconf 91' lang='lat' dir='ltr'><strong>Patrum</strong></span> <span class='ocrx_word' id='word_1_488' title='bbox 467 4058 551 4130; x_wconf 85' lang='lat' dir='ltr'><strong>quasi</strong></span> <span class='ocrx_word' id='word_1_489' title='bbox 575 4058 605 4114; x_wconf 91' lang='lat' dir='ltr'><strong>in</strong></span> <span class='ocrx_word' id='word_1_490' title='bbox 621 4058 820 4115; x_wconf 88' lang='lat' dir='ltr'><strong>anctoritatem</strong></span> <span class='ocrx_word' id='word_1_491' title='bbox 850 4058 898 4114; x_wconf 92' lang='lat' dir='ltr'><strong>iu·</strong></span> <span class='ocrx_word' id='word_1_492' title='bbox 914 4029 938 4084; x_wconf 73' lang='lat'><strong>⁰</strong></span> <span class='ocrx_word' id='word_1_493' title='bbox 953 4060 1103 4131; x_wconf 87' lang='lat' dir='ltr'><strong>sutiasque</strong></span> <span class='ocrx_word' id='word_1_494' title='bbox 1128 4060 1296 4127; x_wconf 91' lang='lat' dir='ltr'><strong>verborum,</strong></span> <span class='ocrx_word' id='word_1_495' title='bbox 1321 4059 1485 4130; x_wconf 89' lang='lat' dir='ltr'><strong>parabolas,</strong></span> <span class='ocrx_word' id='word_1_496' title='bbox 1510 4067 1537 4116; x_wconf 92' lang='lat' dir='ltr'><strong>et</strong></span> <span class='ocrx_word' id='word_1_497' title='bbox 1563 4059 1721 4118; x_wconf 89' lang='lat' dir='ltr'><strong>obscurum</strong></span> <span class='ocrx_word' id='word_1_498' title='bbox 1744 4072 1802 4118; x_wconf 86' lang='lat' dir='ltr'><strong>ser·</strong></span> 
     </span>
     <span class='ocr_line' id='line_1_40' title="bbox 47 4146 1802 4221; baseline -0.002 -11"><span class='ocrx_word' id='word_1_499' title='bbox 47 4151 203 4219; x_wconf 86' lang='lat' dir='ltr'><strong>duximus,</strong></span> <span class='ocrx_word' id='word_1_500' title='bbox 222 4150 382 4207; x_wconf 89' lang='lat' dir='ltr'><strong>multorum</strong></span> <span class='ocrx_word' id='word_1_501' title='bbox 397 4147 626 4205; x_wconf 89' lang='lat' dir='ltr'><strong>detractionibus</strong></span> <span class='ocrx_word' id='word_1_502' title='bbox 639 4146 832 4205; x_wconf 90' lang='lat' dir='ltr'><strong>corrodendos</strong></span> <span class='ocrx_word' id='word_1_503' title='bbox 848 4159 897 4218; x_wconf 92' lang='lat' dir='ltr'><strong>pa·</strong></span> <span class='ocrx_word' id='word_1_504' title='bbox 953 4162 1078 4216; x_wconf 91' lang='lat' dir='ltr'><strong>monem,</strong></span> <span class='ocrx_word' id='word_1_505' title='bbox 1105 4149 1181 4206; x_wconf 89' lang='lat' dir='ltr'><strong>diota</strong></span> <span class='ocrx_word' id='word_1_506' title='bbox 1196 4148 1371 4219; x_wconf 89' lang='lat' dir='ltr'><strong>sapientium</strong></span> <span class='ocrx_word' id='word_1_507' title='bbox 1385 4149 1580 4221; x_wconf 89' lang='lat' dir='ltr'><strong>etenigmata,</strong></span> <span class='ocrx_word' id='word_1_508' title='bbox 1595 4162 1662 4220; x_wconf 76' lang='lat' dir='ltr'><strong>qum</strong></span> <span class='ocrx_word' id='word_1_509' title='bbox 1687 4148 1802 4221; x_wconf 90' lang='lat' dir='ltr'><strong>proprie</strong></span> 
     </span>
     <span class='ocr_line' id='line_1_41' title="bbox 46 4235 1799 4310; baseline -0.002 -10"><span class='ocrx_word' id='word_1_510' title='bbox 46 4249 111 4300; x_wconf 87' lang='lat' dir='ltr'><strong>tere</strong></span> <span class='ocrx_word' id='word_1_511' title='bbox 139 4239 351 4310; x_wconf 85' lang='lat' dir='ltr'><strong>praesensimus,</strong></span> <span class='ocrx_word' id='word_1_512' title='bbox 374 4245 463 4308; x_wconf 90' lang='lat' dir='ltr'><strong>atque</strong></span> <span class='ocrx_word' id='word_1_513' title='bbox 477 4244 544 4293; x_wconf 89' lang='lat' dir='ltr'><strong>ante</strong></span> <span class='ocrx_word' id='word_1_514' title='bbox 559 4236 589 4292; x_wconf 91' lang='lat' dir='ltr'><strong>in</strong></span> <span class='ocrx_word' id='word_1_515' title='bbox 610 4236 668 4293; x_wconf 92' lang='lat' dir='ltr'><strong>illis</strong></span> <span class='ocrx_word' id='word_1_516' title='bbox 690 4235 774 4292; x_wconf 93' lang='lat' dir='ltr'><strong>nobis</strong></span> <span class='ocrx_word' id='word_1_517' title='bbox 788 4235 817 4292; x_wconf 93' lang='lat' dir='ltr'><strong>id</strong></span> <span class='ocrx_word' id='word_1_518' title='bbox 838 4235 894 4291; x_wconf 93' lang='lat' dir='ltr'><strong>im·</strong></span> <span class='ocrx_word' id='word_1_519' title='bbox 954 4235 1172 4294; x_wconf 89' lang='lat' dir='ltr'><strong>dialecticorum</strong></span> <span class='ocrx_word' id='word_1_520' title='bbox 1185 4244 1212 4294; x_wconf 89' lang='lat' dir='ltr'><strong>et</strong></span> <span class='ocrx_word' id='word_1_521' title='bbox 1228 4236 1465 4308; x_wconf 91' lang='lat' dir='ltr'><strong>philosophorum</strong></span> <span class='ocrx_word' id='word_1_522' title='bbox 1485 4244 1563 4294; x_wconf 90' lang='lat' dir='ltr'><strong>sunt.</strong></span> <span class='ocrx_word' id='word_1_523' title='bbox 1580 4237 1628 4294; x_wconf 91' lang='lat' dir='ltr'><strong>Sic</strong></span> <span class='ocrx_word' id='word_1_524' title='bbox 1649 4236 1799 4297; x_wconf 87' lang='lat' dir='ltr'><strong>etPaulus</strong></span> 
     </span>
     <span class='ocr_line' id='line_1_42' title="bbox 47 4324 1801 4403; baseline -0.001 -16"><span class='ocrx_word' id='word_1_525' title='bbox 47 4329 267 4403; x_wconf 88' lang='lat' dir='ltr'><strong>properandum</strong></span> <span class='ocrx_word' id='word_1_526' title='bbox 283 4327 360 4398; x_wconf 85' lang='lat' dir='ltr'><strong>quod</strong></span> <span class='ocrx_word' id='word_1_527' title='bbox 372 4327 453 4384; x_wconf 89' lang='lat' dir='ltr'><strong>beato</strong></span> <span class='ocrx_word' id='word_1_528' title='bbox 469 4326 645 4398; x_wconf 86' lang='lat' dir='ltr'><strong>Hieronymo</strong></span> <span class='ocrx_word' id='word_1_529' title='bbox 670 4339 687 4381; x_wconf 91' lang='lat' dir='ltr'><strong>a</strong></span> <span class='ocrx_word' id='word_1_530' title='bbox 703 4324 805 4382; x_wconf 89' lang='lat' dir='ltr'><strong>multis</strong></span> <span class='ocrx_word' id='word_1_531' title='bbox 828 4324 897 4380; x_wconf 93' lang='lat' dir='ltr'><strong>olim</strong></span> <span class='ocrx_word' id='word_1_532' title='bbox 952 4327 1096 4396; x_wconf 88' lang='lat' dir='ltr'><strong>apostolus</strong></span> <span class='ocrx_word' id='word_1_533' title='bbox 1110 4325 1381 4397; x_wconf 84' lang='lat' dir='ltr'><strong>Epimenidispoetae</strong></span> <span class='ocrx_word' id='word_1_534' title='bbox 1395 4325 1506 4383; x_wconf 91' lang='lat' dir='ltr'><strong>abusus</strong></span> <span class='ocrx_word' id='word_1_535' title='bbox 1516 4325 1660 4384; x_wconf 89' lang='lat' dir='ltr'><strong>versiculo</strong></span> <span class='ocrx_word' id='word_1_536' title='bbox 1675 4332 1717 4384; x_wconf 91' lang='lat' dir='ltr'><strong>est</strong></span> <span class='ocrx_word' id='word_1_537' title='bbox 1732 4326 1801 4385; x_wconf 90' lang='lat' dir='ltr'><strong>scri·</strong></span> 
     </span>
     <span class='ocr_line' id='line_1_43' title="bbox 46 4412 1802 4490; baseline -0.003 -13"><span class='ocrx_word' id='word_1_538' title='bbox 46 4418 175 4490; x_wconf 88' lang='lat' dir='ltr'><strong>legimus</strong></span> <span class='ocrx_word' id='word_1_539' title='bbox 188 4418 343 4489; x_wconf 89' lang='lat' dir='ltr'><strong>objectum,</strong></span> <span class='ocrx_word' id='word_1_540' title='bbox 364 4429 432 4472; x_wconf 91' lang='lat' dir='ltr'><strong>cum</strong></span> <span class='ocrx_word' id='word_1_541' title='bbox 445 4429 505 4471; x_wconf 90' lang='lat' dir='ltr'><strong>non</strong></span> <span class='ocrx_word' id='word_1_542' title='bbox 520 4414 613 4471; x_wconf 91' lang='lat' dir='ltr'><strong>solum</strong></span> <span class='ocrx_word' id='word_1_543' title='bbox 637 4413 683 4471; x_wconf 89' lang='lat' dir='ltr'><strong>ille</strong></span> <span class='ocrx_word' id='word_1_544' title='bbox 704 4412 896 4481; x_wconf 90' lang='lat' dir='ltr'><strong>ethnicorum,</strong></span> <span class='ocrx_word' id='word_1_545' title='bbox 917 4414 921 4423; x_wconf 91' lang='grc'><em>“</em></span> <span class='ocrx_word' id='word_1_546' title='bbox 951 4413 1023 4471; x_wconf 92' lang='lat' dir='ltr'><strong>bens</strong></span> <span class='ocrx_word' id='word_1_547' title='bbox 1035 4414 1073 4471; x_wconf 87' lang='lat' dir='ltr'><strong>ad</strong></span> <span class='ocrx_word' id='word_1_548' title='bbox 1087 4414 1184 4472; x_wconf 89' lang='lat' dir='ltr'><strong>Titum</strong></span> <span class='ocrx_word' id='word_1_549' title='bbox 1199 4429 1206 4469; x_wconf 93' lang='lat'>:</span> <span class='ocrx_word' id='word_1_550' title='bbox 1224 4415 1361 4472; x_wconf 78' lang='lat' dir='ltr'><strong>Cretenses</strong></span> <span class='ocrx_word' id='word_1_551' title='bbox 1373 4429 1478 4486; x_wconf 72' lang='lat' dir='ltr'><strong>seraper</strong></span> <span class='ocrx_word' id='word_1_552' title='bbox 1490 4415 1643 4484; x_wconf 82' lang='lat' dir='ltr'><strong>mendaces,</strong></span> <span class='ocrx_word' id='word_1_553' title='bbox 1667 4415 1748 4471; x_wconf 74' lang='lat' dir='ltr'><strong>mola</strong></span> <span class='ocrx_word' id='word_1_554' title='bbox 1759 4413 1802 4471; x_wconf 81' lang='lat' dir='ltr'><strong>be-</strong></span> 
     </span>
     <span class='ocr_line' id='line_1_44' title="bbox 46 4500 1802 4576; baseline -0.002 -11"><span class='ocrx_word' id='word_1_555' title='bbox 46 4506 256 4565; x_wconf 88' lang='lat' dir='ltr'><strong>verumetiam</strong></span> <span class='ocrx_word' id='word_1_556' title='bbox 279 4504 481 4561; x_wconf 88' lang='lat' dir='ltr'><strong>haereticorum</strong></span> <span class='ocrx_word' id='word_1_557' title='bbox 502 4502 669 4560; x_wconf 89' lang='lat' dir='ltr'><strong>testimonia</strong></span> <span class='ocrx_word' id='word_1_558' title='bbox 683 4501 744 4559; x_wconf 89' lang='lat' dir='ltr'><strong>suis</strong></span> <span class='ocrx_word' id='word_1_559' title='bbox 760 4501 898 4559; x_wconf 90' lang='lat' dir='ltr'><strong>insereret</strong></span> <span class='ocrx_word' id='word_1_560' title='bbox 951 4504 1136 4570; x_wconf 62' lang='lat' dir='ltr'><strong>sclavanicas</strong></span> <span class='ocrx_word' id='word_1_561' title='bbox 1148 4503 1226 4573; x_wconf 75' lang='lat' dir='ltr'><strong>pigra·</strong></span> <span class='ocrx_word' id='word_1_562' title='bbox 1239 4502 1304 4575; x_wconf 84' lang='lat' dir='ltr'><strong>(Tit.</strong></span> <span class='ocrx_word' id='word_1_563' title='bbox 1323 4519 1343 4570; x_wconf 90' lang='lat'><strong>1,</strong></span> <span class='ocrx_word' id='word_1_564' title='bbox 1362 4502 1415 4576; x_wconf 75' lang='lat' dir='ltr'><strong>li).</strong></span> <span class='ocrx_word' id='word_1_565' title='bbox 1432 4503 1466 4559; x_wconf 93' lang='lat' dir='ltr'><strong>ln</strong></span> <span class='ocrx_word' id='word_1_566' title='bbox 1482 4503 1669 4575; x_wconf 87' lang='lat' dir='ltr'><strong>aliaquoque</strong></span> <span class='ocrx_word' id='word_1_567' title='bbox 1681 4500 1802 4575; x_wconf 84' lang='lat' dir='ltr'><strong>epistota</strong></span> 
     </span>
     <span class='ocr_line' id='line_1_45' title="bbox 47 4589 1801 4667; baseline -0.005 -12"><span class='ocrx_word' id='word_1_568' title='bbox 47 4595 175 4667; x_wconf 88' lang='lat' dir='ltr'><strong>scriptis.</strong></span> <span class='ocrx_word' id='word_1_569' title='bbox 193 4596 274 4653; x_wconf 90' lang='lat' dir='ltr'><strong>Unde</strong></span> <span class='ocrx_word' id='word_1_570' title='bbox 297 4602 325 4651; x_wconf 90' lang='lat' dir='ltr'><strong>et</strong></span> <span class='ocrx_word' id='word_1_571' title='bbox 340 4594 478 4650; x_wconf 82' lang='lat' dir='ltr'><strong>adversus</strong></span> <span class='ocrx_word' id='word_1_572' title='bbox 494 4591 657 4648; x_wconf 88' lang='lat' dir='ltr'><strong>calumnias</strong></span> <span class='ocrx_word' id='word_1_573' title='bbox 687 4592 782 4664; x_wconf 87' lang='lat' dir='ltr'><strong>llagni</strong></span> <span class='ocrx_word' id='word_1_574' title='bbox 799 4598 897 4648; x_wconf 89' lang='lat' dir='ltr'><strong>orato·</strong></span> <span class='ocrx_word' id='word_1_575' title='bbox 951 4589 1101 4646; x_wconf 81' lang='lat' dir='ltr'><strong>Menandri</strong></span> <span class='ocrx_word' id='word_1_576' title='bbox 1116 4590 1196 4660; x_wconf 92' lang='lat' dir='ltr'><strong>ponit</strong></span> <span class='ocrx_word' id='word_1_577' title='bbox 1219 4589 1372 4647; x_wconf 55' lang='lat' dir='ltr'><strong>&amp;narium</strong></span> <span class='ocrx_word' id='word_1_578' title='bbox 1389 4607 1396 4646; x_wconf 75' lang='grc' dir='ltr'><strong><em>ε</em></strong></span> <span class='ocrx_word' id='word_1_579' title='bbox 1419 4591 1608 4662; x_wconf 78' lang='lat' dir='ltr'><strong>corrompant</strong></span> <span class='ocrx_word' id='word_1_580' title='bbox 1621 4606 1708 4648; x_wconf 84' lang='lat' dir='ltr'><strong>mores</strong></span> <span class='ocrx_word' id='word_1_581' title='bbox 1720 4590 1801 4648; x_wconf 80' lang='lat' dir='ltr'><strong>boses</strong></span> 
     </span>
     <span class='ocr_line' id='line_1_46' title="bbox 31 4677 1794 4752; baseline -0.002 -10"><span class='ocrx_word' id='word_1_582' title='bbox 31 4685 92 4742; x_wconf 89' lang='lat' dir='ltr'><strong>·ris</strong></span> <span class='ocrx_word' id='word_1_583' title='bbox 106 4682 189 4740; x_wconf 90' lang='lat' dir='ltr'><strong>urbis</strong></span> <span class='ocrx_word' id='word_1_584' title='bbox 204 4683 301 4739; x_wconf 84' lang='lat' dir='ltr'><strong>Romae</strong></span> <span class='ocrx_word' id='word_1_585' title='bbox 313 4681 472 4752; x_wconf 87' lang='lat' dir='ltr'><strong>Epistolam</strong></span> <span class='ocrx_word' id='word_1_586' title='bbox 498 4679 628 4736; x_wconf 88' lang='lat' dir='ltr'><strong>scribens</strong></span> <span class='ocrx_word' id='word_1_587' title='bbox 642 4678 693 4752; x_wconf 82' lang='grc'>(3),</span> <span class='ocrx_word' id='word_1_588' title='bbox 724 4680 764 4736; x_wconf 87' lang='lat' dir='ltr'><strong>ita</strong></span> <span class='ocrx_word' id='word_1_589' title='bbox 777 4693 899 4736; x_wconf 78' lang='lat' dir='ltr'><strong>exorsus</strong></span> <span class='ocrx_word' id='word_1_590' title='bbox 952 4677 1186 4744; x_wconf 72' lang='lat' dir='ltr'><strong>conlaboletiones</strong></span> <span class='ocrx_word' id='word_1_591' title='bbox 1203 4678 1386 4750; x_wconf 73' lang='lat' dir='ltr'><strong>malailcor.</strong></span> <span class='ocrx_word' id='word_1_592' title='bbox 1403 4694 1453 4747; x_wconf 82' lang='lat' dir='ltr'><strong>xv,</strong></span> <span class='ocrx_word' id='word_1_593' title='bbox 1470 4680 1526 4752; x_wconf 84' lang='grc'>33).</span> <span class='ocrx_word' id='word_1_594' title='bbox 1543 4680 1577 4736; x_wconf 85' lang='lat' dir='ltr'><strong>Et</strong></span> <span class='ocrx_word' id='word_1_595' title='bbox 1606 4678 1685 4751; x_wconf 90' lang='lat' dir='ltr'><strong>apud</strong></span> <span class='ocrx_word' id='word_1_596' title='bbox 1706 4678 1794 4738; x_wconf 79' lang='lat' dir='ltr'><strong>Athe·</strong></span> 
     </span>
     <span class='ocr_line' id='line_1_47' title="bbox 46 4765 1801 4842; baseline -0.001 -13"><span class='ocrx_word' id='word_1_597' title='bbox 46 4773 113 4830; x_wconf 83' lang='lat' dir='ltr'><strong>air:</strong></span> <span class='ocrx_word' id='word_1_598' title='bbox 130 4771 237 4840; x_wconf 81' lang='lat' dir='ltr'><strong>«Quod</strong></span> <span class='ocrx_word' id='word_1_599' title='bbox 260 4770 366 4842; x_wconf 82' lang='lat' dir='ltr'><strong>quaeris</strong></span> <span class='ocrx_word' id='word_1_600' title='bbox 391 4783 444 4826; x_wconf 91' lang='lat' dir='ltr'><strong>cur</strong></span> <span class='ocrx_word' id='word_1_601' title='bbox 471 4768 502 4824; x_wconf 96' lang='lat' dir='ltr'><strong>in</strong></span> <span class='ocrx_word' id='word_1_602' title='bbox 514 4767 660 4839; x_wconf 86' lang='lat' dir='ltr'><strong>opusculis</strong></span> <span class='ocrx_word' id='word_1_603' title='bbox 686 4767 793 4825; x_wconf 89' lang='lat' dir='ltr'><strong>nostris</strong></span> <span class='ocrx_word' id='word_1_604' title='bbox 815 4768 896 4825; x_wconf 89' lang='lat' dir='ltr'><strong>soho-</strong></span> <span class='ocrx_word' id='word_1_605' title='bbox 952 4765 1065 4823; x_wconf 89' lang='lat' dir='ltr'><strong>nienses</strong></span> <span class='ocrx_word' id='word_1_606' title='bbox 1094 4766 1124 4822; x_wconf 93' lang='lat' dir='ltr'><strong>in</strong></span> <span class='ocrx_word' id='word_1_607' title='bbox 1148 4766 1249 4824; x_wconf 81' lang='lat' dir='ltr'><strong>Martis</strong></span> <span class='ocrx_word' id='word_1_608' title='bbox 1263 4767 1346 4824; x_wconf 90' lang='lat' dir='ltr'><strong>curia</strong></span> <span class='ocrx_word' id='word_1_609' title='bbox 1367 4767 1520 4839; x_wconf 91' lang='lat' dir='ltr'><strong>disputans</strong></span> <span class='ocrx_word' id='word_1_610' title='bbox 1549 4769 1673 4826; x_wconf 79' lang='lat' dir='ltr'><strong>Aratum</strong></span> <span class='ocrx_word' id='word_1_611' title='bbox 1700 4773 1801 4827; x_wconf 86' lang='lat' dir='ltr'><strong>testam</strong></span> 
     </span>
     <span class='ocr_line' id='line_1_48' title="bbox 47 4855 1800 4928; baseline -0.003 -10"><span class='ocrx_word' id='word_1_612' title='bbox 47 4861 160 4919; x_wconf 81' lang='lat' dir='ltr'><strong>larium</strong></span> <span class='ocrx_word' id='word_1_613' title='bbox 187 4860 353 4916; x_wconf 90' lang='lat' dir='ltr'><strong>litterarum</strong></span> <span class='ocrx_word' id='word_1_614' title='bbox 381 4857 527 4915; x_wconf 90' lang='lat' dir='ltr'><strong>interdum</strong></span> <span class='ocrx_word' id='word_1_615' title='bbox 541 4870 685 4927; x_wconf 89' lang='lat' dir='ltr'><strong>ponamus</strong></span> <span class='ocrx_word' id='word_1_616' title='bbox 710 4855 853 4926; x_wconf 83' lang='lat' dir='ltr'><strong>exempla,</strong></span> <span class='ocrx_word' id='word_1_617' title='bbox 870 4863 898 4913; x_wconf 88' lang='lat' dir='ltr'><strong>et</strong></span> <span class='ocrx_word' id='word_1_618' title='bbox 952 4861 1059 4911; x_wconf 86' lang='lat' dir='ltr'><strong>vocat:</strong></span> <span class='ocrx_word' id='word_1_619' title='bbox 1090 4857 1180 4926; x_wconf 83' lang='lat' dir='ltr'><strong>ipsios</strong></span> <span class='ocrx_word' id='word_1_620' title='bbox 1210 4858 1282 4911; x_wconf 80' lang='lat' dir='ltr'><strong>caim</strong></span> <span class='ocrx_word' id='word_1_621' title='bbox 1298 4860 1324 4910; x_wconf 89' lang='lat' dir='ltr'><strong>et</strong></span> <span class='ocrx_word' id='word_1_622' title='bbox 1345 4871 1429 4925; x_wconf 74' lang='lat' dir='ltr'><strong>penos</strong></span> <span class='ocrx_word' id='word_1_623' title='bbox 1448 4872 1543 4912; x_wconf 83' lang='lat' dir='ltr'><strong>sumus</strong></span> <span class='ocrx_word' id='word_1_624' title='bbox 1565 4856 1800 4928; x_wconf 74' lang='lat' dir='ltr'><strong>(Act.xvrr,21).</strong></span> 
     </span>
     <span class='ocr_line' id='line_1_49' title="bbox 47 4943 1802 5017; baseline -0.001 -12"><span class='ocrx_word' id='word_1_625' title='bbox 47 4948 206 5006; x_wconf 90' lang='lat' dir='ltr'><strong>candorem</strong></span> <span class='ocrx_word' id='word_1_626' title='bbox 220 4947 356 5004; x_wconf 83' lang='lat' dir='ltr'><strong>Ecclesiae</strong></span> <span class='ocrx_word' id='word_1_627' title='bbox 368 4946 551 5002; x_wconf 89' lang='lat' dir='ltr'><strong>ethnicorum</strong></span> <span class='ocrx_word' id='word_1_628' title='bbox 562 4943 696 5001; x_wconf 91' lang='lat' dir='ltr'><strong>sordibus</strong></span> <span class='ocrx_word' id='word_1_629' title='bbox 710 4943 896 5014; x_wconf 89' lang='lat' dir='ltr'><strong>polluamus:</strong></span> <span class='ocrx_word' id='word_1_630' title='bbox 952 4943 1059 5000; x_wconf 88' lang='lat' dir='ltr'><strong>Parum</strong></span> <span class='ocrx_word' id='word_1_631' title='bbox 1087 4943 1142 5000; x_wconf 93' lang='lat' dir='ltr'><strong>hoc</strong></span> <span class='ocrx_word' id='word_1_632' title='bbox 1172 4951 1213 5001; x_wconf 91' lang='lat' dir='ltr'><strong>est</strong></span> <span class='ocrx_word' id='word_1_633' title='bbox 1240 4943 1398 5017; x_wconf 73' lang='lat' dir='ltr'><strong>ductarii)</strong></span> <span class='ocrx_word' id='word_1_634' title='bbox 1426 4944 1584 5002; x_wconf 85' lang='lat' dir='ltr'><strong>Christiani</strong></span> <span class='ocrx_word' id='word_1_635' title='bbox 1608 4944 1753 5004; x_wconf 84' lang='lat' dir='ltr'><strong>exercitus</strong></span> <span class='ocrx_word' id='word_1_636' title='bbox 1773 4951 1802 5005; x_wconf 88' lang='lat' dir='ltr'><strong>et</strong></span> 
     </span>
     <span class='ocr_line' id='line_1_50' title="bbox 45 5030 1796 5107; baseline -0.001 -14"><span class='ocrx_word' id='word_1_637' title='bbox 45 5050 205 5107; x_wconf 84' lang='lat' dir='ltr'><strong>nunquam</strong></span> <span class='ocrx_word' id='word_1_638' title='bbox 230 5036 283 5092; x_wconf 90' lang='lat' dir='ltr'><strong>hoc</strong></span> <span class='ocrx_word' id='word_1_639' title='bbox 298 5048 453 5106; x_wconf 83' lang='lat' dir='ltr'><strong>puaerercs,</strong></span> <span class='ocrx_word' id='word_1_640' title='bbox 469 5033 493 5089; x_wconf 89' lang='lat' dir='ltr'><strong>si</strong></span> <span class='ocrx_word' id='word_1_641' title='bbox 509 5031 674 5102; x_wconf 89' lang='lat' dir='ltr'><strong>Scripturas</strong></span> <span class='ocrx_word' id='word_1_642' title='bbox 700 5045 796 5088; x_wconf 86' lang='lat' dir='ltr'><strong>sacras</strong></span> <span class='ocrx_word' id='word_1_643' title='bbox 820 5030 895 5102; x_wconf 83' lang='lat' dir='ltr'><strong>lege·</strong></span> <span class='ocrx_word' id='word_1_644' title='bbox 952 5037 1049 5088; x_wconf 90' lang='lat' dir='ltr'><strong>orator</strong></span> <span class='ocrx_word' id='word_1_645' title='bbox 1075 5031 1202 5089; x_wconf 89' lang='lat' dir='ltr'><strong>invictus</strong></span> <span class='ocrx_word' id='word_1_646' title='bbox 1226 5046 1278 5102; x_wconf 91' lang='lat' dir='ltr'><strong>pro</strong></span> <span class='ocrx_word' id='word_1_647' title='bbox 1300 5031 1427 5090; x_wconf 77' lang='lat' dir='ltr'><strong>Christo¹</strong></span> <span class='ocrx_word' id='word_1_648' title='bbox 1441 5047 1560 5090; x_wconf 82' lang='lat' dir='ltr'><strong>emisam</strong></span> <span class='ocrx_word' id='word_1_649' title='bbox 1581 5047 1680 5106; x_wconf 85' lang='lat' dir='ltr'><strong>agens,</strong></span> <span class='ocrx_word' id='word_1_650' title='bbox 1708 5033 1796 5093; x_wconf 81' lang='lat' dir='ltr'><strong>etlam</strong></span> 
     </span>
     <span class='ocr_line' id='line_1_51' title="bbox 46 5116 1800 5195; baseline -0.001 -14"><span class='ocrx_word' id='word_1_651' title='bbox 46 5138 107 5193; x_wconf 90' lang='lat' dir='ltr'><strong>res,</strong></span> <span class='ocrx_word' id='word_1_652' title='bbox 137 5125 162 5181; x_wconf 90' lang='lat' dir='ltr'><strong>si</strong></span> <span class='ocrx_word' id='word_1_653' title='bbox 194 5125 365 5194; x_wconf 92' lang='lat' dir='ltr'><strong>interpretes</strong></span> <span class='ocrx_word' id='word_1_654' title='bbox 395 5135 496 5179; x_wconf 90' lang='lat' dir='ltr'><strong>earum</strong></span> <span class='ocrx_word' id='word_1_655' title='bbox 532 5121 689 5178; x_wconf 86' lang='lat' dir='ltr'><strong>evolveres.</strong></span> <span class='ocrx_word' id='word_1_656' title='bbox 712 5119 793 5186; x_wconf 77' lang='lat' dir='ltr'><strong>Quis¹</strong></span> <span class='ocrx_word' id='word_1_657' title='bbox 819 5119 898 5176; x_wconf 91' lang='lat' dir='ltr'><strong>enim</strong></span> <span class='ocrx_word' id='word_1_658' title='bbox 953 5116 1170 5190; x_wconf 89' lang='lat' dir='ltr'><strong>inscriptionem</strong></span> <span class='ocrx_word' id='word_1_659' title='bbox 1194 5118 1355 5190; x_wconf 75' lang='lat' dir='ltr'><strong>iortuitam,</strong></span> <span class='ocrx_word' id='word_1_660' title='bbox 1382 5127 1443 5177; x_wconf 88' lang='lat' dir='ltr'><strong>arte</strong></span> <span class='ocrx_word' id='word_1_661' title='bbox 1460 5122 1619 5192; x_wconf 78' lang='lat' dir='ltr'><strong>torqueam</strong></span> <span class='ocrx_word' id='word_1_662' title='bbox 1643 5134 1800 5195; x_wconf 87' lang='lat' dir='ltr'><strong>argumen-</strong></span> 
     </span>
     <span class='ocr_line' id='line_1_52' title="bbox 46 5204 1800 5283; baseline -0.002 -12"><span class='ocrx_word' id='word_1_663' title='bbox 46 5213 158 5272; x_wconf 88' lang='lat' dir='ltr'><strong>nesciat</strong></span> <span class='ocrx_word' id='word_1_664' title='bbox 182 5219 210 5270; x_wconf 89' lang='lat' dir='ltr'><strong>et</strong></span> <span class='ocrx_word' id='word_1_665' title='bbox 239 5213 268 5268; x_wconf 92' lang='lat' dir='ltr'><strong>in</strong></span> <span class='ocrx_word' id='word_1_666' title='bbox 290 5212 385 5283; x_wconf 78' lang='lat' dir='ltr'><strong>Moyse</strong></span> <span class='ocrx_word' id='word_1_667' title='bbox 405 5224 439 5267; x_wconf 90' lang='lat' dir='ltr'><strong>ac</strong></span> <span class='ocrx_word' id='word_1_668' title='bbox 471 5209 676 5280; x_wconf 89' lang='lat' dir='ltr'><strong>prophetarum</strong></span> <span class='ocrx_word' id='word_1_669' title='bbox 700 5207 898 5267; x_wconf 87' lang='lat' dir='ltr'><strong>voluminibus</strong></span> <span class='ocrx_word' id='word_1_670' title='bbox 952 5210 1013 5261; x_wconf 91' lang='lat' dir='ltr'><strong>turn</strong></span> <span class='ocrx_word' id='word_1_671' title='bbox 1030 5205 1106 5262; x_wconf 89' lang='lat' dir='ltr'><strong>iidei.</strong></span> <span class='ocrx_word' id='word_1_672' title='bbox 1128 5204 1272 5262; x_wconf 86' lang='lat' dir='ltr'><strong>Didicerat</strong></span> <span class='ocrx_word' id='word_1_673' title='bbox 1297 5207 1408 5264; x_wconf 91' lang='lat' dir='ltr'><strong>enima</strong></span> <span class='ocrx_word' id='word_1_674' title='bbox 1431 5221 1500 5267; x_wconf 89' lang='lat' dir='ltr'><strong>vero</strong></span> <span class='ocrx_word' id='word_1_675' title='bbox 1515 5208 1607 5267; x_wconf 91' lang='lat' dir='ltr'><strong>David</strong></span> <span class='ocrx_word' id='word_1_676' title='bbox 1626 5215 1800 5282; x_wconf 86' lang='lat' dir='ltr'><strong>extorquere</strong></span> 
     </span>
    </p>
   </div>
   <div class='ocr_carea' id='block_1_6' title="bbox 86 5362 1357 5517">
    <p class='ocr_par' dir='ltr' id='par_1_6' title="bbox 86 5362 1357 5517">
     <span class='ocr_line' id='line_1_53' title="bbox 86 5362 1357 5444; baseline -0.008 -16"><span class='ocrx_word' id='word_1_677' title='bbox 86 5373 115 5444; x_wconf 80' lang='grc'><strong>(3</strong></span> <span class='ocrx_word' id='word_1_678' title='bbox 140 5371 257 5430; x_wconf 87' lang='lat' dir='ltr'><strong>liieron.</strong></span> <span class='ocrx_word' id='word_1_679' title='bbox 277 5371 360 5442; x_wconf 91' lang='lat' dir='ltr'><strong>epist.</strong></span> <span class='ocrx_word' id='word_1_680' title='bbox 381 5382 440 5428; x_wconf 78' lang='lat' dir='ltr'><strong>axx</strong></span> <span class='ocrx_word' id='word_1_681' title='bbox 456 5368 486 5426; x_wconf 94' lang='lat' dir='ltr'><strong>in</strong></span> <span class='ocrx_word' id='word_1_682' title='bbox 501 5366 608 5425; x_wconf 85' lang='lat' dir='ltr'><strong>Patrol.</strong></span> <span class='ocrx_word' id='word_1_683' title='bbox 952 5371 1028 5423; x_wconf 86' lang='lat' dir='ltr'><strong>olore</strong></span> <span class='ocrx_word' id='word_1_684' title='bbox 1043 5363 1091 5423; x_wconf 89' lang='lat' dir='ltr'><strong>sed</strong></span> <span class='ocrx_word' id='word_1_685' title='bbox 1105 5363 1224 5423; x_wconf 89' lang='lat' dir='ltr'><strong>ductore</strong></span> <span class='ocrx_word' id='word_1_686' title='bbox 1239 5362 1357 5437; x_wconf 89' lang='lat' dir='ltr'><strong>indiget.</strong></span> 
     </span>
     <span class='ocr_line' id='line_1_54' title="bbox 89 5435 896 5517; baseline -0.006 -17"><span class='ocrx_word' id='word_1_687' title='bbox 89 5445 119 5517; x_wconf 76' lang='lat' dir='ltr'><strong>(l</strong></span> <span class='ocrx_word' id='word_1_688' title='bbox 147 5443 270 5512; x_wconf 90' lang='lat' dir='ltr'><strong>lntrod.,</strong></span> <span class='ocrx_word' id='word_1_689' title='bbox 286 5444 378 5501; x_wconf 85' lang='lat' dir='ltr'><strong>doctor</strong></span> <span class='ocrx_word' id='word_1_690' title='bbox 391 5439 475 5511; x_wconf 88' lang='lat' dir='ltr'><strong>male,</strong></span> <span class='ocrx_word' id='word_1_691' title='bbox 505 5453 574 5498; x_wconf 88' lang='lat' dir='ltr'><strong>nam</strong></span> <span class='ocrx_word' id='word_1_692' title='bbox 588 5435 734 5498; x_wconf 79' lang='lat' dir='ltr'><strong>exercitus</strong></span> <span class='ocrx_word' id='word_1_693' title='bbox 760 5447 821 5498; x_wconf 85' lang='lat' dir='ltr'><strong>uon</strong></span> <span class='ocrx_word' id='word_1_694' title='bbox 847 5435 896 5495; x_wconf 92' lang='lat' dir='ltr'><strong>do·</strong></span> 
     </span>
    </p>
   </div>
   <div class='ocr_carea' id='block_1_7' title="bbox 0 0 1872 5962">
    <p class='ocr_par' dir='ltr' id='par_1_7' title="bbox 0 0 1872 5962">
     <span class='ocr_line' id='line_1_55' title="bbox 0 0 1872 5962; baseline 0 3"><span class='ocrx_word' id='word_1_695' title='bbox 0 0 1872 5962; x_wconf 95' lang='lat' dir='ltr'><strong> </strong></span> 
     </span>
    </p>
   </div>
  </div>
 </body>
</html>
