3736 5962
59 217 104 271 lbi
647 222 825 278 trotootn
844 222 908 278 SEU
929 221 1020 278 t'tttut
1042 224 1246 281 consessio.
1752 229 1784 284 li)

59 338 172 411 lingua
185 337 324 396 salutaris
343 340 496 412 turbaeque
510 341 629 399 lucerna
643 343 791 414 scholaris,
925 353 949 404 Α
964 345 1044 403 illins
1060 360 1164 402 occasu
1178 347 1296 403 taudem
1311 347 1431 405 venistis
1441 349 1478 405 ad
1491 355 1585 405 ortum

58 410 293 491 Argumentandi
308 409 435 479 solertia,
453 412 536 538 copia
554 411 646 495 laudi,
965 416 1182 498 Naufragioque
1198 417 1263 499 tulit
1278 427 1381 498 uestrae
1393 423 1467 500 ⁸ratis
1482 419 1608 501 anchora
1624 427 1750 492 portum.

58 481 116 536 Post
131 481 242 536 mundi
262 479 347 547 belia,
364 495 440 538 nora
455 482 546 555 luget
562 499 593 539 tn
603 486 709 542 aethere
723 483 814 543 stella.
965 488 1108 555 Maturus,
1120 488 1231 545 docilis.
1258 502 1334 558 ptus,
1354 498 1423 560 egit,
1440 492 1576 560 pretulit,
1591 498 1660 547 enuit

58 552 90 606 he
104 551 226 607 mundo
250 551 344 623 tragiii
360 553 415 609 sub
426 567 524 610 mense
538 564 659 613 vocatur
673 557 770 628 aprili,
1000 558 1136 626 Cursum,
1150 560 1209 630 jus.
1225 561 1341 626 caelum,
1352 568 1489 631 tempore,
1507 563 1580 633 tege,
1598 561 1662 619 ilde.

58 621 173 691 Eloquii
185 621 251 687 llos,
264 623 374 678 consilii
393 637 448 690 ros,
465 623 574 696 ingenii
593 640 650 694 cos,

57 692 262 748 Grammaticae
280 693 355 761 ions,
371 695 531 751 Rhetoricae
547 709 629 766 pons,
644 713 678 753 ac
691 698 801 771 hogicae
815 713 909 770 mons,
1362 682 1409 741 Ἦ·

58 761 405 850 Mesiaestlflrjusfstfae
420 765 481 846 diu
495 766 572 848 ”²¹⁰1
581 767 708 850 mihim&
965 791 1038 860 (Ber.
1064 790 1138 847 dotl.
1157 795 1182 846 et
1204 792 1332 846 Francis.
1361 791 1475 861 script,
1505 799 1525 847 t.
1547 792 1611 855 xit,
1635 807 1663 865 p.
1689 793 1753 862 tib,
1768 792 1812 851 Ex

57 840 209 902 tymnasu
225 834 285 902 lar,
305 835 440 904 dtsctpult
455 850 524 906 pax,
551 846 647 908 justus
658 847 686 896 et
701 854 809 897 insons.

59 903 128 960 utne
145 904 232 971 gotti,
246 906 295 961 ,oq
313 920 372 962 „011
384 907 465 974 01,qu
479 921 532 964 Μ
544 910 628 966 desiit
643 924 714 972 9350,
1129 878 1266 935 chronico
1286 878 1424 936 Richardi
1440 879 1648 948 pictaviensis.)

59 975 201 1032 Ρῐὲῑθῐίῑῑ
216 975 265 1031 ⁸⁶⁶
280 990 337 1032 ⁰⁰¹¹
353 976 448 1047 illim·
462 979 596 1037 “insilii
609 980 646 1037 ³⁶
661 994 730 1038 0⁸⁸0·
964 1003 1148 1059 summorum
1166 1002 1260 1072 major
1275 1002 1376 1059 Petrus
1391 1002 1562 1060 Abaeiardus

61 1047 170 1127 ”W
185 1045 618 1132 80³⁸Vi⁰¹⁰¹¹²01280⁰³2⁵¹ll³0s
632 1052 711 1108 ¹¹¹1ssss
721 1050 890 1136 ‚fiblissdllfl
962 1073 1081 1140 Occidit,
1096 1075 1233 1130 immanis
1245 1072 1338 1130 iactus
1353 1074 1434 1130 dolor
1448 1075 1583 1133 omnibus
1599 1088 1685 1133 uuus.

58 1115 845 1192 musciacumsupracoereumquoarexcitarant.
964 1141 1579 1215 cartianomajosuaounveteranorum.

461 1225 488 1284 v
963 1215 1022 1270 Nec
1040 1229 1117 1270 ruors
1136 1217 1310 1286 cujusquam
1327 1215 1358 1270 dt
1372 1224 1454 1272 tanta
1464 1216 1550 1271 ruina
1566 1216 1683 1274 Latinis.

128 1311 214 1382 tou·
228 1311 353 1384 ctoeo
366 1313 473 1369 attus
488 1266 659 1387 'tow-sm
674 1318 788 1390 ιιι)
963 1287 1601 1428 lcollisistirettulitretiulit?²·

60 1415 173 1473 iuciier
182 1417 332 1487 occubuit,
345 1418 443 1488 stellae,
464 1421 585 1490 radiate,
599 1422 734 1492 minores,
961 1426 1035 1482 Nam
1059 1441 1095 1483 ue
1109 1425 1187 1484 oritu
1200 1435 1283 1498 patre
1298 1426 1422 1484 Pietatis
1435 1435 1465 1484 et
1480 1427 1595 1485 Britone
1609 1435 1710 1495 matre,

60 1489 150 1559 cujus
165 1501 219 1546 ros
228 1489 331 1547 radius
342 1489 494 1549 hebetabat
508 1500 541 1550 ut
555 1492 713 1552 interiores.
961 1496 1034 1554 Cum
1068 1497 1165 1555 rancis
1175 1497 1299 1568 studuit,
1310 1498 1469 1556 monachus
1483 1498 1607 1556 moritur
1617 1498 1770 1557 cabilonis.

537 1859 802 1990 PETRI
860 1861 1333 1996 ABAELARDI

443 2080 722 2171 trunceta
778 2083 878 2172 suu
928 2086 1076 2216 stunt
1122 2087 1429 2176 cournssto

91 2436 239 2494 Universis
254 2436 389 2494 Ecclesiae
403 2444 510 2494 sanotae
525 2437 604 2494 Filiis
617 2438 719 2495 Petrus
732 2438 911 2497 Ausetanos
922 2454 960 2497 ex
974 2443 1014 2499 eis
1029 2457 1118 2509 unus,
1136 2445 1185 2500 sed
1202 2445 1231 2500 iu
1243 2444 1284 2500 eis
1300 2445 1448 2503 minimus.

91 2524 199 2581 Notum
213 2525 399 2596 proverbium
414 2533 481 2582 est:
501 2525 547 2582 Nil
567 2533 626 2583 tam
648 2525 843 2584 benedictum
864 2529 943 2599 quod
971 2542 1031 2584 non
1048 2527 1136 2597 possit
1154 2527 1325 2598 depravari3
1341 2535 1378 2597 et,
1394 2537 1428 2586 ιιι
1447 2529 1549 2588 beatus
1570 2532 1700 2591 meminit
1714 2534 1810 2593 Hiero

61 2627 180 2682 nymus:
199 2634 209 2662 ι
231 2613 284 2680 Qui
313 2613 419 2670 multos
440 2613 541 2671 scribit
563 2613 661 2680 libros,
682 2615 791 2672 mullos
816 2616 905 2672 sumit
930 2615 1054 2688 jndices.
1081 2614 1140 2684 Ego
1168 2628 1297 2684 quoque,
1313 2629 1381 2671 curn
1401 2629 1495 2686 pauca
1509 2619 1683 2690 scripserim,
1706 2631 1807 2691 parra,

61 2701 161 2768 rei,ad
177 2701 422 2773 comparationem
440 2702 574 2771 aliorum,
588 2702 678 2769 nulla,
699 2703 931 2774 reprehensionis
960 2709 1057 2760 notam
1083 2701 1212 2771 effugere
1235 2713 1293 2756 non
1321 2701 1424 2771 potui:
1449 2718 1516 2760 curn
1540 2705 1679 2762 tamenin
1703 2704 1809 2775 his,de

59 2789 165 2859 quihus
179 2791 309 2861 graviter
321 2804 452 2859 accusor,
469 2790 580 2848 nuliam
609 2790 692 2862 (sciat
727 2790 834 2863 Densi)
865 2806 956 2849 meam
985 2802 1158 2862 cognoscant
1181 2789 1308 2858 cuipam,
1338 2802 1400 2855 nec,
1421 2790 1445 2846 si
1460 2805 1520 2862 qua
1535 2791 1631 2858 luerit,
1648 2793 1807 2863 procaciter

58 2878 219 2935 octennem.
235 2878 340 2950 Scripsi
355 2878 428 2936 torte
449 2879 499 2951 [ol.
519 2877 660 2952 tortassis]
689 2878 789 2952 aliqua
817 2894 869 2952 per
883 2893 1022 2949 errorem,
1046 2891 1112 2949 quae
1127 2891 1186 2933 non
1213 2878 1361 2948 oportuit;
1381 2878 1430 2935 sed
1455 2880 1544 2937 ileum
1569 2887 1667 2937 testem
1686 2880 1805 2953 stjudi·

57 2981 114 3025 cem
136 2967 168 3024 in
187 2967 316 3025 animam
337 2980 431 3024 meam
446 2967 558 3036 invoco,
578 2967 650 3039 quia
676 2969 706 3025 in
732 2969 778 3026 his
801 2967 959 3042 dequibus
981 2979 1102 3024 accusor
1123 2964 1163 3021 nii
1183 2979 1234 3035 per
1248 2964 1386 3022 maiitiam
1409 2974 1461 3023 aut
1476 2981 1527 3038 per
1541 2968 1710 3039 superbinm
1732 2982 1808 3040 prae·

56 3056 176 3126 sumpsi.
191 3055 281 3112 hiolta
295 3056 327 3112 in
340 3055 446 3112 scholis
462 3055 560 3112 inultis
576 3055 691 3112 locutus
704 3069 780 3124 sum,
796 3070 850 3113 nec
872 3069 1004 3127 unquam
1025 3068 1119 3125 aquas
1146 3053 1280 3119 iurtivas,
1299 3054 1342 3110 vel
1370 3067 1474 3125 panem
1495 3056 1696 3115 absconditum
1712 3056 1805 3116 habui

56 3159 116 3201 toea
131 3144 277 3201 doctrina.
297 3143 396 3201 Palam
411 3143 525 3201 locotus
544 3144 662 3201 suntad
683 3145 902 3202 aediticationem
916 3145 982 3203 iidei
1001 3144 1202 3208 sicomorum,
1218 3142 1297 3213 qnod
1325 3143 1397 3200 mihi
1419 3145 1538 3202 salubre
1565 3146 1661 3203 risum
1680 3146 1754 3215 iult3
1777 3152 1807 3205 ei

56 3246 244 3303 quaecunque
265 3232 379 3304 scripsi,
406 3231 529 3290 libenter
552 3232 689 3289 omnibns
712 3233 844 3304 exposui,
874 3242 907 3291 ιιι
933 3248 983 3291 eos
1004 3232 1127 3304 judices,
1143 3245 1201 3286 non
1214 3230 1371 3302 discipulos
1385 3231 1532 3290 baberent.
1548 3234 1630 3300 Quod
1654 3234 1805 3306 simplam

56 3337 102 3391 per
112 3321 335 3392 multiloquium
350 3321 470 3387 excessi,
487 3328 520 3378 ut
539 3321 754 3391 scriptumest:
781 3344 796 3371 «
812 3323 846 3379 in
865 3321 1050 3393 multiloquio
1064 3334 1122 3376 non
1136 3318 1256 3390 ettugies
1282 3327 1432 3390 peccatum
1459 3321 1549 3392 (Proo.
1579 3336 1610 3391 1,
1630 3323 1683 3394 ιι),
1701 3344 1713 3373 ›
1729 3337 1808 3381 non·

55 3425 144 3482 quam
164 3412 334 3482 importuna
366 3410 492 3469 defensio
514 3424 559 3467 me
581 3410 674 3466 effecit
700 3411 877 3479 baereticum,
903 3418 1024 3483 paratus
1046 3421 1159 3479 semper
1172 3410 1209 3464 ad
1238 3408 1461 3467 satisiactionem
1484 3411 1519 3468 de
1541 3411 1615 3469 maie
1634 3411 1717 3470 dictis
1734 3411 1807 3469 meis

55 3499 245 3571 corrigendis,
265 3499 325 3556 sire
338 3498 466 3556 delendis
481 3498 528 3555 :in
544 3514 603 3571 quo
618 3506 694 3556 certe
710 3500 855 3570 proposito
882 3513 976 3570 usque
995 3498 1025 3554 in
1041 3498 1126 3553 tinem
1143 3496 1340 3567 perseverabo.
1366 3497 1418 3554 Sed
1431 3499 1506 3556 sicut
1532 3514 1629 3557 meum
1651 3514 1693 3564 est
1717 3500 1805 3558 maie·

54 3588 130 3644 dieta
144 3601 219 3653 mea,
235 3588 331 3658 siqua
357 3587 426 3654 sint,
440 3586 514 3657 velle
533 3587 688 3657 corrigere,
703 3587 746 3643 sio
770 3587 893 3644 crimina
919 3587 990 3643 mihi
1007 3600 1065 3642 non
1093 3593 1168 3642 recte
1190 3585 1295 3655 injecta
1310 3599 1355 3642 me
1376 3587 1546 3657 propulsare
1573 3589 1717 3646 convenit.
1733 3588 1807 3648 Cum

52 3677 131 3732 enim
142 3675 220 3732 dicat
235 3675 337 3733 beattm
351 3677 558 3747 Augustinus:
581 3675 713 3732 Crudelis
730 3675 844 3749 estqui
863 3675 970 3731 lamam
985 3687 1069 3729 suam
1082 3672 1203 3744 negligit
1217 3673 1265 3744 (ι’)
1296 3694 1321 3733 ».
1344 3686 1388 3741 ao,
1411 3674 1499 3744 juxta
1516 3674 1654 3744 Tullium,
1681 3699 1693 3727 ι
1717 3677 1808 3735 Taci-

53 3765 182 3823 turnitas
196 3764 327 3822 imitatur
342 3763 548 3823 consessionem
574 3781 615 3832 3»
632 3778 698 3834 qum
721 3763 828 3833 scripta
847 3771 916 3820 sunt
934 3769 1035 3819 contra
1063 3775 1108 3817 me
1132 3760 1267 3831 capitulis
1290 3775 1407 3833 aequum
1428 3763 1501 3820 duxi
1513 3764 1696 3836 respondere,
1729 3766 1808 3823 vide·

53 3854 118 3909 ticet
133 3852 245 3909 ratione
257 3859 382 3918 serrata,
399 3866 459 3925 qua
471 3860 573 3909 contra
588 3852 792 3923 derogantium
814 3851 930 3923 linguas
940 3851 1043 3908 beatus
1060 3848 1217 3919 Gregorius
1235 3848 1332 3905 tideles
1348 3849 1393 3905 his
1407 3850 1525 3907 instruit
1540 3852 1635 3909 verbis
1652 3868 1660 3908 ε
1676 3874 1692 3904 c
1712 3853 1808 3911 Scien-

52 3942 124 3999 dum
156 3948 200 3998 est
215 3940 285 4012 quia
303 3941 420 4012 linguas
440 3939 657 3997 detrahentium
679 3940 755 3997 siout
778 3949 877 3998 nostro
900 3939 997 3997 studio
1022 3951 1080 3994 non
1110 3937 1250 3992 debemus
1276 3937 1415 4006 excitare,
1432 3950 1468 3993 ne
1484 3937 1536 4008 ipsi
1553 3948 1681 4008 pereant,
1701 3939 1742 3998 ita
1757 3953 1810 4012 per

52 4044 138 4087 suant
156 4029 298 4086 malitiam
321 4028 462 4086 excitatas
486 4027 625 4085 debemus
652 4027 856 4099 equanimiter
873 4028 1005 4095 tolerare,
1036 4033 1068 4082 ut
1096 4024 1180 4082 nobis
1200 4024 1336 4081 meritum
1355 4033 1486 4082 crescat:
1520 4026 1681 4099 aliquando
1710 4037 1809 4086 autem

53 4121 142 4177 etiam
156 4131 345 4190 compescere,
369 4131 406 4174 ne
419 4117 491 4174 dum
516 4118 552 4173 de
571 4116 656 4174 nobis
679 4116 756 4174 mala
780 4117 982 4183 disseminant,
1001 4127 1103 4172 eorum
1123 4113 1174 4185 qui
1191 4106 1297 4170 audire
1318 4127 1371 4171 nos
1394 4113 1430 4170 ad
1449 4114 1525 4171 bona
1555 4124 1697 4188 poterant,
1722 4117 1811 4176 eorda

54 4207 254 4265 innocentium
267 4212 468 4275 corrumpant.
485 4204 698 4276 albingnoscat
711 4218 781 4276 ergo
795 4202 1062 4263 iraternacharitas
1077 4215 1123 4259 me
1137 4200 1374 4272 qualemcunque
1392 4201 1485 4258 illium
1500 4202 1643 4273 Ecclesiae,
1665 4218 1732 4264 oum
1747 4204 1811 4277 ipsa

53 4298 167 4368 integre
185 4299 291 4353 cuneta
310 4307 378 4366 qnae
404 4292 513 4364 recipit,
528 4293 670 4364 recipere;
687 4302 792 4351 cuncta
812 4308 878 4365 quae
906 4291 1026 4363 respuit,
1050 4303 1208 4360 respuere:
1229 4303 1283 4346 nec
1296 4304 1342 4347 me
1369 4304 1501 4362 unquam
1526 4293 1664 4351 unionem
1674 4293 1742 4352 ttdet
1752 4295 1811 4354 sei·

53 4385 143 4449 disse
157 4382 294 4454 quamvis
306 4381 402 4452 impar
415 4381 526 4438 ceteris
546 4395 660 4438 morum
677 4381 826 4454 quailtate.

89 4471 173 4540 Quod
188 4471 279 4544 igitur
301 4469 372 4527 mihi
392 4469 437 4527 vel
457 4483 508 4540 per
522 4469 663 4525 malitiam
682 4468 850 4538 impositum
873 4465 1009 4539 estquod
1025 4464 1202 4536 scripserim,
1218 4484 1233 4516 ‹
1259 4464 1333 4532 Quia
1351 4465 1436 4523 Pater
1459 4467 1545 4539 piena
1557 4469 1697 4542 potentia,
1722 4468 1776 4527 Fili

56 4560 194 4632 quadam
221 4559 358 4630 potentia,
376 4556 498 4630 Spiritus
520 4565 640 4614 sanctus
654 4557 736 4614 nulla
749 4557 886 4628 potentia,
902 4577 917 4605 ι
943 4556 1005 4613 haec
1025 4569 1080 4627 ego
1099 4555 1190 4611 verba
1213 4568 1272 4611 non
1288 4563 1346 4611 tam
1362 4554 1498 4613 haeretica
1517 4572 1630 4628 quanm
1653 4557 1810 4634 diabolica,

54 4652 133 4707 sicut
144 4647 339 4720 justissimum
359 4654 402 4704 est
427 4646 580 4712 abhorreo,
596 4647 730 4711 detestor,
751 4653 780 4702 et
792 4658 827 4701 ea
849 4658 917 4702 cum
931 4657 985 4701 suo
1008 4650 1125 4698 auctore
1139 4643 1249 4713 pariter
1273 4641 1391 4699 damno.
1414 4642 1485 4710 Qum
1500 4644 1525 4701 si
1545 4646 1613 4716 quis
1631 4646 1662 4701 in
1681 4644 1752 4702 meis
1766 4658 1809 4724 re,

56 4745 151 4810 portat
164 4736 288 4808 scriptis,
300 4749 360 4793 non
378 4735 472 4792 solum
486 4748 532 4791 me
544 4733 723 4800 haereticum,
737 4732 942 4790 verumetiam
961 4730 1183 4788 heresiarcham
1199 4729 1343 4800 profiteor.

90 4826 166 4883 Tam
185 4825 291 4882 Filium
314 4836 404 4894 qoam
420 4821 560 4893 Spiritum
582 4829 716 4878 sanctum
738 4835 776 4878 cx
797 4822 879 4879 Patre
903 4819 1039 4892 profiteor
1057 4832 1127 4884 esse,
1154 4826 1186 4876 ut
1209 4819 1340 4902 ejusdem
1359 4818 1420 4877 siut
1442 4833 1509 4876 oum
1536 4818 1620 4877 Patre
1641 4819 1811 4879 substantiae

54 4913 188 4986 ejusdem
212 4911 326 4983 penitus
348 4908 506 4968 voluntatis
531 4915 620 4980 atque
644 4908 791 4979 potentiam
817 4923 883 4979 quae
908 4921 1035 4981 quorum
1058 4906 1176 4963 omnino
1192 4910 1292 4963 eadem
1319 4908 1485 4965 substantia
1503 4908 1549 4966 rel
1576 4911 1711 4980 essentia,
1728 4910 1811 4969 nulla

57 5009 152 5073 potest
165 5014 226 5057 esso
244 4997 291 5056 vei
314 4996 474 5055 voluntatis
497 4995 659 5064 diversitas,
674 4995 720 5053 vel
744 4998 876 5067 potentia
896 4997 1089 5069 inaequalitas.
1109 4996 1246 5068 Quisquis
1268 4997 1355 5054 etiam
1376 5010 1422 5053 me
1445 4997 1591 5068 scripsisse
1610 5001 1712 5058 asserit
1732 5000 1812 5072 qood

56 5090 92 5146 de
104 5087 270 5146 substantia
283 5085 377 5142 Patris
391 5083 518 5155 Spiritus
535 5090 654 5140 sanctus
668 5083 755 5140 ettam
769 5095 827 5139 non
841 5081 888 5147 sit,
910 5085 1027 5142 matitia
1040 5084 1068 5141 id
1088 5085 1133 5142 vel
1150 5085 1325 5156 ignorantia
1338 5083 1473 5141 maximae
1490 5085 1555 5143 luit.

93 5177 198 5233 Solum
215 5175 319 5232 Filium
336 5172 387 5229 Dei
400 5171 584 5229 incarnatum
600 5170 746 5242 proiiteor,
761 5176 795 5228 ut
809 5184 861 5227 nos
875 5184 892 5226 a
906 5173 1046 5231 servitute
1063 5172 1168 5243 peccati
1184 5181 1212 5230 et
1233 5186 1250 5228 a
1263 5173 1336 5242 jugo
1352 5172 1459 5229 diaboli
1473 5173 1617 5245 liberaret,
1633 5183 1661 5234 et
1677 5191 1812 5251 superum

57 5266 174 5323 aditum
191 5262 257 5319 riiae
271 5268 363 5319 morte
376 5274 430 5317 sua
448 5259 533 5316 nobis
546 5265 698 5315 reseraret.

94 5354 136 5424 (5)
158 5356 233 5423 Aug.
248 5364 334 5407 serm.
349 5346 559 5417 amaricatus
579 5349 608 5403 in
624 5360 729 5404 eremo.

95 5443 138 5514 qd)
160 5441 246 5498 Hom.
263 5443 290 5508 9,
307 5438 358 5496 lib.
373 5436 621 5507 respectabant.

244 5531 379 5598 Parnoi..
404 5526 599 5598 ctttxtttt.
