3736 5962
51 117 90 170 lli
454 109 457 113 ’
580 112 690 170 estst’.
709 113 734 183 l,
752 112 817 168 SEU
837 111 1005 168 HISTORIA
1023 111 1282 171 cahaultawll.
1750 110 1801 173 l2²

52 251 187 307 esurus,
212 237 264 310 qni
294 235 389 294 locum
421 245 615 309 occupaverat
651 245 795 295 nostrum.
831 236 893 304 Quo
908 240 932 291 ι
947 236 1047 303 nostri,
1064 244 1122 295 tam
1145 251 1214 294 cuni
1229 237 1289 308 ipso
1303 250 1393 309 quam
1413 251 1481 295 cnm
1496 237 1647 308 discipulis
1660 239 1725 311 ejus
1742 239 1800 299 ha-

54 330 148 396 indito,
170 327 310 399 magister
328 332 426 384 noster
447 326 545 383 statim
565 327 601 383 ad
618 326 721 383 urbem
742 325 894 397 impuden-
953 325 1080 394 buerint,
1094 334 1121 383 et
1135 341 1209 398 quos
1229 327 1346 384 lortuna
1366 335 1489 385 eventus
1511 327 1542 383 in
1558 327 1604 384 his
1618 326 1700 385 bellis
1714 329 1800 387 dede·

51 430 83 477 ter
101 416 235 484 rediens,
257 414 370 473 scholas
394 429 469 486 quas
495 422 565 473 tunc
588 415 696 473 hahere
719 424 841 487 poterat,
867 421 897 471 et
950 413 989 469 rit
1003 415 1118 484 nostris,
1135 416 1192 472 imo
1207 414 1279 473 mihi
1299 417 1352 488 ipsi
1375 417 1471 483 ineis,
1488 423 1648 489 tenueque
1666 430 1712 475 res
1737 418 1801 491 ipsa

51 505 279 564 ιιιιιιιιιιιιι
294 503 419 561 tratrem
434 503 471 560 ad
487 503 646 576 pristinum
655 504 773 562 reduxit
792 517 896 561 mona·
948 502 1123 573 jamdudum
1147 504 1271 561 edocuit.
1296 505 1372 563 illud
1398 519 1468 564 vero
1488 505 1585 577 iliacis
1597 514 1625 564 et
1642 513 1802 579 emperan-

51 594 173 660 serium,
195 593 281 664 quasi
296 590 416 648 militem
435 606 535 661 suum,
556 606 644 664 quem
664 592 829 650 deseruerat
843 592 895 663 [ol.
953 590 1137 663 tiusloqnar,
1156 599 1184 650 ct
1198 594 1335 651 audacter
1349 595 1504 666 proleram.

50 683 215 756 ιιιιιιιιιιι,
235 681 272 739 ah
286 680 433 739 obsidione
448 688 548 738 nostra
568 681 755 739 liberaturus.
772 680 894 748 Verum,
1309 721 1434 740 .....
1454 686 1480 741 si
1494 685 1620 740 liuentis
1634 684 1728 754 hujus.

49 787 103 831 mm
124 772 174 830 illi
203 772 335 843 prodesse
357 771 527 840 intenderet,
552 771 679 828 maxime
706 769 817 827 nocuit.
844 769 896 826 Ille
1075 769 1410 842 Fortunompugee,non
1423 777 1639 844 sumsuperotus
1654 773 1690 829 ub
1704 772 1763 829 illo.

49 861 152 934 quippe
171 867 260 916 antea
282 858 396 930 aliquos
419 857 544 916 habehat
564 859 785 931 qualescunque
808 855 895 913 disci·
1281 860 1376 932 (Orio.
1398 861 1524 930 Meton,
1539 875 1600 930 ιιιι,
1617 860 1675 933 ιι.)

50 947 135 1019 pulos,
156 947 285 1005 maxime
314 953 430 1017 propter
451 945 601 1003 lectionem
624 946 653 1003 in
682 959 744 1017 qua
765 945 897 1017 [propter
951 943 1032 1012 Quod
1049 944 1073 1003 si
1087 961 1141 1019 ego
1163 954 1298 1017 tacerem,
1324 963 1370 1006 res
1390 948 1454 1019 ipsa
1476 948 1592 1018 clamat,
1611 957 1639 1006 et
1653 949 1745 1021 ipsius
1758 951 1800 1009 rei

48 1037 179 1094 bellonas
218 1035 366 1101 Prisciani,
398 1034 429 1090 in
461 1034 582 1106 quihus]
612 1034 773 1106 plurimum
799 1033 896 1090 valere
952 1034 1020 1090 linis
1034 1035 1149 1093 indicat.
1174 1038 1250 1094 huni
1264 1051 1333 1094 vero
1358 1036 1420 1094 baec
1441 1048 1598 1110 agerentur
1612 1039 1669 1111 (lb)
1687 1038 1802 1097 charis·

48 1125 227 1184 nedebatur.
242 1123 398 1195 Postquam
417 1130 515 1180 autem
530 1123 669 1195 magister
688 1122 817 1190 advenit,
835 1135 896 1179 om·
952 1123 1026 1179 sima
1042 1123 1113 1181 mibi
1127 1133 1220 1183 mater
1232 1126 1321 1183 Lucia
1337 1127 1495 1197 repatriare
1508 1125 1801 1198 recompensem

47 1229 89 1273 nes
118 1213 243 1285 penitus
269 1211 376 1279 amisit,
403 1214 492 1269 etsie
517 1226 536 1269 a
564 1211 706 1284 regimine
730 1210 897 1269 scholarum
952 1211 1085 1270 videlicet
1112 1223 1176 1285 post
1198 1215 1414 1272 conversionem
1445 1215 1612 1287 berengarii
1637 1215 1729 1287 patrie
1745 1215 1802 1275 mei

47 1317 157 1361 cesare
181 1301 351 1372 compulsus
373 1309 425 1358 est.
450 1301 507 1359 Nec
536 1309 598 1372 post
622 1299 749 1358 multum
771 1308 896 1370 tenipus,
953 1300 990 1356 ad
1010 1302 1213 1373 proiessionem
1233 1305 1433 1375 monasticam,
1457 1306 1532 1362 idem
1552 1306 1644 1363 lacere
1663 1304 1801 1377 depom-

47 1391 129 1464 qnasi
150 1393 216 1464 jam
243 1389 366 1447 ulterius
383 1389 419 1447 de
440 1389 591 1447 mundana
618 1389 775 1461 desperans
793 1387 896 1460 gloria,
953 1387 1012 1444 bat.
1043 1391 1104 1454 Quo
1135 1393 1285 1463 completo,
1320 1407 1455 1452 resersus
1482 1408 1546 1451 suni
1577 1395 1607 1452 in
1636 1392 1800 1462 manciani,

46 1483 102 1553 ipse
114 1493 240 1552 qnoque
263 1478 300 1535 dd
320 1477 508 1535 monasticam
523 1491 682 1535 conversos
700 1478 750 1549 [ol.
765 1474 896 1545 compul·
954 1477 1081 1534 maxime
1095 1487 1126 1537 ut
1147 1481 1183 1537 de
1205 1481 1357 1539 divinitate
1377 1483 1565 1550 addiscerem,
1584 1482 1703 1554 qnando
1716 1481 1802 1553 [uno-

46 1570 104 1643 sns]
125 1576 173 1626 est
201 1566 300 1625 vitam.
325 1566 391 1624 Post
410 1567 534 1624 reditum
558 1581 627 1624 vero
648 1567 780 1639 magistri
806 1562 897 1622 nostri
914 1580 935 1634 g
953 1563 1046 1637 niam]
1061 1566 1122 1638 jam
1150 1569 1304 1640 seperatus
1326 1571 1465 1643 magister
1489 1578 1586 1627 noster
1603 1569 1659 1642 (ιθ)
1678 1567 1802 1627 Gulllel-

46 1660 77 1715 ad
92 1658 212 1726 urbem,
233 1669 307 1729 quos
325 1654 478 1713 condictus
496 1656 725 1727 disputationum
750 1652 895 1713 scholares
948 1666 1016 1710 mus
1030 1654 1060 1712 in
1083 1655 1280 1729 episcopatum
1303 1658 1509 1716 catalaunensi
1533 1658 1668 1730 pollebat.
1688 1658 1722 1715 lu
1740 1657 1798 1715 hac

626 1797 787 1856 aNuRsAE
804 1794 1033 1866 poeticarum
1051 1798 1167 1857 NOTAE.

47 1915 168 1990 putenm
194 1914 341 1986 negotium
365 1912 533 1996 subiturus;
560 1913 715 1986 indignum
739 1912 900 1992 essedon-
953 1912 1108 1985 indignum
1129 1916 1266 1988 iudicans
1286 1932 1303 1973 a
1325 1918 1441 1975 doctore
1462 1920 1543 1975 uoto
1566 1915 1679 1974 tantillo
1698 1915 1800 1988 juveni

47 1997 135 2057 taxat,
169 1988 249 2057 apud
288 1992 328 2042 tot
358 1993 501 2054 sapientes
535 1985 701 2056 hujusmodi
736 1995 899 2041 neniarum
953 1986 1130 2054 responderi.
1156 1989 1308 2046 indicabat
1331 1989 1492 2046 secundum
1508 1988 1620 2055 taciem,
1642 2002 1709 2059 qne
1730 2001 1800 2057 pro·

47 2061 187 2117 dictorem
220 2068 278 2112 non
302 2055 409 2112 hahere
439 2055 689 2121 contradictorem,
718 2056 813 2112 taliter
844 2053 899 2110 oh·
953 2057 1070 2112 ceritatc
1092 2058 1148 2114 sibi
1170 2058 1393 2130 contemptibilis
1409 2060 1585 2129 apparebat;
1601 2058 1650 2114 sed
1669 2070 1799 2128 corper-

46 2132 202 2188 latrantem
229 2127 332 2184 haculo
360 2140 418 2183 non
447 2127 539 2183 areeri
563 2126 706 2184 veritatis:
733 2127 818 2196 plura
846 2126 896 2181 ad·
952 2125 1104 2194 spicaeiter
1120 2128 1208 2185 intelli
1231 2144 1283 2186 ens
1298 2144 1355 2187 non
1375 2130 1548 2186 attendebat.
1570 2130 1641 2185 Cum
1656 2136 1753 2186 antem
1772 2129 1800 2185 ei

48 2204 239 2259 inventurum
259 2207 288 2255 et
307 2197 426 2253 liberius
447 2197 695 2280 declamaturum,
713 2198 737 2253 si
764 2196 898 2253 infaustis
953 2197 1128 2254 diceretura
1150 2144 1327 2257 scholasticis
1348 2203 1419 2268 suis,
1444 2203 1496 2271 qni
1512 2199 1705 2271 juvenculum
1727 2199 1800 2256 satia

47 2273 147 2343 ceptis
180 2269 353 2340 redargutor
385 2267 530 2325 defuisset.
556 2268 630 2336 Quia
659 2274 747 2340 igitur
780 2280 899 2324 venera·
953 2276 1103 2334 noverant,
1131 2277 1164 2327 ut
1184 2284 1241 2327 non
1260 2272 1401 2328 omitteret
1429 2272 1613 2342 respondere
1629 2283 1690 2327 esse
1715 2267 1801 2327 illuni

48 2344 111 2401 bilis
141 2340 310 2398 adolescens
336 2338 480 2396 Gosvinus
506 2338 631 2396 elllcacis
655 2345 717 2395 erat
743 2338 897 2404 lacundiae,
952 2337 1158 2409 disputatorem
1176 2350 1305 2407 acutum,
1321 2349 1349 2398 et
1364 2341 1488 2399 multum
1505 2343 1531 2397 ei
1554 2340 1680 2398 scientie
1694 2338 1801 2397 sullra·

49 2416 120 2472 sieut
134 2411 248 2484 ingenii
273 2408 453 2480 perspicacis,
478 2417 511 2467 ut
530 2424 598 2467 enm
617 2423 652 2466 su
673 2423 705 2465 er
726 2410 815 2481 nugis
829 2409 897 2465 tali·
953 2410 1031 2480 gari;
1048 2424 1106 2467 non
1127 2425 1189 2469 esse
1203 2412 1338 2469 indecens
1360 2427 1426 2469 cum
1449 2412 1591 2495 ejusmodi
1617 2411 1677 2482 (ciel
1700 2409 1800 2468 subire

51 2487 100 2544 bus
122 2482 296 2540 conveniret
316 2487 490 2562 suaserunt;
512 2482 591 2551 quod
619 2424 734 2537 difficile
758 2493 815 2535 nou
843 2479 897 2536 luit
953 2480 1100 2549 negotium
1125 2483 1302 2553 disputandi,
1331 2482 1596 2540 indecentissimum
1623 2495 1685 2540 esse
1711 2481 1798 2539 talem

51 2558 84 2613 ini
121 2562 204 2611 trare
229 2569 237 2607 ι
261 2551 391 2609 lervebat
413 2565 493 2608 enim
519 2552 705 2608 vehementer
731 2550 767 2607 ad
794 2550 848 2607 hoc
869 2557 897 2606 et
952 2550 1075 2607 ulterius
1088 2555 1257 2621 aspernari:
1276 2575 1287 2603 ‹
1306 2554 1395 2619 llicat,
1412 2554 1540 2625 »innuis
1556 2571 1571 2605 ι
1587 2553 1612 2609 ιι
1626 2552 1698 2624 quid
1713 2552 1800 2611 habet

50 2642 83 2685 an
121 2625 216 2692 labat,
243 2629 272 2679 et
298 2622 441 2679 volentem
473 2622 652 2679 laborasset
679 2620 819 2688 inhibere,
841 2620 896 2677 nisi
953 2621 1192 2678 addicendum.»
1219 2624 1275 2689 llle,
1299 2624 1411 2680 dicendi
1435 2634 1521 2681 nacta
1540 2623 1688 2692 iacultate,
1700 2636 1737 2680 ex
1756 2622 1801 2679 his

51 2694 284 2768 presumptionis
309 2697 407 2749 notam
437 2693 585 2750 incurrere
604 2691 780 2749 lormidaret.
806 2690 895 2758 blagi-
952 2690 1030 2747 unde
1056 2693 1228 2750 movebatur
1251 2694 1473 2764 propositionem
1498 2694 1566 2750 iacit
1591 2695 1662 2750 adeo
1685 2706 1800 2765 compe·

49 2778 102 2826 ster
124 2772 227 2823 antem
248 2762 380 2820 loslenns
400 2763 453 2834 qui
475 2774 574 2834 postea
594 2763 826 2821 suessionensem
849 2776 897 2818 re-
952 2768 1068 2826 tentem,
1091 2771 1123 2818 nt
1146 2763 1314 2820 nullatenus
1331 2764 1422 2820 levem
1442 2771 1470 2820 et
1490 2763 1638 2835 garrulam
1660 2762 1801 2820 redoleret

49 2841 88 2897 xit
121 2836 304 2900 rathedram,
326 2848 393 2891 cum
423 2833 510 2891 nimis
535 2849 602 2892 eum
628 2834 769 2905 diligeret,
786 2834 815 2889 id
834 2832 895 2888 lieri
951 2832 1165 2900 verbositatem,
1192 2835 1241 2892 sed
1265 2833 1442 2891 audientiam
1461 2836 1590 2891 omnium
1614 2847 1670 2890 sua
1690 2846 1801 2890 merca·

50 2907 222 2981 prohibebat
241 2913 270 2962 et
293 2918 478 2977 congressum
508 2904 676 2978 hujusmodi
702 2903 895 2966 dissuadebat,
953 2906 1032 2959 retur
1054 2905 1205 2975 gravitate.
1240 2909 1410 2962 assumente
1433 2904 1482 2961 illo
1497 2912 1524 2961 et
1549 2904 1712 2961 alllrmante
1735 2904 1799 2967 isto.

51 2979 259 3052 «magistrum
282 2975 397 3032 Petrum
419 2995 434 3025 ι
462 2976 560 3033 dicens
583 2975 818 3044 «disputatorem
838 2988 896 3030 non
951 2982 979 3029 et
1006 2974 1251 3033 alllrmationibus
1278 2977 1342 3047 eius
1357 2975 1406 3032 illo
1422 2990 1481 3032 non
1504 2975 1617 3031 valente
1644 2974 1799 3047 reiragarls

48 3076 62 3102 »
78 3066 157 3117 esse,
172 3049 224 3106 sed
235 3045 454 3105 cavillatorem:
474 3054 503 3105 et
538 3047 583 3104 lus
596 3044 674 3102 vices
690 3057 776 3117 agere
787 3044 896 3116 jocula-
951 3058 1019 3101 cum
1034 3044 1196 3103 divertendi
1211 3047 1237 3102 ei
1255 3047 1375 3118 penitus
1393 3045 1521 3118 suffugia
1532 3045 1748 3113 clauderentur,
1763 3045 1801 3101 ab

49 3144 63 3171 ι
79 3123 157 3179 toris
164 3132 255 3191 uuam
268 3116 402 3185 doctoris,
414 3061 535 3188 etipsudl
538 3118 630 3174 instar
640 3117 772 3173 llercolis
783 3115 895 3172 clavam
954 3115 1008 3171 isto
1027 3115 1077 3185 oui
1093 3130 1151 3172 non
1174 3117 1327 3188 ignorabat
1349 3117 1414 3188 eius
1427 3118 1557 3181 astutias,
1573 3115 1688 3173 tandein
1703 3116 1802 3173 convi-

48 3216 62 3242 ι
81 3206 146 3249 ιιι
158 3189 260 3248 leviter
277 3188 414 3261 abjiceret
438 3189 659 3259 apprehensam,
673 3186 806 3243 videlieet
818 3187 897 3257 quod
914 3181 937 3240 (2
954 3193 1018 3243 ctus
1032 3193 1075 3243 est
1093 3188 1251 3244 asseruisse
1269 3201 1300 3243 se
1318 3189 1396 3258 quod
1411 3202 1469 3244 non
1485 3195 1559 3244 esset
1575 3194 1802 3244 musentaneum

48 3287 62 3313 ι
81 3262 224 3333 pertinax
238 3268 312 3316 esset
330 3259 361 3315 in
376 3272 487 3326 errore;
509 3267 537 3316 et
551 3259 629 3329 uuod
644 3257 668 3313 si
687 3256 849 3313 secundum
867 3272 898 3313 se
953 3256 1068 3313 rationi.
1094 3257 1218 3329 alligato
1246 3258 1345 3329 itaque
1373 3258 1439 3314 lorti
1464 3258 1501 3314 ab
1523 3272 1556 3314 eo
1571 3258 1622 3328 qui
1641 3257 1803 3315 intraverat

51 3346 146 3391 ‚non
170 3338 254 3396 esset,
278 3342 431 3400 nunquam
454 3329 648 3401 acquiesceret
675 3327 803 3397 veritati3
830 3342 897 3384 eum
953 3327 1072 3383 domum
1091 3328 1165 3410 ejus,
1186 3336 1214 3384 ιι
1230 3327 1419 3385 descendente
1440 3341 1473 3384 eo
1500 3328 1536 3384 de
1550 3335 1658 3395 monte,
1685 3327 1738 3399 qni
1752 3328 1802 3384 in-

51 3427 61 3454 .
83 3403 229 3474 injuriam
244 3400 298 3457 sibi
313 3400 418 3464 lacere,
434 3402 485 3471 qui
503 3407 638 3457 tentasset
650 3398 766 3455 erudire
786 3398 898 3454 deriso·
954 3396 1115 3455 dissolubili
1129 3405 1287 3455 mutantem
1302 3399 1403 3456 Protea
1417 3399 1518 3455 vultus
1536 3399 1712 3455 astrinxerat
1726 3397 1802 3456 nodo

49 3497 62 3524 i·
83 3487 168 3543 rem;
183 3471 253 3528 satis
273 3484 335 3528 esse
357 3470 499 3527 versutias
526 3470 591 3542 eius
617 3469 801 3536 intellexisse,
817 3477 845 3524 et
869 3471 899 3524 in
953 3468 1098 3537 veritatis3
1113 3483 1180 3525 cum
1202 3476 1320 3526 ventum
1345 3469 1465 3525 essetad
1480 3468 1596 3540 eosqui
1617 3468 1647 3524 in
1663 3468 1801 3526 taberna·

50 3566 63 3595 ι
82 3547 153 3616 ejus
166 3557 225 3600 non
241 3540 345 3598 abduci
361 3542 497 3599 vanitate.
513 3564 527 3592 ‚i
546 3542 612 3598 ilaeo
629 3549 657 3597 et
671 3540 777 3597 similia
791 3540 900 3596 dehor-
953 3537 1028 3595 culis
1044 3538 1225 3596 scholaribus
1249 3539 1365 3596 inerant
1391 3540 1502 3604 ιιιιοιι,
1519 3540 1548 3595 ιι
1569 3552 1654 3596 voces
1672 3537 1801 3597 exsulta·

48 3614 152 3672 tationi
181 3612 392 3672 subservientia
424 3613 512 3669 verba
541 3613 643 3669 doctus
672 3617 700 3667 et
726 3610 825 3666 doctor
852 3610 900 3665 ille
955 3611 1041 3666 tionis
1066 3617 1095 3666 et
1118 3610 1221 3667 letitiae
1250 3619 1457 3737 proruperunt,
1480 3623 1514 3666 eo
1542 3610 1620 3681 quod
1651 3609 1804 3667 humiliata

48 3683 243 3756 deprimebat,
272 3683 379 3766 qnippe
410 3683 458 3740 oui
484 3681 686 3755 suppeditabat
709 3679 846 3737 ladnndia
872 3687 900 3736 et
953 3690 1027 3736 esset
1049 3682 1140 3738 turris
1159 3694 1249 3752 super
1271 3683 1315 3750 ia,
1331 3694 1434 3737 murus
1451 3678 1616 3750 pertinacia
1636 3680 1801 3748 corruisaet,

51 3756 128 3814 uber
140 3768 217 3812 vena
236 3754 391 3825 sapientie,
408 3767 585 3825 quocunque
603 3753 739 3810 voluisset
751 3749 900 3822 eloquium
955 3750 1100 3807 deiecisset
1114 3752 1300 3808 subsannans
1325 3752 1471 3816 lsraelem,
1491 3753 1615 3807 contrita
1634 3758 1708 3807 ιιιιι
1726 3750 1803 3808 nial·

50 3827 196 3885 derivare.
212 3825 266 3882 Sed
282 3824 427 3882 dossinus
442 3825 613 3881 monitiones
631 3830 658 3880 ιι
673 3823 800 3879 rationes
822 3821 901 3878 illius
954 3821 1070 3878 leatoris
1085 3821 1168 3878 incus
1185 3829 1213 3878 et
1239 3822 1361 3878 malleus
1384 3821 1534 3878 mendacia
1549 3821 1734 3887 lubricantes,
1748 3822 1803 3877 de·

50 3913 113 3955 non
136 3897 298 3962 attendens,
316 3893 381 3952 licet
396 3895 467 3951 alias
485 3909 553 3951 eum
569 3894 693 3950 multum
708 3900 900 3957 revereretur,
955 3900 1065 3948 structa
1079 3892 1205 3963 deniuue
1220 3901 1293 3948 esset
1316 3892 1451 3948 machina
1465 3890 1612 3953 falsitatis,-
1625 3900 1653 3947 et
1669 3890 1723 3947 hoc
1745 3903 1804 3947 non

50 3983 105 4025 nec
120 3966 307 4025 considerans
323 3981 353 4024 se
375 3965 496 4022 tironem
518 3966 615 4022 adhuc
639 3967 687 4021 vix
706 3965 901 4036 juvenescen-
954 3963 986 4019 iu
1005 3962 1191 4019 multitudine
1212 3963 1306 4031 gravi,
1331 3976 1390 4018 non
1411 3961 1531 4019 auxiliis
1550 3961 1709 4018 lorinsecus
1723 3973 1805 4016 men·

51 4046 126 4104 ιιιι,
145 4037 319 4109 magistrum
351 4045 446 4094 antem
478 4037 559 4093 illum
589 4036 685 4093 virum
703 4049 764 4092 esse
785 4034 902 4091 bellico·
955 4033 1066 4100 dicatis,
1100 4046 1160 4090 non
1196 4033 1403 4102 sophismatum
1436 4030 1635 4103 praemeditata
1661 4029 1803 4095 versutia,

51 4110 202 4167 eissirnum
225 4115 252 4164 et
278 4107 404 4164 victoriis
430 4117 590 4172 assuetum,
620 4107 776 4176 assumptis
806 4105 901 4162 socio·
956 4118 1014 4160 non
1037 4104 1267 4161 extraordinaria
1290 4103 1496 4175 comprimente
1516 4102 1686 4158 auctoritate
1710 4114 1805 4172 perso-

50 4194 122 4237 rnm
145 4177 315 4249 aliquantis,
342 4178 470 4235 ascendit
489 4178 520 4233 in
537 4185 661 4234 montem
678 4177 789 4233 Sancte
807 4176 900 4233 Geno-
956 4174 1030 4241 nali;
1060 4176 1109 4232 sed
1136 4177 1173 4231 ab
1201 4175 1315 4242 humili,
1344 4173 1497 4241 constanti,
1528 4173 1641 4230 erudito
1664 4171 1805 4231 etvalido

51 4250 136 4314 selae,
154 4250 237 4321 qnasi
263 4249 354 4305 bavid
369 4263 434 4306 cum
449 4247 561 4304 Goliath
583 4247 679 4304 duello
701 4246 900 4311 condicturus,
956 4247 1085 4302 veritatis
1104 4254 1251 4302 assertore.
1271 4247 1357 4316 (Eoir.
1378 4244 1477 4316 Pars.)

51 4323 106 4403 qui
122 4321 183 4377 illic
197 4319 380 4377 auditoribus
396 4319 458 4375 suis
472 4319 561 4375 miras
576 4325 603 4374 et
624 4317 771 4374 inauditas
788 4326 902 4374 sentem
992 4317 1049 4387 (ill)
1071 4317 1240 4374 chorbsimo
1260 4317 1329 4371 milii·
1360 4321 1448 4371 muter
1466 4331 1526 4371 meo
1541 4315 1672 4371 Lucio...
1696 4344 1732 4357 -
1749 4314 1805 4371 Ka·

50 4401 119 4459 tias,
135 4391 220 4464 qnasi
234 4389 395 4463 phalanges
407 4402 477 4446 sane
495 4389 668 4460 sapientium
683 4388 900 4456 subsannando,
957 4386 1119 4444 lendnrium
1135 4387 1334 4444 Paracleteiiso
1349 4401 1356 4440 :
1374 4404 1389 4438 ii
1412 4400 1461 4442 ιιι
1475 4385 1537 4441 ital.
1553 4384 1719 4442 novembris
1732 4384 1803 4442 obiit

50 4462 218 4521 detonabat.
915 4485 940 4542 ῃ
956 4459 1046 4515 Lucia
1060 4465 1152 4515 mater
1168 4458 1299 4530 magistri
1319 4457 1409 4513 nostri
1424 4457 1509 4513 Petri.
1527 4477 1538 4505 ι

85 4532 162 4591 Cum
184 4531 309 4589 ιιιιιιιιι
329 4530 420 4614 igitur
442 4530 479 4587 ad
494 4530 590 4587 locum
614 4528 791 4596 certaminis,
815 4529 901 4586 idest
991 4528 1048 4599 (ab)
1078 4529 1237 4586 duittetmus
1255 4532 1284 4582 ιιι
1309 4530 1468 4598 episcopatu
1502 4527 1747 4584 circumcisa...
1768 4553 1804 4566 -

48 4602 181 4661 scholam
195 4603 419 4674 ejusintroisset,
429 4604 535 4671 reperit
549 4615 615 4658 eum
631 4602 773 4672 legentem
788 4601 902 4656 etsebo
957 4601 995 4656 ile
1009 4599 1161 4657 (luillelmo
1180 4601 1234 4656 hoc
1253 4599 1314 4655 sive
1341 4598 1496 4656 vuillelmo
1516 4598 1576 4669 iam
1597 4594 1804 4654 catalaunensi

49 4676 233 4732 laribussnis
243 4687 313 4730 suas
324 4672 516 4731 inculcantem
526 4673 675 4728 novitates.
688 4669 789 4727 Statim
803 4678 901 4727 autem
955 4671 1087 4741 episcopo
1123 4669 1230 4726 mentio
1266 4669 1298 4724 lit
1325 4673 1403 4739 apud
1439 4670 1558 4725 ivonem
1586 4667 1803 4734 carnotensem,

48 4756 83 4805 ut
98 4746 182 4816 loqui
197 4758 280 4801 orsus
292 4752 335 4801 est
350 4744 402 4816 qui
416 4743 582 4809 aduenerat,
604 4743 651 4799 ille
668 4748 762 4798 torvos
781 4741 811 4797 in
831 4756 901 4797 euin
954 4743 1038 4811 epist.
1059 4742 1130 4809 2683
1155 4741 1231 4809 apud
1251 4747 1384 4796 sanctum
1408 4738 1601 4804 bernardum,
1628 4738 1712 4807 epist.
1734 4736 1761 4802 ³,
1776 4745 1805 4792 et

49 4816 172 4874 deflexit
191 4814 327 4883 obtntns;
342 4823 370 4872 et
391 4827 458 4871 eum
474 4828 504 4871 se
519 4814 605 4871 sciret
634 4813 730 4869 virum
746 4812 783 4869 ab
804 4812 901 4868 adole·
955 4811 1033 4881 apud
1060 4811 1205 4867 Othonem
1234 4810 1446 4880 Frisingensem
1473 4808 1522 4863 tib.
1539 4823 1548 4864 i
1571 4810 1610 4863 be
1626 4808 1707 4863 rebus
1720 4809 1804 4876 gutia

49 4887 164 4946 scentia
178 4885 355 4953 bellatorem,
380 4884 462 4942 illum
483 4893 581 4942 autem
605 4882 712 4940 videret
729 4883 837 4954 pubere
856 4883 900 4939 in·
957 4883 1094 4938 arcuerim
1116 4882 1138 4947 l,
1157 4895 1221 4952 cap.
1243 4883 1289 4935 it.
1311 4879 1376 4936 Fuit
1391 4886 1488 4935 antem
1508 4892 1545 4934 ex
1561 4883 1701 4936 canonico
1720 4891 1807 4948 regu·

48 4958 218 5029 etpientem,
245 4956 373 5026 despexit
403 4969 471 5012 eum
503 4955 535 5011 in
552 4955 638 5012 corde
663 4967 727 5022 sno,
757 4956 828 5010 torte
843 4968 901 5009 non
956 4953 1008 5008 lari
1024 4951 1118 5009 Sancti
1135 4952 1257 5009 Victoris
1283 4959 1449 5020 assumptus
1463 4948 1499 5004 ad
1512 4948 1707 5019 episcopatum
1728 4961 1805 5005 anno

50 5029 146 5087 multo
168 5027 267 5084 minus
289 5041 378 5098 quam
399 5024 491 5083 David
516 5032 649 5084 sanctum
670 5023 789 5094 spurius
813 5024 901 5079 Phili·
954 5024 1061 5081 Christi
1077 5024 1155 5089 tila,
1182 5030 1214 5079 ut
1229 5023 1370 5092 conjicere
1394 5028 1488 5076 estex
1512 5019 1650 5076 electione
1675 5018 1805 5077 Gilduini

48 5110 151 5158 stans.
167 5098 328 5156 Eratenim
351 5096 567 5168 albusuuidem
588 5104 617 5153 et
637 5096 900 5164 decorusaspeotu,
955 5094 1087 5163 discipuli
1110 5094 1174 5163 ejus
1199 5093 1229 5148 in
1253 5093 1387 5148 abbatem
1408 5089 1534 5161 primum
1563 5089 1691 5148 ecclesie
1708 5089 1805 5146 &noti

48 5170 99 5228 aed
134 5167 221 5226 exilis
254 5167 440 5238 corpulentiae
466 5174 495 5224 ιι
522 5174 640 5224 stature
674 5179 731 5222 non
759 5165 899 5222 sublimis.
956 5165 1089 5230 Victoris,
1104 5177 1171 5235 uuae
1192 5163 1337 5220 celebrata
1356 5168 1398 5217 est
1418 5174 1497 5218 anno
1523 5163 1599 5229 llll,
1615 5169 1643 5219 et
1657 5160 1806 5230 onnsepi·

48 5238 344 5311 cumquesuperhns
365 5237 413 5294 ille
435 5237 473 5294 ad
492 5237 723 5307 respondendum
738 5245 898 5308 cogeretur,
954 5236 1068 5307 scopate
1088 5234 1226 5291 sustinuit
1251 5232 1336 5289 annis
1368 5239 1475 5302 septem
1506 5244 1541 5289 ac
1568 5231 1718 5289 mensibus
1740 5243 1803 5288 sex.

47 5319 78 5369 et
92 5313 273 5381 impugnans
281 5323 349 5367 eum
363 5309 548 5367 vehementer
563 5307 726 5364 immineret
741 5321 748 5363 :
763 5327 774 5356 i
792 5306 899 5372 Video
953 5306 999 5363 sio
1016 5306 1094 5363 enim
1115 5305 1222 5362 tabulae
1243 5303 1447 5374 manuscripto
1466 5302 1723 5361 Catalaunensium
1745 5301 1806 5374 epi·

50 5383 160 5455 innuit,
178 5398 193 5433 ι
208 5388 242 5439 ιι
259 5378 353 5448 sileas,
369 5388 398 5437 et
415 5392 485 5437 cave
500 5393 536 5436 ne
584 5378 699 5435 rturhes
712 5390 782 5434 rnen
797 5379 899 5434 seriem
954 5389 1105 5446 scoporum
1123 5391 1162 5430 :e
1183 5372 1357 5432 Guillelmus
1370 5375 1544 5431 venerahilis
1557 5372 1632 5432 rexit
1646 5371 1805 5431 ιιιιιιιιιιι

49 5452 192 5510 ιιιιιιιιι.
211 5473 223 5501 ι
241 5450 300 5520 llle,
316 5450 369 5522 qui
390 5463 448 5508 non
471 5450 508 5506 ad
524 5448 548 5506 si
560 5449 667 5506 endum
679 5455 808 5517 venerat,
824 5448 901 5505 acri·
953 5461 1045 5504 annos
1069 5454 1189 5516 septem,
1216 5458 1327 5503 menses
1347 5458 1406 5502 sex.
1429 5465 1444 5495 ιι
1471 5444 1584 5510 onibus
1608 5442 1740 5515 expletis,
1756 5444 1804 5501 de·

50 5534 94 5581 ter
107 5521 275 5591 insistebam
289 5534 358 5579 cuni
380 5521 566 5579 adremarius
586 5527 687 5577 eontra
699 5532 766 5576 eum
791 5518 899 5576 hahens
952 5531 1034 5576 mutii
1048 5516 1107 5574 lato
1120 5517 1204 5574 cessit
1218 5529 1296 5574 anno
1314 5514 1382 5571 tlte
1403 5516 1452 5573 dia
1465 5519 1500 5570 ιι
1512 5514 1653 5587 januarii,
1672 5514 1747 5572 siout
1764 5525 1803 5571 ex

51 5593 212 5665 despectui,
236 5606 295 5649 non
320 5591 477 5649 attenderet
505 5591 542 5648 ad
563 5604 708 5647 sermones
732 5588 791 5646 oris
823 5589 896 5659 ejus,
951 5589 997 5646 his
1009 5586 1176 5645 llalondarii
1190 5585 1347 5644 victoriani
1362 5586 1459 5643 verbls
1473 5586 1596 5642 discitur
1616 5600 1623 5639 ι
1642 5606 1657 5634 «
1672 5597 1722 5639 vni
1737 5582 1801 5639 llal.
