3804 5962
120 189 190 246 tote

384 187 487 244 emm
505 186 694 246 lemanni
712 189 789 248 OPP.
809 189 901 248 Pons
920 191 1010 248 tlh·
1022 191 1247 253 unnotoolcn
1265 195 1308 253 ΕΤ
1325 196 1594 256 Pnitosormch.

1797 203 1865 260 tuto

118 311 203 384 quasi
217 310 330 368 diversa
359 310 490 367 membra
508 310 538 367 in
553 323 612 367 uno
643 323 769 380 corpore,
800 325 838 369 ex
859 312 968 384 quihus
982 313 1006 367 Α
1021 311 1169 372 Salonium
1183 314 1360 386 episcopum,
1389 324 1417 373 et
1431 316 1495 373 aliis
1521 317 1656 388 operibns
1670 319 1771 391 ipsius,
1790 320 1864 378 Gen·

118 399 240 457 alterum
255 398 374 456 alterius
388 405 452 469 eget
468 397 616 469 obsequio,
643 413 703 456 uno
717 400 852 457 omnibns
878 401 960 471 spiri-

116 495 150 546 tu
162 487 340 560 presidente,
358 495 384 543 et
400 487 514 543 diversa
540 486 568 543 in
590 487 712 543 diversis
726 496 872 558 operante,
887 488 962 545 sicut

117 578 214 633 anima
236 576 266 631 in
295 576 417 631 dirersis
440 575 528 632 totius
557 577 685 647 corporis
717 577 862 634 memhris.
892 578 962 632 Hac

11 661 15 670 '
117 668 198 730 enim,
211 665 317 734 inquit,
334 667 425 720 omnio
439 670 568 735 operatur
588 682 659 720 unus
689 671 771 737 atque
784 667 856 722 idem
867 668 961 739 Spiri-

117 761 160 811 tus
173 755 298 810 dividens
309 754 426 821 singulis
440 758 523 823 prout
536 755 595 810 uult
610 756 635 824 (l
650 756 710 812 Gor.
731 769 781 824 xit,
799 756 852 827 ll).
870 755 962 823 Quam

116 850 245 913 patenter
259 841 477 899 similitudinem
495 842 597 898 heatus
622 842 794 899 Ambrosius
813 842 843 900 in
868 846 962 915 prima

115 932 198 988 Pauli
214 930 343 1000 Epistola
366 931 402 987 ad
428 930 589 987 Corinthios
616 929 652 986 ad
676 931 818 988 mundani
842 946 961 1004 quoque

116 1021 244 1091 eorporis
276 1020 486 1077 institutionem
513 1029 644 1091 patenter
671 1021 826 1092 applicavit
853 1022 959 1078 dicens.

115 1112 205 1168 Multa
227 1110 347 1164 membra
373 1126 434 1164 cum
451 1112 565 1165 inuicem
587 1113 631 1166 sui
653 1115 758 1178 egeant,
783 1127 837 1167 non
859 1111 959 1166 disere-

111 1203 183 1268 pant
195 1200 225 1251 in
245 1199 352 1252 unitate
365 1203 481 1265 natura,
505 1203 629 1266 quamuis
660 1199 769 1254 diuersa
797 1205 881 1262 suut,·
895 1201 960 1269 guin

115 1287 260 1343 diuersitas
285 1287 332 1341 ltoa
347 1289 376 1341 in
393 1303 478 1342 unum
499 1288 647 1354 concurrit,
672 1292 704 1341 ut
722 1290 844 1357 corporis
865 1291 960 1343 unitas

114 1378 269 1446 repleatur,
285 1370 367 1432 'sicut
393 1382 418 1431 et
441 1392 473 1431 eu
488 1377 587 1446 quillus
612 1377 731 1432 mundus
760 1382 878 1443 coastat,
900 1393 961 1432 cum

1018 402 1124 460 nadius
1145 405 1327 461 Massiliensis
1357 405 1506 477 presbyter
1534 408 1569 464 de
1598 407 1761 466 illustribus
1791 409 1865 467 viris

1017 492 1154 560 scribens,
1169 494 1244 550 inter
1266 494 1390 552 illustres
1419 496 1498 552 viros
1518 505 1545 553 et
1564 511 1665 554 eornm
1682 514 1768 570 opera
1782 513 1863 556 men·

1017 579 1124 638 tionem
1152 580 1230 639 lacit.
1254 583 1309 650 Qui
1337 584 1423 641 etiam
1450 592 1514 655 post
1542 587 1711 660 Pythagora
1735 588 1863 645 testimo-

1017 672 1109 739 nium,
1130 672 1259 728 'tullium
1274 673 1415 730 inducens
1427 675 1517 731 Meum
1534 675 1638 746 ipsum,
1655 692 1742 749 quem
1757 677 1863 748 Pytha-

1018 775 1103 834 goras
1125 761 1257 818 animum
1293 770 1384 832 vocat,
1407 771 1533 821 mentem
1558 779 1575 820 a
1598 765 1691 823 Tullio
1724 764 1864 838 appellari

1016 861 1230 922 oommemorat,
1248 852 1344 910 dicens
1355 870 1363 923 ;
1400 925 1463 980 m

1054 1011 1159 1067 Mettius
1179 1028 1304 1082 ottoque:
1321 1014 1373 1069 Nec
1388 1029 1450 1068 uera
1476 1016 1545 1068 Deus
1576 1016 1647 1084 ipse,
1677 1016 1781 1084 inquit,
1815 1015 1865 1084 qui

1016 1103 1183 1170 intelligitur
1202 1120 1218 1156 a
1243 1103 1331 1171 nohis,
1350 1104 1405 1157 alto
1432 1105 1510 1158 modo
1537 1105 1657 1172 intelligi
1677 1110 1764 1174 potest
1779 1121 1864 1174 quam

1014 1208 1088 1247 mens
1108 1192 1197 1247 soluta
1224 1192 1348 1261 quaedam
1372 1197 1398 1247 et
1423 1193 1510 1247 libero
1538 1197 1564 1247 et
1588 1194 1774 1261 scgregatoab
1790 1196 1864 1248 omni

1016 1281 1222 1352 congregatione
1258 1283 1379 1349 mortali,
1422 1288 1512 1338 omnio
1539 1285 1657 1338 sentiens
1691 1289 1716 1338 et
1741 1299 1861 1339 mouens.

1015 1366 1090 1424 Alibi
1117 1382 1257 1440 quoque:
1283 1371 1357 1427 Nihil
1380 1375 1430 1433 est,
1457 1370 1563 1442 inquit,
1589 1373 1767 1443 prestantius
1798 1376 1860 1440 Deo,

115 1469 172 1521 sint
199 1466 311 1521 diuersa
337 1481 392 1520 non
415 1465 502 1521 sotum
522 1467 632 1536 officiis,
659 1466 707 1520 secl
735 1471 760 1520 et
787 1469 906 1534 nutarit,
923 1466 961 1521 od
976 1503 999 1559 B
1015 1456 1050 1510 ab
1068 1472 1097 1512 ⁶0
1126 1458 1214 1525 iiiiii?
1240 1460 1372 1515 mundum
1392 1465 1452 1528 titi
1469 1477 1573 1516 'witisi
1602 1467 1651 1516 esi·
1680 1462 1756 1517 Nulli
1774 1464 1863 1530 {dimi

114 1557 196 1609 unius
224 1558 313 1609 tamen
345 1554 444 1608 mundi
469 1555 616 1625 proficiunt
643 1555 849 1623 perfectionem,
878 1561 904 1610 et
926 1571 960 1610 eu

114 1643 237 1699 omnibus
259 1643 301 1698 lttr
317 1645 442 1698 noscitur
465 1645 606 1712 temperies
618 1642 752 1711 guardam.
771 1643 848 1700 Huic
872 1645 960 1700 etiam

113 1731 273 1799 involucro,
301 1731 335 1787 de
363 1731 503 1801 positione
530 1729 637 1787 scilicet
669 1731 773 1787 animae
803 1732 832 1787 in
867 1730 959 1788 medio

113 1820 216 1877 mundi
246 1819 355 1886 locatae,
380 1820 433 1875 hoc
460 1828 502 1876 est
529 1819 564 1875 de
588 1816 688 1874 divina
711 1820 804 1891 gratia
825 1820 961 1876 omnibus

113 1910 307 1966 communiter
331 1906 436 1974 oblata,
452 1907 514 1978 ipsa
528 1909 614 1965 etiam
638 1905 738 1962 divina
760 1907 835 1964 lacta
855 1922 961 1964 secun-

113 1996 183 2053 dum
201 1996 346 2068 allcgoriae
368 1996 569 2064 ministerium,
598 1997 747 2054 maniieste
774 1996 958 2063 concordant,

113 2097 179 2140 oum
196 2085 326 2141 videlicet
348 2084 507 2141 doctrinam
537 2100 632 2154 snam,
660 2093 687 2142 et
713 2099 787 2142 verae
813 2085 961 2156 religionis

113 2173 224 2229 cultum
246 2181 459 2243 propagaturus
486 2173 627 2231 Dominus
655 2176 685 2231 in
705 2174 825 2240 mundo,
845 2174 958 2240 Jerusa-

111 2259 178 2327 lem,
205 2273 272 2330 quae
294 2260 324 2314 in
354 2261 504 2317 mediaest
532 2269 625 2330 terre,
650 2262 747 2333 elegit,
763 2275 853 2332 qnam
876 2261 960 2332 quasi

87 2351 199 2430 *caput
222 2347 370 2403 constituit
391 2348 474 2419 regni
489 2350 545 2416 sni,
559 2350 589 2405 in
611 2364 671 2420 oua
694 2351 820 2420 primum
848 2350 884 2405 ad
900 2364 959 2406 ma-

112 2435 311 2509 gnificandum
326 2436 438 2492 cultum
454 2450 540 2493 suum
560 2438 702 2494 edificare
731 2437 786 2494 sibi
807 2438 958 2508 templum,

112 2524 197 2595 quasi
222 2521 317 2593 regale
345 2523 486 2593 palatium
515 2524 616 2591 voluit,
644 2533 671 2581 et
687 2524 725 2580 ihi
740 2526 826 2581 etiarn
844 2525 958 2582 uberri-

111 2625 187 2668 mam
202 2612 327 2683 Spiritus
352 2612 444 2668 sancti
464 2613 588 2685 gratiam
609 2614 749 2685 apostolis
770 2614 887 2684 inludit,
908 2629 959 2685 per

111 2714 202 2771 quam
217 2713 268 2769 per
281 2715 328 2757 eos
354 2707 430 2757 totus
455 2702 642 2772 spiritualiter
662 2703 792 2760 mundns
811 2711 958 2776 vegetare·

1016 1551 1121 1601 naturae
1149 1548 1274 1603 obediens
1304 1554 1352 1604 aut
1380 1550 1518 1619 subjectus
1544 1554 1608 1605 est:
1637 1550 1748 1607 Omnem
1773 1555 1862 1618 igitur

1015 1637 1075 1703 ipse
1089 1637 1161 1703 repit
1179 1641 1317 1692 naturam.
1342 1639 1525 1709 Augustinus
1545 1653 1661 1710 quoqne
1676 1639 1726 1695 lib.
1752 1654 1805 1707 ιιι,
1823 1641 1861 1697 Ile

1015 1723 1099 1780 divit.
1126 1724 1185 1792 liei,
1205 1739 1267 1795 cap.
1297 1729 1340 1793 32,
1368 1728 1402 1784 de
1429 1728 1556 1785 Varrone
1584 1729 1718 1800 loquens,
1734 1730 1795 1784 ait:
1818 1732 1862 1784 lli

1014 1816 1051 1865 cit
1076 1816 1158 1868 ettam
1187 1814 1260 1869 idem
1286 1821 1382 1871 auctor
1418 1820 1595 1872 acutissimus
1623 1822 1705 1885 atque
1737 1816 1862 1895 doetissi-

1014 1916 1074 1956 mus
1090 1903 1163 1972 quod
1177 1904 1207 1957 bi
1234 1905 1286 1960 soti
1309 1910 1335 1959 et
1362 1904 1509 1960 uideantur
1534 1906 1764 1961 animaduertisse
1793 1906 1861 1975 quid

1014 1995 1083 2045 esset
1107 1993 1187 2058 Deus,
1215 1997 1263 2058 qui
1289 1994 1465 2049 crediderunt
1484 2011 1540 2051 esse
1568 2001 1699 2062 animam,
1728 1999 1802 2050 motu
1831 2010 1861 2050 oe

1014 2083 1118 2134 ratione
1145 2082 1277 2137 mundum
1303 2084 1508 2152 gubernantem.
1542 2085 1665 2141 Mentem
1693 2084 1800 2155 itaque,
1833 2085 1861 2141 id

1014 2174 1055 2223 est
1070 2169 1200 2225 animum
1221 2170 1281 2227 sive
1309 2173 1447 2240 animam,
1471 2174 1561 2229 Deum
1591 2173 1740 2240 dixerunt,
1760 2187 1862 2228 secun·

1015 2254 1084 2312 dum
1100 2258 1178 2326 qnod
1193 2259 1280 2316 totius
1294 2261 1397 2316 mundi
1409 2260 1543 2332 regimini
1565 2261 1649 2331 quasi
1675 2260 1774 2317 anima
1797 2275 1860 2318 cor·

1015 2346 1076 2413 pori
1092 2354 1202 2416 preest.
1230 2348 1309 2404 Unde
1328 2357 1355 2405 et
1382 2363 1432 2419 per
1456 2351 1612 2420 sapientem
1641 2349 1798 2420 quemdam
1813 2349 1861 2405 ad·

1014 2432 1176 2491 hortantem
1204 2449 1261 2491 non
1283 2435 1370 2506 digne
1398 2437 1488 2492 ileum
1515 2438 1654 2504 excolere,
1683 2437 1741 2492 nisi
1766 2444 1860 2492 mente

1014 2520 1147 2577 sciliceta
1167 2522 1245 2578 vitiis
1260 2532 1394 2595 purgata,
1411 2532 1438 2580 et
1453 2526 1614 2582 virtutibus
1629 2526 1779 2592 adornata,
1796 2524 1858 2595 pnl-

1014 2609 1082 2665 ohre
1094 2610 1124 2665 in
1138 2611 1198 2681 ipso
1213 2626 1273 2668 suae
1287 2612 1497 2669 adhortationis
1511 2621 1539 2670 et
1562 2615 1720 2686 disciplinae
1740 2613 1860 2672 exordio

1014 2696 1190 2756 dictumest.

111 2793 169 2843 tur.
200 2787 281 2844 Unde
311 2787 450 2858 scriptum
475 2798 539 2846 est:
568 2794 637 2847 Deus
665 2797 756 2847 autem
784 2793 841 2847 Rea
868 2785 997 2847 nosterC
1066 2804 1099 2859 se
1111 2809 1179 2863 pm,
1192 2814 1231 2863 231
1246 2813 1353 2865 animus
1363 2811 1450 2877 mgis,
1464 2816 1495 2864 ug
1509 2813 1632 2865 carmina
1645 2811 1751 2878 degunt,

111 2861 237 2946 operatus
250 2882 289 2932 est
304 2878 422 2933 salutem
436 2879 465 2933 in
479 2879 567 2935 medio
583 2886 661 2937 terre
676 2882 762 2949 (Psoi.
781 2896 882 2948 tanin,
902 2881 955 2952 la).

111 2964 147 3021 Et
160 2978 263 3022 rursus
279 2982 286 3020 :
315 2968 352 3020 De
367 2967 431 3022 Sion
447 2967 533 3022 exibit
555 2969 608 3032 tea,
635 2975 661 3024 et
675 2970 786 3025 uerbum
803 2971 912 3024 Domini
924 2968 957 3024 de

110 3053 260 3108 Jerusalem
293 3052 358 3124 (isa.
391 3070 420 3120 n,
442 3055 478 3109 tl.
513 3054 639 3112 Medium
665 3066 760 3113 autem
790 3057 902 3124 mundi,
929 3063 957 3113 et

111 3140 195 3214 qnasi
210 3141 383 3197 umbilicum
398 3148 481 3198 terrae
495 3157 582 3214 super
611 3143 695 3201 illum
723 3145 880 3201 Ezechielis
912 3145 956 3201 lo-

110 3244 188 3299 cum,
209 3244 267 3299 qno
282 3229 421 3299 scriptum
446 3239 510 3286 est:
539 3233 604 3287 Meo
627 3233 696 3288 dicit
722 3236 868 3289 Dominus:
896 3233 957 3289 lsto

110 3323 150 3373 est
163 3319 313 3373 Jerusalem
328 3321 357 3373 in
378 3318 465 3373 medio
490 3323 610 3386 gentium
627 3326 726 3391 positu,
749 3326 776 3377 et
795 3325 957 3379 incircuitu

109 3407 168 3474 elus
183 3410 256 3460 terra
278 3405 382 3476 (Maeci.
399 3421 427 3469 v,
445 3406 481 3477 5).
499 3407 692 3480 Hieronymus
706 3411 754 3467 his
774 3413 875 3468 asserit
891 3426 953 3468 ver-

109 3494 155 3551 bis
182 3494 341 3550 terusalem
375 3495 404 3549 in
434 3494 527 3552 medio
557 3499 659 3554 mundi
688 3500 781 3556 sitam.
809 3500 861 3557 llic
880 3500 955 3557 idem

109 3580 249 3654 propheta
276 3588 407 3651 testatur,
438 3584 608 3641 umbilicum
631 3594 714 3643 terne
732 3602 796 3644 eam
820 3602 882 3645 esse
907 3589 954 3645 de·

108 3676 283 3725 monstrans.
300 3671 336 3726 lit
350 3671 502 3728 Psalmista
530 3674 642 3730 Domini
658 3675 823 3745 exprimens
845 3674 953 3747 passio'-

1066 2877 1124 2932 Hie
1139 2880 1190 2934 tibi
1197 2885 1337 2952 precipue
1352 2887 1389 2937 sit
1401 2898 1473 2952 pura
1485 2891 1571 2937 mente
1583 2883 1719 2937 colendus.

1047 2985 1088 3040 Ao
1102 2985 1124 3040 si
1139 2995 1234 3055 aperte
1251 2989 1356 3045 Filium
1372 2990 1517 3046 instruens
1533 2990 1609 3046 dicat
1625 3004 1632 3044 :
1646 2991 1719 3047 Cum
1738 2991 1813 3046 Deus
1823 2990 1859 3044 sit

1013 3072 1139 3142 animus,
1154 3075 1236 3131 nobis
1254 3076 1308 3131 hoc
1326 3085 1369 3134 est
1387 3093 1455 3135 vcra
1470 3090 1498 3138 ct
1520 3080 1678 3150 spiritualis
1692 3078 1763 3145 vita,
1783 3077 1860 3133 sicut

1012 3167 1040 3217 et
1054 3161 1117 3231 ipsa
1133 3163 1264 3232 perhibet
1282 3167 1425 3237 scriptura
1452 3179 1612 3241 poetarum,
1633 3168 1714 3225 velut
1728 3168 1779 3224 illa
1793 3166 1857 3224 Vir-

1012 3249 1076 3322 gilii
1096 3253 1196 3318 verha‚
1224 3269 1290 3325 quae
1308 3271 1395 3328 super
1410 3259 1464 3315 hoo
1478 3261 1573 3330 ipsum
1589 3257 1752 3316 Macrobius
1774 3254 1860 3311 indu·

1012 3339 1148 3407 oit,siuut
1171 3347 1352 3412 postmodum
1377 3349 1569 3416 ostendemus,
1600 3348 1679 3403 hunc
1702 3344 1857 3416 precipue,

1011 3427 1120 3485 scilicet
1143 3430 1243 3501 Deum,
1270 3433 1481 3492 benevivendo
1507 3436 1645 3507 glorifica.
1670 3435 1745 3490 Bene
1771 3432 1857 3487 etiam

1011 3527 1078 3571 oum
1091 3518 1198 3574 animal
1212 3533 1272 3575 esse
1285 3521 1364 3577 Plato
1380 3522 1521 3578 mundum
1538 3523 1654 3585 dixerit.
1672 3522 1767 3592 ipsum
1784 3532 1855 3590 quo·

1011 3617 1068 3673 qne
1089 3604 1303 3679 intelligentem,
1332 3611 1384 3666 hoo
1416 3620 1458 3666 est
1487 3611 1627 3668 rationale
1660 3609 1768 3667 animal
1798 3621 1857 3664 esse

1011 3695 1165 3763 perhibuit,
1184 3698 1343 3754 secundum
1364 3698 1421 3755 hoo
1443 3700 1551 3757 scilicet
1577 3701 1654 3771 quod
1672 3701 1736 3771 ejus
1759 3697 1857 3754 anima

108 3771 189 3814 ssim?
205 3758 340 3857 obmiti
355 3766 405 3828 ⁰⁵²,
421 3761 471 3829 ³1¹,
486 3761 603 3818 ttlvlem
618 3766 648 3819 in
671 3764 758 3819 meato
777 3769 865 3821 iimi-
882 3766 956 3823 Hinc
1011 3791 1120 3853 quanto
1146 3786 1255 3843 ceteris
1271 3789 1451 3857 praestantior
1478 3791 1596 3858 exstitit,
1622 3797 1704 3846 tanto
1730 3788 1854 3845 rationa-

108 3845 290 3916 plantataest
305 3861 400 3914 lineis
418 3863 484 3920 (luae
508 3853 771 3924 eatmditpotmites
791 3868 854 3910 θυοδ
869 3871 954 3922 “Sitti
1011 3868 1098 3927 bilius
1115 3871 1218 3942 inipso
1233 3883 1337 3930 cuncta
1357 3876 1416 3946 agit
1443 3884 1532 3947 atque
1557 3877 1693 3947 disponit.
1712 3877 1752 3933 De
1771 3877 1856 3948 cujus

107 3933 145 3988 ad
162 3949 238 3989 mare
250 3935 335 4002 (Piab
356 3950 458 4005 uxxtx,
480 3937 535 4006 ¹2),
560 3954 627 3996 oum
642 3941 689 3997 111⁰
704 3941 771 3997 vitis
782 3955 852 3998 Viri
867 3943 953 3999 Chii·
1010 3959 1127 4029 quidem
1149 3974 1269 4018 summae
1284 3963 1403 4019 rationis
1418 3964 1599 4021 ordinatione
1627 3979 1693 4021 cum
1709 3964 1855 4030 subditur,

107 4030 182 4089 Slus,
197 4023 333 4093 ali0si⁰l¹⁸
349 4025 410 4081 ⁵⁰¹³
431 4028 516 4096 quasi
532 4028 698 4098 palmitibus
717 4044 768 4099 per
784 4031 955 4089 universum
1010 4048 1088 4119 quod
1104 4047 1165 4105 haec
1191 4049 1323 4106 videlicet
1347 4052 1408 4121 ipsa
1428 4053 1529 4109 mundi
1549 4054 1646 4109 anima
1665 4067 1769 4111 causas
1795 4069 1854 4111 om·

107 4111 204 4167 orbem
234 4110 360 4177 directis,
386 4113 558 4170 universum
578 4116 721 4171 mundum
751 4116 881 4175 ubertate
904 4121 954 4176 ⁴¹⁰·
1010 4137 1090 4192 nium
1113 4151 1178 4207 quae
1194 4139 1368 4208 proveniunt
1384 4142 1523 4211 providet,
1540 4142 1669 4198 divinam
1684 4151 1712 4198 et
1725 4144 1856 4199 omnium

107 4198 206 4296 ⁰}stssae
222 4199 383 4298 spiritualis
409 4201 573 4258 inebriavit.
592 4205 629 4259 ὓθ
657 4204 711 4260 ¹¹²0
725 4212 820 4262 aulem
835 4214 954 4278 vegeta-
969 4181 992 4238 D
1007 4232 1181 4282 naturarum
1209 4228 1420 4297 providentiam
1447 4231 1578 4301 assignat
1596 4239 1623 4287 et
1643 4231 1750 4288 divine
1765 4232 1855 4302 pleni-

106 4291 183 4384 trone
197 4299 230 4343 ac
254 4289 449 4386 rtvtiicatione
479 4290 601 4361 Spiritus
628 4293 731 4358 sancti,
756 4303 874 4352 sanctus
894 4295 953 4352 Sal·
1008 4312 1136 4370 tudinem
1157 4314 1292 4384 sciemjae,
1315 4331 1351 4373 εχ
1376 4332 1434 4388 quo
1462 4320 1552 4374 epam
1572 4321 1634 4390 ψῃ
1649 4320 1725 4377 pens
1739 4335 1800 4378 esse
1816 4322 1855 4377 jn.

104 4387 387 4447 V¹³111¹8011¹⁸⁰⁰lii1⁵2
404 4379 440 4434 &d
456 4387 589 4436 sasseium
601 4379 751 4437 8³¹⁰¹¹¹¹1ffl
772 4383 951 4455 ⁰l1i⁵⁰0lffl¹sst
1008 4399 1119 4466 nuitur,
1146 4401 1240 4457 metiri
1255 4416 1289 4457 ac
1312 4403 1473 4461 deliberare
1486 4419 1519 4461 ea
1539 4421 1605 4477 quae
1620 4406 1719 4464 lutura
1734 4416 1804 4464 sunt
1819 4423 1855 4465 ex

105 4461 156 4519 lib.
178 4463 243 4519 ilie
257 4462 468 4534 gubernatione
483 4466 543 4531 liei,
571 4468 798 4540 Pythagoricum
827 4474 954 4529 testimo·
1006 4489 1197 4557 praesenpbus
1225 4490 1340 4560 dicitur,
1366 4495 1436 4564 quia
1459 4499 1546 4569 juxta
1572 4509 1606 4551 eg
1631 4511 1697 4567 (Μ
1711 4497 1855 4569 jamsum

104 4550 187 4607 nium
205 4550 316 4608 indum
331 4551 450 4608 dicen&
1007 4583 1117 4647 oportet
1131 4579 1297 4648 praeparari,
1314 4587 1346 4637 ut
1367 4582 1408 4639 eis
1421 4598 1551 4656 congrua
1566 4584 1747 4640 ordinatione
1762 4584 1853 4640 cohae·

485 4642 580 4699 XVIH·
1007 4676 1070 4721 rere
1093 4665 1202 4735 possint
1215 4673 1303 4738 atque
1324 4670 1426 4740 aptari.
1442 4672 1521 4740 Quod
1537 4679 1634 4729 autem
1660 4672 1798 4730 subditur
1818 4688 1855 4729 ex

141 4729 315 4798 Ptihsstmi
344 4731 536 4801 philosophus,
567 4748 647 4802 tuem
679 4736 760 4804 timii
788 4740 953 4806 ”¹11⁹ssth
1009 4753 1142 4823 reliquiis
1165 4759 1354 4814 concretionis
1382 4762 1538 4817 mundane
1565 4762 1669 4818 animae
1689 4768 1814 4829 nostras,
1828 4762 1854 4817 id

105 4830 186 4917 ‘vitm
200 4820 262 4918 ipsa
281 4819 457 4890 plumella
479 4826 608 4891 suscepit,
634 4823 667 4878 de
694 4829 798 4879 natura
824 4842 855 4882 αθ
872 4827 953 4883 bene·
1008 4845 1350 4904 cstmundanasanimas
1375 4863 1436 4905 esse
1463 4849 1614 4916 coniectas,
1646 4849 1703 4906 tale
1718 4858 1760 4907 est
1782 4864 1816 4907 ac
1831 4852 1854 4907 si

103 4906 173 4974 diiii
195 4908 243 4961 0³¹
270 4906 407 4964 &iiim
431 4911 471 4964 ⁸5⁶
504 4910 608 4967 l⁰⁶¹⁴itt⁵
636 4917 695 4968 esi?
722 4934 736 4962 a
764 4916 882 4972 Animi
905 4932 954 4986 Pii
1007 4930 1113 4988 diceret
1128 4946 1191 4989 eam
1207 4934 1333 4992 animam
1360 4938 1462 4994 mundi
1479 4938 1508 4993 in
1529 4939 1663 5009 potentiis
1686 4953 1720 4996 ac
1738 4941 1853 4999 virtuti·

104 5005 197 5047 omnes
230 4995 328 5095 mundi
347 5001 443 5065 llari&
474 5013 624 5056 commeans
652 5007 735 5072 “iiiii
763 5003 892 5073 diffusos,
919 5022 954 5061 0ae
1008 5017 1063 5075 bus
1090 5019 1207 5090 imitari,
1236 5023 1284 5078 sed
1313 5024 1397 5097 longe
1419 5025 1473 5081 hoo
1502 5028 1563 5096 ipso
1585 5040 1602 5082 a
1628 5028 1769 5100 dignitate
1791 5034 1856 5101 ejus

104 5095 156 5149 ΨΘ
172 5097 264 5137 Omma
282 5099 346 5185 tt&
365 5093 516 5143 ”timidi
533 5089 665 5145 animalia
689 5094 776 5147 vitam
799 5098 948 5164 capiunt.»
1007 5106 1170 5177 abscedere,
1199 5118 1233 5166 ut
1257 5112 1389 5171 videlicet
1413 5115 1658 5184 quemadmodum
1677 5118 1777 5174 anima
1805 5119 1856 5174 illa

105 5168 243 5233 01⁴⁰me
277 5180 365 5240 tulit?
396 5176 528 5231 muudum
567 5180 705 5249 utiliter&
742 5184 811 5237 Deus
840 5184 952 5253 annor,
1007 5195 1095 5252 totins
1115 5198 1217 5255 mundi
1245 5200 1487 5259 administrationi
1525 5213 1636 5275 praeest,
1663 5207 1706 5262 sic
1731 5205 1857 5278 singulis

103 5271 182 5324 ouem
195 5260 245 5359 troc
266 5264 325 5330 ipso
340 5264 408 5317 satis
426 5263 531 5334 diligit,
553 5268 627 5338 prroat
642 5271 734 5338 ipsum
749 5285 852 5341 semper
866 5276 953 5329 totum
1006 5285 1177 5354 corporibus
1191 5287 1313 5359 singulte
1331 5291 1435 5348 animae
1454 5306 1514 5349 suae
1533 5296 1622 5351 vitam
1642 5294 1683 5351 eis
1697 5295 1854 5352 animalem

103 5345 200 5399 munde
226 5362 324 5419 corpus
361 5352 503 5410 intendit?
528 5356 568 5413 De
595 5357 731 5416 Salviano
765 5368 862 5418 autem
892 5362 953 5433 ipso
1006 5380 1065 5423 non
1085 5369 1241 5441 spiritalem
1266 5376 1434 5444 praebentes.
1458 5378 1492 5435 Et
1524 5379 1595 5437 hene
1611 5381 1656 5437 hae
1677 5382 1763 5452 quasi
1789 5380 1853 5438 reli·

103 5429 286 5494 Massiliensis
312 5437 438 5497 occiente
464 5442 605 5517 episcopo,
634 5454 661 5504 et
687 5446 723 5504 de
744 5447 818 5506 libro
831 5451 896 5521 ejus
917 5452 953 5508 ad
1008 5455 1085 5527 quie
1113 5459 1272 5518 mundane
1296 5463 1401 5521 animae
1426 5464 1575 5536 dicuntur,
1595 5482 1661 5540 qua
1683 5469 1796 5528 scilicet
1817 5470 1856 5527 ad
