3804 5962
155 232 206 286 ast

611 234 717 291 PETRI
736 236 927 294 aemulum
949 239 1025 297 ΟΡΡ.
1045 237 1136 296 PARS
1154 240 1174 294 l.
1195 268 1230 279 -
1248 236 1438 323 EPISTQLAE.
1849 241 1902 293 2ιί

155 371 234 414 nanc
260 357 407 428 episcopos
434 359 479 414 vel
507 359 719 430 achiepiscopus
751 363 914 432 praesidere,
947 365 998 423 ubi
1014 365 1037 420 Α
1053 371 1085 421 ιιι
1107 369 1185 421 tanto
1201 362 1326 433 amplius
1349 378 1428 420 nunc
1452 362 1549 420 fideles
1569 363 1604 419 ad
1628 363 1717 434 ipsam
1739 363 1890 419 animaren

156 454 226 503 tunc
255 447 385 504 flamines
414 448 458 504 vel
491 449 707 506 archiflamines
735 452 943 511 habebantur:
973 463 1000 512 et

156 551 222 607 quaa
246 543 313 592 tunc
333 537 438 608 templa
459 538 638 595 daemonibus
651 547 718 596 sunt
739 541 879 608 instituta,
904 551 1000 613 postea

154 627 273 681 hornino
299 626 385 681 luisse
406 635 581 692 consecrata,
610 635 637 683 et
663 637 828 687 sanctorum
853 634 999 690 memoriis

155 714 300 785 insignita.
326 714 437 770 Scimus
458 723 485 770 ct
510 714 539 769 iu
564 716 699 786 gentibus
725 720 868 790 praecipuo
894 736 999 792 praero-

78 871 81 879 .
155 805 282 878 gativam
303 804 478 875 virginitatis
496 805 643 874 enituisse,
667 821 732 863 cum
756 807 939 866 maledictum
962 812 999 868 le·

154 896 197 968 gis
224 895 259 951 ad
289 894 406 964 nuptias
434 894 548 951 Judaeos
568 905 709 953 coerceret
734 899 825 968 (Daoi.
857 914 922 965 xxv,
958 899 997 970 5),

155 992 181 1043 ιι
195 985 339 1040 intantum
352 984 487 1054 gentibus
502 984 577 1040 hauc
591 986 729 1042 virtutam
750 1001 801 1043 seu
826 987 999 1044 munditiam

154 1074 249 1132 carnis
278 1081 424 1144 acceptam
450 1075 601 1143 exstitisse,
629 1082 663 1131 ut
696 1076 725 1131 in
760 1074 871 1146 templis
897 1090 998 1132 earum

154 1165 252 1237 magni
275 1163 448 1220 laminarum
470 1173 630 1221 conventus
654 1165 747 1222 caelibi
775 1181 804 1222 se
828 1166 896 1223 vitae
920 1166 998 1223 dica·

153 1263 225 1314 rent.
253 1254 333 1311 Unde
361 1254 551 1323 Hieronymus
581 1255 609 1310 in
634 1254 790 1325 Epistulam
818 1255 854 1311 ad
882 1255 998 1312 Galatas

154 1346 203 1403 lib.
218 1361 248 1402 ιιι
268 1344 341 1414 (ιιρ.
358 1343 400 1412 6);
421 1365 431 1392 ι
458 1342 532 1407 Quid
553 1357 616 1410 nos,
633 1343 738 1415 inquil,
755 1352 868 1414 oportet
889 1345 994 1410 lacere,

1054 461 1112 521 tur,
1143 460 1254 525 quanto
1282 452 1358 508 hanc
1384 453 1414 508 in
1440 452 1604 510 infidelibus
1633 468 1750 524 equoque
1774 453 1901 523 amplius

1052 542 1174 599 exaltari
1195 541 1392 614 cognoverint.
1419 541 1530 598 Scimus
1551 551 1578 598 et
1597 543 1711 612 caipha
1738 542 1899 612 praelationi

1053 647 1110 689 non
1125 645 1254 702 personae
1277 631 1399 702 gratiam
1416 645 1476 686 esse
1491 630 1635 700 collatam,
1655 640 1683 687 ot
1699 633 1806 701 pseudo
1823 646 1901 701 quo-

1052 735 1109 793 quo
1129 720 1272 792 apostolos
1300 720 1447 776 miraculis
1477 735 1683 792 nonnusquam
1712 735 1899 787 coruscassc;

1051 820 1079 870 ot
1103 812 1165 868 haec
1185 824 1243 867 non
1261 810 1389 880 personis
1412 826 1523 877 corum,
1549 812 1598 866 sed
1622 810 1715 866 oiticio
1739 825 1800 865 csse
1829 824 1882 863 cun

1051 914 1140 958 cessa.
1165 899 1239 967 Quid
1261 899 1349 971 igitur
1371 901 1487 967 mirum,
1508 901 1532 956 si
1556 899 1695 957 heluinus
1720 913 1777 954 uon
1805 911 1886 967 pcrso

1052 991 1097 1048 nis
1120 988 1279 1046 infidelium
1306 988 1562 1058 lerninarum,'sed
1586 989 1685 1044 virtuti
1713 987 1901 1043 continentiae

1052 1079 1181 1152 ipsarum
1205 1081 1260 1136 hoc
1275 1080 1454 1145 concesserit,
1476 1080 1511 1135 ad
1538 1080 1751 1136 innnocentiam
1774 1077 1900 1147 virgini·

1052 1168 1152 1225 saltem
1175 1168 1364 1230 liberandam,
1394 1176 1421 1223 et
1447 1167 1523 1224 salsae
1547 1167 1739 1224 accusationis
1765 1165 1886 1234 improbi

1053 1265 1139 1316 tatem
1155 1257 1379 1314 conterendam?
1398 1257 1515 1314 Constat
1542 1258 1649 1328 quippe
1679 1270 1806 1310 atriorem
1833 1268 1886 1308 con

1052 1347 1180 1404 tinentiae
1201 1345 1309 1402 bonum
1324 1360 1385 1402 esse
1404 1353 1431 1402 et
1447 1346 1476 1401 in
1500 1345 1673 1411 infidelibus,
1697 1345 1771 1400 sicut
1786 1350 1812 1398 et
1835 1356 1890 1398 coa

155 1436 185 1491 in
200 1449 325 1505 quorum
340 1432 607 1490 condemnationem
628 1432 713 1489 habet
728 1440 755 1489 et
778 1436 853 1490 luno
869 1432 1000 1488 univiras
1049 1436 1159 1509 jugalis
1187 1435 1325 1507 pactionis
1353 1434 1566 1493 observantiam
1600 1435 1708 1491 donum
1740 1432 1788 1487 liei
1823 1445 1895 1501 apu

155 1529 182 1579 ιι
207 1522 292 1579 Vesta
315 1521 506 1592 univirgines,
529 1528 556 1578 et
572 1521 628 1578 alia
652 1522 727 1579 idola
753 1522 957 1579 continentes?
985 1543 995 1570 ‹

154 1611 288 1670 Univiras
311 1618 407 1666 autem
431 1618 458 1667 et
482 1610 664 1682 univirgines
688 1612 765 1676 dicit,
793 1613 877 1683 quasi
901 1624 999 1667 mona·

153 1702 222 1758 chas
244 1700 384 1766 univiras,
411 1714 477 1770 quaa
502 1700 580 1757 viros
605 1709 755 1769 noverant,
789 1709 817 1758 et
845 1700 1000 1757 monachas

158 1789 338 1861 univirgines
353 1789 490 1859 virgines.
515 1789 611 1845 lionos
626 1790 712 1858 edim,
729 1791 805 1847 unde
831 1791 1002 1857 monachas,

153 1880 182 1936 id
197 1886 239 1935 est
254 1877 401 1935 solitarius
415 1877 531 1946 dicitur,
557 1894 649 1936 unum
673 1888 764 1937 sonat.
785 1879 840 1947 Qui
860 1879 946 1936 etiam
971 1879 1003 1935 li-

154 1968 238 2024 bror
267 1975 368 2024 contra
395 1967 590 2036 lovinianum,
619 1967 718 2025 multis
740 1968 775 2025 de
800 1969 931 2025 castitate
957 1967 1001 2024 ιιι

152 2057 330 2114 continentia
357 2057 509 2129 gentilium
540 2057 722 2126 feminarum,
754 2058 879 2115 inductis
905 2072 1001 2114 exem·

155 2146 226 2218 plis:
258 2167 272 2196 «
300 2146 374 2214 Soio,
407 2146 512 2217 inquit,
541 2147 569 2202 in
598 2147 726 2220 catalogo
756 2147 926 2205 laminarum
959 2161 1002 2203 ιιι

155 2235 240 2306 plura
262 2235 380 2301 dixisse,
405 2243 437 2291 ut
459 2250 524 2307 quae
549 2236 718 2293 Christianae
739 2237 884 2307 pudicitia
912 2236 1003 2306 despi-

155 2323 235 2379 ciunt
251 2322 346 2388 fldem,
369 2322 479 2380 discant
493 2325 593 2381 saitem
609 2325 645 2381 ab
661 2325 782 2382 ethnicis
796 2327 965 2383 castitatem.
983 2345 997 2378 s

154 2411 208 2479 Qui
238 2411 267 2466 in
302 2411 400 2468 eodem
435 2426 524 2482 supra
558 2414 634 2470 illam
669 2429 786 2486 quoque
815 2414 1000 2472 continentiae

154 2501 292 2557 virtutem
325 2500 395 2556 adeo
429 2502 651 2569 commendavit,
688 2512 719 2560 at
747 2505 824 2562 hanc
857 2504 1001 2575 precipue

155 2590 327 2647 mumditiam
347 2589 442 2645 carnis
459 2589 496 2657 {in
517 2591 594 2646 omni
616 2600 699 2664 gente
719 2594 858 2650 Dominus
895 2608 999 2664 appro-

155 2681 237 2737 basse
263 2678 407 2747 videatur,
437 2687 465 2736 ct
491 2681 640 2737 nonnuliis
664 2682 749 2738 etiam
782 2683 810 2738 in
837 2683 1001 2740 infidelibus

156 2783 273 2841 quoquc
294 2768 340 2826 ιιι
366 2768 516 2825 collatione
544 2772 722 2839 meritorum,
752 2772 796 2827 vol
824 2772 1001 2829 exhibitione

39 2883 56 2900 ·
157 2859 364 2917 miraculorum
392 2858 577 2915 extulissc.'«
616 2859 689 2926 Quid
727 2861 858 2927 rcicram,
895 2863 999 2932 iuquit,

1052 1539 1152 1582 omnes
1175 1538 1244 1580 csse.
1272 1524 1396 1595 Ideoque
1423 1524 1554 1580 mirabile
1579 1537 1636 1579 uon
1663 1521 1764 1590 videri,
1794 1520 1818 1576 si
1848 1533 1883 1574 su

1053 1614 1137 1682 dona,
1177 1628 1235 1671 non
1262 1626 1389 1670 errorem
1418 1613 1593 1669 infidelitatis
1628 1626 1677 1682 ριι
1714 1612 1807 1680 signa,
1837 1622 1902 1678 ruia

1057 1701 1220 1759 inlldclibus
1257 1702 1340 1771 liunt,
1379 1717 1436 1758 non
1474 1701 1614 1768 fidelibus,
1654 1702 1728 1756 Deus
1765 1698 1900 1753 honoret·

1057 1791 1184 1848 maxime
1209 1791 1327 1864 quando
1356 1805 1407 1861 per
1430 1792 1500 1858 haec,
1528 1790 1637 1847 dictum
1665 1797 1717 1856 cst,
1739 1785 1902 1843 innocenti

1056 1879 1196 1938 liberatur
1217 1887 1244 1937 et
1266 1894 1469 1951 perversorum
1492 1879 1645 1936 hominum
1669 1877 1778 1934 malitia
1808 1874 1885 1944 repri

1057 1969 1156 2032 mitur,
1182 1976 1209 2024 et
1237 1969 1273 2024 ad
1299 1969 1364 2039 hoc,
1385 1969 1464 2039 quod
1487 1968 1526 2024 ita
1555 1967 1766 2039 magnificatur,
1792 1964 1895 2021 bouu=

1056 2058 1186 2114 homines
1222 2057 1348 2128 amplius
1384 2058 1582 2122 cohortantur,
1617 2057 1694 2127 quod
1733 2061 1810 2111 tanto
1847 2052 1886 2108 mi

1055 2163 1112 2205 nus
1138 2147 1175 2203 ab
1202 2146 1366 2203 inildclibus
1392 2161 1510 2217 quoque
1535 2155 1679 2217 peccatur,
1707 2151 1815 2215 quanto
1840 2156 1888 2197 am

1057 2237 1132 2307 plius
1154 2251 1171 2293 a
1193 2236 1392 2309 voluptatibus
1410 2237 1506 2292 carnis
1535 2236 1688 2293 receditur.
1715 2232 1796 2301 Quod
1823 2245 1902 2287 nun

1055 2327 1141 2383 etiam
1164 2340 1232 2383 cum
1255 2325 1400 2398 plerisque
1425 2326 1490 2382 aliis
1505 2326 1646 2382 adversus
1673 2324 1842 2395 predictum
1857 2319 1889 2376 in

1055 2415 1247 2473 continentem
1268 2414 1436 2473 haereticum
1464 2415 1566 2472 beatas
1587 2429 1645 2471 non
1669 2411 1887 2469 inconveniente

1055 2505 1168 2562 induxit
1184 2505 1385 2577 llieronymus,
1410 2513 1443 2561 ut
1466 2520 1531 2575 quae
1547 2520 1607 2560 non
1626 2504 1750 2560 iniretur
1769 2501 1798 2555 iu
1822 2499 1890 2554 Chri

1055 2595 1164 2662 stianis,
1179 2596 1332 2652 erubescat
1355 2594 1384 2650 in
1405 2594 1536 2650 ethnicis.
1560 2594 1629 2659 Quis
1652 2592 1737 2648 etiam
1760 2590 1835 2645 dona
1852 2589 1902 2642 Dc

1054 2699 1115 2742 esse
1143 2684 1272 2755 deneget,
1305 2690 1472 2755 potestatem
1496 2683 1580 2738 ctiam
1611 2679 1769 2737 infidelium
1800 2676 1893 2747 princi

1055 2790 1135 2846 pum,
1152 2773 1204 2830 etsi
1223 2786 1354 2844 perverse
1380 2775 1439 2843 ipsa
1455 2780 1585 2839 utantur,
1607 2771 1650 2826 vel
1674 2784 1799 2825 amoram
1820 2766 1891 2838 justi

1055 2864 1111 2929 tie,
1139 2862 1182 2919 vel
1210 2863 1465 2919 mansuetudinem
1497 2875 1584 2932 quam
1617 2860 1733 2925 hahent,
1766 2858 1828 2928 lege
1861 2857 1889 2911 iu

157 2946 287 3020 sibyllam
311 2947 510 3004 Erichthream
533 2956 621 3018 atque
646 2950 815 3016 Cumauam,
835 2959 861 3006 et
877 2959 939 3007 octo
955 2964 998 3007 re·
1016 2968 1038 3026 ρ
1055 2952 1154 3010 structi
1176 2951 1314 3020 naturali,
1336 2952 1380 3008 vel
1399 2959 1501 3007 caetera
1521 2965 1587 3021 quaa
1610 2949 1707 3005 decent
1735 2946 1897 3017 principes.

157 3037 364 3109 liquasillam
382 3036 473 3093 Varro
489 3037 583 3093 decem
608 3037 694 3094 luisse
710 3046 853 3100 autumat,
872 3054 999 3110 quarum
1056 3040 1125 3108 Quis
1153 3041 1228 3096 bona
1253 3055 1314 3096 esse
1337 3039 1514 3096 contradicat
1545 3039 1615 3109 quia
1641 3037 1725 3093 malis
1748 3042 1815 3092 sunt
1839 3047 1892 3107 ριι

157 3127 268 3198 insigne
284 3124 438 3193 virginitas
456 3134 507 3190 est,
524 3134 551 3181 et
570 3126 745 3197 virginitatis
760 3128 911 3197 praemium
929 3128 1002 3184 divi·
1056 3129 1173 3185 mista?
1205 3131 1361 3199 presertim
1395 3143 1472 3196 cum,
1506 3135 1539 3184 ut
1572 3127 1673 3184 beatas
1707 3124 1811 3182 astruit
1846 3127 1889 3179 ilu

157 3215 245 3271 natio.
264 3235 278 3263 »
303 3216 422 3270 item:‹
448 3213 568 3270 Claudia
583 3215 664 3286 virgo
680 3215 795 3272 vestalis
814 3230 880 3272 cum
905 3217 934 3272 in
950 3231 1002 3273 su-
1057 3219 1202 3289 gostinus,
1229 3227 1256 3274 et
1290 3218 1441 3274 maniicsta
1471 3218 1544 3273 ratio
1577 3223 1708 3284 testatur,
1738 3213 1815 3271 mala
1842 3227 1897 3268 es.

158 3303 314 3375 spicioncm
343 3302 466 3358 venisset
486 3303 589 3374 stupri,
611 3303 702 3360 lertur
732 3305 849 3376 cingulo
886 3306 1003 3361 duxisse
1056 3312 1203 3376 nequeant
1217 3305 1273 3361 nisi
1296 3305 1324 3360 in
1341 3312 1446 3360 natura
1465 3304 1563 3360 bonai
1586 3304 1655 3372 Quis
1679 3318 1738 3360 non
1761 3301 1833 3359 illud
1848 3314 1884 3370 ap

159 3401 259 3461 ratem,
271 3405 361 3462 quam
376 3392 526 3447 hominum
543 3393 631 3449 millia
647 3395 760 3451 trahere
774 3395 977 3466 nequiverant.
988 3417 1002 3444 u

158 3484 194 3540 Et
218 3481 360 3552 synodius
387 3481 628 3538 claremontensis
652 3484 852 3554 episcopusin
881 3498 1002 3554 propen-

160 3573 214 3630 tico
227 3571 262 3627 ad
278 3570 406 3626 libellam
422 3584 507 3626 suum
520 3570 557 3626 ita
573 3572 716 3643 loquitur:

231 3660 325 3725 Qualis
339 3674 387 3713 acc
403 3661 540 3728 Tortaquil
554 3662 619 3727 suit,
634 3676 681 3714 uec
695 3663 754 3729 illa,

231 3732 317 3797 Quam
331 3734 370 3798 ia,
388 3731 557 3799 Tricipitino,
575 3735 736 3801 procreasti,

232 3803 327 3868 Qualis
339 3816 385 3855 nec
395 3802 520 3873 Pbrypiae
531 3803 623 3857 dicata
641 3805 737 3871 Vestae,

232 3874 298 3939 Qua
312 3875 384 3928 circa
399 3881 468 3928 satis
482 3873 614 3930 Albulam
630 3880 774 3931 tumentem

229 3947 316 4000 Duxit
330 3946 451 4012 oirpiueo
463 3952 549 4000 rutam
562 3945 668 4015 capillo.

301 4033 415 4102 (darm,
433 4049 509 4099 xxiv,
528 4037 571 4089 39.
592 4034 713 4092 —Vide
730 4037 892 4105 Patrologiaa

354 4112 375 4161 t.
391 4103 477 4171 LVll,
494 4105 546 4160 col.
562 4107 637 4177 ric.)

101 4162 104 4166 ⁴
159 4192 343 4263 Augustinus
364 4193 404 4248 De
419 4193 533 4250 civitate
548 4195 597 4250 Dei
612 4195 661 4250 lib.
678 4209 738 4251 rau
755 4196 817 4267 (cap
834 4196 892 4266 lli:
910 4214 924 4249 ι
940 4197 1002 4253 lam

160 4282 184 4336 si
211 4281 248 4337 ad
270 4295 370 4338 eorum
386 4280 527 4337 miracula
553 4283 704 4340 veniamus
723 4299 789 4355 quae
809 4283 883 4340 lacta
909 4299 926 4341 a
951 4285 1005 4341 diis
1021 4275 1042 4327 Ι)
1058 4254 1087 4309 S·
1117 4253 1204 4320 ⁶¹¹⁶&
1233 4265 1258 4306 ⁰·

58 4415 64 4429 .
160 4370 221 4427 suis
240 4371 416 4442 martyribus
429 4379 579 4443 opponunt
595 4373 710 4441 nostris,
726 4389 822 4430 nonne
836 4373 923 4430 etiam
942 4374 1004 4444 ipsa

161 4475 212 4531 pro
248 4460 330 4517 nobis
361 4460 461 4525 iacere,
501 4469 528 4517 ιι
553 4462 636 4518 nobis
672 4464 852 4533 reperientur
888 4463 1004 4520 omnino

159 4550 320 4622 proficere?
334 4549 407 4607 Nam
427 4550 500 4607 inter
520 4565 627 4624 magna
641 4552 782 4609 miracula
802 4553 921 4610 deorum
942 4568 1006 4609 suo·

160 4656 227 4698 rum
251 4639 376 4711 protecto
400 4653 540 4712 magnum
555 4641 627 4699 illud
642 4650 695 4713 est,
710 4643 788 4714 quod
814 4643 904 4700 Varro
925 4658 1004 4700 corn·

161 4734 301 4788 memorat
319 4729 455 4786 vestalem
473 4729 624 4802 virginem,
640 4746 706 4788 cum
722 4731 933 4802 periclitaretur
949 4731 1004 4787 ial-

161 4834 193 4876 sa
208 4819 371 4891 suspicione
390 4820 424 4876 de
444 4826 553 4890 stupro,
575 4820 704 4877 cribrum
728 4820 859 4890 implesse
878 4835 956 4892 aqua
971 4822 1005 4876 de

160 4908 264 4976 Tiberi,
281 4917 309 4965 et
323 4909 360 4965 ad
374 4923 442 4965 suos
456 4908 569 4980 judices
590 4908 671 4965 nulla
693 4909 757 4980 eius
780 4916 860 4981 parte
879 4909 1005 4966 stillante

160 5004 297 5067 portasse.
324 4998 394 5062 Quis
427 5012 512 5069 aquae
543 4997 655 5068 pondus
686 4998 776 5055 tenuit
802 5005 843 5055 tot
875 4997 1006 5055 cavernis

160 5085 360 5155 patientibus?
387 5087 467 5144 Itane
500 5089 575 5145 Deus
603 5088 783 5157 omnipotens
807 5095 920 5145 terreno
946 5100 1006 5142 cor·

161 5174 224 5246 pori
239 5187 326 5245 grave
342 5176 456 5244 pondus
477 5177 590 5234 auterre
612 5192 669 5234 uon
688 5178 799 5247 poterit,
817 5180 851 5233 ut
864 5176 893 5233 in
908 5176 1006 5234 eodem

161 5263 302 5320 elemento
327 5261 436 5320 habitet
464 5266 643 5324 vivificatum
671 5282 784 5338 corpus,
814 5269 845 5324 in
873 5282 931 5338 qao
957 5280 1007 5324 vo·

162 5351 248 5408 luerit
273 5350 425 5408 vivificans
450 5354 624 5424 spiritual»
653 5357 712 5415 Nec
735 5358 841 5415 mirum
857 5356 880 5413 si
901 5356 935 5413 iis
959 5348 1004 5414 ιιι

162 5439 227 5497 aliis
247 5441 322 5498 Deus
343 5440 491 5498 miraculis
516 5443 677 5502 iutldeliam
703 5461 820 5519 quoque
848 5446 1006 5504 castitatem

139 5531 311 5596 *extulerit
336 5530 382 5589 vel
402 5530 504 5601 alticio,
530 5533 695 5595 damonum
719 5536 816 5595 extolli
835 5535 1006 5607 permiserit,

1057 3395 1157 3465 probet
1174 3394 1250 3465 quod
1266 3395 1376 3464 poetica
1390 3393 1519 3464 perhibet
1536 3393 1694 3450 sententia:

1146 3519 1266 3578 Otlerunt
1276 3535 1389 3590 peccare
1407 3520 1470 3574 boui
1484 3522 1595 3575 virtutis
1611 3521 1727 3574 amore?

1378 3607 1507 3680 (donar,
1519 3611 1609 3678 Epist.
1621 3608 1640 3664 l.
1656 3624 1675 3674 1,
1691 3622 1736 3677 ep.
1756 3606 1813 3676 li.)

1057 3717 1126 3784 Quis
1148 3715 1313 3786 Vespasiani
1343 3716 1472 3772 nondum
1505 3715 1685 3786 imperatoris
1715 3712 1900 3773 miraculum,

1058 3806 1135 3878 quod
1153 3805 1306 3862 Suetonius
1329 3805 1413 3861 relcrt
1438 3805 1478 3874 (ia
1503 3807 1630 3875 Vespac,
1652 3818 1676 3859 c.
1707 3803 1744 3872 7),
1769 3803 1804 3857 de
1828 3815 1899 3857 cac·

1057 3895 1190 3953 videlicet
1204 3902 1231 3950 et
1253 3894 1357 3950 claudo
1373 3908 1421 3963 per
1437 3907 1504 3950 cum
1527 3892 1645 3960 curatis,
1672 3906 1730 3947 non
1747 3890 1839 3962 tnagis
1852 3905 1901 3959 ap·

1058 3985 1155 4055 probet
1169 3997 1257 4053 quam
1273 3990 1369 4052 neget,
1390 3990 1422 4038 ut
1440 3981 1504 4050 ejus
1519 3983 1656 4037 virtutem
1676 3979 1801 4050 amplius
1815 3994 1901 4035 remu

1059 4073 1112 4129 lari
1142 4072 1231 4128 velint
1252 4071 1403 4142 principes.
1432 4075 1488 4127 Aut
1513 4071 1590 4141 quod
1606 4070 1641 4126 de
1666 4069 1763 4126 anima
1786 4070 1891 4139 Trajan

1059 4165 1159 4220 boatus
1173 4162 1264 4232 egisse
1284 4160 1438 4231 Gregorius
1465 4159 1556 4231 (loru.
1574 4161 1724 4226 Dracouus,
1748 4157 1767 4213 1.
1790 4173 1809 4213 ιι
1837 4159 1902 4214 Via

1287 4250 1333 4320 ll)
1353 4249 1513 4306 rclertur‘i
1540 4249 1688 4306 Noverunt
1717 4246 1847 4302 homines
1876 4246 1882 4300 i

1059 4357 1140 4400 oceno
1156 4340 1343 4412 margaritam
1367 4339 1470 4410 legere,
1495 4347 1522 4395 et
1546 4353 1562 4394 a
1582 4338 1669 4408 paleis
1688 4350 1779 4409 grana
1798 4336 1890 4391 discor

1060 4446 1137 4488 nere.
1159 4433 1194 4488 Et
1218 4430 1294 4486 dona
1316 4443 1371 4485 sua
1387 4427 1548 4484 infidelitati
1573 4428 1709 4499 adjuncta
1733 4426 1809 4482 Deus
1824 4425 1890 4495 igno

1059 4535 1124 4577 rara
1145 4533 1202 4575 non
1218 4524 1318 4589 potest,
1343 4517 1572 4589 necquidquam
1588 4516 1691 4572 horum
1719 4529 1784 4586 qnae
1809 4513 1902 4569 teceri

1058 4610 1147 4667 odire.
1177 4607 1246 4673 Quae
1272 4622 1330 4678 quo
1360 4606 1495 4676 amplius·
1513 4605 1604 4677 siguis
1632 4610 1796 4670 coruscant,
1827 4610 1901 4658 tam

1058 4697 1185 4771 amplius
1199 4710 1253 4753 saa
1276 4709 1337 4752 esso
1359 4695 1545 4762 demonstrat,
1564 4707 1616 4750 noc
1640 4691 1791 4748 hominum
1810 4691 1890 4761 pravi

1059 4793 1116 4844 tate
1142 4798 1196 4842 sua
1223 4785 1372 4856 inquinari
1404 4798 1495 4855 posse,
1524 4792 1551 4839 et
1584 4781 1679 4853 qualis
1708 4781 1744 4837 sit
1772 4780 1902 4837 ildelibu

1059 4876 1243 4947 spectandus,
1265 4875 1316 4946 qui
1332 4875 1417 4931 talem
1433 4888 1463 4930 so
1477 4872 1593 4930 exhibet
1616 4870 1789 4928 infidelibus.
1808 4869 1891 4937 Quan

1060 4974 1118 5022 tam
1144 4973 1240 5022 autem
1272 4965 1349 5035 apud
1377 4963 1506 5020 infideles
1534 4961 1703 5033 dignitatem
1732 4960 1835 5016 devota
1859 4960 1887 5016 ill

1059 5055 1171 5125 templis
1193 5053 1330 5125 pudicitia
1367 5052 1403 5108 sit
1439 5051 1551 5123 adepta,
1590 5051 1718 5106 vindicta
1746 5048 1902 5106 violationi

1060 5143 1176 5200 indicat.
1199 5145 1290 5208 Quam
1319 5141 1426 5198 scilicet
1457 5140 1616 5198 vindictam
1649 5137 1800 5195 luvenalis
1833 5152 1895 5194 com

1063 5245 1224 5290 memorans
1247 5232 1278 5288 in
1296 5238 1392 5302 satyra
1420 5245 1448 5285 ιι
1477 5237 1576 5285 mantra
1604 5227 1778 5300 Crispinum,
1806 5227 1847 5285 sic
1875 5228 1902 5283 d.

1062 5320 1193 5393 ipsoait:

1098 5484 1224 5503 .....
1244 5447 1311 5504 Cum
1326 5461 1378 5518 quo
1394 5459 1480 5516 uttpcr
1493 5446 1594 5500 uitiata
1604 5445 1716 5515 jacebat
1870 5518 1874 5524 Ι

1098 5536 1238 5607 Sanguine
1249 5535 1338 5596 aatac
1353 5536 1413 5591 oioo
1429 5537 1529 5591 terram
1544 5535 1671 5591 subitura
1682 5532 1819 5589 sacerdos.
