<?xml version="1.0" encoding="UTF-8"?>
<!DOCTYPE html PUBLIC "-//W3C//DTD XHTML 1.0 Transitional//EN"
    "http://www.w3.org/TR/xhtml1/DTD/xhtml1-transitional.dtd">
<html xmlns="http://www.w3.org/1999/xhtml" xml:lang="en" lang="en">
 <head>
  <title>
</title>
<meta http-equiv="Content-Type" content="text/html;charset=utf-8" />
  <meta name='ocr-system' content='tesseract 3.04.00' />
  <meta name='ocr-capabilities' content='ocr_page ocr_carea ocr_par ocr_line ocrx_word'/>
</head>
<body>
  <div class='ocr_page' id='page_1' title='image "./patrologiaecurs53unkngoog_0552.png"; bbox 0 0 3804 5962; ppageno 0'>
   <div class='ocr_carea' id='block_1_1' title="bbox 443 197 1703 264">
    <p class='ocr_par' dir='ltr' id='par_1_1' title="bbox 443 197 1703 264">
     <span class='ocr_line' id='line_1_1' title="bbox 443 197 1703 264; baseline 0.008 -10"><span class='ocrx_word' id='word_1_1' title='bbox 443 197 681 259; x_wconf 83' lang='lat' dir='ltr'>lllrltollllurlo</span> <span class='ocrx_word' id='word_1_2' title='bbox 700 199 750 257; x_wconf 83' lang='grc' dir='ltr'>ΑΙ)</span> <span class='ocrx_word' id='word_1_3' title='bbox 768 197 1004 258; x_wconf 77' lang='lat' dir='ltr'>ruadhoolhll.</span> <span class='ocrx_word' id='word_1_4' title='bbox 1021 231 1055 242; x_wconf 90' lang='lat'>-</span> <span class='ocrx_word' id='word_1_5' title='bbox 1069 201 1135 258; x_wconf 78' lang='lat' dir='ltr'>llll.</span> <span class='ocrx_word' id='word_1_6' title='bbox 1157 201 1206 258; x_wconf 90' lang='lat' dir='ltr'>lll.</span> <span class='ocrx_word' id='word_1_7' title='bbox 1636 208 1703 264; x_wconf 77' lang='lat' dir='ltr'>that)</span> 
     </span>
    </p>
   </div>
   <div class='ocr_carea' id='block_1_2' title="bbox 80 323 1722 1291">
    <p class='ocr_par' dir='ltr' id='par_1_2' title="bbox 80 323 1722 1291">
     <span class='ocr_line' id='line_1_2' title="bbox 82 323 1701 400; baseline 0.002 -18"><span class='ocrx_word' id='word_1_8' title='bbox 82 323 185 382; x_wconf 90' lang='lat' dir='ltr'>urihus</span> <span class='ocrx_word' id='word_1_9' title='bbox 200 324 360 383; x_wconf 88' lang='lat' dir='ltr'>rectoribus</span> <span class='ocrx_word' id='word_1_10' title='bbox 375 325 503 383; x_wconf 91' lang='lat' dir='ltr'>mundus</span> <span class='ocrx_word' id='word_1_11' title='bbox 525 326 667 398; x_wconf 85' lang='lat' dir='ltr'>suhjacet,</span> <span class='ocrx_word' id='word_1_12' title='bbox 682 325 732 384; x_wconf 92' lang='lat' dir='ltr'>sed</span> <span class='ocrx_word' id='word_1_13' title='bbox 745 325 801 381; x_wconf 91' lang='lat' dir='ltr'>uui</span> <span class='ocrx_word' id='word_1_14' title='bbox 816 328 841 382; x_wconf 81' lang='lat' dir='ltr'>h</span> <span class='ocrx_word' id='word_1_15' title='bbox 855 324 969 383; x_wconf 84' lang='lat' dir='ltr'>linitam</span> <span class='ocrx_word' id='word_1_16' title='bbox 980 327 1045 400; x_wconf 83' lang='lat' dir='ltr'>ejus</span> <span class='ocrx_word' id='word_1_17' title='bbox 1058 326 1182 399; x_wconf 86' lang='lat' dir='ltr'>gloriam</span> <span class='ocrx_word' id='word_1_18' title='bbox 1207 326 1436 398; x_wconf 82' lang='lat' dir='ltr'>magnificemus,</span> <span class='ocrx_word' id='word_1_19' title='bbox 1459 328 1618 398; x_wconf 81' lang='lat' dir='ltr'>presertim</span> <span class='ocrx_word' id='word_1_20' title='bbox 1634 342 1701 386; x_wconf 91' lang='lat' dir='ltr'>cum</span> 
     </span>
     <span class='ocr_line' id='line_1_3' title="bbox 94 413 1704 488; baseline 0.002 -18"><span class='ocrx_word' id='word_1_21' title='bbox 94 413 184 470; x_wconf 77' lang='lat' dir='ltr'>Tanto</span> <span class='ocrx_word' id='word_1_22' title='bbox 197 414 305 486; x_wconf 78' lang='lat' dir='ltr'><strong>quippe</strong></span> <span class='ocrx_word' id='word_1_23' title='bbox 321 415 413 485; x_wconf 86' lang='lat' dir='ltr'>major</span> <span class='ocrx_word' id='word_1_24' title='bbox 429 414 457 470; x_wconf 92' lang='lat' dir='ltr'>iu</span> <span class='ocrx_word' id='word_1_25' title='bbox 477 414 613 471; x_wconf 90' lang='lat' dir='ltr'>omnibus</span> <span class='ocrx_word' id='word_1_26' title='bbox 638 416 802 473; x_wconf 79' lang='lat' dir='ltr'><strong>custoditur</strong></span> <span class='ocrx_word' id='word_1_27' title='bbox 856 414 938 471; x_wconf 91' lang='lat' dir='ltr'>nulla</span> <span class='ocrx_word' id='word_1_28' title='bbox 954 415 990 472; x_wconf 92' lang='lat' dir='ltr'>sit</span> <span class='ocrx_word' id='word_1_29' title='bbox 1005 415 1089 484; x_wconf 90' lang='lat' dir='ltr'>ratio,</span> <span class='ocrx_word' id='word_1_30' title='bbox 1106 430 1166 488; x_wconf 92' lang='lat' dir='ltr'>qua</span> <span class='ocrx_word' id='word_1_31' title='bbox 1181 415 1215 473; x_wconf 89' lang='lat' dir='ltr'>ad</span> <span class='ocrx_word' id='word_1_32' title='bbox 1232 424 1343 472; x_wconf 90' lang='lat' dir='ltr'>certum</span> <span class='ocrx_word' id='word_1_33' title='bbox 1358 429 1511 473; x_wconf 90' lang='lat' dir='ltr'>numerum</span> <span class='ocrx_word' id='word_1_34' title='bbox 1527 417 1655 488; x_wconf 88' lang='lat' dir='ltr'>aliquem</span> <span class='ocrx_word' id='word_1_35' title='bbox 1669 431 1704 475; x_wconf 84' lang='lat' dir='ltr'>ea</span> 
     </span>
     <span class='ocr_line' id='line_1_4' title="bbox 81 496 1722 576; baseline 0.003 -18"><span class='ocrx_word' id='word_1_36' title='bbox 81 503 118 572; x_wconf 90' lang='lat' dir='ltr'>la,</span> <span class='ocrx_word' id='word_1_37' title='bbox 135 511 245 574; x_wconf 86' lang='lat' dir='ltr'>quanto</span> <span class='ocrx_word' id='word_1_38' title='bbox 267 503 359 573; x_wconf 87' lang='lat' dir='ltr'>major</span> <span class='ocrx_word' id='word_1_39' title='bbox 380 510 494 560; x_wconf 90' lang='lat' dir='ltr'>tenetur</span> <span class='ocrx_word' id='word_1_40' title='bbox 510 504 655 570; x_wconf 80' lang='lat' dir='ltr'>identitas,</span> <span class='ocrx_word' id='word_1_41' title='bbox 680 512 707 560; x_wconf 88' lang='lat' dir='ltr'>et</span> <span class='ocrx_word' id='word_1_42' title='bbox 722 511 802 560; x_wconf 93' lang='lat' dir='ltr'>tanto</span> <span class='ocrx_word' id='word_1_43' title='bbox 856 504 955 559; x_wconf 82' lang='lat' dir='ltr'>reduci</span> <span class='ocrx_word' id='word_1_44' title='bbox 970 511 1068 575; x_wconf 82' lang='lat' dir='ltr'><strong>queat.</strong></span> <span class='ocrx_word' id='word_1_45' title='bbox 1083 504 1175 572; x_wconf 86' lang='lat' dir='ltr'>Quam</span> <span class='ocrx_word' id='word_1_46' title='bbox 1193 506 1280 576; x_wconf 84' lang='lat' dir='ltr'>juxta</span> <span class='ocrx_word' id='word_1_47' title='bbox 1309 505 1462 574; x_wconf 80' lang='lat' dir='ltr'>praedicam</span> <span class='ocrx_word' id='word_1_48' title='bbox 1483 505 1626 563; x_wconf 87' lang='lat' dir='ltr'>rationem</span> <span class='ocrx_word' id='word_1_49' title='bbox 1640 496 1722 563; x_wconf 76' lang='lat' dir='ltr'>tau-¹</span> 
     </span>
     <span class='ocr_line' id='line_1_5' title="bbox 100 591 1703 669; baseline 0.004 -22"><span class='ocrx_word' id='word_1_50' title='bbox 100 605 117 647; x_wconf 93' lang='lat' dir='ltr'>a</span> <span class='ocrx_word' id='word_1_51' title='bbox 132 591 283 647; x_wconf 88' lang='lat' dir='ltr'>concordia</span> <span class='ocrx_word' id='word_1_52' title='bbox 313 592 465 660; x_wconf 87' lang='lat' dir='ltr'>receditur,</span> <span class='ocrx_word' id='word_1_53' title='bbox 494 599 605 663; x_wconf 90' lang='lat' dir='ltr'>quanto</span> <span class='ocrx_word' id='word_1_54' title='bbox 628 592 665 650; x_wconf 90' lang='lat' dir='ltr'>ab</span> <span class='ocrx_word' id='word_1_55' title='bbox 692 593 803 650; x_wconf 87' lang='lat' dir='ltr'>unitate</span> <span class='ocrx_word' id='word_1_56' title='bbox 856 599 885 648; x_wconf 90' lang='grc' dir='ltr'>ιο</span> <span class='ocrx_word' id='word_1_57' title='bbox 900 594 993 665; x_wconf 89' lang='lat' dir='ltr'>magis</span> <span class='ocrx_word' id='word_1_58' title='bbox 1007 594 1262 665; x_wconf 82' lang='lat' dir='ltr'>amplificabimus,</span> <span class='ocrx_word' id='word_1_59' title='bbox 1278 603 1391 664; x_wconf 93' lang='lat' dir='ltr'>quanto</span> <span class='ocrx_word' id='word_1_60' title='bbox 1405 594 1532 665; x_wconf 87' lang='lat' dir='ltr'>amplius</span> <span class='ocrx_word' id='word_1_61' title='bbox 1547 609 1703 669; x_wconf 82' lang='lat' dir='ltr'>numerum</span> 
     </span>
     <span class='ocr_line' id='line_1_6' title="bbox 81 680 1705 755; baseline 0.001 -17"><span class='ocrx_word' id='word_1_62' title='bbox 81 681 233 738; x_wconf 80' lang='lat' dir='ltr'>receditur.</span> <span class='ocrx_word' id='word_1_63' title='bbox 266 680 299 737; x_wconf 85' lang='lat' dir='ltr'>tlt</span> <span class='ocrx_word' id='word_1_64' title='bbox 331 694 401 752; x_wconf 90' lang='lat' dir='ltr'>ergo</span> <span class='ocrx_word' id='word_1_65' title='bbox 434 694 547 736; x_wconf 85' lang='lat' dir='ltr'>summa</span> <span class='ocrx_word' id='word_1_66' title='bbox 578 682 614 738; x_wconf 88' lang='lat' dir='ltr'>sit</span> <span class='ocrx_word' id='word_1_67' title='bbox 638 681 802 750; x_wconf 84' lang='lat' dir='ltr'>concordia,</span> <span class='ocrx_word' id='word_1_68' title='bbox 856 681 920 752; x_wconf 77' lang='lat' dir='ltr'>eius</span> <span class='ocrx_word' id='word_1_69' title='bbox 947 682 1172 740; x_wconf 84' lang='lat' dir='ltr'>extenderimus.</span> <span class='ocrx_word' id='word_1_70' title='bbox 1205 686 1299 755; x_wconf 81' lang='lat' dir='ltr'>Atque</span> <span class='ocrx_word' id='word_1_71' title='bbox 1325 684 1365 740; x_wconf 90' lang='lat' dir='ltr'>ita</span> <span class='ocrx_word' id='word_1_72' title='bbox 1392 685 1477 753; x_wconf 91' lang='lat' dir='ltr'>plura</span> <span class='ocrx_word' id='word_1_73' title='bbox 1502 697 1561 741; x_wconf 87' lang='lat' dir='ltr'>esse</span> <span class='ocrx_word' id='word_1_74' title='bbox 1589 698 1705 742; x_wconf 85' lang='lat' dir='ltr'>summa</span> 
     </span>
     <span class='ocr_line' id='line_1_7' title="bbox 97 771 1704 843; baseline 0.002 -16"><span class='ocrx_word' id='word_1_75' title='bbox 97 778 228 827; x_wconf 88' lang='lat' dir='ltr'>teneatur</span> <span class='ocrx_word' id='word_1_76' title='bbox 252 771 397 838; x_wconf 83' lang='lat' dir='ltr'>identitas,</span> <span class='ocrx_word' id='word_1_77' title='bbox 421 785 455 827; x_wconf 91' lang='lat' dir='ltr'>ac</span> <span class='ocrx_word' id='word_1_78' title='bbox 474 771 620 842; x_wconf 85' lang='lat' dir='ltr'>praecipua</span> <span class='ocrx_word' id='word_1_79' title='bbox 652 787 803 830; x_wconf 87' lang='lat' dir='ltr'>conserve·</span> <span class='ocrx_word' id='word_1_80' title='bbox 858 771 933 828; x_wconf 90' lang='lat' dir='ltr'>bona</span> <span class='ocrx_word' id='word_1_81' title='bbox 951 787 1038 843; x_wconf 91' lang='lat' dir='ltr'>quam</span> <span class='ocrx_word' id='word_1_82' title='bbox 1060 773 1197 830; x_wconf 85' lang='lat' dir='ltr'>iulerlora</span> <span class='ocrx_word' id='word_1_83' title='bbox 1220 774 1397 841; x_wconf 82' lang='lat' dir='ltr'>conveniret,</span> <span class='ocrx_word' id='word_1_84' title='bbox 1420 773 1479 829; x_wconf 90' lang='lat' dir='ltr'>imo</span> <span class='ocrx_word' id='word_1_85' title='bbox 1497 772 1614 830; x_wconf 91' lang='lat' dir='ltr'>omuino</span> <span class='ocrx_word' id='word_1_86' title='bbox 1638 774 1704 831; x_wconf 89' lang='lat' dir='ltr'>iufi-</span> 
     </span>
     <span class='ocr_line' id='line_1_8' title="bbox 81 859 1705 934; baseline 0.004 -19"><span class='ocrx_word' id='word_1_87' title='bbox 81 874 126 916; x_wconf 86' lang='lat' dir='ltr'>ns.</span> <span class='ocrx_word' id='word_1_88' title='bbox 142 859 188 916; x_wconf 91' lang='lat' dir='ltr'>Nil</span> <span class='ocrx_word' id='word_1_89' title='bbox 203 867 299 916; x_wconf 88' lang='lat' dir='ltr'>autem</span> <span class='ocrx_word' id='word_1_90' title='bbox 315 874 382 916; x_wconf 84' lang='lat' dir='ltr'>curn</span> <span class='ocrx_word' id='word_1_91' title='bbox 399 861 497 932; x_wconf 92' lang='lat' dir='ltr'>aliquo</span> <span class='ocrx_word' id='word_1_92' title='bbox 512 862 552 918; x_wconf 88' lang='lat' dir='ltr'>ita</span> <span class='ocrx_word' id='word_1_93' title='bbox 567 869 600 918; x_wconf 90' lang='lat' dir='ltr'>ut</span> <span class='ocrx_word' id='word_1_94' title='bbox 615 876 713 919; x_wconf 68' lang='lat' dir='ltr'>mcum</span> <span class='ocrx_word' id='word_1_95' title='bbox 729 862 803 919; x_wconf 91' lang='lat' dir='ltr'>idem</span> <span class='ocrx_word' id='word_1_96' title='bbox 858 862 919 916; x_wconf 89' lang='lat' dir='ltr'>nita</span> <span class='ocrx_word' id='word_1_97' title='bbox 932 875 1003 930; x_wconf 90' lang='lat' dir='ltr'>esse,</span> <span class='ocrx_word' id='word_1_98' title='bbox 1025 870 1057 918; x_wconf 92' lang='lat' dir='ltr'>ut</span> <span class='ocrx_word' id='word_1_99' title='bbox 1072 877 1125 919; x_wconf 90' lang='lat' dir='ltr'>uec</span> <span class='ocrx_word' id='word_1_100' title='bbox 1138 877 1239 920; x_wconf 91' lang='lat' dir='ltr'>earum</span> <span class='ocrx_word' id='word_1_101' title='bbox 1262 862 1381 919; x_wconf 90' lang='lat' dir='ltr'>scientia</span> <span class='ocrx_word' id='word_1_102' title='bbox 1395 876 1456 919; x_wconf 89' lang='lat' dir='ltr'>esse</span> <span class='ocrx_word' id='word_1_103' title='bbox 1476 863 1563 933; x_wconf 83' lang='lat' dir='ltr'>possit</span> <span class='ocrx_word' id='word_1_104' title='bbox 1578 877 1705 934; x_wconf 90' lang='lat' dir='ltr'>quorum</span> 
     </span>
     <span class='ocr_line' id='line_1_9' title="bbox 81 948 1705 1023; baseline 0.001 -17"><span class='ocrx_word' id='word_1_105' title='bbox 81 964 115 1006; x_wconf 65' lang='lat' dir='ltr'>,m</span> <span class='ocrx_word' id='word_1_106' title='bbox 137 956 236 1019; x_wconf 84' lang='lat' dir='ltr'>polest.</span> <span class='ocrx_word' id='word_1_107' title='bbox 264 964 316 1005; x_wconf 91' lang='lat' dir='ltr'>nec</span> <span class='ocrx_word' id='word_1_108' title='bbox 340 950 379 1004; x_wconf 86' lang='lat' dir='ltr'>ita</span> <span class='ocrx_word' id='word_1_109' title='bbox 396 949 447 1005; x_wconf 93' lang='lat' dir='ltr'>alii</span> <span class='ocrx_word' id='word_1_110' title='bbox 474 949 660 1017; x_wconf 83' lang='lat' dir='ltr'>concordare,</span> <span class='ocrx_word' id='word_1_111' title='bbox 691 955 724 1005; x_wconf 92' lang='grc' dir='ltr'>ιιι</span> <span class='ocrx_word' id='word_1_112' title='bbox 747 948 803 1004; x_wconf 88' lang='lat' dir='ltr'>sihi</span> <span class='ocrx_word' id='word_1_113' title='bbox 858 948 958 1007; x_wconf 92' lang='lat' dir='ltr'>nullus</span> <span class='ocrx_word' id='word_1_114' title='bbox 970 950 1000 1006; x_wconf 95' lang='lat' dir='ltr'>in</span> <span class='ocrx_word' id='word_1_115' title='bbox 1016 959 1123 1008; x_wconf 87' lang='lat' dir='ltr'>natura</span> <span class='ocrx_word' id='word_1_116' title='bbox 1137 953 1279 1008; x_wconf 89' lang='lat' dir='ltr'>terminus</span> <span class='ocrx_word' id='word_1_117' title='bbox 1291 952 1460 1018; x_wconf 89' lang='lat' dir='ltr'>occurrerit,</span> <span class='ocrx_word' id='word_1_118' title='bbox 1476 966 1530 1009; x_wconf 90' lang='lat' dir='ltr'>uec</span> <span class='ocrx_word' id='word_1_119' title='bbox 1545 952 1605 1023; x_wconf 89' lang='lat' dir='ltr'>ipse</span> <span class='ocrx_word' id='word_1_120' title='bbox 1617 954 1705 1010; x_wconf 89' lang='lat' dir='ltr'>etiam</span> 
     </span>
     <span class='ocr_line' id='line_1_10' title="bbox 81 1037 1703 1125; baseline 0.001 -29"><span class='ocrx_word' id='word_1_121' title='bbox 81 1039 159 1110; x_wconf 83' lang='lat' dir='ltr'>eipso</span> <span class='ocrx_word' id='word_1_122' title='bbox 186 1040 259 1096; x_wconf 92' lang='lat' dir='ltr'>nihil</span> <span class='ocrx_word' id='word_1_123' title='bbox 288 1038 427 1095; x_wconf 87' lang='lat' dir='ltr'>dissimile</span> <span class='ocrx_word' id='word_1_124' title='bbox 450 1038 497 1096; x_wconf 88' lang='lat' dir='ltr'>sil.</span> <span class='ocrx_word' id='word_1_125' title='bbox 524 1037 568 1095; x_wconf 85' lang='lat' dir='ltr'>hd</span> <span class='ocrx_word' id='word_1_126' title='bbox 589 1052 683 1095; x_wconf 93' lang='lat' dir='ltr'>uuum</span> <span class='ocrx_word' id='word_1_127' title='bbox 705 1038 804 1108; x_wconf 85' lang='lat' dir='ltr'>itaque</span> <span class='ocrx_word' id='word_1_128' title='bbox 859 1039 935 1094; x_wconf 85' lang='lat' dir='ltr'>Deus</span> <span class='ocrx_word' id='word_1_129' title='bbox 948 1051 1012 1095; x_wconf 90' lang='lat' dir='ltr'>eam</span> <span class='ocrx_word' id='word_1_130' title='bbox 1028 1053 1078 1109; x_wconf 87' lang='lat' dir='ltr'>por</span> <span class='ocrx_word' id='word_1_131' title='bbox 1097 1040 1245 1096; x_wconf 89' lang='lat' dir='ltr'>scientiam</span> <span class='ocrx_word' id='word_1_132' title='bbox 1261 1040 1525 1110; x_wconf 79' lang='lat' dir='ltr'>comprehenderet,</span> <span class='ocrx_word' id='word_1_133' title='bbox 1541 1040 1703 1125; x_wconf 73' lang='lat' dir='ltr'>quantillo</span> 
     </span>
     <span class='ocr_line' id='line_1_11' title="bbox 80 1125 1703 1201; baseline 0.002 -17"><span class='ocrx_word' id='word_1_134' title='bbox 80 1137 203 1201; x_wconf 83' lang='lat' dir='ltr'>spectare</span> <span class='ocrx_word' id='word_1_135' title='bbox 226 1142 260 1185; x_wconf 92' lang='lat' dir='ltr'>ac</span> <span class='ocrx_word' id='word_1_136' title='bbox 278 1127 379 1185; x_wconf 87' lang='lat' dir='ltr'>relerri</span> <span class='ocrx_word' id='word_1_137' title='bbox 401 1127 544 1191; x_wconf 89' lang='lat' dir='ltr'>convenit,</span> <span class='ocrx_word' id='word_1_138' title='bbox 562 1134 595 1185; x_wconf 93' lang='lat' dir='ltr'>ut</span> <span class='ocrx_word' id='word_1_139' title='bbox 609 1125 686 1198; x_wconf 91' lang='lat' dir='ltr'>quod</span> <span class='ocrx_word' id='word_1_140' title='bbox 704 1138 804 1182; x_wconf 90' lang='lat' dir='ltr'>rerum</span> <span class='ocrx_word' id='word_1_141' title='bbox 858 1131 972 1183; x_wconf 74' lang='lat' dir='ltr'>nature</span> <span class='ocrx_word' id='word_1_142' title='bbox 986 1127 1109 1184; x_wconf 85' lang='lat' dir='ltr'>termino</span> <span class='ocrx_word' id='word_1_143' title='bbox 1128 1127 1430 1198; x_wconf 86' lang='lat' dir='ltr'>comprehenderetur.</span> <span class='ocrx_word' id='word_1_144' title='bbox 1447 1129 1588 1186; x_wconf 75' lang='lat' dir='ltr'>Praeterea</span> <span class='ocrx_word' id='word_1_145' title='bbox 1603 1131 1627 1187; x_wconf 91' lang='lat' dir='ltr'>si</span> <span class='ocrx_word' id='word_1_146' title='bbox 1639 1131 1703 1201; x_wconf 93' lang='lat' dir='ltr'>plu·</span> 
     </span>
     <span class='ocr_line' id='line_1_12' title="bbox 80 1213 1706 1291; baseline 0.002 -19"><span class='ocrx_word' id='word_1_147' title='bbox 80 1224 122 1273; x_wconf 82' lang='grc' dir='ltr'>ιιι</span> <span class='ocrx_word' id='word_1_148' title='bbox 150 1217 258 1288; x_wconf 86' lang='lat' dir='ltr'>agitur,</span> <span class='ocrx_word' id='word_1_149' title='bbox 282 1230 342 1273; x_wconf 91' lang='lat' dir='ltr'>uua</span> <span class='ocrx_word' id='word_1_150' title='bbox 369 1214 480 1273; x_wconf 87' lang='lat' dir='ltr'>ratione</span> <span class='ocrx_word' id='word_1_151' title='bbox 505 1215 683 1272; x_wconf 85' lang='lat' dir='ltr'>concorditer</span> <span class='ocrx_word' id='word_1_152' title='bbox 712 1213 802 1270; x_wconf 91' lang='lat' dir='ltr'>admi·</span> <span class='ocrx_word' id='word_1_153' title='bbox 859 1226 905 1270; x_wconf 87' lang='lat' dir='ltr'>res</span> <span class='ocrx_word' id='word_1_154' title='bbox 934 1221 1003 1272; x_wconf 89' lang='lat' dir='ltr'>suut</span> <span class='ocrx_word' id='word_1_155' title='bbox 1038 1215 1091 1284; x_wconf 92' lang='lat' dir='ltr'>dii,</span> <span class='ocrx_word' id='word_1_156' title='bbox 1123 1218 1268 1288; x_wconf 91' lang='lat' dir='ltr'>quomodo</span> <span class='ocrx_word' id='word_1_157' title='bbox 1303 1217 1457 1275; x_wconf 87' lang='lat' dir='ltr'>Dominum</span> <span class='ocrx_word' id='word_1_158' title='bbox 1499 1232 1706 1291; x_wconf 84' lang='lat' dir='ltr'>quemcunque</span> 
     </span>
    </p>
   </div>
   <div class='ocr_carea' id='block_1_3' title="bbox 80 1298 1795 1380">
    <p class='ocr_par' dir='ltr' id='par_1_3' title="bbox 80 1298 1795 1380">
     <span class='ocr_line' id='line_1_13' title="bbox 80 1298 1795 1380; baseline 0 -18"><span class='ocrx_word' id='word_1_159' title='bbox 80 1306 202 1374; x_wconf 90' lang='lat' dir='ltr'>r‚modo</span> <span class='ocrx_word' id='word_1_160' title='bbox 224 1319 312 1377; x_wconf 89' lang='lat' dir='ltr'>quem</span> <span class='ocrx_word' id='word_1_161' title='bbox 331 1306 361 1361; x_wconf 95' lang='lat' dir='ltr'>iu</span> <span class='ocrx_word' id='word_1_162' title='bbox 387 1305 526 1362; x_wconf 91' lang='lat' dir='ltr'>omuibus</span> <span class='ocrx_word' id='word_1_163' title='bbox 550 1310 660 1374; x_wconf 86' lang='lat' dir='ltr'>oportet</span> <span class='ocrx_word' id='word_1_164' title='bbox 678 1310 802 1360; x_wconf 73' lang='lat' dir='ltr'>servam.</span> <span class='ocrx_word' id='word_1_165' title='bbox 858 1317 1007 1361; x_wconf 89' lang='lat' dir='ltr'>summum</span> <span class='ocrx_word' id='word_1_166' title='bbox 1022 1303 1282 1373; x_wconf 89' lang='lat' dir='ltr'>bouumdiccmus,</span> <span class='ocrx_word' id='word_1_167' title='bbox 1300 1306 1705 1380; x_wconf 82' lang='lat' dir='ltr'>cumaliudsitmajusipso,</span> <span class='ocrx_word' id='word_1_168' title='bbox 1792 1298 1795 1305; x_wconf 82' lang='grc'><strong>’</strong></span> 
     </span>
    </p>
   </div>
   <div class='ocr_carea' id='block_1_4' title="bbox 76 1391 1712 5573">
    <p class='ocr_par' dir='ltr' id='par_1_4' title="bbox 76 1391 1712 5573">
     <span class='ocr_line' id='line_1_14' title="bbox 92 1391 1705 1469; baseline 0.002 -18"><span class='ocrx_word' id='word_1_169' title='bbox 92 1394 190 1466; x_wconf 91' lang='lat' dir='ltr'>plures</span> <span class='ocrx_word' id='word_1_170' title='bbox 213 1395 368 1451; x_wconf 91' lang='lat' dir='ltr'>adrerum</span> <span class='ocrx_word' id='word_1_171' title='bbox 397 1395 570 1451; x_wconf 88' lang='lat' dir='ltr'>creationem</span> <span class='ocrx_word' id='word_1_172' title='bbox 598 1391 691 1465; x_wconf 88' lang='lat' dir='ltr'>magis</span> <span class='ocrx_word' id='word_1_173' title='bbox 714 1405 804 1463; x_wconf 90' lang='lat' dir='ltr'>quam</span> <span class='ocrx_word' id='word_1_174' title='bbox 861 1392 924 1463; x_wconf 89' lang='lat' dir='ltr'>ipsa</span> <span class='ocrx_word' id='word_1_175' title='bbox 950 1393 1060 1450; x_wconf 90' lang='lat' dir='ltr'>scilicet</span> <span class='ocrx_word' id='word_1_176' title='bbox 1085 1395 1228 1452; x_wconf 92' lang='lat' dir='ltr'>donorum</span> <span class='ocrx_word' id='word_1_177' title='bbox 1250 1396 1418 1466; x_wconf 67' lang='lat' dir='ltr'>multitudo,</span> <span class='ocrx_word' id='word_1_178' title='bbox 1442 1410 1533 1468; x_wconf 93' lang='lat' dir='ltr'>quam</span> <span class='ocrx_word' id='word_1_179' title='bbox 1567 1397 1705 1469; x_wconf 88' lang='lat' dir='ltr'>quislibet</span> 
     </span>
     <span class='ocr_line' id='line_1_15' title="bbox 80 1479 1705 1555; baseline -0.001 -14"><span class='ocrx_word' id='word_1_180' title='bbox 80 1483 139 1541; x_wconf 84' lang='lat' dir='ltr'>tale</span> <span class='ocrx_word' id='word_1_181' title='bbox 161 1497 264 1541; x_wconf 91' lang='lat' dir='ltr'>earum</span> <span class='ocrx_word' id='word_1_182' title='bbox 290 1482 420 1555; x_wconf 91' lang='lat' dir='ltr'>regimen</span> <span class='ocrx_word' id='word_1_183' title='bbox 444 1480 599 1538; x_wconf 85' lang='lat' dir='ltr'>convenire</span> <span class='ocrx_word' id='word_1_184' title='bbox 627 1479 803 1536; x_wconf 91' lang='lat' dir='ltr'>credendum</span> <span class='ocrx_word' id='word_1_185' title='bbox 860 1495 938 1538; x_wconf 87' lang='lat' dir='ltr'>uuus</span> <span class='ocrx_word' id='word_1_186' title='bbox 953 1493 991 1537; x_wconf 84' lang='lat' dir='ltr'>ex</span> <span class='ocrx_word' id='word_1_187' title='bbox 1008 1495 1043 1538; x_wconf 92' lang='lat' dir='ltr'>ea</span> <span class='ocrx_word' id='word_1_188' title='bbox 1058 1483 1267 1540; x_wconf 82' lang='lat' dir='ltr'>multitudine?</span> <span class='ocrx_word' id='word_1_189' title='bbox 1282 1483 1335 1541; x_wconf 87' lang='lat' dir='ltr'>Sed</span> <span class='ocrx_word' id='word_1_190' title='bbox 1352 1498 1405 1541; x_wconf 92' lang='lat' dir='ltr'>nec</span> <span class='ocrx_word' id='word_1_191' title='bbox 1427 1485 1536 1542; x_wconf 91' lang='lat' dir='ltr'>bouum</span> <span class='ocrx_word' id='word_1_192' title='bbox 1549 1483 1705 1541; x_wconf 91' lang='lat' dir='ltr'>dicendum</span> 
     </span>
     <span class='ocr_line' id='line_1_16' title="bbox 93 1569 1704 1646; baseline -0.001 -17"><span class='ocrx_word' id='word_1_193' title='bbox 93 1572 130 1630; x_wconf 89' lang='lat' dir='ltr'>ah</span> <span class='ocrx_word' id='word_1_194' title='bbox 145 1587 204 1628; x_wconf 92' lang='lat' dir='ltr'>uno</span> <span class='ocrx_word' id='word_1_195' title='bbox 228 1579 349 1628; x_wconf 88' lang='lat' dir='ltr'>naturas</span> <span class='ocrx_word' id='word_1_196' title='bbox 372 1585 471 1627; x_wconf 91' lang='lat' dir='ltr'>omnes</span> <span class='ocrx_word' id='word_1_197' title='bbox 491 1570 564 1637; x_wconf 88' lang='lat' dir='ltr'>heri,</span> <span class='ocrx_word' id='word_1_198' title='bbox 586 1575 619 1626; x_wconf 88' lang='lat' dir='ltr'>ut</span> <span class='ocrx_word' id='word_1_199' title='bbox 634 1575 662 1625; x_wconf 91' lang='lat' dir='ltr'>et</span> <span class='ocrx_word' id='word_1_200' title='bbox 676 1569 736 1640; x_wconf 87' lang='lat' dir='ltr'>regi</span> <span class='ocrx_word' id='word_1_201' title='bbox 753 1582 802 1638; x_wconf 95' lang='lat' dir='ltr'>op·</span> <span class='ocrx_word' id='word_1_202' title='bbox 860 1576 943 1636; x_wconf 90' lang='lat' dir='ltr'>esset,</span> <span class='ocrx_word' id='word_1_203' title='bbox 959 1571 1047 1642; x_wconf 92' lang='lat' dir='ltr'>quod,</span> <span class='ocrx_word' id='word_1_204' title='bbox 1074 1578 1107 1628; x_wconf 90' lang='lat' dir='ltr'>ut</span> <span class='ocrx_word' id='word_1_205' title='bbox 1127 1571 1189 1642; x_wconf 83' lang='lat' dir='ltr'>jam</span> <span class='ocrx_word' id='word_1_206' title='bbox 1212 1573 1402 1643; x_wconf 88' lang='lat' dir='ltr'>ostendimus,</span> <span class='ocrx_word' id='word_1_207' title='bbox 1424 1573 1607 1646; x_wconf 82' lang='lat' dir='ltr'>superfluum</span> <span class='ocrx_word' id='word_1_208' title='bbox 1620 1579 1704 1630; x_wconf 88' lang='lat' dir='ltr'>esset.</span> 
     </span>
     <span class='ocr_line' id='line_1_17' title="bbox 98 1657 1706 1735; baseline 0 -16"><span class='ocrx_word' id='word_1_209' title='bbox 98 1662 237 1728; x_wconf 88' lang='lat' dir='ltr'>creditur,</span> <span class='ocrx_word' id='word_1_210' title='bbox 254 1668 286 1717; x_wconf 90' lang='lat' dir='ltr'>ut</span> <span class='ocrx_word' id='word_1_211' title='bbox 308 1669 386 1716; x_wconf 92' lang='lat' dir='ltr'>tanto</span> <span class='ocrx_word' id='word_1_212' title='bbox 402 1660 572 1716; x_wconf 88' lang='lat' dir='ltr'>concordius</span> <span class='ocrx_word' id='word_1_213' title='bbox 600 1657 992 1730; x_wconf 79' lang='lat' dir='ltr'>regivalcant,pllenique</span> <span class='ocrx_word' id='word_1_214' title='bbox 1018 1660 1111 1716; x_wconf 90' lang='lat' dir='ltr'>omnis</span> <span class='ocrx_word' id='word_1_215' title='bbox 1143 1661 1298 1718; x_wconf 92' lang='lat' dir='ltr'>multitudo</span> <span class='ocrx_word' id='word_1_216' title='bbox 1323 1670 1414 1719; x_wconf 88' lang='lat' dir='ltr'>totum</span> <span class='ocrx_word' id='word_1_217' title='bbox 1450 1665 1568 1735; x_wconf 91' lang='lat' dir='ltr'>quidem</span> <span class='ocrx_word' id='word_1_218' title='bbox 1595 1670 1647 1721; x_wconf 85' lang='lat' dir='ltr'>est.</span> <span class='ocrx_word' id='word_1_219' title='bbox 1679 1669 1706 1720; x_wconf 88' lang='lat' dir='ltr'>et</span> 
     </span>
     <span class='ocr_line' id='line_1_18' title="bbox 107 1746 1704 1822; baseline 0 -16"><span class='ocrx_word' id='word_1_220' title='bbox 107 1750 210 1821; x_wconf 85' lang='lat' dir='ltr'>majori</span> <span class='ocrx_word' id='word_1_221' title='bbox 249 1762 388 1805; x_wconf 80' lang='lat' dir='ltr'>connexa</span> <span class='ocrx_word' id='word_1_222' title='bbox 412 1755 480 1805; x_wconf 89' lang='lat' dir='ltr'>sunt</span> <span class='ocrx_word' id='word_1_223' title='bbox 522 1747 685 1803; x_wconf 89' lang='lat' dir='ltr'>concordia.</span> <span class='ocrx_word' id='word_1_224' title='bbox 713 1746 804 1803; x_wconf 82' lang='lat' dir='ltr'>Tanto</span> <span class='ocrx_word' id='word_1_225' title='bbox 860 1752 1051 1803; x_wconf 91' lang='lat' dir='ltr'>omnetotum</span> <span class='ocrx_word' id='word_1_226' title='bbox 1073 1748 1197 1819; x_wconf 91' lang='lat' dir='ltr'>propriis</span> <span class='ocrx_word' id='word_1_227' title='bbox 1216 1750 1347 1820; x_wconf 89' lang='lat' dir='ltr'>partibus</span> <span class='ocrx_word' id='word_1_228' title='bbox 1370 1751 1512 1822; x_wconf 84' lang='lat' dir='ltr'>posterius</span> <span class='ocrx_word' id='word_1_229' title='bbox 1530 1765 1591 1808; x_wconf 90' lang='lat' dir='ltr'>esse</span> <span class='ocrx_word' id='word_1_230' title='bbox 1614 1757 1704 1807; x_wconf 90' lang='lat' dir='ltr'>uatu-</span> 
     </span>
     <span class='ocr_line' id='line_1_19' title="bbox 89 1833 1704 1911; baseline -0.001 -15"><span class='ocrx_word' id='word_1_231' title='bbox 89 1839 184 1911; x_wconf 82' lang='lat' dir='ltr'>maJor</span> <span class='ocrx_word' id='word_1_232' title='bbox 208 1846 251 1894; x_wconf 90' lang='lat' dir='ltr'>est</span> <span class='ocrx_word' id='word_1_233' title='bbox 276 1852 376 1894; x_wconf 89' lang='lat' dir='ltr'>carum</span> <span class='ocrx_word' id='word_1_234' title='bbox 415 1835 578 1904; x_wconf 92' lang='lat' dir='ltr'>concordia,</span> <span class='ocrx_word' id='word_1_235' title='bbox 608 1844 718 1907; x_wconf 90' lang='lat' dir='ltr'>quanto</span> <span class='ocrx_word' id='word_1_236' title='bbox 744 1849 804 1892; x_wconf 91' lang='lat' dir='ltr'>am·</span> <span class='ocrx_word' id='word_1_237' title='bbox 862 1833 961 1890; x_wconf 81' lang='lat' dir='ltr'>naliter</span> <span class='ocrx_word' id='word_1_238' title='bbox 985 1842 1106 1904; x_wconf 90' lang='lat' dir='ltr'>constat,</span> <span class='ocrx_word' id='word_1_239' title='bbox 1133 1844 1221 1908; x_wconf 90' lang='lat' dir='ltr'>atque</span> <span class='ocrx_word' id='word_1_240' title='bbox 1247 1851 1335 1895; x_wconf 87' lang='lat' dir='ltr'>omne</span> <span class='ocrx_word' id='word_1_241' title='bbox 1360 1839 1438 1910; x_wconf 91' lang='lat' dir='ltr'>qnod</span> <span class='ocrx_word' id='word_1_242' title='bbox 1461 1838 1623 1910; x_wconf 82' lang='lat' dir='ltr'>simplicius</span> <span class='ocrx_word' id='word_1_243' title='bbox 1653 1846 1704 1907; x_wconf 90' lang='lat' dir='ltr'>est,</span> 
     </span>
     <span class='ocr_line' id='line_1_20' title="bbox 80 1923 1706 1999; baseline 0.001 -14"><span class='ocrx_word' id='word_1_244' title='bbox 80 1943 106 1985; x_wconf 86' lang='lat' dir='ltr'>lo</span> <span class='ocrx_word' id='word_1_245' title='bbox 120 1929 277 1998; x_wconf 90' lang='lat' dir='ltr'>eodemque</span> <span class='ocrx_word' id='word_1_246' title='bbox 303 1927 419 1997; x_wconf 90' lang='lat' dir='ltr'>penitus</span> <span class='ocrx_word' id='word_1_247' title='bbox 444 1939 557 1995; x_wconf 88' lang='lat' dir='ltr'>semper</span> <span class='ocrx_word' id='word_1_248' title='bbox 578 1923 721 1995; x_wconf 80' lang='lat' dir='ltr'>principio</span> <span class='ocrx_word' id='word_1_249' title='bbox 743 1938 802 1982; x_wconf 73' lang='lat' dir='ltr'>ma</span> <span class='ocrx_word' id='word_1_250' title='bbox 861 1929 940 1979; x_wconf 88' lang='lat' dir='ltr'>tauto</span> <span class='ocrx_word' id='word_1_251' title='bbox 955 1923 1068 1980; x_wconf 77' lang='lat' dir='ltr'>numius</span> <span class='ocrx_word' id='word_1_252' title='bbox 1089 1939 1150 1982; x_wconf 90' lang='lat' dir='ltr'>esso</span> <span class='ocrx_word' id='word_1_253' title='bbox 1164 1940 1279 1983; x_wconf 88' lang='lat' dir='ltr'>necesse</span> <span class='ocrx_word' id='word_1_254' title='bbox 1300 1935 1436 1997; x_wconf 76' lang='lat' dir='ltr'>osteum</span> <span class='ocrx_word' id='word_1_255' title='bbox 1460 1943 1546 1986; x_wconf 89' lang='lat' dir='ltr'>omne</span> <span class='ocrx_word' id='word_1_256' title='bbox 1565 1928 1706 1999; x_wconf 90' lang='lat' dir='ltr'>composi·</span> 
     </span>
     <span class='ocr_line' id='line_1_21' title="bbox 80 2011 1705 2086; baseline 0 -12"><span class='ocrx_word' id='word_1_257' title='bbox 80 2011 805 2084; x_wconf 82' lang='lat' dir='ltr'>tearumartileramultiplicitateacdiversitate</span> <span class='ocrx_word' id='word_1_258' title='bbox 861 2019 924 2068; x_wconf 89' lang='lat' dir='ltr'>tum</span> <span class='ocrx_word' id='word_1_259' title='bbox 958 2020 1066 2069; x_wconf 87' lang='lat' dir='ltr'>natura</span> <span class='ocrx_word' id='word_1_260' title='bbox 1095 2013 1264 2072; x_wconf 86' lang='lat' dir='ltr'>dissolubile</span> <span class='ocrx_word' id='word_1_261' title='bbox 1291 2017 1337 2086; x_wconf 89' lang='lat' dir='ltr'>sit,</span> <span class='ocrx_word' id='word_1_262' title='bbox 1368 2026 1397 2075; x_wconf 91' lang='lat' dir='ltr'>et</span> <span class='ocrx_word' id='word_1_263' title='bbox 1431 2025 1511 2075; x_wconf 79' lang='grc' dir='ltr'>ιιιιιο</span> <span class='ocrx_word' id='word_1_264' title='bbox 1547 2017 1705 2085; x_wconf 82' lang='lat' dir='ltr'>infirmius,</span> 
     </span>
     <span class='ocr_line' id='line_1_22' title="bbox 83 2101 1706 2175; baseline -0.001 -13"><span class='ocrx_word' id='word_1_265' title='bbox 83 2107 169 2163; x_wconf 80' lang='lat' dir='ltr'>Facta</span> <span class='ocrx_word' id='word_1_266' title='bbox 187 2112 284 2161; x_wconf 81' lang='lat' dir='ltr'>aulem</span> <span class='ocrx_word' id='word_1_267' title='bbox 301 2111 370 2161; x_wconf 90' lang='lat' dir='ltr'>sunt</span> <span class='ocrx_word' id='word_1_268' title='bbox 385 2103 530 2173; x_wconf 89' lang='lat' dir='ltr'>primitus,</span> <span class='ocrx_word' id='word_1_269' title='bbox 552 2111 585 2158; x_wconf 89' lang='lat' dir='ltr'>ut</span> <span class='ocrx_word' id='word_1_270' title='bbox 606 2101 713 2171; x_wconf 88' lang='lat' dir='ltr'>optime</span> <span class='ocrx_word' id='word_1_271' title='bbox 728 2107 804 2170; x_wconf 87' lang='lat' dir='ltr'>post·</span> <span class='ocrx_word' id='word_1_272' title='bbox 861 2109 972 2172; x_wconf 87' lang='lat' dir='ltr'>quanto</span> <span class='ocrx_word' id='word_1_273' title='bbox 1000 2101 1182 2159; x_wconf 91' lang='lat' dir='ltr'>dissolutioni</span> <span class='ocrx_word' id='word_1_274' title='bbox 1208 2104 1302 2175; x_wconf 87' lang='lat' dir='ltr'>magis</span> <span class='ocrx_word' id='word_1_275' title='bbox 1330 2105 1502 2163; x_wconf 80' lang='lat' dir='ltr'>obnoxium.</span> <span class='ocrx_word' id='word_1_276' title='bbox 1526 2105 1598 2173; x_wconf 82' lang='lat' dir='ltr'>Quis</span> <span class='ocrx_word' id='word_1_277' title='bbox 1618 2106 1706 2163; x_wconf 87' lang='lat' dir='ltr'>etiam</span> 
     </span>
     <span class='ocr_line' id='line_1_23' title="bbox 80 2189 1705 2265; baseline -0.002 -13"><span class='ocrx_word' id='word_1_278' title='bbox 80 2203 185 2262; x_wconf 82' lang='lat' dir='ltr'>entur,</span> <span class='ocrx_word' id='word_1_279' title='bbox 201 2202 230 2250; x_wconf 91' lang='lat' dir='ltr'>et</span> <span class='ocrx_word' id='word_1_280' title='bbox 245 2207 311 2264; x_wconf 78' lang='lat' dir='ltr'>quae</span> <span class='ocrx_word' id='word_1_281' title='bbox 325 2192 433 2249; x_wconf 90' lang='lat' dir='ltr'>llehaut</span> <span class='ocrx_word' id='word_1_282' title='bbox 457 2199 491 2247; x_wconf 95' lang='lat' dir='ltr'>ut</span> <span class='ocrx_word' id='word_1_283' title='bbox 506 2197 687 2262; x_wconf 88' lang='lat' dir='ltr'>regerentur,</span> <span class='ocrx_word' id='word_1_284' title='bbox 704 2189 741 2245; x_wconf 89' lang='lat' dir='ltr'>ad</span> <span class='ocrx_word' id='word_1_285' title='bbox 761 2201 803 2245; x_wconf 88' lang='lat' dir='ltr'>re·</span> <span class='ocrx_word' id='word_1_286' title='bbox 861 2189 1010 2260; x_wconf 88' lang='lat' dir='ltr'>quodlibet</span> <span class='ocrx_word' id='word_1_287' title='bbox 1043 2190 1152 2248; x_wconf 91' lang='lat' dir='ltr'>bouum</span> <span class='ocrx_word' id='word_1_288' title='bbox 1188 2199 1269 2250; x_wconf 90' lang='lat' dir='ltr'>tauto</span> <span class='ocrx_word' id='word_1_289' title='bbox 1298 2195 1450 2264; x_wconf 86' lang='lat' dir='ltr'>pretiosius</span> <span class='ocrx_word' id='word_1_290' title='bbox 1481 2209 1543 2253; x_wconf 89' lang='lat' dir='ltr'>esse</span> <span class='ocrx_word' id='word_1_291' title='bbox 1575 2195 1705 2265; x_wconf 88' lang='lat' dir='ltr'>deneget,</span> 
     </span>
     <span class='ocr_line' id='line_1_24' title="bbox 79 2277 1708 2354; baseline -0.002 -14"><span class='ocrx_word' id='word_1_292' title='bbox 79 2307 84 2340; x_wconf 94' lang='lat' dir='ltr'>l</span> <span class='ocrx_word' id='word_1_293' title='bbox 112 2285 216 2354; x_wconf 91' lang='lat' dir='ltr'>utique</span> <span class='ocrx_word' id='word_1_294' title='bbox 250 2283 319 2339; x_wconf 93' lang='lat' dir='ltr'>dum</span> <span class='ocrx_word' id='word_1_295' title='bbox 351 2283 461 2348; x_wconf 84' lang='lat' dir='ltr'>tierent,</span> <span class='ocrx_word' id='word_1_296' title='bbox 491 2279 740 2350; x_wconf 84' lang='lat' dir='ltr'>praeparabantur.</span> <span class='ocrx_word' id='word_1_297' title='bbox 769 2277 805 2336; x_wconf 89' lang='lat' dir='ltr'>Ut</span> <span class='ocrx_word' id='word_1_298' title='bbox 861 2285 971 2349; x_wconf 92' lang='lat' dir='ltr'>quanto</span> <span class='ocrx_word' id='word_1_299' title='bbox 996 2279 1203 2350; x_wconf 83' lang='lat' dir='ltr'>rarius;eteo</span> <span class='ocrx_word' id='word_1_300' title='bbox 1226 2282 1320 2353; x_wconf 91' lang='lat' dir='ltr'>magis</span> <span class='ocrx_word' id='word_1_301' title='bbox 1342 2282 1510 2354; x_wconf 90' lang='lat' dir='ltr'>gloriosum,</span> <span class='ocrx_word' id='word_1_302' title='bbox 1532 2296 1592 2354; x_wconf 93' lang='lat' dir='ltr'>quo</span> <span class='ocrx_word' id='word_1_303' title='bbox 1615 2282 1708 2352; x_wconf 89' lang='lat' dir='ltr'>magis</span> 
     </span>
     <span class='ocr_line' id='line_1_25' title="bbox 79 2366 1708 2444; baseline 0 -15"><span class='ocrx_word' id='word_1_304' title='bbox 79 2373 152 2429; x_wconf 85' lang='lat' dir='ltr'>time</span> <span class='ocrx_word' id='word_1_305' title='bbox 172 2380 351 2444; x_wconf 85' lang='lat' dir='ltr'>regerentur,</span> <span class='ocrx_word' id='word_1_306' title='bbox 375 2370 450 2426; x_wconf 89' lang='lat' dir='ltr'>lacta</span> <span class='ocrx_word' id='word_1_307' title='bbox 472 2371 579 2439; x_wconf 91' lang='lat' dir='ltr'>optime</span> <span class='ocrx_word' id='word_1_308' title='bbox 597 2367 669 2423; x_wconf 85' lang='lat' dir='ltr'>dum</span> <span class='ocrx_word' id='word_1_309' title='bbox 692 2366 803 2436; x_wconf 88' lang='lat' dir='ltr'>fierent,</span> <span class='ocrx_word' id='word_1_310' title='bbox 860 2372 903 2423; x_wconf 88' lang='lat' dir='ltr'>est</span> <span class='ocrx_word' id='word_1_311' title='bbox 923 2366 1066 2424; x_wconf 73' lang='lat' dir='ltr'>unicum?</span> <span class='ocrx_word' id='word_1_312' title='bbox 1097 2368 1178 2425; x_wconf 88' lang='lat' dir='ltr'>Unde</span> <span class='ocrx_word' id='word_1_313' title='bbox 1204 2376 1232 2426; x_wconf 85' lang='lat' dir='ltr'>et</span> <span class='ocrx_word' id='word_1_314' title='bbox 1259 2371 1430 2442; x_wconf 87' lang='lat' dir='ltr'>plerumque</span> <span class='ocrx_word' id='word_1_315' title='bbox 1458 2385 1492 2428; x_wconf 91' lang='lat' dir='ltr'>ea</span> <span class='ocrx_word' id='word_1_316' title='bbox 1521 2386 1588 2443; x_wconf 80' lang='lat' dir='ltr'>quae</span> <span class='ocrx_word' id='word_1_317' title='bbox 1610 2374 1708 2429; x_wconf 85' lang='lat' dir='ltr'>minus</span> 
     </span>
     <span class='ocr_line' id='line_1_26' title="bbox 79 2455 1707 2530; baseline -0.001 -12"><span class='ocrx_word' id='word_1_318' title='bbox 79 2462 179 2518; x_wconf 76' lang='lat' dir='ltr'>sudum</span> <span class='ocrx_word' id='word_1_319' title='bbox 203 2468 286 2517; x_wconf 90' lang='lat' dir='ltr'>erant</span> <span class='ocrx_word' id='word_1_320' title='bbox 311 2457 510 2530; x_wconf 84' lang='lat' dir='ltr'>praeparanda.</span> <span class='ocrx_word' id='word_1_321' title='bbox 537 2455 684 2525; x_wconf 84' lang='lat' dir='ltr'>Quomodo</span> <span class='ocrx_word' id='word_1_322' title='bbox 708 2462 805 2513; x_wconf 69' lang='lat' dir='ltr'>auum</span> <span class='ocrx_word' id='word_1_323' title='bbox 861 2464 930 2513; x_wconf 90' lang='lat' dir='ltr'>sunt</span> <span class='ocrx_word' id='word_1_324' title='bbox 944 2457 1105 2514; x_wconf 85' lang='lat' dir='ltr'>necessaria</span> <span class='ocrx_word' id='word_1_325' title='bbox 1119 2458 1193 2524; x_wconf 88' lang='lat' dir='ltr'>allis,</span> <span class='ocrx_word' id='word_1_326' title='bbox 1210 2460 1328 2515; x_wconf 89' lang='lat' dir='ltr'>raritate</span> <span class='ocrx_word' id='word_1_327' title='bbox 1350 2468 1444 2517; x_wconf 91' lang='lat' dir='ltr'>tamen</span> <span class='ocrx_word' id='word_1_328' title='bbox 1470 2460 1518 2517; x_wconf 90' lang='lat' dir='ltr'>sui</span> <span class='ocrx_word' id='word_1_329' title='bbox 1531 2461 1574 2518; x_wconf 86' lang='lat' dir='ltr'>eis</span> <span class='ocrx_word' id='word_1_330' title='bbox 1588 2459 1707 2517; x_wconf 89' lang='lat' dir='ltr'>omuino</span> 
     </span>
     <span class='ocr_line' id='line_1_27' title="bbox 92 2545 1706 2622; baseline -0.001 -16"><span class='ocrx_word' id='word_1_331' title='bbox 92 2558 291 2622; x_wconf 78' lang='lat' dir='ltr'>preparentur</span> <span class='ocrx_word' id='word_1_332' title='bbox 328 2549 399 2602; x_wconf 91' lang='lat' dir='ltr'>dum</span> <span class='ocrx_word' id='word_1_333' title='bbox 431 2546 541 2613; x_wconf 81' lang='lat' dir='ltr'>sterent,</span> <span class='ocrx_word' id='word_1_334' title='bbox 572 2553 605 2602; x_wconf 87' lang='lat' dir='ltr'>ut</span> <span class='ocrx_word' id='word_1_335' title='bbox 633 2545 707 2601; x_wconf 90' lang='lat' dir='ltr'>lacta</span> <span class='ocrx_word' id='word_1_336' title='bbox 732 2551 807 2614; x_wconf 89' lang='lat' dir='ltr'>post·</span> <span class='ocrx_word' id='word_1_337' title='bbox 861 2545 1067 2617; x_wconf 85' lang='lat' dir='ltr'>praeleruutur,</span> <span class='ocrx_word' id='word_1_338' title='bbox 1083 2554 1235 2603; x_wconf 91' lang='lat' dir='ltr'>utaurum</span> <span class='ocrx_word' id='word_1_339' title='bbox 1250 2547 1335 2616; x_wconf 82' lang='lat' dir='ltr'>terro,</span> <span class='ocrx_word' id='word_1_340' title='bbox 1350 2549 1434 2620; x_wconf 88' lang='lat' dir='ltr'>piper</span> <span class='ocrx_word' id='word_1_341' title='bbox 1451 2549 1606 2607; x_wconf 87' lang='lat' dir='ltr'>lrumeuto.</span> <span class='ocrx_word' id='word_1_342' title='bbox 1623 2549 1706 2605; x_wconf 82' lang='lat' dir='ltr'>Com·</span> 
     </span>
     <span class='ocr_line' id='line_1_28' title="bbox 90 2633 1707 2710; baseline 0 -16"><span class='ocrx_word' id='word_1_343' title='bbox 90 2639 197 2709; x_wconf 90' lang='lat' dir='ltr'>optime</span> <span class='ocrx_word' id='word_1_344' title='bbox 209 2645 389 2710; x_wconf 87' lang='lat' dir='ltr'>regerentur,</span> <span class='ocrx_word' id='word_1_345' title='bbox 400 2635 456 2691; x_wconf 89' lang='lat' dir='ltr'>uisi</span> <span class='ocrx_word' id='word_1_346' title='bbox 468 2649 584 2690; x_wconf 88' lang='lat' dir='ltr'>summa</span> <span class='ocrx_word' id='word_1_347' title='bbox 596 2633 719 2690; x_wconf 89' lang='lat' dir='ltr'>invicem</span> <span class='ocrx_word' id='word_1_348' title='bbox 736 2647 805 2690; x_wconf 92' lang='lat' dir='ltr'>con·</span> <span class='ocrx_word' id='word_1_349' title='bbox 861 2635 980 2690; x_wconf 91' lang='lat' dir='ltr'>mendat</span> <span class='ocrx_word' id='word_1_350' title='bbox 992 2633 1091 2706; x_wconf 90' lang='lat' dir='ltr'>itaque</span> <span class='ocrx_word' id='word_1_351' title='bbox 1104 2634 1212 2692; x_wconf 78' lang='lat' dir='ltr'>divina</span> <span class='ocrx_word' id='word_1_352' title='bbox 1232 2634 1352 2707; x_wconf 79' lang='lat' dir='ltr'>gloriam</span> <span class='ocrx_word' id='word_1_353' title='bbox 1367 2637 1544 2695; x_wconf 82' lang='lat' dir='ltr'>excellentiae</span> <span class='ocrx_word' id='word_1_354' title='bbox 1555 2638 1617 2708; x_wconf 89' lang='lat' dir='ltr'>ipsa</span> <span class='ocrx_word' id='word_1_355' title='bbox 1631 2652 1707 2709; x_wconf 93' lang='lat' dir='ltr'>quo-</span> 
     </span>
     <span class='ocr_line' id='line_1_29' title="bbox 81 2723 1708 2799; baseline -0.003 -14"><span class='ocrx_word' id='word_1_356' title='bbox 81 2735 108 2785; x_wconf 88' lang='lat' dir='ltr'>et</span> <span class='ocrx_word' id='word_1_357' title='bbox 124 2730 185 2799; x_wconf 89' lang='lat' dir='ltr'>ipsa</span> <span class='ocrx_word' id='word_1_358' title='bbox 211 2726 258 2783; x_wconf 92' lang='lat' dir='ltr'>sui</span> <span class='ocrx_word' id='word_1_359' title='bbox 272 2727 416 2782; x_wconf 86' lang='lat' dir='ltr'>creatione</span> <span class='ocrx_word' id='word_1_360' title='bbox 439 2724 622 2795; x_wconf 86' lang='lat' dir='ltr'>colligentur,</span> <span class='ocrx_word' id='word_1_361' title='bbox 644 2730 677 2779; x_wconf 95' lang='lat' dir='ltr'>ut</span> <span class='ocrx_word' id='word_1_362' title='bbox 695 2737 728 2779; x_wconf 91' lang='lat' dir='ltr'>co</span> <span class='ocrx_word' id='word_1_363' title='bbox 748 2735 807 2777; x_wconf 88' lang='lat' dir='ltr'>am·</span> <span class='ocrx_word' id='word_1_364' title='bbox 861 2736 919 2791; x_wconf 89' lang='lat' dir='ltr'>que</span> <span class='ocrx_word' id='word_1_365' title='bbox 939 2723 1003 2794; x_wconf 84' lang='lat' dir='ltr'>ejus</span> <span class='ocrx_word' id='word_1_366' title='bbox 1021 2723 1220 2794; x_wconf 77' lang='lat' dir='ltr'>singularitas,</span> <span class='ocrx_word' id='word_1_367' title='bbox 1240 2737 1306 2795; x_wconf 78' lang='lat' dir='ltr'>qua</span> <span class='ocrx_word' id='word_1_368' title='bbox 1328 2738 1449 2796; x_wconf 89' lang='lat' dir='ltr'>operum</span> <span class='ocrx_word' id='word_1_369' title='bbox 1472 2739 1590 2796; x_wconf 91' lang='lat' dir='ltr'>quoque</span> <span class='ocrx_word' id='word_1_370' title='bbox 1615 2724 1708 2795; x_wconf 90' lang='lat' dir='ltr'>ipsius</span> 
     </span>
     <span class='ocr_line' id='line_1_30' title="bbox 79 2810 1705 2884; baseline -0.002 -12"><span class='ocrx_word' id='word_1_371' title='bbox 79 2814 243 2873; x_wconf 90' lang='lat' dir='ltr'>oncnrdiler</span> <span class='ocrx_word' id='word_1_372' title='bbox 274 2821 362 2884; x_wconf 88' lang='lat' dir='ltr'>atque</span> <span class='ocrx_word' id='word_1_373' title='bbox 387 2812 491 2868; x_wconf 89' lang='lat' dir='ltr'>melius</span> <span class='ocrx_word' id='word_1_374' title='bbox 519 2819 671 2884; x_wconf 85' lang='lat' dir='ltr'>regantur,</span> <span class='ocrx_word' id='word_1_375' title='bbox 695 2817 806 2882; x_wconf 90' lang='lat' dir='ltr'>quanto</span> <span class='ocrx_word' id='word_1_376' title='bbox 861 2810 991 2866; x_wconf 86' lang='lat' dir='ltr'>maxima</span> <span class='ocrx_word' id='word_1_377' title='bbox 1018 2819 1060 2867; x_wconf 90' lang='lat' dir='ltr'>est</span> <span class='ocrx_word' id='word_1_378' title='bbox 1087 2812 1307 2880; x_wconf 88' lang='lat' dir='ltr'>commendatio,</span> <span class='ocrx_word' id='word_1_379' title='bbox 1338 2821 1397 2869; x_wconf 91' lang='lat' dir='ltr'>tam</span> <span class='ocrx_word' id='word_1_380' title='bbox 1428 2814 1459 2870; x_wconf 92' lang='lat' dir='ltr'>iu</span> <span class='ocrx_word' id='word_1_381' title='bbox 1482 2813 1527 2870; x_wconf 91' lang='lat' dir='ltr'>his</span> <span class='ocrx_word' id='word_1_382' title='bbox 1559 2814 1705 2881; x_wconf 87' lang='lat' dir='ltr'>iaciendis,</span> 
     </span>
     <span class='ocr_line' id='line_1_31' title="bbox 79 2899 1707 2974; baseline -0.001 -15"><span class='ocrx_word' id='word_1_383' title='bbox 79 2904 131 2962; x_wconf 65' lang='lat' dir='ltr'>rius</span> <span class='ocrx_word' id='word_1_384' title='bbox 153 2905 184 2960; x_wconf 94' lang='lat' dir='ltr'>iu</span> <span class='ocrx_word' id='word_1_385' title='bbox 207 2904 270 2974; x_wconf 91' lang='lat' dir='ltr'>ipsa</span> <span class='ocrx_word' id='word_1_386' title='bbox 288 2916 390 2959; x_wconf 89' lang='lat' dir='ltr'>eorum</span> <span class='ocrx_word' id='word_1_387' title='bbox 410 2900 571 2957; x_wconf 89' lang='lat' dir='ltr'>conditione</span> <span class='ocrx_word' id='word_1_388' title='bbox 597 2908 710 2957; x_wconf 79' lang='lat' dir='ltr'>natura</span> <span class='ocrx_word' id='word_1_389' title='bbox 730 2901 806 2971; x_wconf 89' lang='lat' dir='ltr'>ipso·</span> <span class='ocrx_word' id='word_1_390' title='bbox 862 2912 951 2969; x_wconf 88' lang='lat' dir='ltr'>quam</span> <span class='ocrx_word' id='word_1_391' title='bbox 966 2899 997 2955; x_wconf 94' lang='lat' dir='ltr'>iu</span> <span class='ocrx_word' id='word_1_392' title='bbox 1009 2899 1050 2957; x_wconf 90' lang='lat' dir='ltr'>eis</span> <span class='ocrx_word' id='word_1_393' title='bbox 1064 2900 1248 2970; x_wconf 85' lang='lat' dir='ltr'>disponendis</span> <span class='ocrx_word' id='word_1_394' title='bbox 1260 2908 1348 2973; x_wconf 87' lang='lat' dir='ltr'>atque</span> <span class='ocrx_word' id='word_1_395' title='bbox 1367 2901 1511 2974; x_wconf 89' lang='lat' dir='ltr'>regendis,</span> <span class='ocrx_word' id='word_1_396' title='bbox 1535 2900 1622 2959; x_wconf 89' lang='lat' dir='ltr'>Nulla</span> <span class='ocrx_word' id='word_1_397' title='bbox 1640 2914 1707 2970; x_wconf 93' lang='lat' dir='ltr'>pro·</span> 
     </span>
     <span class='ocr_line' id='line_1_32' title="bbox 79 2988 1709 3082; baseline -0.003 -32"><span class='ocrx_word' id='word_1_398' title='bbox 79 3000 111 3050; x_wconf 92' lang='lat' dir='ltr'>nt</span> <span class='ocrx_word' id='word_1_399' title='bbox 136 2994 258 3049; x_wconf 84' lang='lat' dir='ltr'>invicem</span> <span class='ocrx_word' id='word_1_400' title='bbox 282 2989 449 3062; x_wconf 75' lang='lat' dir='ltr'>colligatae?</span> <span class='ocrx_word' id='word_1_401' title='bbox 463 2991 506 3045; x_wconf 84' lang='lat' dir='ltr'>hd</span> <span class='ocrx_word' id='word_1_402' title='bbox 521 3004 610 3060; x_wconf 92' lang='lat' dir='ltr'>quam</span> <span class='ocrx_word' id='word_1_403' title='bbox 633 2990 718 3047; x_wconf 88' lang='lat' dir='ltr'>etiam</span> <span class='ocrx_word' id='word_1_404' title='bbox 735 3003 805 3046; x_wconf 92' lang='lat' dir='ltr'>con-</span> <span class='ocrx_word' id='word_1_405' title='bbox 824 2988 924 3082; x_wconf 48' lang='lat' dir='ltr'>aprio</span> <span class='ocrx_word' id='word_1_406' title='bbox 938 2994 1019 3045; x_wconf 90' lang='lat' dir='ltr'>tauta</span> <span class='ocrx_word' id='word_1_407' title='bbox 1033 2989 1095 3046; x_wconf 88' lang='lat' dir='ltr'>lieri</span> <span class='ocrx_word' id='word_1_408' title='bbox 1116 2989 1271 3046; x_wconf 89' lang='lat' dir='ltr'>concordia</span> <span class='ocrx_word' id='word_1_409' title='bbox 1291 2989 1336 3047; x_wconf 84' lang='lat' dir='ltr'>vel</span> <span class='ocrx_word' id='word_1_410' title='bbox 1359 2991 1419 3063; x_wconf 90' lang='lat' dir='ltr'>regi</span> <span class='ocrx_word' id='word_1_411' title='bbox 1439 2999 1571 3061; x_wconf 87' lang='lat' dir='ltr'>possunt,</span> <span class='ocrx_word' id='word_1_412' title='bbox 1595 2998 1709 3061; x_wconf 88' lang='lat' dir='ltr'>quanta</span> 
     </span>
     <span class='ocr_line' id='line_1_33' title="bbox 90 3076 1708 3152; baseline -0.003 -14"><span class='ocrx_word' id='word_1_413' title='bbox 90 3083 283 3148; x_wconf 90' lang='lat' dir='ltr'>concordiam,</span> <span class='ocrx_word' id='word_1_414' title='bbox 299 3084 374 3137; x_wconf 87' lang='lat' dir='ltr'>sicut</span> <span class='ocrx_word' id='word_1_415' title='bbox 394 3087 422 3135; x_wconf 88' lang='lat' dir='ltr'>et</span> <span class='ocrx_word' id='word_1_416' title='bbox 439 3079 600 3151; x_wconf 90' lang='lat' dir='ltr'>regiminis,</span> <span class='ocrx_word' id='word_1_417' title='bbox 625 3084 721 3137; x_wconf 89' lang='lat' dir='ltr'>nullas</span> <span class='ocrx_word' id='word_1_418' title='bbox 745 3080 808 3150; x_wconf 90' lang='lat' dir='ltr'>ipsa</span> <span class='ocrx_word' id='word_1_419' title='bbox 863 3076 913 3134; x_wconf 86' lang='lat' dir='ltr'>illa</span> <span class='ocrx_word' id='word_1_420' title='bbox 927 3092 994 3148; x_wconf 80' lang='lat' dir='ltr'>quae</span> <span class='ocrx_word' id='word_1_421' title='bbox 1011 3092 1089 3135; x_wconf 88' lang='lat' dir='ltr'>unus</span> <span class='ocrx_word' id='word_1_422' title='bbox 1112 3085 1225 3135; x_wconf 91' lang='lat' dir='ltr'>tautum</span> <span class='ocrx_word' id='word_1_423' title='bbox 1249 3087 1278 3135; x_wconf 90' lang='lat' dir='ltr'>et</span> <span class='ocrx_word' id='word_1_424' title='bbox 1292 3079 1389 3136; x_wconf 90' lang='lat' dir='ltr'>condit</span> <span class='ocrx_word' id='word_1_425' title='bbox 1403 3087 1431 3137; x_wconf 90' lang='lat' dir='ltr'>et</span> <span class='ocrx_word' id='word_1_426' title='bbox 1450 3080 1533 3152; x_wconf 92' lang='lat' dir='ltr'>regit.</span> <span class='ocrx_word' id='word_1_427' title='bbox 1558 3079 1624 3136; x_wconf 84' lang='lat' dir='ltr'>iiaec</span> <span class='ocrx_word' id='word_1_428' title='bbox 1644 3077 1708 3150; x_wconf 92' lang='lat' dir='ltr'>qui·</span> 
     </span>
     <span class='ocr_line' id='line_1_34' title="bbox 79 3166 1708 3239; baseline -0.002 -12"><span class='ocrx_word' id='word_1_429' title='bbox 79 3171 193 3228; x_wconf 87' lang='lat' dir='ltr'>lentitas</span> <span class='ocrx_word' id='word_1_430' title='bbox 212 3171 340 3227; x_wconf 82' lang='lat' dir='ltr'>maxima</span> <span class='ocrx_word' id='word_1_431' title='bbox 355 3168 513 3225; x_wconf 90' lang='lat' dir='ltr'>conditoris</span> <span class='ocrx_word' id='word_1_432' title='bbox 537 3168 662 3238; x_wconf 91' lang='lat' dir='ltr'>prolicit,</span> <span class='ocrx_word' id='word_1_433' title='bbox 685 3175 718 3224; x_wconf 92' lang='lat' dir='ltr'>ut</span> <span class='ocrx_word' id='word_1_434' title='bbox 741 3168 809 3225; x_wconf 91' lang='lat' dir='ltr'>hluc</span> <span class='ocrx_word' id='word_1_435' title='bbox 862 3167 926 3223; x_wconf 93' lang='lat' dir='ltr'>dem</span> <span class='ocrx_word' id='word_1_436' title='bbox 942 3166 979 3223; x_wconf 93' lang='lat' dir='ltr'>ad</span> <span class='ocrx_word' id='word_1_437' title='bbox 988 3167 1173 3224; x_wconf 88' lang='lat' dir='ltr'>astruendam</span> <span class='ocrx_word' id='word_1_438' title='bbox 1189 3167 1295 3224; x_wconf 82' lang='lat' dir='ltr'>divium</span> <span class='ocrx_word' id='word_1_439' title='bbox 1310 3169 1541 3239; x_wconf 79' lang='lat' dir='ltr'>singularitatem</span> <span class='ocrx_word' id='word_1_440' title='bbox 1562 3167 1708 3225; x_wconf 81' lang='lat' dir='ltr'>excelleu-</span> 
     </span>
     <span class='ocr_line' id='line_1_35' title="bbox 99 3255 1709 3329; baseline -0.004 -12"><span class='ocrx_word' id='word_1_441' title='bbox 99 3274 192 3317; x_wconf 89' lang='lat' dir='ltr'>uuum</span> <span class='ocrx_word' id='word_1_442' title='bbox 205 3260 397 3329; x_wconf 90' lang='lat' dir='ltr'>eumdemque</span> <span class='ocrx_word' id='word_1_443' title='bbox 412 3258 526 3328; x_wconf 90' lang='lat' dir='ltr'>penitus</span> <span class='ocrx_word' id='word_1_444' title='bbox 544 3258 720 3314; x_wconf 87' lang='lat' dir='ltr'>conditorem</span> <span class='ocrx_word' id='word_1_445' title='bbox 734 3256 810 3314; x_wconf 86' lang='lat' dir='ltr'>sicut</span> <span class='ocrx_word' id='word_1_446' title='bbox 862 3255 910 3310; x_wconf 84' lang='lat' dir='ltr'>tiae</span> <span class='ocrx_word' id='word_1_447' title='bbox 923 3269 975 3326; x_wconf 93' lang='lat' dir='ltr'>pro</span> <span class='ocrx_word' id='word_1_448' title='bbox 990 3255 1153 3311; x_wconf 87' lang='lat' dir='ltr'>rationibus</span> <span class='ocrx_word' id='word_1_449' title='bbox 1169 3255 1266 3312; x_wconf 90' lang='lat' dir='ltr'>induci</span> <span class='ocrx_word' id='word_1_450' title='bbox 1285 3255 1354 3312; x_wconf 91' lang='lat' dir='ltr'>satis</span> <span class='ocrx_word' id='word_1_451' title='bbox 1365 3270 1426 3312; x_wconf 91' lang='lat' dir='ltr'>esse</span> <span class='ocrx_word' id='word_1_452' title='bbox 1440 3256 1576 3327; x_wconf 84' lang='lat' dir='ltr'>arbitror,</span> <span class='ocrx_word' id='word_1_453' title='bbox 1598 3256 1709 3327; x_wconf 89' lang='lat' dir='ltr'>quihus</span> 
     </span>
     <span class='ocr_line' id='line_1_36' title="bbox 79 3343 1708 3416; baseline -0.004 -12"><span class='ocrx_word' id='word_1_454' title='bbox 79 3361 143 3406; x_wconf 89' lang='lat' dir='ltr'>rem</span> <span class='ocrx_word' id='word_1_455' title='bbox 166 3351 297 3404; x_wconf 88' lang='lat' dir='ltr'>omnium</span> <span class='ocrx_word' id='word_1_456' title='bbox 315 3362 376 3403; x_wconf 90' lang='lat' dir='ltr'>esse</span> <span class='ocrx_word' id='word_1_457' title='bbox 390 3354 510 3415; x_wconf 89' lang='lat' dir='ltr'>constet,</span> <span class='ocrx_word' id='word_1_458' title='bbox 531 3360 618 3416; x_wconf 89' lang='lat' dir='ltr'>quem</span> <span class='ocrx_word' id='word_1_459' title='bbox 642 3359 695 3400; x_wconf 92' lang='lat' dir='ltr'>uos</span> <span class='ocrx_word' id='word_1_460' title='bbox 717 3345 808 3401; x_wconf 84' lang='lat' dir='ltr'>heum</span> <span class='ocrx_word' id='word_1_461' title='bbox 861 3351 889 3399; x_wconf 90' lang='lat' dir='ltr'>et</span> <span class='ocrx_word' id='word_1_462' title='bbox 926 3343 1007 3400; x_wconf 86' lang='lat' dir='ltr'>laoile</span> <span class='ocrx_word' id='word_1_463' title='bbox 1032 3344 1164 3400; x_wconf 89' lang='lat' dir='ltr'>assentiri</span> <span class='ocrx_word' id='word_1_464' title='bbox 1186 3358 1395 3415; x_wconf 89' lang='lat' dir='ltr'>quemcunque</span> <span class='ocrx_word' id='word_1_465' title='bbox 1426 3344 1537 3401; x_wconf 92' lang='lat' dir='ltr'>bouum</span> <span class='ocrx_word' id='word_1_466' title='bbox 1563 3344 1708 3411; x_wconf 86' lang='lat' dir='ltr'>existimo,</span> 
     </span>
     <span class='ocr_line' id='line_1_37' title="bbox 79 3431 1709 3506; baseline -0.004 -13"><span class='ocrx_word' id='word_1_467' title='bbox 79 3453 97 3506; x_wconf 83' lang='lat' dir='ltr'>s,</span> <span class='ocrx_word' id='word_1_468' title='bbox 117 3451 151 3493; x_wconf 92' lang='lat' dir='ltr'>ac</span> <span class='ocrx_word' id='word_1_469' title='bbox 165 3451 312 3493; x_wconf 90' lang='lat' dir='ltr'>summum</span> <span class='ocrx_word' id='word_1_470' title='bbox 332 3436 398 3506; x_wconf 75' lang='lat' dir='ltr'>iure</span> <span class='ocrx_word' id='word_1_471' title='bbox 424 3435 592 3506; x_wconf 89' lang='lat' dir='ltr'>prolilemur</span> <span class='ocrx_word' id='word_1_472' title='bbox 613 3433 734 3490; x_wconf 90' lang='lat' dir='ltr'>honum.</span> <span class='ocrx_word' id='word_1_473' title='bbox 752 3432 808 3498; x_wconf 82' lang='lat' dir='ltr'>Qui</span> <span class='ocrx_word' id='word_1_474' title='bbox 862 3431 914 3503; x_wconf 91' lang='lat' dir='ltr'>qui</span> <span class='ocrx_word' id='word_1_475' title='bbox 938 3431 1014 3488; x_wconf 89' lang='lat' dir='ltr'>nulli</span> <span class='ocrx_word' id='word_1_476' title='bbox 1036 3432 1165 3501; x_wconf 90' lang='lat' dir='ltr'>invidus,</span> <span class='ocrx_word' id='word_1_477' title='bbox 1190 3433 1323 3490; x_wconf 91' lang='lat' dir='ltr'>omnium</span> <span class='ocrx_word' id='word_1_478' title='bbox 1345 3447 1444 3490; x_wconf 90' lang='lat' dir='ltr'>rerum</span> <span class='ocrx_word' id='word_1_479' title='bbox 1466 3432 1709 3491; x_wconf 85' lang='lat' dir='ltr'>commendationi</span> 
     </span>
     <span class='ocr_line' id='line_1_38' title="bbox 78 3520 1708 3594; baseline -0.003 -11"><span class='ocrx_word' id='word_1_480' title='bbox 78 3528 102 3583; x_wconf 95' lang='lat' dir='ltr'>lo</span> <span class='ocrx_word' id='word_1_481' title='bbox 126 3539 275 3583; x_wconf 89' lang='lat' dir='ltr'>summum</span> <span class='ocrx_word' id='word_1_482' title='bbox 295 3526 447 3592; x_wconf 87' lang='lat' dir='ltr'>diceretur,</span> <span class='ocrx_word' id='word_1_483' title='bbox 471 3524 527 3580; x_wconf 91' lang='lat' dir='ltr'>uisi</span> <span class='ocrx_word' id='word_1_484' title='bbox 544 3523 654 3579; x_wconf 74' lang='lat' dir='ltr'>ceteris</span> <span class='ocrx_word' id='word_1_485' title='bbox 673 3521 808 3579; x_wconf 87' lang='lat' dir='ltr'>omuibus</span> <span class='ocrx_word' id='word_1_486' title='bbox 863 3520 1021 3591; x_wconf 88' lang='lat' dir='ltr'>plurimum</span> <span class='ocrx_word' id='word_1_487' title='bbox 1044 3521 1217 3592; x_wconf 90' lang='lat' dir='ltr'>congaudet.</span> <span class='ocrx_word' id='word_1_488' title='bbox 1245 3522 1337 3594; x_wconf 89' lang='lat' dir='ltr'>hiagis</span> <span class='ocrx_word' id='word_1_489' title='bbox 1359 3530 1457 3580; x_wconf 86' lang='lat' dir='ltr'>autem</span> <span class='ocrx_word' id='word_1_490' title='bbox 1479 3521 1606 3579; x_wconf 88' lang='lat' dir='ltr'>honestis</span> <span class='ocrx_word' id='word_1_491' title='bbox 1619 3535 1708 3593; x_wconf 90' lang='lat' dir='ltr'>quam</span> 
     </span>
     <span class='ocr_line' id='line_1_39' title="bbox 78 3608 1710 3683; baseline -0.002 -11"><span class='ocrx_word' id='word_1_492' title='bbox 78 3625 129 3672; x_wconf 89' lang='lat' dir='ltr'>tret</span> <span class='ocrx_word' id='word_1_493' title='bbox 158 3614 265 3671; x_wconf 79' lang='lat' dir='ltr'>honis?</span> <span class='ocrx_word' id='word_1_494' title='bbox 291 3613 372 3680; x_wconf 85' lang='lat' dir='ltr'>Quod</span> <span class='ocrx_word' id='word_1_495' title='bbox 396 3627 463 3671; x_wconf 86' lang='lat' dir='ltr'>vero</span> <span class='ocrx_word' id='word_1_496' title='bbox 494 3612 628 3670; x_wconf 90' lang='lat' dir='ltr'>omuibus</span> <span class='ocrx_word' id='word_1_497' title='bbox 649 3611 716 3667; x_wconf 88' lang='lat' dir='ltr'>aliis</span> <span class='ocrx_word' id='word_1_498' title='bbox 738 3624 809 3681; x_wconf 72' lang='lat' dir='ltr'>prae</span> <span class='ocrx_word' id='word_1_499' title='bbox 862 3608 1033 3667; x_wconf 88' lang='lat' dir='ltr'>necessariis</span> <span class='ocrx_word' id='word_1_500' title='bbox 1050 3610 1211 3666; x_wconf 89' lang='lat' dir='ltr'>rationibus</span> <span class='ocrx_word' id='word_1_501' title='bbox 1225 3611 1348 3677; x_wconf 90' lang='lat' dir='ltr'>utimur,</span> <span class='ocrx_word' id='word_1_502' title='bbox 1364 3612 1503 3680; x_wconf 90' lang='lat' dir='ltr'>quoniam</span> <span class='ocrx_word' id='word_1_503' title='bbox 1524 3612 1603 3683; x_wconf 92' lang='lat' dir='ltr'>apud</span> <span class='ocrx_word' id='word_1_504' title='bbox 1620 3612 1710 3669; x_wconf 91' lang='lat' dir='ltr'>bonos</span> 
     </span>
     <span class='ocr_line' id='line_1_40' title="bbox 81 3699 1710 3774; baseline -0.002 -14"><span class='ocrx_word' id='word_1_505' title='bbox 81 3718 152 3761; x_wconf 90' lang='lat' dir='ltr'>uum</span> <span class='ocrx_word' id='word_1_506' title='bbox 178 3703 303 3774; x_wconf 90' lang='lat' dir='ltr'>prolecto</span> <span class='ocrx_word' id='word_1_507' title='bbox 328 3709 355 3758; x_wconf 93' lang='lat' dir='ltr'>et</span> <span class='ocrx_word' id='word_1_508' title='bbox 379 3703 500 3758; x_wconf 89' lang='lat' dir='ltr'>unicum</span> <span class='ocrx_word' id='word_1_509' title='bbox 524 3715 584 3756; x_wconf 87' lang='lat' dir='ltr'>csse</span> <span class='ocrx_word' id='word_1_510' title='bbox 609 3700 753 3757; x_wconf 90' lang='lat' dir='ltr'>convenit.</span> <span class='ocrx_word' id='word_1_511' title='bbox 781 3705 809 3755; x_wconf 89' lang='lat' dir='ltr'>et</span> <span class='ocrx_word' id='word_1_512' title='bbox 862 3699 891 3755; x_wconf 92' lang='lat' dir='ltr'>id</span> <span class='ocrx_word' id='word_1_513' title='bbox 906 3712 1017 3769; x_wconf 84' lang='lat' dir='ltr'>semper</span> <span class='ocrx_word' id='word_1_514' title='bbox 1041 3700 1216 3769; x_wconf 75' lang='lat' dir='ltr'>precipuum</span> <span class='ocrx_word' id='word_1_515' title='bbox 1233 3699 1381 3765; x_wconf 89' lang='lat' dir='ltr'>statuitur,</span> <span class='ocrx_word' id='word_1_516' title='bbox 1406 3700 1485 3771; x_wconf 90' lang='lat' dir='ltr'>quod</span> <span class='ocrx_word' id='word_1_517' title='bbox 1504 3713 1541 3757; x_wconf 86' lang='lat' dir='ltr'>ex</span> <span class='ocrx_word' id='word_1_518' title='bbox 1562 3700 1710 3759; x_wconf 88' lang='lat' dir='ltr'>honestate</span> 
     </span>
     <span class='ocr_line' id='line_1_41' title="bbox 78 3787 1709 3862; baseline -0.004 -12"><span class='ocrx_word' id='word_1_519' title='bbox 78 3806 125 3850; x_wconf 75' lang='lat' dir='ltr'>se</span> <span class='ocrx_word' id='word_1_520' title='bbox 141 3792 297 3862; x_wconf 86' lang='lat' dir='ltr'>perlectum</span> <span class='ocrx_word' id='word_1_521' title='bbox 313 3805 374 3846; x_wconf 90' lang='lat' dir='ltr'>esse</span> <span class='ocrx_word' id='word_1_522' title='bbox 394 3789 571 3858; x_wconf 87' lang='lat' dir='ltr'>conceditur,</span> <span class='ocrx_word' id='word_1_523' title='bbox 595 3796 682 3859; x_wconf 87' lang='lat' dir='ltr'>atque</span> <span class='ocrx_word' id='word_1_524' title='bbox 696 3788 732 3843; x_wconf 91' lang='lat' dir='ltr'>ad</span> <span class='ocrx_word' id='word_1_525' title='bbox 747 3800 806 3843; x_wconf 92' lang='lat' dir='ltr'>om·</span> <span class='ocrx_word' id='word_1_526' title='bbox 862 3787 988 3857; x_wconf 92' lang='lat' dir='ltr'>amplius</span> <span class='ocrx_word' id='word_1_527' title='bbox 1002 3788 1232 3852; x_wconf 84' lang='lat' dir='ltr'>commendatur,</span> <span class='ocrx_word' id='word_1_528' title='bbox 1248 3794 1276 3843; x_wconf 89' lang='lat' dir='ltr'>el</span> <span class='ocrx_word' id='word_1_529' title='bbox 1289 3800 1324 3842; x_wconf 86' lang='lat' dir='ltr'>ca</span> <span class='ocrx_word' id='word_1_530' title='bbox 1346 3800 1459 3857; x_wconf 86' lang='lat' dir='ltr'>semper</span> <span class='ocrx_word' id='word_1_531' title='bbox 1473 3788 1565 3858; x_wconf 93' lang='lat' dir='ltr'>potior</span> <span class='ocrx_word' id='word_1_532' title='bbox 1578 3796 1621 3844; x_wconf 89' lang='lat' dir='ltr'>est</span> <span class='ocrx_word' id='word_1_533' title='bbox 1635 3787 1709 3844; x_wconf 93' lang='lat' dir='ltr'>ratio</span> 
     </span>
     <span class='ocr_line' id='line_1_42' title="bbox 78 3874 1709 3949; baseline -0.004 -11"><span class='ocrx_word' id='word_1_534' title='bbox 78 3881 234 3938; x_wconf 80' lang='lat' dir='ltr'>slacieuda</span> <span class='ocrx_word' id='word_1_535' title='bbox 259 3887 329 3936; x_wconf 91' lang='lat' dir='ltr'>suut</span> <span class='ocrx_word' id='word_1_536' title='bbox 344 3893 380 3935; x_wconf 80' lang='lat' dir='ltr'>cx</span> <span class='ocrx_word' id='word_1_537' title='bbox 396 3879 514 3949; x_wconf 90' lang='lat' dir='ltr'>propria</span> <span class='ocrx_word' id='word_1_538' title='bbox 530 3878 681 3934; x_wconf 86' lang='lat' dir='ltr'>voluntate</span> <span class='ocrx_word' id='word_1_539' title='bbox 706 3889 757 3947; x_wconf 89' lang='lat' dir='ltr'>per</span> <span class='ocrx_word' id='word_1_540' title='bbox 778 3889 808 3931; x_wconf 92' lang='lat' dir='ltr'>se</span> <span class='ocrx_word' id='word_1_541' title='bbox 862 3888 928 3945; x_wconf 84' lang='lat' dir='ltr'>quae</span> <span class='ocrx_word' id='word_1_542' title='bbox 946 3875 983 3931; x_wconf 90' lang='lat' dir='ltr'>ad</span> <span class='ocrx_word' id='word_1_543' title='bbox 1010 3874 1187 3932; x_wconf 89' lang='lat' dir='ltr'>honestatem</span> <span class='ocrx_word' id='word_1_544' title='bbox 1222 3875 1348 3946; x_wconf 88' lang='lat' dir='ltr'>amplius</span> <span class='ocrx_word' id='word_1_545' title='bbox 1371 3889 1460 3946; x_wconf 90' lang='lat' dir='ltr'>quam</span> <span class='ocrx_word' id='word_1_546' title='bbox 1490 3876 1527 3932; x_wconf 90' lang='lat' dir='ltr'>ad</span> <span class='ocrx_word' id='word_1_547' title='bbox 1551 3877 1709 3933; x_wconf 88' lang='lat' dir='ltr'>necessita-</span> 
     </span>
     <span class='ocr_line' id='line_1_43' title="bbox 78 3963 1709 4040; baseline -0.004 -13"><span class='ocrx_word' id='word_1_548' title='bbox 78 3984 108 4038; x_wconf 79' lang='grc' dir='ltr'>ιι,</span> <span class='ocrx_word' id='word_1_549' title='bbox 124 3983 160 4026; x_wconf 83' lang='lat' dir='ltr'>ex</span> <span class='ocrx_word' id='word_1_550' title='bbox 177 3984 236 4040; x_wconf 90' lang='lat' dir='ltr'>quo</span> <span class='ocrx_word' id='word_1_551' title='bbox 252 3977 279 4026; x_wconf 90' lang='lat' dir='ltr'>et</span> <span class='ocrx_word' id='word_1_552' title='bbox 304 3970 488 4038; x_wconf 88' lang='lat' dir='ltr'>omnipotens</span> <span class='ocrx_word' id='word_1_553' title='bbox 514 3967 631 4030; x_wconf 89' lang='lat' dir='ltr'>dicitur,</span> <span class='ocrx_word' id='word_1_554' title='bbox 648 3978 715 4022; x_wconf 90' lang='lat' dir='ltr'>cum</span> <span class='ocrx_word' id='word_1_555' title='bbox 740 3978 809 4034; x_wconf 89' lang='lat' dir='ltr'>pars</span> <span class='ocrx_word' id='word_1_556' title='bbox 862 3970 919 4020; x_wconf 90' lang='lat' dir='ltr'>tem</span> <span class='ocrx_word' id='word_1_557' title='bbox 941 3964 1045 4036; x_wconf 84' lang='lat' dir='ltr'>vergit,</span> <span class='ocrx_word' id='word_1_558' title='bbox 1070 3963 1227 4034; x_wconf 77' lang='lat' dir='ltr'>presertim</span> <span class='ocrx_word' id='word_1_559' title='bbox 1249 3978 1315 4021; x_wconf 91' lang='lat' dir='ltr'>eum</span> <span class='ocrx_word' id='word_1_560' title='bbox 1336 3978 1403 4035; x_wconf 83' lang='lat' dir='ltr'>quae</span> <span class='ocrx_word' id='word_1_561' title='bbox 1426 3964 1546 4020; x_wconf 89' lang='lat' dir='ltr'>honesta</span> <span class='ocrx_word' id='word_1_562' title='bbox 1569 3971 1638 4020; x_wconf 80' lang='lat' dir='ltr'>suut</span> <span class='ocrx_word' id='word_1_563' title='bbox 1658 3978 1709 4035; x_wconf 93' lang='lat' dir='ltr'>per</span> 
     </span>
     <span class='ocr_line' id='line_1_44' title="bbox 88 4052 1710 4126; baseline -0.004 -11"><span class='ocrx_word' id='word_1_564' title='bbox 88 4059 199 4115; x_wconf 91' lang='lat' dir='ltr'>honum</span> <span class='ocrx_word' id='word_1_565' title='bbox 217 4058 324 4114; x_wconf 93' lang='lat' dir='ltr'>hahere</span> <span class='ocrx_word' id='word_1_566' title='bbox 340 4071 398 4113; x_wconf 92' lang='lat' dir='ltr'>nou</span> <span class='ocrx_word' id='word_1_567' title='bbox 413 4063 513 4126; x_wconf 86' lang='lat' dir='ltr'>potest.</span> <span class='ocrx_word' id='word_1_568' title='bbox 543 4057 642 4126; x_wconf 89' lang='lat' dir='ltr'>Neque</span> <span class='ocrx_word' id='word_1_569' title='bbox 663 4054 742 4112; x_wconf 90' lang='lat' dir='ltr'>euim</span> <span class='ocrx_word' id='word_1_570' title='bbox 758 4053 806 4110; x_wconf 92' lang='lat' dir='ltr'>bo·</span> <span class='ocrx_word' id='word_1_571' title='bbox 862 4066 892 4109; x_wconf 89' lang='lat' dir='ltr'>se</span> <span class='ocrx_word' id='word_1_572' title='bbox 905 4053 1047 4123; x_wconf 82' lang='lat' dir='ltr'>placeant,</span> <span class='ocrx_word' id='word_1_573' title='bbox 1062 4061 1150 4124; x_wconf 89' lang='lat' dir='ltr'>alque</span> <span class='ocrx_word' id='word_1_574' title='bbox 1174 4067 1227 4109; x_wconf 91' lang='lat' dir='ltr'>uos</span> <span class='ocrx_word' id='word_1_575' title='bbox 1249 4053 1346 4110; x_wconf 88' lang='lat' dir='ltr'>statim</span> <span class='ocrx_word' id='word_1_576' title='bbox 1364 4066 1418 4109; x_wconf 90' lang='lat' dir='ltr'>sua</span> <span class='ocrx_word' id='word_1_577' title='bbox 1438 4052 1469 4109; x_wconf 83' lang='grc' dir='ltr'>ιι</span> <span class='ocrx_word' id='word_1_578' title='bbox 1494 4053 1622 4124; x_wconf 88' lang='lat' dir='ltr'>quadam</span> <span class='ocrx_word' id='word_1_579' title='bbox 1644 4052 1710 4109; x_wconf 91' lang='lat' dir='ltr'>alli-</span> 
     </span>
     <span class='ocr_line' id='line_1_45' title="bbox 78 4142 1710 4218; baseline -0.006 -12"><span class='ocrx_word' id='word_1_580' title='bbox 78 4163 103 4207; x_wconf 86' lang='lat' dir='ltr'>so</span> <span class='ocrx_word' id='word_1_581' title='bbox 125 4148 228 4218; x_wconf 90' lang='lat' dir='ltr'>poterit</span> <span class='ocrx_word' id='word_1_582' title='bbox 254 4147 332 4218; x_wconf 94' lang='lat' dir='ltr'>quod</span> <span class='ocrx_word' id='word_1_583' title='bbox 354 4145 537 4216; x_wconf 87' lang='lat' dir='ltr'>superfluum</span> <span class='ocrx_word' id='word_1_584' title='bbox 563 4153 608 4202; x_wconf 81' lang='lat' dir='ltr'>stt.</span> <span class='ocrx_word' id='word_1_585' title='bbox 636 4144 809 4217; x_wconf 86' lang='lat' dir='ltr'>Superssuus</span> <span class='ocrx_word' id='word_1_586' title='bbox 863 4142 950 4199; x_wconf 89' lang='lat' dir='ltr'>ciant.</span> <span class='ocrx_word' id='word_1_587' title='bbox 967 4142 1060 4211; x_wconf 85' lang='lat' dir='ltr'>Quam</span> <span class='ocrx_word' id='word_1_588' title='bbox 1085 4143 1240 4199; x_wconf 88' lang='lat' dir='ltr'>honestum</span> <span class='ocrx_word' id='word_1_589' title='bbox 1263 4155 1333 4199; x_wconf 80' lang='lat' dir='ltr'>nero</span> <span class='ocrx_word' id='word_1_590' title='bbox 1348 4142 1384 4199; x_wconf 90' lang='lat' dir='ltr'>sit</span> <span class='ocrx_word' id='word_1_591' title='bbox 1405 4156 1440 4202; x_wconf 91' lang='lat' dir='ltr'>ac</span> <span class='ocrx_word' id='word_1_592' title='bbox 1462 4142 1589 4211; x_wconf 88' lang='lat' dir='ltr'>salubre,</span> <span class='ocrx_word' id='word_1_593' title='bbox 1611 4142 1710 4198; x_wconf 91' lang='lat' dir='ltr'>omnia</span> 
     </span>
     <span class='ocr_line' id='line_1_46' title="bbox 83 4231 1709 4304; baseline -0.004 -10"><span class='ocrx_word' id='word_1_594' title='bbox 83 4237 160 4295; x_wconf 88' lang='lat' dir='ltr'>alius</span> <span class='ocrx_word' id='word_1_595' title='bbox 184 4238 229 4293; x_wconf 91' lang='lat' dir='ltr'>vel</span> <span class='ocrx_word' id='word_1_596' title='bbox 251 4244 364 4293; x_wconf 86' lang='lat' dir='ltr'>creator</span> <span class='ocrx_word' id='word_1_597' title='bbox 392 4242 464 4291; x_wconf 90' lang='lat' dir='ltr'>esset</span> <span class='ocrx_word' id='word_1_598' title='bbox 491 4234 536 4290; x_wconf 86' lang='lat' dir='ltr'>vel</span> <span class='ocrx_word' id='word_1_599' title='bbox 560 4240 663 4301; x_wconf 90' lang='lat' dir='ltr'>rector,</span> <span class='ocrx_word' id='word_1_600' title='bbox 692 4234 715 4290; x_wconf 91' lang='lat' dir='ltr'>si</span> <span class='ocrx_word' id='word_1_601' title='bbox 732 4245 810 4290; x_wconf 91' lang='lat' dir='ltr'>unus</span> <span class='ocrx_word' id='word_1_602' title='bbox 863 4233 899 4289; x_wconf 93' lang='lat' dir='ltr'>ad</span> <span class='ocrx_word' id='word_1_603' title='bbox 916 4247 1007 4289; x_wconf 91' lang='lat' dir='ltr'>nuum</span> <span class='ocrx_word' id='word_1_604' title='bbox 1030 4232 1170 4302; x_wconf 90' lang='lat' dir='ltr'>optimum</span> <span class='ocrx_word' id='word_1_605' title='bbox 1190 4238 1250 4288; x_wconf 85' lang='lat' dir='ltr'>tam</span> <span class='ocrx_word' id='word_1_606' title='bbox 1269 4238 1409 4288; x_wconf 89' lang='lat' dir='ltr'>rectorem</span> <span class='ocrx_word' id='word_1_607' title='bbox 1428 4245 1517 4304; x_wconf 85' lang='lat' dir='ltr'>quam</span> <span class='ocrx_word' id='word_1_608' title='bbox 1532 4231 1709 4289; x_wconf 90' lang='lat' dir='ltr'>conditorem</span> 
     </span>
     <span class='ocr_line' id='line_1_47' title="bbox 78 4319 1709 4398; baseline -0.004 -14"><span class='ocrx_word' id='word_1_609' title='bbox 78 4328 121 4385; x_wconf 90' lang='lat' dir='ltr'>uia</span> <span class='ocrx_word' id='word_1_610' title='bbox 157 4342 239 4398; x_wconf 71' lang='lat' dir='ltr'>aeque</span> <span class='ocrx_word' id='word_1_611' title='bbox 273 4325 398 4382; x_wconf 85' lang='lat' dir='ltr'>sulficiat</span> <span class='ocrx_word' id='word_1_612' title='bbox 428 4332 460 4379; x_wconf 91' lang='lat' dir='ltr'>ut</span> <span class='ocrx_word' id='word_1_613' title='bbox 487 4324 593 4393; x_wconf 89' lang='lat' dir='ltr'>plures.</span> <span class='ocrx_word' id='word_1_614' title='bbox 619 4322 730 4380; x_wconf 87' lang='lat' dir='ltr'>Suliicit</span> <span class='ocrx_word' id='word_1_615' title='bbox 752 4336 804 4378; x_wconf 90' lang='lat' dir='ltr'>au·</span> <span class='ocrx_word' id='word_1_616' title='bbox 822 4322 846 4377; x_wconf 82' lang='lat' dir='ltr'>ll</span> <span class='ocrx_word' id='word_1_617' title='bbox 862 4329 1002 4392; x_wconf 89' lang='lat' dir='ltr'>spectare,</span> <span class='ocrx_word' id='word_1_618' title='bbox 1029 4329 1056 4379; x_wconf 90' lang='lat' dir='ltr'>et</span> <span class='ocrx_word' id='word_1_619' title='bbox 1072 4327 1179 4378; x_wconf 90' lang='lat' dir='ltr'>cuncta</span> <span class='ocrx_word' id='word_1_620' title='bbox 1202 4320 1298 4391; x_wconf 91' lang='lat' dir='ltr'>potius</span> <span class='ocrx_word' id='word_1_621' title='bbox 1319 4319 1430 4391; x_wconf 80' lang='lat' dir='ltr'>ratione</span> <span class='ocrx_word' id='word_1_622' title='bbox 1462 4334 1551 4393; x_wconf 90' lang='lat' dir='ltr'>quam</span> <span class='ocrx_word' id='word_1_623' title='bbox 1572 4334 1709 4378; x_wconf 87' lang='lat' dir='ltr'>casuseu</span> 
     </span>
     <span class='ocr_line' id='line_1_48' title="bbox 79 4408 1707 4484; baseline -0.005 -11"><span class='ocrx_word' id='word_1_624' title='bbox 79 4431 108 4473; x_wconf 91' lang='lat' dir='ltr'>m</span> <span class='ocrx_word' id='word_1_625' title='bbox 129 4416 166 4472; x_wconf 89' lang='lat' dir='ltr'>sit</span> <span class='ocrx_word' id='word_1_626' title='bbox 186 4430 335 4471; x_wconf 89' lang='lat' dir='ltr'>summum</span> <span class='ocrx_word' id='word_1_627' title='bbox 351 4428 384 4470; x_wconf 95' lang='lat' dir='ltr'>ac</span> <span class='ocrx_word' id='word_1_628' title='bbox 399 4413 569 4483; x_wconf 89' lang='lat' dir='ltr'>perlectum,</span> <span class='ocrx_word' id='word_1_629' title='bbox 593 4419 681 4484; x_wconf 89' lang='lat' dir='ltr'>atque</span> <span class='ocrx_word' id='word_1_630' title='bbox 695 4412 731 4468; x_wconf 93' lang='lat' dir='ltr'>ad</span> <span class='ocrx_word' id='word_1_631' title='bbox 746 4427 807 4469; x_wconf 94' lang='lat' dir='ltr'>om·</span> <span class='ocrx_word' id='word_1_632' title='bbox 863 4410 935 4479; x_wconf 87' lang='lat' dir='ltr'>lieri,</span> <span class='ocrx_word' id='word_1_633' title='bbox 950 4424 1002 4467; x_wconf 90' lang='lat' dir='ltr'>seu</span> <span class='ocrx_word' id='word_1_634' title='bbox 1016 4410 1088 4481; x_wconf 90' lang='lat' dir='ltr'>regi,</span> <span class='ocrx_word' id='word_1_635' title='bbox 1104 4409 1203 4466; x_wconf 91' lang='lat' dir='ltr'>nullus</span> <span class='ocrx_word' id='word_1_636' title='bbox 1216 4416 1259 4466; x_wconf 90' lang='lat' dir='ltr'>est</span> <span class='ocrx_word' id='word_1_637' title='bbox 1273 4409 1320 4466; x_wconf 91' lang='lat' dir='ltr'>cui</span> <span class='ocrx_word' id='word_1_638' title='bbox 1335 4408 1547 4480; x_wconf 77' lang='lat' dir='ltr'>proprietatio</span> <span class='ocrx_word' id='word_1_639' title='bbox 1563 4422 1622 4467; x_wconf 91' lang='lat' dir='ltr'>oon</span> <span class='ocrx_word' id='word_1_640' title='bbox 1640 4423 1707 4480; x_wconf 87' lang='lat' dir='ltr'>sug·</span> 
     </span>
     <span class='ocr_line' id='line_1_49' title="bbox 78 4497 1709 4573; baseline -0.005 -11"><span class='ocrx_word' id='word_1_641' title='bbox 78 4505 190 4573; x_wconf 93' lang='lat' dir='ltr'>lcieus;</span> <span class='ocrx_word' id='word_1_642' title='bbox 207 4511 238 4560; x_wconf 92' lang='lat' dir='ltr'>ul</span> <span class='ocrx_word' id='word_1_643' title='bbox 252 4505 360 4560; x_wconf 88' lang='lat' dir='ltr'>dictum</span> <span class='ocrx_word' id='word_1_644' title='bbox 384 4509 436 4568; x_wconf 89' lang='lat' dir='ltr'>est,</span> <span class='ocrx_word' id='word_1_645' title='bbox 455 4502 574 4558; x_wconf 93' lang='lat' dir='ltr'>honum.</span> <span class='ocrx_word' id='word_1_646' title='bbox 604 4500 690 4558; x_wconf 91' lang='lat' dir='ltr'>Nullo</span> <span class='ocrx_word' id='word_1_647' title='bbox 709 4501 808 4572; x_wconf 88' lang='lat' dir='ltr'>itaque</span> <span class='ocrx_word' id='word_1_648' title='bbox 863 4506 944 4571; x_wconf 88' lang='lat' dir='ltr'>gerat</span> <span class='ocrx_word' id='word_1_649' title='bbox 969 4498 1159 4556; x_wconf 77' lang='lat' dir='ltr'>conscientiae.</span> <span class='ocrx_word' id='word_1_650' title='bbox 1183 4497 1252 4566; x_wconf 79' lang='lat' dir='ltr'>Qua</span> <span class='ocrx_word' id='word_1_651' title='bbox 1280 4498 1356 4555; x_wconf 91' lang='lat' dir='ltr'>euim</span> <span class='ocrx_word' id='word_1_652' title='bbox 1380 4497 1542 4556; x_wconf 90' lang='lat' dir='ltr'>sollicitudo</span> <span class='ocrx_word' id='word_1_653' title='bbox 1567 4499 1709 4556; x_wconf 89' lang='lat' dir='ltr'>honorum</span> 
     </span>
     <span class='ocr_line' id='line_1_50' title="bbox 79 4586 1709 4660; baseline -0.005 -10"><span class='ocrx_word' id='word_1_654' title='bbox 79 4593 157 4650; x_wconf 90' lang='lat' dir='ltr'>iures</span> <span class='ocrx_word' id='word_1_655' title='bbox 173 4594 239 4648; x_wconf 91' lang='lat' dir='ltr'>deos</span> <span class='ocrx_word' id='word_1_656' title='bbox 252 4606 312 4647; x_wconf 85' lang='lat' dir='ltr'>esse</span> <span class='ocrx_word' id='word_1_657' title='bbox 327 4592 387 4646; x_wconf 86' lang='lat' dir='ltr'>sive</span> <span class='ocrx_word' id='word_1_658' title='bbox 403 4589 482 4645; x_wconf 90' lang='lat' dir='ltr'>credi</span> <span class='ocrx_word' id='word_1_659' title='bbox 495 4588 639 4645; x_wconf 86' lang='lat' dir='ltr'>convenit.</span> <span class='ocrx_word' id='word_1_660' title='bbox 862 4590 945 4646; x_wconf 85' lang='lat' dir='ltr'>nohis</span> <span class='ocrx_word' id='word_1_661' title='bbox 964 4602 1085 4660; x_wconf 84' lang='lat' dir='ltr'>operum</span> <span class='ocrx_word' id='word_1_662' title='bbox 1108 4589 1221 4655; x_wconf 90' lang='lat' dir='ltr'>inesset,</span> <span class='ocrx_word' id='word_1_663' title='bbox 1240 4586 1265 4643; x_wconf 90' lang='lat' dir='ltr'>si</span> <span class='ocrx_word' id='word_1_664' title='bbox 1288 4601 1376 4658; x_wconf 91' lang='lat' dir='ltr'>quem</span> <span class='ocrx_word' id='word_1_665' title='bbox 1393 4601 1473 4645; x_wconf 91' lang='lat' dir='ltr'>nunc</span> <span class='ocrx_word' id='word_1_666' title='bbox 1494 4600 1593 4646; x_wconf 88' lang='lat' dir='ltr'>amore</span> <span class='ocrx_word' id='word_1_667' title='bbox 1615 4586 1660 4644; x_wconf 86' lang='lat' dir='ltr'>vel</span> <span class='ocrx_word' id='word_1_668' title='bbox 1675 4586 1709 4643; x_wconf 90' lang='lat' dir='ltr'>ti·</span> 
     </span>
     <span class='ocr_line' id='line_1_51' title="bbox 78 4675 1710 4751; baseline -0.004 -11"><span class='ocrx_word' id='word_1_669' title='bbox 78 4682 204 4746; x_wconf 90' lang='lat' dir='ltr'>ortassis‚</span> <span class='ocrx_word' id='word_1_670' title='bbox 223 4681 349 4751; x_wconf 89' lang='lat' dir='ltr'>inquies,</span> <span class='ocrx_word' id='word_1_671' title='bbox 367 4680 436 4749; x_wconf 90' lang='lat' dir='ltr'>quia</span> <span class='ocrx_word' id='word_1_672' title='bbox 461 4693 520 4748; x_wconf 93' lang='lat' dir='ltr'>quo</span> <span class='ocrx_word' id='word_1_673' title='bbox 541 4677 643 4734; x_wconf 89' lang='lat' dir='ltr'>melius</span> <span class='ocrx_word' id='word_1_674' title='bbox 663 4683 705 4733; x_wconf 90' lang='lat' dir='ltr'>est</span> <span class='ocrx_word' id='word_1_675' title='bbox 721 4675 809 4747; x_wconf 91' lang='lat' dir='ltr'>quod·</span> <span class='ocrx_word' id='word_1_676' title='bbox 862 4691 941 4734; x_wconf 91' lang='lat' dir='ltr'>more</span> <span class='ocrx_word' id='word_1_677' title='bbox 967 4690 1149 4744; x_wconf 84' lang='lat' dir='ltr'>veneremur,</span> <span class='ocrx_word' id='word_1_678' title='bbox 1174 4678 1265 4733; x_wconf 86' lang='lat' dir='ltr'>lleum</span> <span class='ocrx_word' id='word_1_679' title='bbox 1290 4676 1405 4746; x_wconf 90' lang='lat' dir='ltr'>penitus</span> <span class='ocrx_word' id='word_1_680' title='bbox 1424 4676 1615 4749; x_wconf 83' lang='lat' dir='ltr'>ignoremus?</span> <span class='ocrx_word' id='word_1_681' title='bbox 1640 4675 1710 4743; x_wconf 76' lang='lat' dir='ltr'>Qum</span> 
     </span>
     <span class='ocr_line' id='line_1_52' title="bbox 78 4765 1707 4840; baseline -0.004 -12"><span class='ocrx_word' id='word_1_682' title='bbox 78 4785 161 4828; x_wconf 77' lang='lat' dir='ltr'>&gt;nunt</span> <span class='ocrx_word' id='word_1_683' title='bbox 188 4771 262 4840; x_wconf 87' lang='lat' dir='ltr'>ejus,</span> <span class='ocrx_word' id='word_1_684' title='bbox 288 4767 490 4837; x_wconf 89' lang='lat' dir='ltr'>multiplicatio</span> <span class='ocrx_word' id='word_1_685' title='bbox 505 4767 569 4838; x_wconf 82' lang='lat' dir='ltr'>ejus</span> <span class='ocrx_word' id='word_1_686' title='bbox 596 4765 697 4822; x_wconf 90' lang='lat' dir='ltr'>melior</span> <span class='ocrx_word' id='word_1_687' title='bbox 724 4772 806 4833; x_wconf 91' lang='lat' dir='ltr'>esset,</span> <span class='ocrx_word' id='word_1_688' title='bbox 862 4782 924 4839; x_wconf 89' lang='lat' dir='ltr'>spes</span> <span class='ocrx_word' id='word_1_689' title='bbox 937 4777 989 4824; x_wconf 90' lang='lat' dir='ltr'>aut</span> <span class='ocrx_word' id='word_1_690' title='bbox 1004 4767 1143 4824; x_wconf 87' lang='lat' dir='ltr'>malitiam</span> <span class='ocrx_word' id='word_1_691' title='bbox 1158 4765 1316 4823; x_wconf 74' lang='lat' dir='ltr'>refrenaret</span> <span class='ocrx_word' id='word_1_692' title='bbox 1329 4773 1492 4836; x_wconf 87' lang='lat' dir='ltr'>potentum,</span> <span class='ocrx_word' id='word_1_693' title='bbox 1510 4765 1556 4838; x_wconf 74' lang='lat' dir='ltr'>pel</span> <span class='ocrx_word' id='word_1_694' title='bbox 1570 4767 1607 4823; x_wconf 89' lang='lat' dir='ltr'>ad</span> <span class='ocrx_word' id='word_1_695' title='bbox 1630 4766 1707 4823; x_wconf 92' lang='lat' dir='ltr'>hona</span> 
     </span>
     <span class='ocr_line' id='line_1_53' title="bbox 77 4854 1709 4927; baseline -0.002 -12"><span class='ocrx_word' id='word_1_696' title='bbox 77 4869 102 4916; x_wconf 88' lang='lat' dir='ltr'>la</span> <span class='ocrx_word' id='word_1_697' title='bbox 118 4859 189 4916; x_wconf 91' lang='lat' dir='ltr'>illud</span> <span class='ocrx_word' id='word_1_698' title='bbox 215 4872 362 4914; x_wconf 80' lang='lat' dir='ltr'>summunt</span> <span class='ocrx_word' id='word_1_699' title='bbox 383 4856 492 4912; x_wconf 92' lang='lat' dir='ltr'>bouum</span> <span class='ocrx_word' id='word_1_700' title='bbox 507 4855 585 4926; x_wconf 92' lang='lat' dir='ltr'>quod</span> <span class='ocrx_word' id='word_1_701' title='bbox 600 4855 706 4910; x_wconf 89' lang='lat' dir='ltr'>dicitur</span> <span class='ocrx_word' id='word_1_702' title='bbox 721 4854 806 4921; x_wconf 84' lang='lat' dir='ltr'>heus,</span> <span class='ocrx_word' id='word_1_703' title='bbox 861 4870 910 4913; x_wconf 90' lang='lat' dir='ltr'>eos</span> <span class='ocrx_word' id='word_1_704' title='bbox 931 4857 1057 4913; x_wconf 89' lang='lat' dir='ltr'>alliceret</span> <span class='ocrx_word' id='word_1_705' title='bbox 1080 4868 1177 4926; x_wconf 87' lang='lat' dir='ltr'>opera,</span> <span class='ocrx_word' id='word_1_706' title='bbox 1199 4855 1223 4910; x_wconf 91' lang='lat' dir='ltr'>si</span> <span class='ocrx_word' id='word_1_707' title='bbox 1246 4855 1377 4912; x_wconf 90' lang='lat' dir='ltr'>omnium</span> <span class='ocrx_word' id='word_1_708' title='bbox 1397 4855 1578 4927; x_wconf 82' lang='lat' dir='ltr'>justissimus</span> <span class='ocrx_word' id='word_1_709' title='bbox 1603 4868 1637 4912; x_wconf 91' lang='lat' dir='ltr'>ac</span> <span class='ocrx_word' id='word_1_710' title='bbox 1657 4869 1709 4925; x_wconf 94' lang='lat' dir='ltr'>po·</span> 
     </span>
     <span class='ocr_line' id='line_1_54' title="bbox 84 4941 1707 5018; baseline -0.003 -12"><span class='ocrx_word' id='word_1_711' title='bbox 84 4949 144 5006; x_wconf 88' lang='lat' dir='ltr'>iore</span> <span class='ocrx_word' id='word_1_712' title='bbox 161 4946 389 5018; x_wconf 87' lang='lat' dir='ltr'>multiplicatum</span> <span class='ocrx_word' id='word_1_713' title='bbox 415 4960 503 5016; x_wconf 90' lang='lat' dir='ltr'>quam</span> <span class='ocrx_word' id='word_1_714' title='bbox 526 4943 657 5011; x_wconf 87' lang='lat' dir='ltr'>unicum,</span> <span class='ocrx_word' id='word_1_715' title='bbox 681 4941 806 5012; x_wconf 92' lang='lat' dir='ltr'>etsiip-</span> <span class='ocrx_word' id='word_1_716' title='bbox 862 4945 1041 5002; x_wconf 90' lang='lat' dir='ltr'>tentissimus</span> <span class='ocrx_word' id='word_1_717' title='bbox 1074 4946 1182 5002; x_wconf 83' lang='lat' dir='ltr'>trustra</span> <span class='ocrx_word' id='word_1_718' title='bbox 1210 4943 1399 5001; x_wconf 84' lang='lat' dir='ltr'>crederetur?</span> <span class='ocrx_word' id='word_1_719' title='bbox 1435 4946 1581 5001; x_wconf 82' lang='lat' dir='ltr'>Ponamus</span> <span class='ocrx_word' id='word_1_720' title='bbox 1608 4944 1707 5016; x_wconf 86' lang='lat' dir='ltr'>itaque</span> 
     </span>
     <span class='ocr_line' id='line_1_55' title="bbox 77 5032 1710 5107; baseline -0.004 -11"><span class='ocrx_word' id='word_1_721' title='bbox 77 5039 172 5096; x_wconf 90' lang='lat' dir='ltr'>tollere</span> <span class='ocrx_word' id='word_1_722' title='bbox 189 5038 326 5107; x_wconf 86' lang='lat' dir='ltr'>cupimus</span> <span class='ocrx_word' id='word_1_723' title='bbox 338 5050 371 5091; x_wconf 92' lang='lat' dir='ltr'>ac</span> <span class='ocrx_word' id='word_1_724' title='bbox 387 5036 587 5106; x_wconf 83' lang='lat' dir='ltr'>magnificare,</span> <span class='ocrx_word' id='word_1_725' title='bbox 604 5034 697 5105; x_wconf 90' lang='lat' dir='ltr'>magis</span> <span class='ocrx_word' id='word_1_726' title='bbox 714 5033 807 5102; x_wconf 91' lang='lat' dir='ltr'>ipsum</span> <span class='ocrx_word' id='word_1_727' title='bbox 862 5042 895 5090; x_wconf 93' lang='lat' dir='ltr'>ul</span> <span class='ocrx_word' id='word_1_728' title='bbox 909 5035 980 5090; x_wconf 93' lang='lat' dir='ltr'>dum</span> <span class='ocrx_word' id='word_1_729' title='bbox 1009 5033 1093 5091; x_wconf 90' lang='lat' dir='ltr'>honis</span> <span class='ocrx_word' id='word_1_730' title='bbox 1122 5032 1254 5103; x_wconf 89' lang='lat' dir='ltr'>prodesse</span> <span class='ocrx_word' id='word_1_731' title='bbox 1280 5047 1314 5089; x_wconf 88' lang='lat' dir='ltr'>ac</span> <span class='ocrx_word' id='word_1_732' title='bbox 1330 5034 1442 5103; x_wconf 89' lang='lat' dir='ltr'>placere</span> <span class='ocrx_word' id='word_1_733' title='bbox 1461 5033 1630 5104; x_wconf 84' lang='lat' dir='ltr'>querimus,</span> <span class='ocrx_word' id='word_1_734' title='bbox 1661 5034 1710 5090; x_wconf 94' lang='lat' dir='ltr'>ob·</span> 
     </span>
     <span class='ocr_line' id='line_1_56' title="bbox 77 5122 1709 5200; baseline -0.003 -16"><span class='ocrx_word' id='word_1_735' title='bbox 77 5141 108 5185; x_wconf 79' lang='lat' dir='ltr'>ex</span> <span class='ocrx_word' id='word_1_736' title='bbox 127 5142 215 5200; x_wconf 87' lang='lat' dir='ltr'>quarn</span> <span class='ocrx_word' id='word_1_737' title='bbox 241 5126 363 5196; x_wconf 84' lang='lat' dir='ltr'>simplex</span> <span class='ocrx_word' id='word_1_738' title='bbox 379 5125 594 5195; x_wconf 81' lang='lat' dir='ltr'>praedicandum</span> <span class='ocrx_word' id='word_1_739' title='bbox 611 5137 682 5179; x_wconf 85' lang='lat' dir='ltr'>esse.</span> <span class='ocrx_word' id='word_1_740' title='bbox 702 5122 757 5179; x_wconf 88' lang='lat' dir='ltr'>Sed</span> <span class='ocrx_word' id='word_1_741' title='bbox 771 5122 807 5178; x_wconf 91' lang='lat' dir='ltr'>ad</span> <span class='ocrx_word' id='word_1_742' title='bbox 862 5124 984 5179; x_wconf 89' lang='lat' dir='ltr'>stinatos</span> <span class='ocrx_word' id='word_1_743' title='bbox 1003 5135 1104 5193; x_wconf 87' lang='lat' dir='ltr'>cogere</span> <span class='ocrx_word' id='word_1_744' title='bbox 1121 5134 1180 5178; x_wconf 91' lang='lat' dir='ltr'>uon</span> <span class='ocrx_word' id='word_1_745' title='bbox 1202 5122 1353 5191; x_wconf 87' lang='lat' dir='ltr'>possimus,</span> <span class='ocrx_word' id='word_1_746' title='bbox 1370 5136 1439 5178; x_wconf 94' lang='lat' dir='ltr'>cum</span> <span class='ocrx_word' id='word_1_747' title='bbox 1456 5136 1508 5180; x_wconf 91' lang='lat' dir='ltr'>ora</span> <span class='ocrx_word' id='word_1_748' title='bbox 1532 5137 1635 5182; x_wconf 90' lang='lat' dir='ltr'>eorum</span> <span class='ocrx_word' id='word_1_749' title='bbox 1650 5135 1709 5180; x_wconf 91' lang='lat' dir='ltr'>uon</span> 
     </span>
     <span class='ocr_line' id='line_1_57' title="bbox 76 5209 1705 5287; baseline -0.004 -13"><span class='ocrx_word' id='word_1_750' title='bbox 76 5232 121 5274; x_wconf 94' lang='lat' dir='ltr'>mo</span> <span class='ocrx_word' id='word_1_751' title='bbox 141 5215 375 5287; x_wconf 88' lang='lat' dir='ltr'>respondendum</span> <span class='ocrx_word' id='word_1_752' title='bbox 398 5229 458 5270; x_wconf 91' lang='lat' dir='ltr'>esse</span> <span class='ocrx_word' id='word_1_753' title='bbox 472 5213 610 5283; x_wconf 88' lang='lat' dir='ltr'>arbitror,</span> <span class='ocrx_word' id='word_1_754' title='bbox 630 5212 709 5283; x_wconf 89' lang='lat' dir='ltr'>quod</span> <span class='ocrx_word' id='word_1_755' title='bbox 720 5213 808 5283; x_wconf 83' lang='lat' dir='ltr'>juxta</span> <span class='ocrx_word' id='word_1_756' title='bbox 860 5209 1029 5268; x_wconf 75' lang='lat' dir='ltr'>necessariis</span> <span class='ocrx_word' id='word_1_757' title='bbox 1044 5211 1233 5266; x_wconf 83' lang='lat' dir='ltr'>obstruamus</span> <span class='ocrx_word' id='word_1_758' title='bbox 1254 5212 1436 5282; x_wconf 88' lang='lat' dir='ltr'>argumentis</span> <span class='ocrx_word' id='word_1_759' title='bbox 1447 5226 1457 5282; x_wconf 92' lang='lat'>;</span> <span class='ocrx_word' id='word_1_760' title='bbox 1482 5225 1636 5282; x_wconf 89' lang='lat' dir='ltr'>ponamus,</span> <span class='ocrx_word' id='word_1_761' title='bbox 1661 5211 1705 5267; x_wconf 93' lang='lat' dir='ltr'>iu·</span> 
     </span>
     <span class='ocr_line' id='line_1_58' title="bbox 77 5298 1706 5376; baseline -0.003 -14"><span class='ocrx_word' id='word_1_762' title='bbox 77 5307 199 5375; x_wconf 82' lang='lat' dir='ltr'>tionem,</span> <span class='ocrx_word' id='word_1_763' title='bbox 216 5312 325 5376; x_wconf 89' lang='lat' dir='ltr'>quanto</span> <span class='ocrx_word' id='word_1_764' title='bbox 341 5305 440 5374; x_wconf 92' lang='lat' dir='ltr'>plures</span> <span class='ocrx_word' id='word_1_765' title='bbox 455 5302 711 5373; x_wconf 81' lang='lat' dir='ltr'>predicaverimus</span> <span class='ocrx_word' id='word_1_766' title='bbox 727 5301 805 5371; x_wconf 86' lang='lat' dir='ltr'>deos,</span> <span class='ocrx_word' id='word_1_767' title='bbox 860 5313 960 5373; x_wconf 91' lang='lat' dir='ltr'>quam,</span> <span class='ocrx_word' id='word_1_768' title='bbox 970 5299 1026 5357; x_wconf 90' lang='lat' dir='ltr'>hoo</span> <span class='ocrx_word' id='word_1_769' title='bbox 1039 5298 1064 5356; x_wconf 89' lang='lat' dir='ltr'>si</span> <span class='ocrx_word' id='word_1_770' title='bbox 1079 5299 1192 5365; x_wconf 87' lang='lat' dir='ltr'>volunt,</span> <span class='ocrx_word' id='word_1_771' title='bbox 1216 5298 1463 5370; x_wconf 81' lang='lat' dir='ltr'>sedoppouamus</span> <span class='ocrx_word' id='word_1_772' title='bbox 1485 5301 1564 5373; x_wconf 92' lang='lat' dir='ltr'>quod</span> <span class='ocrx_word' id='word_1_773' title='bbox 1588 5301 1706 5367; x_wconf 90' lang='lat' dir='ltr'>uolunt,</span> 
     </span>
     <span class='ocr_line' id='line_1_59' title="bbox 77 5387 1708 5477; baseline -0.004 -23"><span class='ocrx_word' id='word_1_774' title='bbox 77 5397 187 5468; x_wconf 88' lang='lat' dir='ltr'>mplius</span> <span class='ocrx_word' id='word_1_775' title='bbox 200 5394 306 5453; x_wconf 81' lang='lat' dir='ltr'>divinae</span> <span class='ocrx_word' id='word_1_776' title='bbox 321 5393 442 5467; x_wconf 89' lang='lat' dir='ltr'>gloriam</span> <span class='ocrx_word' id='word_1_777' title='bbox 457 5391 635 5449; x_wconf 83' lang='lat' dir='ltr'>excellentie</span> <span class='ocrx_word' id='word_1_778' title='bbox 647 5390 804 5463; x_wconf 85' lang='lat' dir='ltr'>amplitica-</span> <span class='ocrx_word' id='word_1_779' title='bbox 859 5402 1005 5447; x_wconf 89' lang='lat' dir='ltr'>summam</span> <span class='ocrx_word' id='word_1_780' title='bbox 1019 5400 1121 5446; x_wconf 86' lang='lat' dir='ltr'>sorum</span> <span class='ocrx_word' id='word_1_781' title='bbox 1137 5387 1351 5458; x_wconf 88' lang='lat' dir='ltr'>impudentiam</span> <span class='ocrx_word' id='word_1_782' title='bbox 1364 5390 1574 5477; x_wconf 78' lang='lat' dir='ltr'>arguentes,si</span> <span class='ocrx_word' id='word_1_783' title='bbox 1593 5390 1647 5448; x_wconf 87' lang='lat' dir='ltr'>hoo</span> <span class='ocrx_word' id='word_1_784' title='bbox 1660 5402 1708 5448; x_wconf 86' lang='lat' dir='ltr'>ca·</span> 
     </span>
     <span class='ocr_line' id='line_1_60' title="bbox 77 5475 1712 5573; baseline -0.002 -31"><span class='ocrx_word' id='word_1_785' title='bbox 77 5484 318 5556; x_wconf 82' lang='lat' dir='ltr'>luunlusitaque</span> <span class='ocrx_word' id='word_1_786' title='bbox 333 5481 484 5555; x_wconf 81' lang='lat' dir='ltr'>predicari</span> <span class='ocrx_word' id='word_1_787' title='bbox 498 5480 804 5553; x_wconf 66' lang='lat' dir='ltr'>oporutdeosutin·</span> <span class='ocrx_word' id='word_1_788' title='bbox 858 5478 1042 5538; x_wconf 74' lang='lat' dir='ltr'>temnuntur</span> <span class='ocrx_word' id='word_1_789' title='bbox 1067 5475 1148 5550; x_wconf 84' lang='lat' dir='ltr'>quod</span> <span class='ocrx_word' id='word_1_790' title='bbox 1172 5475 1301 5573; x_wconf 72' lang='lat' dir='ltr'>robbers</span> <span class='ocrx_word' id='word_1_791' title='bbox 1322 5478 1404 5538; x_wconf 91' lang='lat' dir='ltr'>nullo</span> <span class='ocrx_word' id='word_1_792' title='bbox 1425 5478 1512 5539; x_wconf 87' lang='lat' dir='ltr'>modo</span> <span class='ocrx_word' id='word_1_793' title='bbox 1538 5486 1712 5552; x_wconf 71' lang='lat' dir='ltr'>percantet</span> 
     </span>
    </p>
   </div>
   <div class='ocr_carea' id='block_1_5' title="bbox 0 0 1908 5962">
    <p class='ocr_par' dir='ltr' id='par_1_5' title="bbox 0 0 1908 5962">
     <span class='ocr_line' id='line_1_61' title="bbox 0 0 1908 5962; baseline 0 0"><span class='ocrx_word' id='word_1_794' title='bbox 0 0 1908 5962; x_wconf 95' lang='lat' dir='ltr'> </span> 
     </span>
    </p>
   </div>
  </div>
 </body>
</html>
