3804 5962
76 216 129 271 529
472 269 475 275 ,
827 207 944 266 salillo
963 209 1052 265 XXlV.
1781 214 1834 270 530

73 341 153 398 tibus
175 351 227 410 per
250 350 298 395 eos
320 333 490 408 significatis
513 332 743 406 intelligendum.
771 333 830 394 Nec
848 334 926 392 enim
941 333 965 390 Α
980 335 1089 407 qnibns
1112 332 1176 406 capi
1195 332 1478 406 queritanrepeute
1491 333 1572 392 velut
1598 346 1723 393 enervus
1741 336 1821 395 inre·

71 429 188 488 dubitat
212 439 291 494 enm,
316 424 368 496 qui
394 425 461 496 plus
483 423 578 496 diligit
595 423 752 494 christum,
775 438 836 482 esse
861 439 925 481 me·
979 425 1069 482 nitur.
1099 422 1191 482 Burei
1211 423 1447 496 qnoquecoloris
1469 438 1529 482 esse
1549 422 1732 482 describitur.
1770 425 1827 491 Qui

71 520 188 588 liorem,
204 531 258 574 neo
271 528 339 573 eom
360 513 412 586 qui
426 513 492 584 plus
520 528 537 570 a
561 513 673 571 Christo
689 513 830 587 diligitur,
855 514 925 572 bea·
979 513 1065 571 etiam
1090 528 1159 571 cum
1172 512 1330 585 elephantis
1350 514 1468 586 quando
1489 520 1634 572 certamen
1653 512 1827 588 ingreditur,

72 609 187 669 tiorem.
207 605 290 675 Quod
313 604 336 660 si
349 603 397 661 cni
427 603 498 661 iorte
513 603 661 674 displiceat
688 619 742 668 nos
759 603 796 662 ad
821 611 924 676 myste-
978 617 1012 660 eo
1041 616 1132 661 cornu
1159 602 1238 674 quod
1264 601 1294 660 in
1318 617 1388 661 nare
1409 602 1596 676 singulariter
1627 610 1729 677 gestat,
1756 618 1828 664 ven·

71 698 148 757 rium
165 694 383 759 hicdeclinare,
408 707 461 750 nec
476 692 506 750 in
533 693 601 764 ipsis
623 693 752 765 personis
773 694 924 750 veritatem
979 699 1050 750 trem
1087 693 1304 751 adversantium
1334 693 1418 751 lerire
1454 693 1623 766 perhibetur
1653 710 1661 761 ;
1693 701 1726 753 ut
1758 709 1826 753 oum

71 786 203 844 historia
220 782 382 852 dissentire,
397 781 466 840 siin
485 797 529 851 eo,
546 785 578 840 ut
605 783 770 854 opinamur,
799 784 924 841 loannes
977 797 1010 840 ea
1037 797 1103 855 qna
1130 782 1262 840 molliora
1290 789 1360 840 sunt
1387 782 1533 853 vulnerat,
1559 783 1765 856 impugnantes
1797 797 1828 842 se

70 877 166 944 magis
181 888 199 930 a
213 874 326 932 Christo
340 872 423 944 diligi
446 872 571 942 dicatur,
602 872 681 943 qnod
701 871 834 930 Christus
859 887 923 929 ma·
976 871 1060 929 lacile
1083 878 1200 930 sternat.
1237 872 1331 929 Potest
1363 886 1432 944 ergo
1460 886 1512 944 per
1546 871 1626 929 hunc
1657 871 1828 932 rhinocero-

68 965 201 1039 joremei
216 962 387 1020 charitatem
403 961 450 1018 vel
465 961 691 1020 lamiliaritatem
717 960 872 1020 exhibebat
892 961 923 1018 in
975 969 1043 1029 tem,
1064 961 1110 1018 vel
1138 969 1214 1018 certe
1242 968 1461 1030 monocerotem,
1493 961 1673 1031 unicornem,
1699 961 1747 1020 ille
1769 976 1824 1034 po-

70 1069 156 1127 opere
170 1062 235 1112 tum
249 1066 300 1123 pro
327 1050 472 1108 munditia
494 1051 601 1119 carnis,
627 1065 687 1123 qna
708 1051 756 1109 ille
781 1059 922 1124 tanquam
973 1051 1060 1122 pulos
1079 1050 1210 1122 intelligi,
1225 1050 1276 1122 qni
1296 1051 1366 1108 dnm
1380 1050 1414 1107 de
1430 1058 1545 1123 accepta
1563 1052 1624 1125 lega
1639 1065 1697 1110 uon
1722 1065 1822 1124 opera,

69 1145 154 1216 rirgo
191 1141 405 1215 praeminebat,
433 1148 495 1198 tum
518 1141 605 1198 etiam
627 1140 698 1213 quia
729 1156 780 1212 pro
799 1141 922 1213 juvenili
976 1140 1131 1197 sedsolam
1155 1139 1362 1197 intercunctos
1378 1139 1824 1214 homineselationemsnmpsit,

71 1240 156 1290 atate
183 1232 322 1304 maiorem
346 1230 514 1287 circaeam
541 1229 729 1302 providentiae
752 1244 853 1287 curam
869 1229 921 1287 ha·
975 1227 1060 1300 qnasi
1075 1228 1150 1285 inter
1164 1236 1281 1286 cataras
1296 1228 1402 1285 bestias
1425 1243 1520 1287 cornu
1542 1228 1684 1302 singulari
1703 1229 1826 1289 certavit

69 1323 166 1380 behet.
192 1321 261 1378 Plus
287 1320 376 1393 igitur
393 1320 491 1390 ipsum
521 1319 653 1376 Christus
689 1332 788 1376 amare
815 1319 922 1377 dicitur
976 1318 1045 1375 inde
1072 1317 1232 1389 passionem
1252 1331 1337 1375 snam
1362 1318 1514 1388 Dominus,
1531 1319 1672 1391 Propheta
1692 1326 1824 1388 canente,

69 1425 118 1482 per
136 1407 272 1467 eflectum
294 1408 398 1480 operis,
431 1422 490 1465 uon
512 1421 562 1479 per
583 1407 719 1465 atiectnm
744 1407 916 1466 dilectionis.
976 1406 1229 1479 praenuntiansait
1242 1421 1249 1462 :
1264 1407 1364 1463 libera
1385 1423 1428 1464 me
1443 1408 1477 1463 de
1491 1423 1536 1465 cre
1550 1408 1644 1478 honis,
1663 1414 1719 1467 eta
1741 1413 1827 1466 correi

69 1501 182 1558 Habeat
200 1498 298 1570 itaque
320 1498 444 1554 loannes
470 1499 550 1554 hunc
579 1494 741 1555 dilectionis
760 1495 921 1556 edectnma
976 1497 1025 1552 bus
1039 1498 1212 1553 unicornium
1228 1483 1409 1553 iumititatem
1420 1497 1679 1570 meam(l’sat.xxr,
1700 1497 1756 1571 ³2).
1771 1498 1826 1557 'lot

67 1589 189 1646 Domino
213 1596 354 1659 unquam
373 1585 465 1660 virgo,
496 1585 536 1643 ita
556 1593 650 1644 tamen
681 1594 713 1644 ut
738 1587 868 1658 martyri,
893 1595 921 1644 et
976 1586 1128 1658 qnippein
1143 1587 1192 1644 illa
1206 1593 1290 1660 gente
1306 1587 1459 1645 unicornes
1473 1586 1825 1647 velrhinocerotesexsti·

68 1693 118 1736 aer
146 1677 284 1735 allectum
306 1677 413 1733 amoris
439 1675 550 1733 meliori
579 1690 638 1733 non
664 1675 792 1734 invideat
826 1676 918 1734 Petro.
936 1692 957 1747 D
977 1683 1083 1745 terunt,
1111 1683 1182 1748 quot
1204 1684 1305 1734 contra
1328 1677 1557 1748 pradicationem
1585 1677 1713 1736 veritatis
1733 1677 1769 1736 de
1783 1677 1824 1737 le·

69 1767 195 1840 Utrique
210 1772 307 1823 autem
330 1766 392 1823 suis
414 1779 466 1822 nos
498 1765 613 1835 magnis
635 1764 745 1821 meritis
765 1765 920 1836 itajnvent
976 1765 1171 1836 gisoperibns
1183 1764 1308 1838 gloriati,
1329 1773 1357 1824 et
1383 1766 1464 1825 latua
1484 1766 1607 1827 elatione
1630 1767 1730 1824 couilsi
1744 1774 1824 1825 suut.

67 1856 148 1929 apud
173 1855 340 1923 Dominum,
356 1861 389 1912 ut
411 1853 449 1911 ad
472 1867 573 1911 eorum
599 1853 761 1926 pertingere
771 1853 921 1913 valeamus
974 1855 1060 1913 Beato
1077 1855 1168 1926 igitur
1195 1854 1247 1912 tob
1269 1855 1403 1912 Ecclesia
1436 1863 1538 1927 typum
1571 1856 1679 1914 tenenti
1699 1855 1825 1915 dicitur:

68 1944 259 2004 consortium.
691 1946 695 1953 '
973 1944 1105 2014 Nunguid
1124 1945 1194 2000 calet
1216 1946 1368 2000 rhinoceros
1391 1947 1494 2002 sarcire
1523 1944 1606 2002 tibi?
1632 1948 1672 2003 hc
1698 1945 1723 2003 si
1745 1945 1824 2003 dica·

376 2031 496 2089 senno
510 2030 615 2088 xxlv.
975 2039 1044 2090 tur:
1060 2033 1201 2105 Nunqnid
1229 2033 1312 2091 illum
1341 2034 1490 2106 populum,
1516 2049 1604 2107 quem
1626 2034 1779 2107 superbire
1792 2035 1824 2093 in

265 2136 293 2179 m
308 2135 499 2180 conversione
511 2133 611 2178 sanam
625 2133 721 2180 ranst.
973 2136 1043 2180 nece
1062 2121 1190 2179 fidelium
1213 2123 1302 2180 stulta
1315 2134 1370 2180 sna
1392 2122 1515 2181 elatione
1543 2124 1741 2193 considerans,
1767 2124 1824 2183 snb

98 2210 244 2282 Praecipui
267 2210 396 2283 gentium
425 2209 548 2267 doctoris
584 2211 733 2268 conversio
765 2218 845 2269 tanto
872 2212 919 2270 de·
971 2211 1038 2284 jnre
1056 2219 1114 2270 tuae
1130 2211 1343 2282 praedicationis
1361 2211 1509 2270 inclinas?
1525 2213 1686 2271 subaudis:
1708 2220 1741 2271 nt
1755 2228 1820 2287 ego,

66 2302 164 2360 votius
178 2300 352 2357 acouversis
368 2313 418 2370 per
431 2314 498 2357 enm
512 2299 649 2372 gentibus
674 2306 717 2358 est
735 2300 917 2370 celebranda,
972 2302 1064 2374 quiet
1091 2309 1193 2359 contra
1207 2315 1253 2358 me
1268 2301 1350 2359 illum
1366 2301 1510 2375 singulari
1524 2316 1617 2360 cornu
1642 2301 1741 2361 extolli
1756 2317 1824 2362 con-

66 2396 178 2463 quauto
207 2389 285 2461 ipsas
313 2388 368 2461 ipsi
391 2389 517 2460 emplius
540 2402 601 2446 esse
628 2396 739 2446 constat
766 2388 917 2448 obnoxias.
972 2389 1061 2462 spicio
1090 2407 1098 2459 ;
1126 2397 1153 2448 et
1184 2398 1282 2448 tamen
1311 2389 1392 2459 mihi,
1426 2405 1494 2448 cnm
1517 2391 1648 2459 voluero,
1688 2392 1823 2463 protinus

68 2480 133 2537 Sola
147 2479 214 2550 ejus
226 2477 387 2546 conversio,
404 2491 454 2549 per
472 2491 562 2549 qnam
588 2477 744 2535 universus
760 2492 918 2537 conversus
972 2479 1074 2538 subdo.
1088 2478 1142 2536 Sed
1158 2480 1211 2537 hoc
1227 2478 1329 2537 melias
1353 2480 1541 2549 ostendimus,
1559 2480 1583 2538 si
1597 2481 1633 2537 de
1656 2494 1761 2556 genere
1787 2480 1825 2538 ad

65 2575 107 2626 est
127 2567 270 2636 mundus,
292 2566 338 2624 rel
365 2566 533 2639 diligentins
560 2567 595 2624 de
620 2567 675 2624 tide
697 2567 857 2626 instructus
884 2582 918 2625 aa
972 2568 1096 2641 speciem
1128 2576 1320 2626 transeamus.
1343 2569 1393 2626 lile
1421 2580 1490 2642 ergo
1516 2583 1552 2627 er
1578 2568 1632 2625 hoo
1663 2568 1768 2641 populo
1795 2574 1824 2628 et

66 2657 225 2730 perfectius
257 2655 387 2719 edoctus,
411 2656 622 2713 solemnitatem
654 2656 683 2712 in
705 2655 833 2714 Ecclesia
860 2672 917 2715 me·
973 2656 1085 2729 primns
1102 2656 1131 2713 in
1145 2657 1292 2729 snperbia,
1314 2665 1342 2714 et
1355 2659 1538 2729 postmodnm
1559 2658 1723 2729 praecipuus
1741 2657 1822 2716 testis

65 2748 125 2806 ruit
147 2746 289 2803 obtinere.
315 2744 399 2801 Solus
436 2745 511 2802 inter
535 2745 678 2815 apostolos
703 2745 761 2816 ipse
784 2753 836 2816 est,
866 2746 917 2819 qui
972 2745 1002 2803 iu
1039 2746 1201 2803 hnmilitate
1227 2745 1310 2803 nobis
1337 2747 1373 2802 ad
1400 2746 1527 2803 medium
1560 2745 1690 2820 [Paulus]
1721 2746 1816 2804 dedu·-

67 2834 244 2909 propheticis
271 2834 423 2907 praeooniis
444 2833 520 2909 olim
536 2834 645 2892 mundo
678 2835 836 2906 promissus
863 2844 913 2905 est,
970 2840 1063 2903 catur,
1080 2833 1142 2905 qni,
1162 2833 1233 2890 dnm
1253 2839 1352 2890 contra
1367 2833 1460 2890 Deum
1483 2833 1612 2904 aequasi
1641 2833 1823 2892 decustodia·

66 2930 156 2995 atque
173 2922 300 2994 propriis
325 2923 468 2981 vaticiniis
498 2922 676 2996 designatus,
705 2932 732 2982 et
762 2939 779 2982 a
806 2925 916 2983 caeteris
972 2921 1043 2994 legis
1054 2921 1182 2989 nesciens
1203 2921 1319 2991 extulit,
1334 2936 1426 2980 cornu
1440 2921 1471 2979 in
1487 2934 1558 2980 nare
1585 2921 1717 2994 gestarit.
1740 2922 1822 2981 Unde

67 3012 213 3070 discretus
229 3012 329 3084 itaque
351 3020 530 3084 segregatus.
547 3013 599 3069 llic
614 3020 656 3070 est
678 3014 843 3073 rhinoceros
866 3030 917 3074 seu
935 2984 955 3041 ⁰
973 3018 1000 3068 et
1021 3010 1076 3068 hoc
1096 3010 1191 3082 ipsum
1220 3010 1299 3068 naris
1325 3024 1416 3068 cornu
1443 3025 1493 3083 per
1519 3010 1713 3069 humilitatem
1740 3018 1822 3084 post·

65 3114 237 3160 monoceros
274 3099 321 3158 ille
349 3101 456 3158 divinis
478 3101 563 3159 hodie
596 3102 666 3160 loris
699 3104 844 3174 astrictus,
868 3106 919 3177 qni
972 3100 1092 3159 modum
1111 3101 1255 3159 inclinans
1269 3100 1338 3158 dicit
1353 3115 1359 3156 :
1376 3100 1428 3168 Qui
1453 3103 1534 3172 prius
1561 3102 1607 3169 (ui
1634 3101 1821 3174 blasphemus,

66 3190 222 3263 pristinam
256 3190 398 3247 leritatem
417 3191 558 3263 deposuit,
583 3201 611 3250 et
635 3193 749 3250 Domini
769 3193 842 3266 jugo
868 3194 919 3251 de·
972 3196 998 3247 et
1021 3195 1186 3262 persecutor,
1213 3196 1239 3246 et
1273 3189 1492 3260 contumeliosus,
1523 3189 1571 3246 sed
1600 3188 1821 3246 misericordiam

65 3279 156 3349 ditus,
178 3279 371 3351 divinumque
385 3288 516 3337 aratrum
532 3280 658 3350 trahens,
683 3281 781 3353 glebas
796 3280 918 3340 vallium
972 3285 1126 3337 consecutus
1150 3296 1220 3350 sum,
1246 3282 1313 3349 quia
1341 3285 1474 3350 igrmrans
1497 3279 1552 3347 feci
1573 3279 1599 3351 (l
1626 3278 1695 3335 lim.
1720 3293 1742 3348 r,
1762 3277 1815 3350 le).
1861 3328 1869 3343 ,,

65 3369 205 3442 trangere
232 3369 327 3440 erepit.
353 3367 394 3425 De
417 3369 503 3440 cnjus
529 3370 656 3428 mirabili
676 3373 864 3430 conversione
890 3378 919 3428 ot
972 3371 1006 3428 ln
1020 3384 1091 3427 uere
1106 3384 1198 3427 cornu
1212 3371 1350 3441 gestabat,
1381 3369 1432 3442 qni
1447 3369 1624 3441 placiturum
1646 3383 1677 3426 so
1701 3367 1758 3426 Deo
1786 3366 1822 3426 de

65 3458 127 3530 ipse
142 3457 285 3515 Dominus
308 3458 345 3514 ad
361 3458 476 3516 beatum
492 3459 546 3516 lob
566 3459 696 3531 loquens,
726 3467 754 3518 et
779 3461 917 3519 virtutem
972 3459 1139 3518 crudelitato
1154 3459 1326 3530 confidebat,
1342 3459 1492 3532 sicutipse
1517 3458 1700 3531 postmodum
1716 3464 1820 3516 semet·

64 3560 163 3614 suam
189 3559 250 3616 qua
278 3545 308 3602 id
331 3547 433 3617 potnit,
460 3547 660 3618 magnificans,
688 3549 753 3606 ait:
786 3549 919 3620 Numquid
972 3549 1067 3621 ipsum
1084 3550 1262 3622 redarguens
1280 3548 1371 3607 dicit:
1399 3551 1435 3604 nt
1449 3548 1822 3620 proficiebnminjudaisma

65 3636 224 3692 rhinoceros
246 3636 317 3691 colet
341 3637 443 3691 servire
458 3636 508 3691 tibi
534 3638 549 3691 'l
575 3637 637 3709 (Job
662 3650 767 3705 xxxtx,
789 3638 828 3712 9.)
849 3640 917 3696 acsi
972 3638 1170 3708 supramultos
1199 3643 1344 3694 coetaneos
1369 3652 1441 3693 meos
1462 3641 1493 3692 in
1517 3652 1612 3705 amere
1635 3653 1702 3701 meo,
1732 3636 1821 3693 abun·

65 3725 174 3783 diceret
202 3740 209 3780 :
242 3724 323 3781 Sicut
351 3725 433 3793 mihi,
479 3729 528 3781 aut
561 3727 713 3782 morabitur
736 3726 774 3784 ad
794 3741 918 3799 presepe
972 3727 1085 3783 dontius
1110 3729 1253 3784 emulator
1278 3728 1399 3782 eaistcns
1417 3731 1594 3796 paternarum
1621 3741 1743 3783 mearum
1766 3730 1822 3782 tra·

66 3819 146 3870 tmen
161 3812 176 3869 i
190 3814 324 3882 Numquid
351 3815 481 3884 alligabis
509 3814 705 3873 rhinocerotem
729 3816 767 3872 ad
780 3817 918 3873 arandum
971 3816 1107 3873 ditionum
1127 3814 1231 3888 (Galat.
1256 3829 1277 3885 t,
1305 3816 1359 3886 ll).
1384 3815 1479 3887 Hujus
1504 3821 1601 3873 aulem
1631 3814 1822 3873 rhinocerotis

66 3904 124 3959 iero
140 3909 201 3973 tuo,
215 3905 433 3972 auteenfringet
447 3904 670 3973 giebaacallium
684 3911 745 3977 post
760 3911 786 3962 te
810 3904 917 3965 than·
971 3905 1168 3963 fortitudinem
1191 3905 1285 3962 omnis
1313 3909 1433 3961 venator
1466 3902 1611 3967 extimuit,
1636 3902 1707 3974 quia
1739 3902 1821 3961 Sauli

65 3993 134 4064 guid
162 3992 275 4048 babebis
299 3992 428 4064 Muciam
463 3997 493 4048 in
529 4010 631 4064 magna
657 3995 823 4064 fortitudine
846 3996 916 4066 ejas,
971 3994 1112 4051 sevitiam
1143 3993 1347 4065 uuusquisque
1378 3990 1549 4063 praedicator
1585 3990 1712 4062 expavit.
1747 3989 1821 4048 Scri-

64 4087 88 4137 et
109 4081 289 4150 dmeiinqeus
313 4082 339 4135 ei
366 4081 471 4137 labores
500 4083 586 4138 tuos?
612 4082 745 4150 Numquid
770 4082 862 4139 credes
881 4085 916 4148 ei,
971 4091 1053 4156 ptum
1086 4096 1213 4155 namque
1236 4089 1299 4140 est:
1330 4079 1433 4139 Saulus
1465 4085 1555 4136 autem
1585 4079 1675 4136 adhuc
1703 4082 1818 4152 spirant

66 4169 139 4236 guad
164 4169 265 4224 reddat
290 4175 437 4226 sementem
466 4169 528 4240 tibi,
543 4176 570 4226 et
584 4186 676 4227 aream
706 4176 781 4228 tuam
806 4186 918 4241 congre·
971 4173 1110 4229 minarum
1123 4177 1149 4228 et
1173 4173 1254 4230 cadis
1278 4176 1308 4228 in
1336 4172 1488 4242 discipulos
1515 4171 1635 4239 Domini,
1659 4176 1717 4228 etc.
1743 4169 1818 4244 (rici.

64 4257 138 4330 get?
155 4257 239 4332 (ibid.
269 4260 302 4315 lb
329 4265 358 4316 et
379 4258 451 4331 seq.)
476 4259 559 4328 Quod
578 4261 679 4318 beatus
701 4260 867 4333 Gregorius,
882 4260 916 4316 li·
933 4269 954 4326 n
971 4278 1010 4330 rx,
1027 4263 1060 4336 ι).
1075 4263 1148 4320 cnm
1171 4263 1259 4320 ilatus
1280 4275 1351 4319 nare
1367 4261 1530 4319 reddendus
1545 4260 1682 4324 trahitur,
1699 4255 1819 4332 spiratio

66 4349 115 4406 bro
145 4347 301 4405 lloralium
318 4362 404 4419 xxxi,
434 4349 469 4406 de
491 4350 574 4407 beato
589 4350 713 4423 deniqne
739 4350 828 4407 Panlo
852 4350 916 4408 dili·
970 4359 1099 4422 vocatur,
1121 4359 1150 4410 et
1171 4352 1241 4410 illud
1264 4366 1340 4424 saepe
1355 4365 1406 4424 per
1429 4351 1547 4409 odorem
1573 4364 1644 4409 nere
1664 4349 1845 4422 depreheug

66 4445 167 4510 genter
180 4437 299 4507 exponit
313 4437 369 4509 lit)
390 4455 397 4494 :
415 4459 429 4490 n
447 4439 663 4507 Rhinocerotus,
694 4440 798 4510 inquit,
830 4439 915 4496 indo·
970 4439 1076 4509 dimus,
1092 4441 1171 4513 qnod
1182 4440 1273 4499 oculis
1289 4455 1348 4497 nou
1361 4440 1502 4498 videmus.

66 4528 141 4586 uitae
156 4526 278 4583 omuino
294 4535 408 4584 uaturae
431 4536 483 4599 est,
510 4529 550 4585 ita
572 4535 605 4585 ut
626 4529 651 4585 si
672 4530 790 4600 quaudo
814 4537 916 4601 captus
1006 4550 1021 4580 r
1049 4530 1228 4589 Rhinoceros
1264 4544 1333 4603 ergo
1376 4531 1429 4586 iste
1459 4542 1529 4586 uare
1570 4527 1698 4600 gestabat
1726 4539 1819 4585 cornu

67 4612 165 4684 luerit,
179 4613 567 4688 tenerinnllatenns'possit.
583 4618 739 4688 Impatiens
754 4617 861 4689 quippe
883 4624 916 4673 ut
971 4633 1029 4691 qno
1051 4624 1221 4690 percuteret,
1251 4620 1321 4691 quie
1348 4617 1494 4676 minarum
1522 4624 1550 4675 et
1577 4615 1663 4674 caedis
1689 4615 1816 4687 spirans,

65 4700 168 4770 lemur,
179 4701 257 4759 illico
272 4702 404 4761 moritur.
427 4705 499 4777 Ejus
520 4719 589 4763 vera
604 4720 710 4763 nomeu
734 4706 836 4762 Latina
856 4704 915 4762 lin·
970 4717 1123 4780 postquam
1147 4712 1300 4781 presentes
1328 4707 1520 4775 interiecerat,
1549 4706 1680 4763 absentes
1703 4718 1817 4778 qnare·

66 4807 121 4864 gua
134 4792 364 4864 interpretatum
374 4801 457 4861 sonat
473 4810 480 4850 :
495 4795 526 4851 in
538 4809 608 4852 nare
621 4810 723 4852 corun.
744 4816 755 4845 r
770 4825 806 4837 -
820 4816 834 4847 a
845 4794 915 4853 llhi-
970 4799 1029 4856 bat.
1044 4798 1098 4857 Sed
1113 4813 1178 4856 ecce
1190 4799 1284 4856 omnis
1305 4806 1371 4855 aute
1386 4797 1469 4855 illum
1481 4804 1602 4854 venator
1617 4793 1816 4864 absconditur,

65 4880 273 4953 commumoni
301 4882 389 4940 etiam
411 4899 579 4942 monoceros
598 4885 703 4944 Graecis
731 4885 916 4956 exemplariis
970 4887 1184 4953 omnishomo,
1214 4888 1241 4945 ld
1265 4895 1307 4945 est
1336 4886 1474 4945 rationale
1514 4884 1639 4956 sapiens,
1682 4883 1817 4957 opinione

65 4973 248 5041 nominatur,
263 4978 351 5030 unta
364 4987 426 5030 esso
441 4974 618 5032 tortitudinis
642 4975 759 5043 dicitur,
779 4981 812 5032 ot
834 4974 916 5033 nulla
969 4978 1069 5036 mortis
1084 4978 1148 5051 eius
1168 4977 1323 5049 effugatur.
1353 4976 1389 5035 Ut
1412 4989 1481 5048 ergo
1502 4975 1582 5032 hunc
1604 4974 1816 5032 rhinocerotem

65 5060 239 5120 renmdum
256 5061 366 5120 virtute
391 5064 532 5134 capiatur.
562 5063 615 5121 Sed
626 5065 702 5122 sicut
716 5064 746 5122 hi
769 5072 913 5134 asserunt,
970 5067 1074 5138 capiat,
1090 5067 1186 5124 sinum
1206 5080 1294 5124 snum
1320 5065 1414 5137 virgo,
1442 5064 1471 5120 id
1489 5072 1532 5121 est
1558 5072 1815 5132 secretumsnum‚

64 5152 110 5222 oui
139 5148 342 5208 describendis
360 5151 481 5209 staturis
506 5151 676 5211 animalium
701 5153 844 5212 laboriosa
871 5155 915 5211 in·
970 5156 1032 5228 ipsa
1059 5170 1110 5228 per
1137 5170 1168 5213 se
1196 5155 1327 5212 involuta
1346 5167 1433 5211 carne
1452 5152 1817 5227 Deisapientiaerpaudit.

63 5239 254 5314 vutigatione
281 5239 474 5311 sudaverunt,
503 5243 587 5314 virgo
609 5243 636 5300 ei
661 5244 759 5315 puella
780 5244 913 5316 proponi·
969 5245 1115 5316 Scriptum
1153 5245 1259 5316 quippe
1284 5243 1429 5315 estquod
1454 5257 1522 5300 cum
1550 5243 1724 5301 Damascum
1753 5255 1817 5315 per·

64 5335 116 5388 tur.
132 5329 210 5398 ouer
226 5327 352 5387 venienti
375 5329 473 5387 sinam
499 5330 603 5403 aperit,
632 5331 662 5389 in
684 5348 742 5405 quo
769 5332 817 5392 ille
835 5333 925 5392 omni·
969 5341 1056 5407 geret,
1080 5333 1175 5392 subito
1199 5331 1390 5389 circumlnlsit
1418 5345 1486 5390 eum
1514 5331 1561 5391 dio
1586 5332 1688 5415 media¹
1709 5333 1762 5392 lux
1777 5331 1814 5389 de

63 5417 208 5479 maritate
222 5417 352 5490 deposita
366 5427 454 5492 caput
477 5420 601 5494 deponit.
631 5421 736 5495 sicque
758 5423 795 5481 ab
823 5423 874 5496 eis,
897 5437 915 5480 a
968 5422 1050 5491 coelo,
1078 5429 1106 5481 et
1126 5436 1184 5480 vox
1203 5421 1279 5480 lacta
1301 5426 1355 5491 est,
1379 5419 1477 5479 dicens
1492 5448 1497 5477 ι
1514 5422 1605 5488 Saule,
1627 5423 1718 5494 snae,
1744 5421 1815 5491 qnid

92 5543 152 5617 (aa)
171 5541 283 5603 ratior.
296 5548 366 5603 mm.
381 5542 574 5620 mxvtnot.
588 5548 650 5618 sse,
670 5549 729 5604 seo.
