<?xml version="1.0" encoding="UTF-8"?>
<!DOCTYPE html PUBLIC "-//W3C//DTD XHTML 1.0 Transitional//EN"
    "http://www.w3.org/TR/xhtml1/DTD/xhtml1-transitional.dtd">
<html xmlns="http://www.w3.org/1999/xhtml" xml:lang="en" lang="en">
 <head>
  <title>
</title>
<meta http-equiv="Content-Type" content="text/html;charset=utf-8" />
  <meta name='ocr-system' content='tesseract 3.04.00' />
  <meta name='ocr-capabilities' content='ocr_page ocr_carea ocr_par ocr_line ocrx_word'/>
</head>
<body>
  <div class='ocr_page' id='page_1' title='image "./patrologiaecurs53unkngoog_0808.png"; bbox 0 0 3804 5962; ppageno 0'>
   <div class='ocr_carea' id='block_1_1' title="bbox 78 172 1758 396">
    <p class='ocr_par' dir='ltr' id='par_1_1' title="bbox 78 172 1758 396">
     <span class='ocr_line' id='line_1_1' title="bbox 774 172 1757 256; baseline 0.002 -2"><span class='ocrx_word' id='word_1_1' title='bbox 774 199 829 254; x_wconf 84' lang='lat' dir='ltr'><strong>sic</strong></span> <span class='ocrx_word' id='word_1_2' title='bbox 848 197 894 255; x_wconf 89' lang='lat' dir='ltr'><strong>nr</strong></span> <span class='ocrx_word' id='word_1_3' title='bbox 912 172 994 254; x_wconf 84' lang='lat' dir='ltr'><strong>uon.</strong></span> <span class='ocrx_word' id='word_1_4' title='bbox 1690 202 1757 256; x_wconf 79' lang='lat' dir='ltr'><strong>roos</strong></span> 
     </span>
     <span class='ocr_line' id='line_1_2' title="bbox 78 291 1758 396; baseline 0.002 -16"><span class='ocrx_word' id='word_1_5' title='bbox 78 322 425 396; x_wconf 82' lang='lat' dir='ltr'><strong>quittamvitamaganus</strong></span> <span class='ocrx_word' id='word_1_6' title='bbox 435 322 463 378; x_wconf 91' lang='lat' dir='ltr'><strong>in</strong></span> <span class='ocrx_word' id='word_1_7' title='bbox 474 323 552 378; x_wconf 91' lang='lat' dir='ltr'><strong>omni</strong></span> <span class='ocrx_word' id='word_1_8' title='bbox 564 291 703 393; x_wconf 89' lang='lat' dir='ltr'><strong>pietateet</strong></span> <span class='ocrx_word' id='word_1_9' title='bbox 713 324 853 380; x_wconf 88' lang='lat' dir='ltr'><strong>castitate.</strong></span> <span class='ocrx_word' id='word_1_10' title='bbox 869 324 894 377; x_wconf 80' lang='lat' dir='ltr'>A</span> <span class='ocrx_word' id='word_1_11' title='bbox 909 322 1075 393; x_wconf 81' lang='lat' dir='ltr'><strong>quempiam</strong></span> <span class='ocrx_word' id='word_1_12' title='bbox 1092 331 1177 388; x_wconf 86' lang='lat' dir='ltr'><strong>vetat,</strong></span> <span class='ocrx_word' id='word_1_13' title='bbox 1204 323 1276 394; x_wconf 93' lang='lat' dir='ltr'><strong>quia</strong></span> <span class='ocrx_word' id='word_1_14' title='bbox 1303 323 1409 381; x_wconf 88' lang='lat' dir='ltr'><strong>scilicet</strong></span> <span class='ocrx_word' id='word_1_15' title='bbox 1441 333 1602 395; x_wconf 89' lang='lat' dir='ltr'><strong>peccatum,</strong></span> <span class='ocrx_word' id='word_1_16' title='bbox 1628 325 1706 395; x_wconf 92' lang='lat' dir='ltr'><strong>quod</strong></span> <span class='ocrx_word' id='word_1_17' title='bbox 1727 326 1758 385; x_wconf 93' lang='lat' dir='ltr'><strong>in</strong></span> 
     </span>
    </p>
   </div>
   <div class='ocr_carea' id='block_1_2' title="bbox 78 411 1782 5368">
    <p class='ocr_par' dir='ltr' id='par_1_2' title="bbox 78 411 1770 1369">
     <span class='ocr_line' id='line_1_3' title="bbox 79 411 1758 484; baseline 0.001 -14"><span class='ocrx_word' id='word_1_18' title='bbox 79 413 156 470; x_wconf 91' lang='lat' dir='ltr'><strong>enim</strong></span> <span class='ocrx_word' id='word_1_19' title='bbox 172 413 279 469; x_wconf 87' lang='lat' dir='ltr'><strong>bonunr</strong></span> <span class='ocrx_word' id='word_1_20' title='bbox 295 419 346 479; x_wconf 87' lang='lat' dir='ltr'><strong>est,</strong></span> <span class='ocrx_word' id='word_1_21' title='bbox 361 417 389 468; x_wconf 92' lang='lat' dir='ltr'><strong>et</strong></span> <span class='ocrx_word' id='word_1_22' title='bbox 415 419 566 482; x_wconf 87' lang='lat' dir='ltr'><strong>acceptum</strong></span> <span class='ocrx_word' id='word_1_23' title='bbox 593 425 690 468; x_wconf 91' lang='lat' dir='ltr'><strong>coram</strong></span> <span class='ocrx_word' id='word_1_24' title='bbox 705 412 854 469; x_wconf 85' lang='lat' dir='ltr'><strong>Salvatore</strong></span> <span class='ocrx_word' id='word_1_25' title='bbox 909 411 964 467; x_wconf 90' lang='lat' dir='ltr'><strong>bac</strong></span> <span class='ocrx_word' id='word_1_26' title='bbox 991 412 1047 467; x_wconf 89' lang='lat' dir='ltr'><strong>vita</strong></span> <span class='ocrx_word' id='word_1_27' title='bbox 1075 427 1134 467; x_wconf 94' lang='lat' dir='ltr'><strong>non</strong></span> <span class='ocrx_word' id='word_1_28' title='bbox 1169 413 1338 484; x_wconf 79' lang='lat' dir='ltr'><strong>corrigitur,</strong></span> <span class='ocrx_word' id='word_1_29' title='bbox 1361 413 1426 483; x_wconf 84' lang='lat' dir='ltr'><strong>ejus</strong></span> <span class='ocrx_word' id='word_1_30' title='bbox 1448 413 1535 468; x_wconf 87' lang='lat' dir='ltr'><strong>venia</strong></span> <span class='ocrx_word' id='word_1_31' title='bbox 1558 412 1667 469; x_wconf 83' lang='lat' dir='ltr'><strong>trustra</strong></span> <span class='ocrx_word' id='word_1_32' title='bbox 1695 421 1758 484; x_wconf 89' lang='lat' dir='ltr'><strong>post</strong></span> 
     </span>
     <span class='ocr_line' id='line_1_4' title="bbox 79 499 1756 570; baseline 0.001 -13"><span class='ocrx_word' id='word_1_33' title='bbox 79 515 107 557; x_wconf 93' lang='lat' dir='ltr'><strong>ro</strong></span> <span class='ocrx_word' id='word_1_34' title='bbox 135 502 203 565; x_wconf 85' lang='lat' dir='ltr'><strong>Deo,</strong></span> <span class='ocrx_word' id='word_1_35' title='bbox 230 499 281 570; x_wconf 92' lang='lat' dir='ltr'><strong>qui</strong></span> <span class='ocrx_word' id='word_1_36' title='bbox 307 514 407 555; x_wconf 88' lang='lat' dir='ltr'><strong>omnes</strong></span> <span class='ocrx_word' id='word_1_37' title='bbox 442 501 505 557; x_wconf 93' lang='lat' dir='ltr'><strong>vult</strong></span> <span class='ocrx_word' id='word_1_38' title='bbox 536 500 632 557; x_wconf 90' lang='lat' dir='ltr'><strong>salvos</strong></span> <span class='ocrx_word' id='word_1_39' title='bbox 672 502 735 557; x_wconf 85' lang='lat' dir='ltr'><strong>deri</strong></span> <span class='ocrx_word' id='word_1_40' title='bbox 764 509 791 557; x_wconf 85' lang='lat' dir='ltr'><strong>et</strong></span> <span class='ocrx_word' id='word_1_41' title='bbox 818 501 855 556; x_wconf 90' lang='lat' dir='ltr'><strong>ad</strong></span> <span class='ocrx_word' id='word_1_42' title='bbox 910 508 1030 556; x_wconf 89' lang='lat' dir='ltr'><strong>mortem</strong></span> <span class='ocrx_word' id='word_1_43' title='bbox 1057 501 1229 570; x_wconf 89' lang='lat' dir='ltr'><strong>postulatur.</strong></span> <span class='ocrx_word' id='word_1_44' title='bbox 1267 503 1382 570; x_wconf 78' lang='lat' dir='ltr'><strong>Scimus,</strong></span> <span class='ocrx_word' id='word_1_45' title='bbox 1407 505 1475 570; x_wconf 83' lang='lat' dir='ltr'><strong>quic</strong></span> <span class='ocrx_word' id='word_1_46' title='bbox 1496 504 1583 556; x_wconf 87' lang='lat' dir='ltr'><strong>omnis</strong></span> <span class='ocrx_word' id='word_1_47' title='bbox 1610 504 1756 569; x_wconf 76' lang='lat' dir='ltr'><strong>qirtnatus</strong></span> 
     </span>
     <span class='ocr_line' id='line_1_5' title="bbox 81 588 1756 661; baseline 0.002 -16"><span class='ocrx_word' id='word_1_48' title='bbox 81 588 619 645; x_wconf 66' lang='lat' dir='ltr'><strong>tionemveritatisrenuerim-costus</strong></span> <span class='ocrx_word' id='word_1_49' title='bbox 634 592 854 660; x_wconf 82' lang='lat' dir='ltr'><strong>Depoenitentic,</strong></span> <span class='ocrx_word' id='word_1_50' title='bbox 910 593 950 644; x_wconf 88' lang='lat' dir='ltr'><strong>cst</strong></span> <span class='ocrx_word' id='word_1_51' title='bbox 975 605 1009 644; x_wconf 80' lang='lat' dir='ltr'><strong>ea</strong></span> <span class='ocrx_word' id='word_1_52' title='bbox 1030 592 1081 644; x_wconf 82' lang='lat' dir='ltr'><strong>lieo</strong></span> <span class='ocrx_word' id='word_1_53' title='bbox 1104 607 1159 646; x_wconf 90' lang='lat' dir='ltr'><strong>non</strong></span> <span class='ocrx_word' id='word_1_54' title='bbox 1188 596 1292 660; x_wconf 86' lang='lat' dir='ltr'><strong>peccat.</strong></span> <span class='ocrx_word' id='word_1_55' title='bbox 1320 590 1392 646; x_wconf 86' lang='lat' dir='ltr'><strong>Sunt</strong></span> <span class='ocrx_word' id='word_1_56' title='bbox 1424 597 1539 661; x_wconf 89' lang='lat' dir='ltr'><strong>peccata</strong></span> <span class='ocrx_word' id='word_1_57' title='bbox 1564 591 1601 646; x_wconf 93' lang='lat' dir='ltr'><strong>ad</strong></span> <span class='ocrx_word' id='word_1_58' title='bbox 1624 599 1756 660; x_wconf 88' lang='lat' dir='ltr'><strong>mortem,</strong></span> 
     </span>
     <span class='ocr_line' id='line_1_6' title="bbox 79 675 1759 749; baseline 0.002 -17"><span class='ocrx_word' id='word_1_59' title='bbox 79 675 645 748; x_wconf 80' lang='lat' dir='ltr'><strong>l:Seddicent:scriptumestlllleq.</strong></span> <span class='ocrx_word' id='word_1_60' title='bbox 673 694 703 747; x_wconf 91' lang='grc' dir='ltr'><strong>ιι,</strong></span> <span class='ocrx_word' id='word_1_61' title='bbox 734 677 798 749; x_wconf 68' lang='lat' dir='ltr'><strong>til:</strong></span> <span class='ocrx_word' id='word_1_62' title='bbox 826 681 856 735; x_wconf 83' lang='lat' dir='ltr'><strong>Si</strong></span> <span class='ocrx_word' id='word_1_63' title='bbox 910 677 945 733; x_wconf 90' lang='lat' dir='ltr'><strong>de</strong></span> <span class='ocrx_word' id='word_1_64' title='bbox 969 677 1106 748; x_wconf 81' lang='lat' dir='ltr'><strong>qualibus</strong></span> <span class='ocrx_word' id='word_1_65' title='bbox 1138 678 1207 734; x_wconf 90' lang='lat' dir='ltr'><strong>dicit</strong></span> <span class='ocrx_word' id='word_1_66' title='bbox 1241 679 1417 749; x_wconf 73' lang='lat' dir='ltr'><strong>Apostolus:</strong></span> <span class='ocrx_word' id='word_1_67' title='bbox 1452 681 1586 748; x_wconf 75' lang='lat' dir='ltr'><strong>Quoniam</strong></span> <span class='ocrx_word' id='word_1_68' title='bbox 1614 684 1663 746; x_wconf 83' lang='lat' dir='ltr'><strong>qui</strong></span> <span class='ocrx_word' id='word_1_69' title='bbox 1689 681 1759 735; x_wconf 84' lang='lat' dir='ltr'><strong>tolia</strong></span> 
     </span>
     <span class='ocr_line' id='line_1_7' title="bbox 79 764 1760 837; baseline 0.003 -17"><span class='ocrx_word' id='word_1_70' title='bbox 79 768 159 820; x_wconf 70' lang='lat' dir='ltr'><strong>socru</strong></span> <span class='ocrx_word' id='word_1_71' title='bbox 185 764 262 820; x_wconf 87' lang='lat' dir='ltr'><strong>bomo</strong></span> <span class='ocrx_word' id='word_1_72' title='bbox 274 768 304 819; x_wconf 83' lang='lat' dir='ltr'><strong>in</strong></span> <span class='ocrx_word' id='word_1_73' title='bbox 318 766 461 832; x_wconf 87' lang='lat' dir='ltr'><strong>bominem,</strong></span> <span class='ocrx_word' id='word_1_74' title='bbox 485 767 576 821; x_wconf 85' lang='lat' dir='ltr'><strong>crodit</strong></span> <span class='ocrx_word' id='word_1_75' title='bbox 596 782 647 836; x_wconf 87' lang='lat' dir='ltr'><strong>pro</strong></span> <span class='ocrx_word' id='word_1_76' title='bbox 661 770 752 834; x_wconf 88' lang='lat' dir='ltr'><strong>eo;si</strong></span> <span class='ocrx_word' id='word_1_77' title='bbox 765 771 855 823; x_wconf 86' lang='lat' dir='ltr'><strong>autern</strong></span> <span class='ocrx_word' id='word_1_78' title='bbox 910 771 1007 834; x_wconf 78' lang='lat' dir='ltr'><strong>cpont,</strong></span> <span class='ocrx_word' id='word_1_79' title='bbox 1044 783 1158 835; x_wconf 77' lang='lat' dir='ltr'><strong>regnum</strong></span> <span class='ocrx_word' id='word_1_80' title='bbox 1184 769 1232 822; x_wconf 81' lang='lat' dir='ltr'><strong>Dei</strong></span> <span class='ocrx_word' id='word_1_81' title='bbox 1262 784 1316 822; x_wconf 91' lang='lat' dir='ltr'><strong>non</strong></span> <span class='ocrx_word' id='word_1_82' title='bbox 1343 773 1551 837; x_wconf 80' lang='lat' dir='ltr'><strong>consequentur.</strong></span> <span class='ocrx_word' id='word_1_83' title='bbox 1589 766 1643 833; x_wconf 89' lang='lat' dir='ltr'><strong>Qui</strong></span> <span class='ocrx_word' id='word_1_84' title='bbox 1672 775 1760 826; x_wconf 86' lang='lat' dir='ltr'><strong>natus</strong></span> 
     </span>
     <span class='ocr_line' id='line_1_8' title="bbox 79 854 1758 925; baseline 0.002 -16"><span class='ocrx_word' id='word_1_85' title='bbox 79 856 154 909; x_wconf 71' lang='lat' dir='ltr'><strong>lenm</strong></span> <span class='ocrx_word' id='word_1_86' title='bbox 171 857 331 923; x_wconf 74' lang='lat' dir='ltr'><strong>peccauerit,</strong></span> <span class='ocrx_word' id='word_1_87' title='bbox 355 857 416 923; x_wconf 82' lang='lat' dir='ltr'><strong>quis</strong></span> <span class='ocrx_word' id='word_1_88' title='bbox 429 854 519 908; x_wconf 81' lang='lat' dir='ltr'><strong>orabit</strong></span> <span class='ocrx_word' id='word_1_89' title='bbox 545 870 597 924; x_wconf 88' lang='lat' dir='ltr'><strong>pro</strong></span> <span class='ocrx_word' id='word_1_90' title='bbox 619 854 677 910; x_wconf 82' lang='lat' dir='ltr'><strong>eo?</strong></span> <span class='ocrx_word' id='word_1_91' title='bbox 705 855 769 912; x_wconf 91' lang='lat' dir='ltr'><strong>Non</strong></span> <span class='ocrx_word' id='word_1_92' title='bbox 785 857 855 912; x_wconf 92' lang='lat' dir='ltr'><strong>scri·</strong></span> <span class='ocrx_word' id='word_1_93' title='bbox 909 863 997 912; x_wconf 87' lang='lat' dir='ltr'><strong>estex</strong></span> <span class='ocrx_word' id='word_1_94' title='bbox 1011 857 1067 912; x_wconf 83' lang='lat' dir='ltr'><strong>ileo</strong></span> <span class='ocrx_word' id='word_1_95' title='bbox 1082 870 1141 912; x_wconf 92' lang='lat' dir='ltr'><strong>non</strong></span> <span class='ocrx_word' id='word_1_96' title='bbox 1158 862 1255 925; x_wconf 89' lang='lat' dir='ltr'><strong>peccat</strong></span> <span class='ocrx_word' id='word_1_97' title='bbox 1273 863 1433 925; x_wconf 85' lang='lat' dir='ltr'><strong>peccatum,</strong></span> <span class='ocrx_word' id='word_1_98' title='bbox 1459 855 1591 913; x_wconf 91' lang='lat' dir='ltr'><strong>videlieet</strong></span> <span class='ocrx_word' id='word_1_99' title='bbox 1619 855 1655 911; x_wconf 88' lang='lat' dir='ltr'><strong>ad</strong></span> <span class='ocrx_word' id='word_1_100' title='bbox 1681 870 1758 913; x_wconf 93' lang='lat' dir='ltr'><strong>mor·</strong></span> 
     </span>
     <span class='ocr_line' id='line_1_9' title="bbox 79 941 1758 1017; baseline 0.002 -19"><span class='ocrx_word' id='word_1_101' title='bbox 79 956 93 997; x_wconf 89' lang='lat' dir='ltr'><strong>n</strong></span> <span class='ocrx_word' id='word_1_102' title='bbox 111 950 162 1010; x_wconf 89' lang='lat' dir='ltr'><strong>est,</strong></span> <span class='ocrx_word' id='word_1_103' title='bbox 179 942 288 1008; x_wconf 92' lang='lat' dir='ltr'><strong>nullus,</strong></span> <span class='ocrx_word' id='word_1_104' title='bbox 301 941 351 998; x_wconf 91' lang='lat' dir='ltr'><strong>sed</strong></span> <span class='ocrx_word' id='word_1_105' title='bbox 379 941 455 1017; x_wconf 89' lang='lat' dir='ltr'><strong>quis.</strong></span> <span class='ocrx_word' id='word_1_106' title='bbox 473 943 508 997; x_wconf 78' lang='lat' dir='ltr'><strong>Et</strong></span> <span class='ocrx_word' id='word_1_107' title='bbox 531 942 598 998; x_wconf 93' lang='lat' dir='ltr'><strong>alibi</strong></span> <span class='ocrx_word' id='word_1_108' title='bbox 615 944 686 1013; x_wconf 86' lang='lat' dir='ltr'><strong>(ose.</strong></span> <span class='ocrx_word' id='word_1_109' title='bbox 704 957 763 1011; x_wconf 83' lang='grc' dir='ltr'><strong>ιιι,</strong></span> <span class='ocrx_word' id='word_1_110' title='bbox 787 944 854 1014; x_wconf 79' lang='lat' dir='ltr'><strong>llll:</strong></span> <span class='ocrx_word' id='word_1_111' title='bbox 911 950 966 1000; x_wconf 89' lang='lat' dir='ltr'><strong>tem</strong></span> <span class='ocrx_word' id='word_1_112' title='bbox 983 960 990 1010; x_wconf 89' lang='lat'>;</span> <span class='ocrx_word' id='word_1_113' title='bbox 1007 945 1085 1014; x_wconf 92' lang='lat' dir='ltr'><strong>quod</strong></span> <span class='ocrx_word' id='word_1_114' title='bbox 1097 945 1131 1000; x_wconf 91' lang='lat' dir='ltr'><strong>de</strong></span> <span class='ocrx_word' id='word_1_115' title='bbox 1146 944 1223 1000; x_wconf 92' lang='lat' dir='ltr'><strong>omui</strong></span> <span class='ocrx_word' id='word_1_116' title='bbox 1238 945 1359 1001; x_wconf 90' lang='lat' dir='ltr'><strong>crimine</strong></span> <span class='ocrx_word' id='word_1_117' title='bbox 1383 945 1508 1015; x_wconf 88' lang='lat' dir='ltr'><strong>capitali,</strong></span> <span class='ocrx_word' id='word_1_118' title='bbox 1531 952 1559 1000; x_wconf 92' lang='lat' dir='ltr'><strong>et</strong></span> <span class='ocrx_word' id='word_1_119' title='bbox 1572 944 1607 1001; x_wconf 95' lang='lat' dir='ltr'><strong>de</strong></span> <span class='ocrx_word' id='word_1_120' title='bbox 1627 944 1758 1015; x_wconf 80' lang='lat' dir='ltr'><strong>itluspe-</strong></span> 
     </span>
     <span class='ocr_line' id='line_1_10' title="bbox 91 1030 1759 1104; baseline 0.004 -19"><span class='ocrx_word' id='word_1_121' title='bbox 91 1033 252 1100; x_wconf 66' lang='lat' dir='ltr'><strong>sepianum</strong></span> <span class='ocrx_word' id='word_1_122' title='bbox 273 1031 407 1098; x_wconf 80' lang='lat' dir='ltr'><strong>intelliget</strong></span> <span class='ocrx_word' id='word_1_123' title='bbox 438 1030 663 1101; x_wconf 78' lang='lat' dir='ltr'><strong>toctdnnquid</strong></span> <span class='ocrx_word' id='word_1_124' title='bbox 686 1031 786 1088; x_wconf 92' lang='lat' dir='ltr'><strong>nullus</strong></span> <span class='ocrx_word' id='word_1_125' title='bbox 809 1032 856 1087; x_wconf 91' lang='lat' dir='ltr'><strong>in·</strong></span> <span class='ocrx_word' id='word_1_126' title='bbox 910 1031 1020 1089; x_wconf 89' lang='lat' dir='ltr'><strong>cialiter</strong></span> <span class='ocrx_word' id='word_1_127' title='bbox 1034 1039 1123 1102; x_wconf 87' lang='lat' dir='ltr'><strong>potest</strong></span> <span class='ocrx_word' id='word_1_128' title='bbox 1138 1032 1342 1104; x_wconf 90' lang='lat' dir='ltr'><strong>intelligi,quo</strong></span> <span class='ocrx_word' id='word_1_129' title='bbox 1365 1033 1490 1090; x_wconf 89' lang='lat' dir='ltr'><strong>violatur</strong></span> <span class='ocrx_word' id='word_1_130' title='bbox 1514 1033 1652 1100; x_wconf 77' lang='lat' dir='ltr'><strong>charitas,</strong></span> <span class='ocrx_word' id='word_1_131' title='bbox 1683 1034 1759 1091; x_wconf 88' lang='lat' dir='ltr'><strong>sient</strong></span> 
     </span>
     <span class='ocr_line' id='line_1_11' title="bbox 79 1117 1770 1192; baseline 0.003 -18"><span class='ocrx_word' id='word_1_132' title='bbox 79 1117 148 1189; x_wconf 76' lang='lat' dir='ltr'><strong>get?</strong></span> <span class='ocrx_word' id='word_1_133' title='bbox 181 1119 218 1174; x_wconf 87' lang='lat' dir='ltr'><strong>Et</strong></span> <span class='ocrx_word' id='word_1_134' title='bbox 251 1118 318 1189; x_wconf 86' lang='lat' dir='ltr'><strong>quis</strong></span> <span class='ocrx_word' id='word_1_135' title='bbox 343 1117 433 1173; x_wconf 82' lang='lat' dir='ltr'><strong>fidelis</strong></span> <span class='ocrx_word' id='word_1_136' title='bbox 464 1118 646 1188; x_wconf 91' lang='lat' dir='ltr'><strong>dispensator</strong></span> <span class='ocrx_word' id='word_1_137' title='bbox 672 1126 700 1175; x_wconf 90' lang='lat' dir='ltr'><strong>et</strong></span> <span class='ocrx_word' id='word_1_138' title='bbox 729 1119 857 1189; x_wconf 91' lang='lat' dir='ltr'><strong>prudens</strong></span> <span class='ocrx_word' id='word_1_139' title='bbox 909 1121 1396 1191; x_wconf 78' lang='lat' dir='ltr'><strong>exposuimus3sedetpeccntum</strong></span> <span class='ocrx_word' id='word_1_140' title='bbox 1415 1123 1587 1179; x_wconf 88' lang='lat' dir='ltr'><strong>admortcm</strong></span> <span class='ocrx_word' id='word_1_141' title='bbox 1613 1122 1770 1192; x_wconf 77' lang='lat' dir='ltr'><strong>usquead¹</strong></span> 
     </span>
     <span class='ocr_line' id='line_1_12' title="bbox 78 1205 1755 1281; baseline 0.003 -19"><span class='ocrx_word' id='word_1_142' title='bbox 78 1220 96 1262; x_wconf 93' lang='lat' dir='ltr'><strong>n</strong></span> <span class='ocrx_word' id='word_1_143' title='bbox 132 1207 282 1265; x_wconf 89' lang='lat' dir='ltr'><strong>constituit</strong></span> <span class='ocrx_word' id='word_1_144' title='bbox 313 1206 524 1275; x_wconf 84' lang='lat' dir='ltr'><strong>Diminus,etc.</strong></span> <span class='ocrx_word' id='word_1_145' title='bbox 556 1205 692 1263; x_wconf 85' lang='lat' dir='ltr'><strong>Similiter</strong></span> <span class='ocrx_word' id='word_1_146' title='bbox 716 1206 857 1278; x_wconf 82' lang='lat' dir='ltr'><strong>accipian·</strong></span> <span class='ocrx_word' id='word_1_147' title='bbox 911 1216 1040 1280; x_wconf 88' lang='lat' dir='ltr'><strong>tempora</strong></span> <span class='ocrx_word' id='word_1_148' title='bbox 1053 1210 1152 1266; x_wconf 89' lang='lat' dir='ltr'><strong>mortis</strong></span> <span class='ocrx_word' id='word_1_149' title='bbox 1165 1218 1343 1280; x_wconf 91' lang='lat' dir='ltr'><strong>protractum</strong></span> <span class='ocrx_word' id='word_1_150' title='bbox 1364 1211 1417 1281; x_wconf 79' lang='lat'>(35)</span> <span class='ocrx_word' id='word_1_151' title='bbox 1446 1210 1576 1267; x_wconf 88' lang='lat' dir='ltr'><strong>diximus</strong></span> <span class='ocrx_word' id='word_1_152' title='bbox 1600 1224 1683 1280; x_wconf 90' lang='lat' dir='ltr'><strong>posse</strong></span> <span class='ocrx_word' id='word_1_153' title='bbox 1711 1210 1755 1267; x_wconf 93' lang='lat' dir='ltr'><strong>in-</strong></span> 
     </span>
     <span class='ocr_line' id='line_1_13' title="bbox 79 1293 1431 1369; baseline 0.004 -21"><span class='ocrx_word' id='word_1_154' title='bbox 79 1341 81 1348; x_wconf 71' lang='grc'><strong>,</strong></span> <span class='ocrx_word' id='word_1_155' title='bbox 108 1294 195 1365; x_wconf 91' lang='lat' dir='ltr'><strong>:quis</strong></span> <span class='ocrx_word' id='word_1_156' title='bbox 209 1293 303 1351; x_wconf 91' lang='lat' dir='ltr'><strong>orabit</strong></span> <span class='ocrx_word' id='word_1_157' title='bbox 317 1307 367 1364; x_wconf 95' lang='lat' dir='ltr'><strong>pro</strong></span> <span class='ocrx_word' id='word_1_158' title='bbox 386 1295 444 1351; x_wconf 82' lang='lat' dir='ltr'><strong>eo?</strong></span> <span class='ocrx_word' id='word_1_159' title='bbox 468 1294 522 1351; x_wconf 88' lang='lat' dir='ltr'><strong>hoc</strong></span> <span class='ocrx_word' id='word_1_160' title='bbox 536 1302 588 1362; x_wconf 91' lang='lat' dir='ltr'><strong>est,</strong></span> <span class='ocrx_word' id='word_1_161' title='bbox 613 1295 773 1366; x_wconf 81' lang='lat' dir='ltr'><strong>singularis</strong></span> <span class='ocrx_word' id='word_1_162' title='bbox 789 1296 855 1352; x_wconf 83' lang='lat' dir='ltr'><strong>vitae</strong></span> <span class='ocrx_word' id='word_1_163' title='bbox 911 1297 1002 1369; x_wconf 88' lang='lat' dir='ltr'><strong>telligi</strong></span> <span class='ocrx_word' id='word_1_164' title='bbox 1017 1298 1099 1368; x_wconf 79' lang='lat' dir='ltr'><strong>(Opp.</strong></span> <span class='ocrx_word' id='word_1_165' title='bbox 1117 1298 1162 1354; x_wconf 88' lang='lat' dir='ltr'><strong>ed.</strong></span> <span class='ocrx_word' id='word_1_166' title='bbox 1181 1298 1257 1355; x_wconf 83' lang='lat' dir='ltr'><strong>Giles</strong></span> <span class='ocrx_word' id='word_1_167' title='bbox 1273 1298 1337 1364; x_wconf 85' lang='lat' dir='ltr'><strong>llll,</strong></span> <span class='ocrx_word' id='word_1_168' title='bbox 1355 1299 1431 1369; x_wconf 79' lang='lat'><strong>3¹7).</strong></span> 
     </span>
    </p>

    <p class='ocr_par' dir='ltr' id='par_1_3' title="bbox 79 1382 1382 1460">
     <span class='ocr_line' id='line_1_14' title="bbox 79 1382 1382 1460; baseline 0.002 -21"><span class='ocrx_word' id='word_1_169' title='bbox 79 1383 118 1440; x_wconf 86' lang='lat' dir='ltr'><strong>ris</strong></span> <span class='ocrx_word' id='word_1_170' title='bbox 130 1382 215 1460; x_wconf 9' lang='lat' dir='ltr'><strong>*debet</strong></span> <span class='ocrx_word' id='word_1_171' title='bbox 230 1397 314 1440; x_wconf 87' lang='lat' dir='ltr'><strong>orare</strong></span> <span class='ocrx_word' id='word_1_172' title='bbox 328 1396 380 1454; x_wconf 94' lang='lat' dir='ltr'><strong>pro</strong></span> <span class='ocrx_word' id='word_1_173' title='bbox 392 1397 426 1439; x_wconf 92' lang='lat' dir='ltr'><strong>eo</strong></span> <span class='ocrx_word' id='word_1_174' title='bbox 438 1383 490 1454; x_wconf 94' lang='lat' dir='ltr'><strong>qui</strong></span> <span class='ocrx_word' id='word_1_175' title='bbox 506 1384 633 1454; x_wconf 88' lang='lat' dir='ltr'><strong>peccavit</strong></span> <span class='ocrx_word' id='word_1_176' title='bbox 645 1385 675 1439; x_wconf 94' lang='lat' dir='ltr'><strong>in</strong></span> <span class='ocrx_word' id='word_1_177' title='bbox 690 1383 855 1440; x_wconf 86' lang='lat' dir='ltr'><strong>bominum.</strong></span> <span class='ocrx_word' id='word_1_178' title='bbox 1291 1387 1382 1445; x_wconf 83' lang='lat' dir='ltr'><strong>cuv.</strong></span> 
     </span>
    </p>

    <p class='ocr_par' dir='ltr' id='par_1_4' title="bbox 87 1471 1603 1547">
     <span class='ocr_line' id='line_1_15' title="bbox 87 1471 1603 1547; baseline 0.003 -21"><span class='ocrx_word' id='word_1_179' title='bbox 87 1473 179 1542; x_wconf 85' lang='lat' dir='ltr'><strong>major</strong></span> <span class='ocrx_word' id='word_1_180' title='bbox 193 1471 289 1541; x_wconf 86' lang='lat' dir='ltr'><strong>culpa,</strong></span> <span class='ocrx_word' id='word_1_181' title='bbox 306 1487 338 1528; x_wconf 94' lang='lat' dir='ltr'><strong>eo</strong></span> <span class='ocrx_word' id='word_1_182' title='bbox 360 1473 471 1543; x_wconf 82' lang='lat' dir='ltr'><strong>majora</strong></span> <span class='ocrx_word' id='word_1_183' title='bbox 486 1473 642 1542; x_wconf 80' lang='lat' dir='ltr'><strong>querenda</strong></span> <span class='ocrx_word' id='word_1_184' title='bbox 668 1479 736 1530; x_wconf 91' lang='lat' dir='ltr'><strong>sunt</strong></span> <span class='ocrx_word' id='word_1_185' title='bbox 751 1471 856 1529; x_wconf 88' lang='lat' dir='ltr'><strong>sullra-</strong></span> <span class='ocrx_word' id='word_1_186' title='bbox 1074 1475 1150 1541; x_wconf 85' lang='lat' dir='ltr'><strong>Quod</strong></span> <span class='ocrx_word' id='word_1_187' title='bbox 1161 1474 1240 1531; x_wconf 85' lang='lat' dir='ltr'><strong>liceat</strong></span> <span class='ocrx_word' id='word_1_188' title='bbox 1248 1478 1369 1545; x_wconf 82' lang='lat' dir='ltr'><strong>mentiri,</strong></span> <span class='ocrx_word' id='word_1_189' title='bbox 1385 1480 1521 1531; x_wconf 75' lang='lat' dir='ltr'><strong>utcontra</strong></span> <span class='ocrx_word' id='word_1_190' title='bbox 1536 1476 1603 1547; x_wconf 81' lang='lat'><strong>(36).</strong></span> 
     </span>
    </p>

    <p class='ocr_par' dir='ltr' id='par_1_5' title="bbox 78 1560 1782 5368">
     <span class='ocr_line' id='line_1_16' title="bbox 91 1560 1759 1655; baseline 0.005 -41"><span class='ocrx_word' id='word_1_191' title='bbox 91 1561 185 1615; x_wconf 80' lang='lat' dir='ltr'><strong>ilem:</strong></span> <span class='ocrx_word' id='word_1_192' title='bbox 215 1562 264 1615; x_wconf 78' lang='lat' dir='ltr'><strong>liet</strong></span> <span class='ocrx_word' id='word_1_193' title='bbox 294 1566 435 1629; x_wconf 83' lang='lat' dir='ltr'><strong>peccatum</strong></span> <span class='ocrx_word' id='word_1_194' title='bbox 453 1560 491 1616; x_wconf 89' lang='lat' dir='ltr'><strong>od</strong></span> <span class='ocrx_word' id='word_1_195' title='bbox 515 1567 638 1628; x_wconf 87' lang='lat' dir='ltr'><strong>mortem,</strong></span> <span class='ocrx_word' id='word_1_196' title='bbox 669 1577 724 1617; x_wconf 91' lang='lat' dir='ltr'><strong>non</strong></span> <span class='ocrx_word' id='word_1_197' title='bbox 753 1561 786 1616; x_wconf 90' lang='lat' dir='ltr'><strong>de</strong></span> <span class='ocrx_word' id='word_1_198' title='bbox 809 1561 893 1655; x_wconf 82' lang='lat' dir='ltr'><strong>illoB</strong></span> <span class='ocrx_word' id='word_1_199' title='bbox 945 1564 1118 1632; x_wconf 79' lang='lat' dir='ltr'><strong>Arrpustinus</strong></span> <span class='ocrx_word' id='word_1_200' title='bbox 1147 1565 1187 1619; x_wconf 85' lang='lat' dir='ltr'><strong>De</strong></span> <span class='ocrx_word' id='word_1_201' title='bbox 1207 1565 1346 1620; x_wconf 82' lang='lat' dir='ltr'><strong>mendacio</strong></span> <span class='ocrx_word' id='word_1_202' title='bbox 1366 1579 1373 1618; x_wconf 91' lang='lat'><strong>:</strong></span> <span class='ocrx_word' id='word_1_203' title='bbox 1391 1564 1508 1622; x_wconf 84' lang='lat' dir='ltr'><strong>Sextum</strong></span> <span class='ocrx_word' id='word_1_204' title='bbox 1525 1579 1618 1637; x_wconf 88' lang='lat' dir='ltr'><strong>genus</strong></span> <span class='ocrx_word' id='word_1_205' title='bbox 1642 1564 1759 1623; x_wconf 84' lang='lat' dir='ltr'><strong>menda·</strong></span> 
     </span>
     <span class='ocr_line' id='line_1_17' title="bbox 79 1648 1759 1726; baseline 0.006 -23"><span class='ocrx_word' id='word_1_206' title='bbox 79 1650 112 1704; x_wconf 84' lang='lat' dir='ltr'><strong>n‘s</strong></span> <span class='ocrx_word' id='word_1_207' title='bbox 126 1652 193 1704; x_wconf 86' lang='lat' dir='ltr'><strong>oret.</strong></span> <span class='ocrx_word' id='word_1_208' title='bbox 210 1648 273 1705; x_wconf 90' lang='lat' dir='ltr'><strong>Non</strong></span> <span class='ocrx_word' id='word_1_209' title='bbox 301 1650 337 1706; x_wconf 91' lang='lat' dir='ltr'><strong>ad</strong></span> <span class='ocrx_word' id='word_1_210' title='bbox 354 1651 470 1721; x_wconf 84' lang='lat' dir='ltr'><strong>Moysen</strong></span> <span class='ocrx_word' id='word_1_211' title='bbox 496 1657 524 1706; x_wconf 91' lang='grc' dir='ltr'><strong>ει</strong></span> <span class='ocrx_word' id='word_1_212' title='bbox 535 1651 689 1707; x_wconf 85' lang='lat' dir='ltr'><strong>teremiam</strong></span> <span class='ocrx_word' id='word_1_213' title='bbox 714 1650 855 1722; x_wconf 88' lang='lat' dir='ltr'><strong>loqueba·</strong></span> <span class='ocrx_word' id='word_1_214' title='bbox 910 1651 959 1720; x_wconf 93' lang='lat' dir='ltr'><strong>cii,</strong></span> <span class='ocrx_word' id='word_1_215' title='bbox 976 1653 1053 1723; x_wconf 92' lang='lat' dir='ltr'><strong>qnod</strong></span> <span class='ocrx_word' id='word_1_216' title='bbox 1065 1652 1138 1709; x_wconf 91' lang='lat' dir='ltr'><strong>nulli</strong></span> <span class='ocrx_word' id='word_1_217' title='bbox 1149 1653 1229 1709; x_wconf 92' lang='lat' dir='ltr'><strong>obest</strong></span> <span class='ocrx_word' id='word_1_218' title='bbox 1243 1661 1270 1710; x_wconf 93' lang='grc' dir='ltr'><strong>ει</strong></span> <span class='ocrx_word' id='word_1_219' title='bbox 1286 1653 1373 1711; x_wconf 89' lang='lat' dir='ltr'><strong>alicui</strong></span> <span class='ocrx_word' id='word_1_220' title='bbox 1401 1654 1522 1724; x_wconf 91' lang='lat' dir='ltr'><strong>prodest,</strong></span> <span class='ocrx_word' id='word_1_221' title='bbox 1548 1654 1629 1711; x_wconf 86' lang='lat' dir='ltr'><strong>velut</strong></span> <span class='ocrx_word' id='word_1_222' title='bbox 1651 1654 1759 1726; x_wconf 88' lang='lat' dir='ltr'><strong>siquis</strong></span> 
     </span>
     <span class='ocr_line' id='line_1_18' title="bbox 85 1737 1756 1814; baseline 0.004 -20"><span class='ocrx_word' id='word_1_223' title='bbox 85 1737 134 1794; x_wconf 90' lang='lat' dir='ltr'><strong>sed</strong></span> <span class='ocrx_word' id='word_1_224' title='bbox 149 1737 185 1793; x_wconf 88' lang='lat' dir='ltr'><strong>ad</strong></span> <span class='ocrx_word' id='word_1_225' title='bbox 211 1738 350 1807; x_wconf 91' lang='lat' dir='ltr'><strong>populum</strong></span> <span class='ocrx_word' id='word_1_226' title='bbox 364 1739 416 1809; x_wconf 94' lang='lat' dir='ltr'><strong>qui</strong></span> <span class='ocrx_word' id='word_1_227' title='bbox 431 1752 551 1795; x_wconf 91' lang='lat' dir='ltr'><strong>suorum</strong></span> <span class='ocrx_word' id='word_1_228' title='bbox 566 1745 749 1809; x_wconf 86' lang='lat' dir='ltr'><strong>peccatorum</strong></span> <span class='ocrx_word' id='word_1_229' title='bbox 765 1737 856 1795; x_wconf 92' lang='lat' dir='ltr'><strong>alium</strong></span> <span class='ocrx_word' id='word_1_230' title='bbox 910 1743 998 1811; x_wconf 90' lang='lat' dir='ltr'><strong>piam,</strong></span> <span class='ocrx_word' id='word_1_231' title='bbox 1019 1742 1172 1811; x_wconf 91' lang='lat' dir='ltr'><strong>pecuniam</strong></span> <span class='ocrx_word' id='word_1_232' title='bbox 1192 1742 1318 1813; x_wconf 85' lang='lat' dir='ltr'><strong>alicujus</strong></span> <span class='ocrx_word' id='word_1_233' title='bbox 1350 1743 1458 1814; x_wconf 88' lang='lat' dir='ltr'><strong>injuste</strong></span> <span class='ocrx_word' id='word_1_234' title='bbox 1484 1743 1640 1800; x_wconf 91' lang='lat' dir='ltr'><strong>tollendam</strong></span> <span class='ocrx_word' id='word_1_235' title='bbox 1662 1743 1756 1800; x_wconf 92' lang='lat' dir='ltr'><strong>sciens</strong></span> 
     </span>
     <span class='ocr_line' id='line_1_19' title="bbox 80 1825 1756 1903; baseline 0.004 -22"><span class='ocrx_word' id='word_1_236' title='bbox 80 1833 189 1882; x_wconf 91' lang='lat' dir='ltr'><strong>atorem</strong></span> <span class='ocrx_word' id='word_1_237' title='bbox 203 1825 287 1882; x_wconf 90' lang='lat' dir='ltr'><strong>debet</strong></span> <span class='ocrx_word' id='word_1_238' title='bbox 302 1825 448 1895; x_wconf 88' lang='lat' dir='ltr'><strong>exhibere,</strong></span> <span class='ocrx_word' id='word_1_239' title='bbox 475 1828 523 1884; x_wconf 94' lang='lat' dir='ltr'><strong>cni</strong></span> <span class='ocrx_word' id='word_1_240' title='bbox 547 1827 617 1883; x_wconf 89' lang='lat' dir='ltr'><strong>satis</strong></span> <span class='ocrx_word' id='word_1_241' title='bbox 630 1835 682 1894; x_wconf 93' lang='grc' dir='ltr'><strong>εει,</strong></span> <span class='ocrx_word' id='word_1_242' title='bbox 705 1826 729 1883; x_wconf 93' lang='lat' dir='ltr'><strong>si</strong></span> <span class='ocrx_word' id='word_1_243' title='bbox 751 1841 803 1899; x_wconf 93' lang='lat' dir='ltr'><strong>pro</strong></span> <span class='ocrx_word' id='word_1_244' title='bbox 818 1827 856 1883; x_wconf 91' lang='lat' dir='ltr'><strong>le·</strong></span> <span class='ocrx_word' id='word_1_245' title='bbox 910 1828 1007 1886; x_wconf 91' lang='lat' dir='ltr'><strong>ubisit</strong></span> <span class='ocrx_word' id='word_1_246' title='bbox 1025 1831 1135 1887; x_wconf 91' lang='lat' dir='ltr'><strong>nescire</strong></span> <span class='ocrx_word' id='word_1_247' title='bbox 1158 1845 1188 1887; x_wconf 90' lang='lat' dir='ltr'><strong>se</strong></span> <span class='ocrx_word' id='word_1_248' title='bbox 1216 1832 1384 1888; x_wconf 78' lang='lat' dir='ltr'><strong>mentiatur.</strong></span> <span class='ocrx_word' id='word_1_249' title='bbox 1420 1831 1590 1902; x_wconf 82' lang='lat' dir='ltr'><strong>Septimum,</strong></span> <span class='ocrx_word' id='word_1_250' title='bbox 1623 1831 1702 1903; x_wconf 91' lang='lat' dir='ltr'><strong>qnod</strong></span> <span class='ocrx_word' id='word_1_251' title='bbox 1727 1839 1756 1889; x_wconf 91' lang='lat' dir='ltr'><strong>et</strong></span> 
     </span>
     <span class='ocr_line' id='line_1_20' title="bbox 78 1914 1755 1990; baseline 0.004 -21"><span class='ocrx_word' id='word_1_252' title='bbox 78 1915 143 1971; x_wconf 88' lang='lat' dir='ltr'><strong>ibus</strong></span> <span class='ocrx_word' id='word_1_253' title='bbox 157 1914 269 1971; x_wconf 91' lang='lat' dir='ltr'><strong>delictis</strong></span> <span class='ocrx_word' id='word_1_254' title='bbox 294 1915 343 1971; x_wconf 79' lang='lat' dir='ltr'><strong>liei</strong></span> <span class='ocrx_word' id='word_1_255' title='bbox 370 1923 515 1986; x_wconf 86' lang='lat' dir='ltr'><strong>precetur,</strong></span> <span class='ocrx_word' id='word_1_256' title='bbox 547 1917 717 1988; x_wconf 87' lang='lat' dir='ltr'><strong>graviorum</strong></span> <span class='ocrx_word' id='word_1_257' title='bbox 739 1917 856 1974; x_wconf 89' lang='lat' dir='ltr'><strong>veniam</strong></span> <span class='ocrx_word' id='word_1_258' title='bbox 910 1917 985 1975; x_wconf 91' lang='lat' dir='ltr'><strong>nulli</strong></span> <span class='ocrx_word' id='word_1_259' title='bbox 999 1919 1078 1976; x_wconf 89' lang='lat' dir='ltr'><strong>obest</strong></span> <span class='ocrx_word' id='word_1_260' title='bbox 1090 1928 1118 1975; x_wconf 86' lang='lat' dir='ltr'><strong>et</strong></span> <span class='ocrx_word' id='word_1_261' title='bbox 1138 1920 1251 1988; x_wconf 86' lang='lat' dir='ltr'><strong>prodest</strong></span> <span class='ocrx_word' id='word_1_262' title='bbox 1269 1919 1367 1987; x_wconf 87' lang='lat' dir='ltr'><strong>alicui,</strong></span> <span class='ocrx_word' id='word_1_263' title='bbox 1384 1920 1464 1977; x_wconf 87' lang='lat' dir='ltr'><strong>velut</strong></span> <span class='ocrx_word' id='word_1_264' title='bbox 1476 1921 1510 1990; x_wconf 90' lang='lat' dir='ltr'><strong>si,</strong></span> <span class='ocrx_word' id='word_1_265' title='bbox 1537 1921 1638 1978; x_wconf 92' lang='lat' dir='ltr'><strong>nolens</strong></span> <span class='ocrx_word' id='word_1_266' title='bbox 1661 1920 1755 1977; x_wconf 88' lang='lat' dir='ltr'><strong>bomi-</strong></span> 
     </span>
     <span class='ocr_line' id='line_1_21' title="bbox 79 2003 1753 2080; baseline 0.005 -22"><span class='ocrx_word' id='word_1_267' title='bbox 79 2016 154 2059; x_wconf 87' lang='lat' dir='ltr'><strong>&gt;rum</strong></span> <span class='ocrx_word' id='word_1_268' title='bbox 182 2003 361 2061; x_wconf 85' lang='lat' dir='ltr'><strong>orationibus</strong></span> <span class='ocrx_word' id='word_1_269' title='bbox 397 2007 603 2062; x_wconf 86' lang='lat' dir='ltr'><strong>reservandam</strong></span> <span class='ocrx_word' id='word_1_270' title='bbox 636 2013 726 2076; x_wconf 91' lang='lat' dir='ltr'><strong>putet.</strong></span> <span class='ocrx_word' id='word_1_271' title='bbox 755 2006 856 2063; x_wconf 88' lang='lat' dir='ltr'><strong>Nonne</strong></span> <span class='ocrx_word' id='word_1_272' title='bbox 910 2022 976 2065; x_wconf 89' lang='lat' dir='ltr'><strong>nem</strong></span> <span class='ocrx_word' id='word_1_273' title='bbox 1000 2008 1038 2064; x_wconf 95' lang='lat' dir='ltr'><strong>ad</strong></span> <span class='ocrx_word' id='word_1_274' title='bbox 1067 2016 1187 2065; x_wconf 90' lang='lat' dir='ltr'><strong>mortem</strong></span> <span class='ocrx_word' id='word_1_275' title='bbox 1224 2010 1380 2079; x_wconf 83' lang='lat' dir='ltr'><strong>quaesitum</strong></span> <span class='ocrx_word' id='word_1_276' title='bbox 1418 2009 1547 2080; x_wconf 90' lang='lat' dir='ltr'><strong>prodere,</strong></span> <span class='ocrx_word' id='word_1_277' title='bbox 1587 2010 1753 2067; x_wconf 82' lang='lat' dir='ltr'><strong>mentiatur.</strong></span> 
     </span>
     <span class='ocr_line' id='line_1_22' title="bbox 84 2092 1758 2170; baseline 0.004 -21"><span class='ocrx_word' id='word_1_278' title='bbox 84 2092 208 2149; x_wconf 78' lang='lat' dir='ltr'><strong>loannes</strong></span> <span class='ocrx_word' id='word_1_279' title='bbox 225 2101 401 2163; x_wconf 83' lang='lat' dir='ltr'><strong>cognoverat</strong></span> <span class='ocrx_word' id='word_1_280' title='bbox 425 2095 604 2165; x_wconf 86' lang='lat' dir='ltr'><strong>Stephanum</strong></span> <span class='ocrx_word' id='word_1_281' title='bbox 619 2109 671 2165; x_wconf 93' lang='lat' dir='ltr'><strong>pro</strong></span> <span class='ocrx_word' id='word_1_282' title='bbox 696 2103 856 2165; x_wconf 89' lang='lat' dir='ltr'><strong>persecuto·</strong></span> <span class='ocrx_word' id='word_1_283' title='bbox 909 2099 993 2152; x_wconf 86' lang='lat' dir='ltr'><strong>ltem:</strong></span> <span class='ocrx_word' id='word_1_284' title='bbox 1022 2098 1084 2152; x_wconf 91' lang='lat' dir='ltr'><strong>Non</strong></span> <span class='ocrx_word' id='word_1_285' title='bbox 1100 2103 1142 2154; x_wconf 90' lang='lat' dir='ltr'><strong>est</strong></span> <span class='ocrx_word' id='word_1_286' title='bbox 1156 2097 1352 2153; x_wconf 88' lang='lat' dir='ltr'><strong>mentiendum</strong></span> <span class='ocrx_word' id='word_1_287' title='bbox 1383 2105 1464 2154; x_wconf 84' lang='lat' dir='ltr'><strong>sexto</strong></span> <span class='ocrx_word' id='word_1_288' title='bbox 1492 2112 1626 2169; x_wconf 88' lang='lat' dir='ltr'><strong>genere;</strong></span> <span class='ocrx_word' id='word_1_289' title='bbox 1662 2113 1758 2170; x_wconf 88' lang='lat' dir='ltr'><strong>neque</strong></span> 
     </span>
     <span class='ocr_line' id='line_1_23' title="bbox 79 2181 1782 2258; baseline 0.004 -21"><span class='ocrx_word' id='word_1_290' title='bbox 79 2181 173 2249; x_wconf 90' lang='lat' dir='ltr'><strong>ssuis,</strong></span> <span class='ocrx_word' id='word_1_291' title='bbox 190 2181 243 2251; x_wconf 90' lang='lat' dir='ltr'><strong>qui</strong></span> <span class='ocrx_word' id='word_1_292' title='bbox 256 2182 363 2239; x_wconf 82' lang='lat' dir='ltr'><strong>Christi</strong></span> <span class='ocrx_word' id='word_1_293' title='bbox 384 2197 488 2239; x_wconf 91' lang='lat' dir='ltr'><strong>nomen</strong></span> <span class='ocrx_word' id='word_1_294' title='bbox 511 2184 614 2240; x_wconf 92' lang='lat' dir='ltr'><strong>audire</strong></span> <span class='ocrx_word' id='word_1_295' title='bbox 639 2199 697 2241; x_wconf 91' lang='lat' dir='ltr'><strong>non</strong></span> <span class='ocrx_word' id='word_1_296' title='bbox 713 2191 855 2255; x_wconf 88' lang='lat' dir='ltr'><strong>poterant,</strong></span> <span class='ocrx_word' id='word_1_297' title='bbox 909 2186 986 2242; x_wconf 92' lang='lat' dir='ltr'><strong>enim</strong></span> <span class='ocrx_word' id='word_1_298' title='bbox 1000 2192 1075 2241; x_wconf 88' lang='lat' dir='ltr'><strong>recte</strong></span> <span class='ocrx_word' id='word_1_299' title='bbox 1098 2185 1185 2241; x_wconf 90' lang='lat' dir='ltr'><strong>etiarn</strong></span> <span class='ocrx_word' id='word_1_300' title='bbox 1201 2185 1358 2243; x_wconf 86' lang='lat' dir='ltr'><strong>testimonii</strong></span> <span class='ocrx_word' id='word_1_301' title='bbox 1378 2187 1485 2243; x_wconf 91' lang='lat' dir='ltr'><strong>veritas</strong></span> <span class='ocrx_word' id='word_1_302' title='bbox 1514 2200 1565 2257; x_wconf 93' lang='lat' dir='ltr'><strong>pro</strong></span> <span class='ocrx_word' id='word_1_303' title='bbox 1580 2187 1757 2258; x_wconf 86' lang='lat' dir='ltr'><strong>cujusquam</strong></span> <span class='ocrx_word' id='word_1_304' title='bbox 1773 2215 1782 2228; x_wconf 83' lang='lat'><strong>.</strong></span> 
     </span>
     <span class='ocr_line' id='line_1_24' title="bbox 79 2271 1758 2345; baseline 0.004 -20"><span class='ocrx_word' id='word_1_305' title='bbox 79 2276 209 2337; x_wconf 81' lang='lat' dir='ltr'><strong>enatum,</strong></span> <span class='ocrx_word' id='word_1_306' title='bbox 235 2271 320 2341; x_wconf 88' lang='lat' dir='ltr'><strong>cujus</strong></span> <span class='ocrx_word' id='word_1_307' title='bbox 335 2272 508 2341; x_wconf 80' lang='lat' dir='ltr'><strong>precationis</strong></span> <span class='ocrx_word' id='word_1_308' title='bbox 528 2271 663 2330; x_wconf 81' lang='lat' dir='ltr'><strong>ellectum</strong></span> <span class='ocrx_word' id='word_1_309' title='bbox 676 2272 706 2329; x_wconf 94' lang='lat' dir='ltr'><strong>in</strong></span> <span class='ocrx_word' id='word_1_310' title='bbox 722 2272 856 2344; x_wconf 82' lang='lat' dir='ltr'><strong>Apostolo</strong></span> <span class='ocrx_word' id='word_1_311' title='bbox 910 2274 1058 2345; x_wconf 91' lang='lat' dir='ltr'><strong>temporali</strong></span> <span class='ocrx_word' id='word_1_312' title='bbox 1072 2274 1220 2330; x_wconf 91' lang='lat' dir='ltr'><strong>commodo</strong></span> <span class='ocrx_word' id='word_1_313' title='bbox 1245 2289 1279 2330; x_wconf 86' lang='lat' dir='ltr'><strong>nc</strong></span> <span class='ocrx_word' id='word_1_314' title='bbox 1288 2274 1381 2331; x_wconf 87' lang='lat' dir='ltr'><strong>salute</strong></span> <span class='ocrx_word' id='word_1_315' title='bbox 1392 2276 1589 2345; x_wconf 86' lang='lat' dir='ltr'><strong>corrumpitur</strong></span> <span class='ocrx_word' id='word_1_316' title='bbox 1604 2293 1611 2343; x_wconf 90' lang='lat'>;</span> <span class='ocrx_word' id='word_1_317' title='bbox 1629 2276 1665 2332; x_wconf 93' lang='lat' dir='ltr'><strong>ad</strong></span> <span class='ocrx_word' id='word_1_318' title='bbox 1684 2288 1758 2332; x_wconf 86' lang='lat' dir='ltr'><strong>senr-</strong></span> 
     </span>
     <span class='ocr_line' id='line_1_25' title="bbox 79 2358 1758 2434; baseline 0.004 -20"><span class='ocrx_word' id='word_1_319' title='bbox 79 2372 155 2428; x_wconf 88' lang='lat' dir='ltr'><strong>mus,</strong></span> <span class='ocrx_word' id='word_1_320' title='bbox 197 2358 249 2430; x_wconf 89' lang='lat' dir='ltr'><strong>qui</strong></span> <span class='ocrx_word' id='word_1_321' title='bbox 286 2360 479 2430; x_wconf 82' lang='lat' dir='ltr'><strong>lapidantium</strong></span> <span class='ocrx_word' id='word_1_322' title='bbox 515 2362 688 2418; x_wconf 89' lang='lat' dir='ltr'><strong>vestimenta</strong></span> <span class='ocrx_word' id='word_1_323' title='bbox 710 2361 853 2418; x_wconf 90' lang='lat' dir='ltr'><strong>servabat.</strong></span> <span class='ocrx_word' id='word_1_324' title='bbox 909 2362 1053 2433; x_wconf 90' lang='lat' dir='ltr'><strong>piternam</strong></span> <span class='ocrx_word' id='word_1_325' title='bbox 1072 2377 1142 2419; x_wconf 88' lang='lat' dir='ltr'><strong>vero</strong></span> <span class='ocrx_word' id='word_1_326' title='bbox 1170 2363 1293 2419; x_wconf 88' lang='lat' dir='ltr'><strong>salutern</strong></span> <span class='ocrx_word' id='word_1_327' title='bbox 1318 2363 1417 2420; x_wconf 92' lang='lat' dir='ltr'><strong>nullus</strong></span> <span class='ocrx_word' id='word_1_328' title='bbox 1440 2364 1590 2420; x_wconf 89' lang='lat' dir='ltr'><strong>ducendus</strong></span> <span class='ocrx_word' id='word_1_329' title='bbox 1617 2371 1670 2433; x_wconf 90' lang='lat' dir='ltr'><strong>est,</strong></span> <span class='ocrx_word' id='word_1_330' title='bbox 1693 2362 1758 2434; x_wconf 78' lang='lat' dir='ltr'><strong>opi-</strong></span> 
     </span>
     <span class='ocr_line' id='line_1_26' title="bbox 94 2447 1758 2523; baseline 0.003 -21"><span class='ocrx_word' id='word_1_331' title='bbox 94 2461 101 2502; x_wconf 90' lang='lat'><strong>:</strong></span> <span class='ocrx_word' id='word_1_332' title='bbox 127 2447 258 2519; x_wconf 79' lang='lat' dir='ltr'><strong>lienique</strong></span> <span class='ocrx_word' id='word_1_333' title='bbox 283 2448 392 2506; x_wconf 88' lang='lat' dir='ltr'><strong>Paulus</strong></span> <span class='ocrx_word' id='word_1_334' title='bbox 420 2450 510 2518; x_wconf 90' lang='lat' dir='ltr'><strong>docet,</strong></span> <span class='ocrx_word' id='word_1_335' title='bbox 537 2465 596 2507; x_wconf 95' lang='lat' dir='ltr'><strong>non</strong></span> <span class='ocrx_word' id='word_1_336' title='bbox 617 2451 788 2507; x_wconf 90' lang='lat' dir='ltr'><strong>deserendos</strong></span> <span class='ocrx_word' id='word_1_337' title='bbox 807 2463 856 2507; x_wconf 88' lang='lat' dir='ltr'><strong>eos</strong></span> <span class='ocrx_word' id='word_1_338' title='bbox 909 2449 1194 2507; x_wconf 86' lang='lat' dir='ltr'><strong>tulantemendncio.</strong></span> <span class='ocrx_word' id='word_1_339' title='bbox 1219 2450 1320 2522; x_wconf 85' lang='lat' dir='ltr'><strong>Neque</strong></span> <span class='ocrx_word' id='word_1_340' title='bbox 1347 2452 1467 2522; x_wconf 87' lang='lat' dir='ltr'><strong>septimo</strong></span> <span class='ocrx_word' id='word_1_341' title='bbox 1495 2465 1598 2523; x_wconf 89' lang='lat' dir='ltr'><strong>genere</strong></span> <span class='ocrx_word' id='word_1_342' title='bbox 1619 2451 1758 2509; x_wconf 85' lang='lat' dir='ltr'><strong>mentien-</strong></span> 
     </span>
     <span class='ocr_line' id='line_1_27' title="bbox 79 2539 1758 2611; baseline 0.001 -17"><span class='ocrx_word' id='word_1_343' title='bbox 79 2545 224 2607; x_wconf 89' lang='lat' dir='ltr'><strong>peccatum</strong></span> <span class='ocrx_word' id='word_1_344' title='bbox 239 2539 276 2595; x_wconf 88' lang='lat' dir='ltr'><strong>ad</strong></span> <span class='ocrx_word' id='word_1_345' title='bbox 295 2546 416 2596; x_wconf 87' lang='lat' dir='ltr'><strong>mortem</strong></span> <span class='ocrx_word' id='word_1_346' title='bbox 437 2539 564 2595; x_wconf 83' lang='lat' dir='ltr'><strong>iecerint.</strong></span> <span class='ocrx_word' id='word_1_347' title='bbox 592 2540 762 2609; x_wconf 81' lang='lat' dir='ltr'><strong>Bedcsuper</strong></span> <span class='ocrx_word' id='word_1_348' title='bbox 782 2541 855 2610; x_wconf 76' lang='lat' dir='ltr'><strong>Epi·</strong></span> <span class='ocrx_word' id='word_1_349' title='bbox 910 2539 1037 2596; x_wconf 88' lang='lat' dir='ltr'><strong>domest</strong></span> <span class='ocrx_word' id='word_1_350' title='bbox 1053 2555 1061 2606; x_wconf 93' lang='lat'>;</span> <span class='ocrx_word' id='word_1_351' title='bbox 1078 2540 1229 2596; x_wconf 91' lang='lat' dir='ltr'><strong>nonenim</strong></span> <span class='ocrx_word' id='word_1_352' title='bbox 1261 2540 1415 2611; x_wconf 79' lang='lat' dir='ltr'><strong>cuiusdam</strong></span> <span class='ocrx_word' id='word_1_353' title='bbox 1442 2541 1628 2598; x_wconf 89' lang='lat' dir='ltr'><strong>commoditas</strong></span> <span class='ocrx_word' id='word_1_354' title='bbox 1642 2546 1694 2597; x_wconf 89' lang='lat' dir='ltr'><strong>aut</strong></span> <span class='ocrx_word' id='word_1_355' title='bbox 1707 2553 1758 2596; x_wconf 86' lang='lat' dir='ltr'><strong>sa-</strong></span> 
     </span>
     <span class='ocr_line' id='line_1_28' title="bbox 79 2627 1758 2699; baseline 0.001 -19"><span class='ocrx_word' id='word_1_356' title='bbox 79 2642 110 2681; x_wconf 74' lang='lat' dir='ltr'><strong>:m</strong></span> <span class='ocrx_word' id='word_1_357' title='bbox 129 2629 243 2682; x_wconf 74' lang='lat' dir='ltr'><strong>loannis</strong></span> <span class='ocrx_word' id='word_1_358' title='bbox 257 2629 296 2699; x_wconf 87' lang='lat' dir='ltr'><strong>(v,</strong></span> <span class='ocrx_word' id='word_1_359' title='bbox 316 2629 368 2698; x_wconf 84' lang='lat'><strong>6):</strong></span> <span class='ocrx_word' id='word_1_360' title='bbox 398 2630 452 2696; x_wconf 84' lang='lat' dir='ltr'><strong>Qui</strong></span> <span class='ocrx_word' id='word_1_361' title='bbox 471 2630 523 2683; x_wconf 84' lang='lat' dir='ltr'><strong>scit</strong></span> <span class='ocrx_word' id='word_1_362' title='bbox 543 2631 662 2696; x_wconf 81' lang='lat' dir='ltr'><strong>fratrem</strong></span> <span class='ocrx_word' id='word_1_363' title='bbox 681 2644 761 2684; x_wconf 89' lang='lat' dir='ltr'><strong>suum</strong></span> <span class='ocrx_word' id='word_1_364' title='bbox 790 2645 856 2698; x_wconf 88' lang='lat' dir='ltr'><strong>pec·</strong></span> <span class='ocrx_word' id='word_1_365' title='bbox 911 2627 957 2684; x_wconf 89' lang='lat' dir='ltr'><strong>lus</strong></span> <span class='ocrx_word' id='word_1_366' title='bbox 972 2628 1138 2699; x_wconf 87' lang='lat' dir='ltr'><strong>temporalis</strong></span> <span class='ocrx_word' id='word_1_367' title='bbox 1162 2628 1229 2684; x_wconf 89' lang='lat' dir='ltr'><strong>iidci</strong></span> <span class='ocrx_word' id='word_1_368' title='bbox 1247 2628 1426 2698; x_wconf 80' lang='lat' dir='ltr'><strong>praelerenda</strong></span> <span class='ocrx_word' id='word_1_369' title='bbox 1447 2636 1499 2695; x_wconf 90' lang='lat' dir='ltr'><strong>est,</strong></span> <span class='ocrx_word' id='word_1_370' title='bbox 1526 2643 1579 2685; x_wconf 89' lang='lat' dir='ltr'><strong>nec</strong></span> <span class='ocrx_word' id='word_1_371' title='bbox 1600 2629 1758 2699; x_wconf 91' lang='lat' dir='ltr'><strong>quisquam</strong></span> 
     </span>
     <span class='ocr_line' id='line_1_29' title="bbox 91 2715 1758 2787; baseline 0.002 -16"><span class='ocrx_word' id='word_1_372' title='bbox 91 2721 231 2786; x_wconf 84' lang='lat' dir='ltr'><strong>peccatum</strong></span> <span class='ocrx_word' id='word_1_373' title='bbox 252 2732 307 2772; x_wconf 85' lang='lat' dir='ltr'><strong>non</strong></span> <span class='ocrx_word' id='word_1_374' title='bbox 335 2717 373 2771; x_wconf 84' lang='lat' dir='ltr'><strong>od</strong></span> <span class='ocrx_word' id='word_1_375' title='bbox 397 2721 510 2772; x_wconf 86' lang='lat' dir='ltr'><strong>mortem</strong></span> <span class='ocrx_word' id='word_1_376' title='bbox 534 2723 610 2787; x_wconf 78' lang='lat' dir='ltr'><strong>pelet</strong></span> <span class='ocrx_word' id='word_1_377' title='bbox 640 2720 666 2772; x_wconf 85' lang='lat' dir='ltr'><strong>el</strong></span> <span class='ocrx_word' id='word_1_378' title='bbox 695 2718 809 2772; x_wconf 82' lang='lat' dir='ltr'><strong>debitur</strong></span> <span class='ocrx_word' id='word_1_379' title='bbox 831 2720 857 2773; x_wconf 86' lang='lat' dir='ltr'><strong>ei</strong></span> <span class='ocrx_word' id='word_1_380' title='bbox 911 2717 941 2773; x_wconf 91' lang='lat' dir='ltr'><strong>lu</strong></span> <span class='ocrx_word' id='word_1_381' title='bbox 961 2724 1037 2773; x_wconf 86' lang='lat' dir='ltr'><strong>recte</strong></span> <span class='ocrx_word' id='word_1_382' title='bbox 1057 2717 1140 2773; x_wconf 86' lang='lat' dir='ltr'><strong>lactis</strong></span> <span class='ocrx_word' id='word_1_383' title='bbox 1160 2718 1265 2773; x_wconf 88' lang='lat' dir='ltr'><strong>nostris</strong></span> <span class='ocrx_word' id='word_1_384' title='bbox 1293 2726 1351 2772; x_wconf 89' lang='lat' dir='ltr'><strong>lam</strong></span> <span class='ocrx_word' id='word_1_385' title='bbox 1374 2718 1448 2774; x_wconf 85' lang='lat' dir='ltr'><strong>male</strong></span> <span class='ocrx_word' id='word_1_386' title='bbox 1480 2725 1621 2785; x_wconf 87' lang='lat' dir='ltr'><strong>movetur,</strong></span> <span class='ocrx_word' id='word_1_387' title='bbox 1653 2723 1686 2775; x_wconf 86' lang='lat' dir='ltr'><strong>ul</strong></span> <span class='ocrx_word' id='word_1_388' title='bbox 1707 2715 1758 2774; x_wconf 84' lang='lat' dir='ltr'><strong>dat</strong></span> 
     </span>
     <span class='ocr_line' id='line_1_30' title="bbox 94 2805 1757 2878; baseline 0 -18"><span class='ocrx_word' id='word_1_389' title='bbox 94 2805 343 2875; x_wconf 85' lang='lat' dir='ltr'><strong>Loquiturautem</strong></span> <span class='ocrx_word' id='word_1_390' title='bbox 357 2806 391 2861; x_wconf 91' lang='lat' dir='ltr'><strong>de</strong></span> <span class='ocrx_word' id='word_1_391' title='bbox 405 2806 584 2876; x_wconf 85' lang='lat' dir='ltr'><strong>quotidianis</strong></span> <span class='ocrx_word' id='word_1_392' title='bbox 598 2805 771 2878; x_wconf 88' lang='lat' dir='ltr'><strong>levibusque</strong></span> <span class='ocrx_word' id='word_1_393' title='bbox 792 2821 854 2877; x_wconf 90' lang='lat' dir='ltr'><strong>pec·</strong></span> <span class='ocrx_word' id='word_1_394' title='bbox 910 2806 996 2862; x_wconf 90' lang='lat' dir='ltr'><strong>etiam</strong></span> <span class='ocrx_word' id='word_1_395' title='bbox 1012 2807 1110 2861; x_wconf 90' lang='lat' dir='ltr'><strong>animo</strong></span> <span class='ocrx_word' id='word_1_396' title='bbox 1135 2806 1257 2862; x_wconf 89' lang='lat' dir='ltr'><strong>deterior</strong></span> <span class='ocrx_word' id='word_1_397' title='bbox 1286 2806 1430 2877; x_wconf 78' lang='lat' dir='ltr'><strong>longeque</strong></span> <span class='ocrx_word' id='word_1_398' title='bbox 1452 2807 1588 2875; x_wconf 88' lang='lat' dir='ltr'><strong>apietate</strong></span> <span class='ocrx_word' id='word_1_399' title='bbox 1611 2805 1757 2862; x_wconf 90' lang='lat' dir='ltr'><strong>remotior.</strong></span> 
     </span>
     <span class='ocr_line' id='line_1_31' title="bbox 79 2877 1756 2965; baseline 0.002 -18"><span class='ocrx_word' id='word_1_400' title='bbox 79 2907 93 2960; x_wconf 87' lang='lat' dir='ltr'><strong>t,</strong></span> <span class='ocrx_word' id='word_1_401' title='bbox 118 2907 185 2964; x_wconf 83' lang='lat' dir='ltr'><strong>quae</strong></span> <span class='ocrx_word' id='word_1_402' title='bbox 207 2893 281 2950; x_wconf 93' lang='lat' dir='ltr'><strong>sicut</strong></span> <span class='ocrx_word' id='word_1_403' title='bbox 304 2893 419 2950; x_wconf 83' lang='lat' dir='ltr'><strong>dilllcile</strong></span> <span class='ocrx_word' id='word_1_404' title='bbox 441 2894 580 2963; x_wconf 90' lang='lat' dir='ltr'><strong>vitantur,</strong></span> <span class='ocrx_word' id='word_1_405' title='bbox 610 2895 651 2951; x_wconf 88' lang='lat' dir='ltr'><strong>sic</strong></span> <span class='ocrx_word' id='word_1_406' title='bbox 673 2894 760 2951; x_wconf 90' lang='lat' dir='ltr'><strong>etiarn</strong></span> <span class='ocrx_word' id='word_1_407' title='bbox 775 2895 858 2952; x_wconf 88' lang='lat' dir='ltr'><strong>lacile</strong></span> <span class='ocrx_word' id='word_1_408' title='bbox 873 2877 895 2934; x_wconf 74' lang='lat' dir='ltr'>C</span> <span class='ocrx_word' id='word_1_409' title='bbox 911 2894 985 2950; x_wconf 88' lang='lat' dir='ltr'><strong>idern</strong></span> <span class='ocrx_word' id='word_1_410' title='bbox 999 2897 1167 2963; x_wconf 73' lang='lat' dir='ltr'><strong>inquantum</strong></span> <span class='ocrx_word' id='word_1_411' title='bbox 1183 2895 1342 2965; x_wconf 82' lang='lat' dir='ltr'><strong>psalmum:</strong></span> <span class='ocrx_word' id='word_1_412' title='bbox 1374 2894 1415 2951; x_wconf 91' lang='lat' dir='ltr'><strong>Ne</strong></span> <span class='ocrx_word' id='word_1_413' title='bbox 1430 2894 1498 2965; x_wconf 89' lang='lat' dir='ltr'><strong>quis</strong></span> <span class='ocrx_word' id='word_1_414' title='bbox 1526 2894 1683 2950; x_wconf 87' lang='lat' dir='ltr'><strong>arbitretur</strong></span> <span class='ocrx_word' id='word_1_415' title='bbox 1695 2906 1756 2962; x_wconf 88' lang='lat' dir='ltr'><strong>per-</strong></span> 
     </span>
     <span class='ocr_line' id='line_1_32' title="bbox 79 2958 1758 3055; baseline 0.001 -18"><span class='ocrx_word' id='word_1_416' title='bbox 79 2988 161 3038; x_wconf 92' lang='lat' dir='ltr'><strong>ntur.</strong></span> <span class='ocrx_word' id='word_1_417' title='bbox 180 2981 234 3039; x_wconf 88' lang='lat' dir='ltr'><strong>Sed</strong></span> <span class='ocrx_word' id='word_1_418' title='bbox 249 2997 307 3053; x_wconf 92' lang='lat' dir='ltr'><strong>quo</strong></span> <span class='ocrx_word' id='word_1_419' title='bbox 326 2983 426 3040; x_wconf 90' lang='lat' dir='ltr'><strong>ordine</strong></span> <span class='ocrx_word' id='word_1_420' title='bbox 441 2984 501 3041; x_wconf 74' lang='lat' dir='ltr'><strong>baec</strong></span> <span class='ocrx_word' id='word_1_421' title='bbox 516 2984 690 3040; x_wconf 91' lang='lat' dir='ltr'><strong>alterutrum</strong></span> <span class='ocrx_word' id='word_1_422' title='bbox 707 2984 804 3055; x_wconf 90' lang='lat' dir='ltr'><strong>petitio</strong></span> <span class='ocrx_word' id='word_1_423' title='bbox 820 2984 858 3042; x_wconf 91' lang='lat' dir='ltr'><strong>sit</strong></span> <span class='ocrx_word' id='word_1_424' title='bbox 910 2982 1018 3040; x_wconf 87' lang='lat' dir='ltr'><strong>lectum</strong></span> <span class='ocrx_word' id='word_1_425' title='bbox 1036 2985 1062 3039; x_wconf 90' lang='lat' dir='ltr'><strong>ei</strong></span> <span class='ocrx_word' id='word_1_426' title='bbox 1081 2958 1238 3052; x_wconf 75' lang='lat' dir='ltr'><strong>spiritalem</strong></span> <span class='ocrx_word' id='word_1_427' title='bbox 1269 2982 1415 3039; x_wconf 91' lang='lat' dir='ltr'><strong>bominem</strong></span> <span class='ocrx_word' id='word_1_428' title='bbox 1437 2996 1490 3052; x_wconf 91' lang='lat' dir='ltr'><strong>pro</strong></span> <span class='ocrx_word' id='word_1_429' title='bbox 1519 2983 1574 3040; x_wconf 89' lang='lat' dir='ltr'><strong>ista</strong></span> <span class='ocrx_word' id='word_1_430' title='bbox 1607 2980 1758 3053; x_wconf 91' lang='lat' dir='ltr'><strong>temporali</strong></span> 
     </span>
     <span class='ocr_line' id='line_1_33' title="bbox 79 3071 1759 3143; baseline -0.001 -16"><span class='ocrx_word' id='word_1_431' title='bbox 79 3071 181 3128; x_wconf 80' lang='lat' dir='ltr'><strong>iranda</strong></span> <span class='ocrx_word' id='word_1_432' title='bbox 198 3085 248 3142; x_wconf 91' lang='lat' dir='ltr'><strong>pro</strong></span> <span class='ocrx_word' id='word_1_433' title='bbox 276 3072 410 3142; x_wconf 87' lang='lat' dir='ltr'><strong>peccatis,</strong></span> <span class='ocrx_word' id='word_1_434' title='bbox 439 3072 564 3131; x_wconf 78' lang='lat' dir='ltr'><strong>lacobus</strong></span> <span class='ocrx_word' id='word_1_435' title='bbox 585 3072 715 3130; x_wconf 88' lang='lat' dir='ltr'><strong>insinuat</strong></span> <span class='ocrx_word' id='word_1_436' title='bbox 730 3073 858 3143; x_wconf 85' lang='lat' dir='ltr'><strong>apertius</strong></span> <span class='ocrx_word' id='word_1_437' title='bbox 910 3072 981 3140; x_wconf 89' lang='lat' dir='ltr'><strong>vila,</strong></span> <span class='ocrx_word' id='word_1_438' title='bbox 999 3071 1126 3142; x_wconf 84' lang='lat' dir='ltr'><strong>incujus</strong></span> <span class='ocrx_word' id='word_1_439' title='bbox 1139 3079 1230 3127; x_wconf 91' lang='lat' dir='ltr'><strong>morte</strong></span> <span class='ocrx_word' id='word_1_440' title='bbox 1248 3071 1389 3127; x_wconf 91' lang='lat' dir='ltr'><strong>occiditur</strong></span> <span class='ocrx_word' id='word_1_441' title='bbox 1402 3072 1512 3138; x_wconf 88' lang='lat' dir='ltr'><strong>anima,</strong></span> <span class='ocrx_word' id='word_1_442' title='bbox 1526 3072 1587 3128; x_wconf 90' lang='lat' dir='ltr'><strong>sive</strong></span> <span class='ocrx_word' id='word_1_443' title='bbox 1603 3084 1657 3127; x_wconf 91' lang='lat' dir='ltr'><strong>sna</strong></span> <span class='ocrx_word' id='word_1_444' title='bbox 1670 3081 1759 3126; x_wconf 89' lang='lat' dir='ltr'><strong>causa</strong></span> 
     </span>
     <span class='ocr_line' id='line_1_34' title="bbox 79 3155 1758 3233; baseline -0.002 -17"><span class='ocrx_word' id='word_1_445' title='bbox 79 3174 128 3217; x_wconf 89' lang='lat' dir='ltr'><strong>ns:</strong></span> <span class='ocrx_word' id='word_1_446' title='bbox 159 3160 328 3230; x_wconf 74' lang='lat' dir='ltr'><strong>Confiternini</strong></span> <span class='ocrx_word' id='word_1_447' title='bbox 364 3162 540 3231; x_wconf 86' lang='lat' dir='ltr'><strong>atterutrum,</strong></span> <span class='ocrx_word' id='word_1_448' title='bbox 569 3168 623 3219; x_wconf 90' lang='lat' dir='ltr'><strong>etc.</strong></span> <span class='ocrx_word' id='word_1_449' title='bbox 654 3162 681 3218; x_wconf 85' lang='lat' dir='ltr'><strong>st</strong></span> <span class='ocrx_word' id='word_1_450' title='bbox 697 3162 787 3233; x_wconf 89' lang='lat' dir='ltr'><strong>igitur</strong></span> <span class='ocrx_word' id='word_1_451' title='bbox 812 3162 856 3218; x_wconf 94' lang='lat' dir='ltr'><strong>di·</strong></span> <span class='ocrx_word' id='word_1_452' title='bbox 911 3161 1113 3229; x_wconf 90' lang='lat' dir='ltr'><strong>sivealterius,</strong></span> <span class='ocrx_word' id='word_1_453' title='bbox 1137 3160 1240 3218; x_wconf 86' lang='lat' dir='ltr'><strong>debere</strong></span> <span class='ocrx_word' id='word_1_454' title='bbox 1262 3160 1401 3217; x_wconf 88' lang='lat' dir='ltr'><strong>mentiri:</strong></span> <span class='ocrx_word' id='word_1_455' title='bbox 1430 3161 1489 3229; x_wconf 89' lang='lat' dir='ltr'><strong>sed,</strong></span> <span class='ocrx_word' id='word_1_456' title='bbox 1513 3161 1655 3231; x_wconf 91' lang='lat' dir='ltr'><strong>quoniam</strong></span> <span class='ocrx_word' id='word_1_457' title='bbox 1679 3155 1758 3214; x_wconf 90' lang='lat' dir='ltr'><strong>aliud</strong></span> 
     </span>
     <span class='ocr_line' id='line_1_35' title="bbox 84 3247 1759 3320; baseline -0.001 -15"><span class='ocrx_word' id='word_1_458' title='bbox 84 3247 129 3305; x_wconf 91' lang='lat' dir='ltr'><strong>vel</strong></span> <span class='ocrx_word' id='word_1_459' title='bbox 154 3249 286 3319; x_wconf 87' lang='lat' dir='ltr'><strong>cogitatu</strong></span> <span class='ocrx_word' id='word_1_460' title='bbox 307 3248 352 3305; x_wconf 88' lang='lat' dir='ltr'><strong>vel</strong></span> <span class='ocrx_word' id='word_1_461' title='bbox 376 3249 520 3307; x_wconf 92' lang='lat' dir='ltr'><strong>oblivione</strong></span> <span class='ocrx_word' id='word_1_462' title='bbox 543 3250 587 3306; x_wconf 92' lang='lat' dir='ltr'><strong>vel</strong></span> <span class='ocrx_word' id='word_1_463' title='bbox 607 3249 775 3320; x_wconf 86' lang='lat' dir='ltr'><strong>ignorantia</strong></span> <span class='ocrx_word' id='word_1_464' title='bbox 785 3249 857 3306; x_wconf 88' lang='lat' dir='ltr'><strong>lorte</strong></span> <span class='ocrx_word' id='word_1_465' title='bbox 910 3256 952 3306; x_wconf 93' lang='lat' dir='ltr'><strong>est</strong></span> <span class='ocrx_word' id='word_1_466' title='bbox 968 3250 1093 3314; x_wconf 88' lang='lat' dir='ltr'><strong>mentiri,</strong></span> <span class='ocrx_word' id='word_1_467' title='bbox 1116 3249 1196 3306; x_wconf 92' lang='lat' dir='ltr'><strong>aliud</strong></span> <span class='ocrx_word' id='word_1_468' title='bbox 1224 3257 1266 3306; x_wconf 92' lang='lat' dir='ltr'><strong>est</strong></span> <span class='ocrx_word' id='word_1_469' title='bbox 1289 3263 1392 3306; x_wconf 90' lang='lat' dir='ltr'><strong>verum</strong></span> <span class='ocrx_word' id='word_1_470' title='bbox 1416 3249 1570 3318; x_wconf 87' lang='lat' dir='ltr'><strong>occultare,</strong></span> <span class='ocrx_word' id='word_1_471' title='bbox 1601 3248 1625 3304; x_wconf 90' lang='lat' dir='ltr'><strong>si</strong></span> <span class='ocrx_word' id='word_1_472' title='bbox 1640 3247 1759 3319; x_wconf 89' lang='lat' dir='ltr'><strong>quidem</strong></span> 
     </span>
     <span class='ocr_line' id='line_1_36' title="bbox 79 3334 1759 3410; baseline -0.001 -17"><span class='ocrx_word' id='word_1_473' title='bbox 79 3335 169 3409; x_wconf 82' lang='lat' dir='ltr'><strong>quisti,</strong></span> <span class='ocrx_word' id='word_1_474' title='bbox 185 3336 259 3394; x_wconf 88' lang='lat' dir='ltr'><strong>vade</strong></span> <span class='ocrx_word' id='word_1_475' title='bbox 273 3336 308 3393; x_wconf 91' lang='lat' dir='ltr'><strong>ad</strong></span> <span class='ocrx_word' id='word_1_476' title='bbox 325 3337 454 3407; x_wconf 91' lang='lat' dir='ltr'><strong>lratrem,</strong></span> <span class='ocrx_word' id='word_1_477' title='bbox 471 3338 605 3395; x_wconf 86' lang='lat' dir='ltr'><strong>confitere</strong></span> <span class='ocrx_word' id='word_1_478' title='bbox 621 3339 673 3406; x_wconf 93' lang='lat' dir='ltr'><strong>illi,</strong></span> <span class='ocrx_word' id='word_1_479' title='bbox 698 3346 727 3395; x_wconf 93' lang='grc' dir='ltr'><strong>ει</strong></span> <span class='ocrx_word' id='word_1_480' title='bbox 748 3339 857 3410; x_wconf 81' lang='lat' dir='ltr'><strong>tucius</strong></span> <span class='ocrx_word' id='word_1_481' title='bbox 912 3339 992 3395; x_wconf 90' lang='lat' dir='ltr'><strong>aliud</strong></span> <span class='ocrx_word' id='word_1_482' title='bbox 1007 3345 1049 3395; x_wconf 89' lang='lat' dir='ltr'><strong>est</strong></span> <span class='ocrx_word' id='word_1_483' title='bbox 1065 3337 1170 3394; x_wconf 88' lang='lat' dir='ltr'><strong>lalsum</strong></span> <span class='ocrx_word' id='word_1_484' title='bbox 1195 3338 1300 3402; x_wconf 82' lang='lat' dir='ltr'><strong>dicere,</strong></span> <span class='ocrx_word' id='word_1_485' title='bbox 1324 3338 1406 3394; x_wconf 88' lang='lat' dir='ltr'><strong>aliud</strong></span> <span class='ocrx_word' id='word_1_486' title='bbox 1429 3345 1473 3395; x_wconf 91' lang='lat' dir='ltr'><strong>est</strong></span> <span class='ocrx_word' id='word_1_487' title='bbox 1495 3352 1597 3394; x_wconf 92' lang='lat' dir='ltr'><strong>verum</strong></span> <span class='ocrx_word' id='word_1_488' title='bbox 1611 3344 1715 3404; x_wconf 89' lang='lat' dir='ltr'><strong>tacere,</strong></span> <span class='ocrx_word' id='word_1_489' title='bbox 1732 3334 1759 3392; x_wconf 91' lang='lat' dir='ltr'><strong>si</strong></span> 
     </span>
     <span class='ocr_line' id='line_1_37' title="bbox 79 3423 1759 3497; baseline -0.001 -15"><span class='ocrx_word' id='word_1_490' title='bbox 79 3432 105 3482; x_wconf 88' lang='lat' dir='ltr'><strong>ta</strong></span> <span class='ocrx_word' id='word_1_491' title='bbox 143 3425 189 3497; x_wconf 92' lang='lat' dir='ltr'><strong>pie</strong></span> <span class='ocrx_word' id='word_1_492' title='bbox 215 3426 417 3484; x_wconf 89' lang='lat' dir='ltr'><strong>intercedendo</strong></span> <span class='ocrx_word' id='word_1_493' title='bbox 463 3427 551 3484; x_wconf 86' lang='lat' dir='ltr'><strong>dilue.</strong></span> <span class='ocrx_word' id='word_1_494' title='bbox 580 3429 666 3483; x_wconf 87' lang='lat' dir='ltr'><strong>Porro</strong></span> <span class='ocrx_word' id='word_1_495' title='bbox 694 3427 718 3483; x_wconf 91' lang='lat' dir='ltr'><strong>si</strong></span> <span class='ocrx_word' id='word_1_496' title='bbox 737 3427 856 3497; x_wconf 85' lang='lat' dir='ltr'><strong>gravius</strong></span> <span class='ocrx_word' id='word_1_497' title='bbox 910 3427 978 3497; x_wconf 89' lang='lat' dir='ltr'><strong>quis</strong></span> <span class='ocrx_word' id='word_1_498' title='bbox 993 3426 1065 3483; x_wconf 88' lang='lat' dir='ltr'><strong>lorte</strong></span> <span class='ocrx_word' id='word_1_499' title='bbox 1080 3427 1125 3483; x_wconf 92' lang='lat' dir='ltr'><strong>vel</strong></span> <span class='ocrx_word' id='word_1_500' title='bbox 1141 3426 1177 3482; x_wconf 93' lang='lat' dir='ltr'><strong>ad</strong></span> <span class='ocrx_word' id='word_1_501' title='bbox 1192 3426 1298 3482; x_wconf 89' lang='lat' dir='ltr'><strong>dictam</strong></span> <span class='ocrx_word' id='word_1_502' title='bbox 1311 3435 1431 3486; x_wconf 91' lang='lat' dir='ltr'><strong>mortem</strong></span> <span class='ocrx_word' id='word_1_503' title='bbox 1452 3426 1595 3484; x_wconf 89' lang='lat' dir='ltr'><strong>visibilem</strong></span> <span class='ocrx_word' id='word_1_504' title='bbox 1615 3440 1673 3483; x_wconf 92' lang='lat' dir='ltr'><strong>non</strong></span> <span class='ocrx_word' id='word_1_505' title='bbox 1695 3423 1759 3482; x_wconf 87' lang='lat' dir='ltr'><strong>vult</strong></span> 
     </span>
     <span class='ocr_line' id='line_1_38' title="bbox 79 3514 1758 3585; baseline 0.001 -15"><span class='ocrx_word' id='word_1_506' title='bbox 79 3514 252 3584; x_wconf 82' lang='lat' dir='ltr'><strong>¹admisisti,</strong></span> <span class='ocrx_word' id='word_1_507' title='bbox 276 3515 359 3572; x_wconf 93' lang='lat' dir='ltr'><strong>indui</strong></span> <span class='ocrx_word' id='word_1_508' title='bbox 385 3515 566 3585; x_wconf 87' lang='lat' dir='ltr'><strong>presbyteros</strong></span> <span class='ocrx_word' id='word_1_509' title='bbox 600 3514 736 3571; x_wconf 74' lang='lat' dir='ltr'><strong>Ecclesia</strong></span> <span class='ocrx_word' id='word_1_510' title='bbox 761 3522 789 3571; x_wconf 91' lang='lat' dir='ltr'><strong>et</strong></span> <span class='ocrx_word' id='word_1_511' title='bbox 817 3514 855 3569; x_wconf 92' lang='lat' dir='ltr'><strong>ad</strong></span> <span class='ocrx_word' id='word_1_512' title='bbox 910 3515 1056 3571; x_wconf 90' lang='lat' dir='ltr'><strong>bominem</strong></span> <span class='ocrx_word' id='word_1_513' title='bbox 1081 3514 1211 3584; x_wconf 91' lang='lat' dir='ltr'><strong>prodere,</strong></span> <span class='ocrx_word' id='word_1_514' title='bbox 1242 3525 1360 3585; x_wconf 87' lang='lat' dir='ltr'><strong>paratus</strong></span> <span class='ocrx_word' id='word_1_515' title='bbox 1386 3530 1448 3572; x_wconf 88' lang='lat' dir='ltr'><strong>esse</strong></span> <span class='ocrx_word' id='word_1_516' title='bbox 1486 3517 1570 3572; x_wconf 90' lang='lat' dir='ltr'><strong>debet</strong></span> <span class='ocrx_word' id='word_1_517' title='bbox 1594 3527 1696 3572; x_wconf 89' lang='lat' dir='ltr'><strong>verum</strong></span> <span class='ocrx_word' id='word_1_518' title='bbox 1710 3528 1758 3571; x_wconf 91' lang='lat' dir='ltr'><strong>oc·</strong></span> 
     </span>
     <span class='ocr_line' id='line_1_39' title="bbox 78 3602 1759 3676; baseline 0 -18"><span class='ocrx_word' id='word_1_519' title='bbox 78 3616 133 3659; x_wconf 89' lang='lat' dir='ltr'><strong>nen</strong></span> <span class='ocrx_word' id='word_1_520' title='bbox 150 3603 265 3661; x_wconf 89' lang='lat' dir='ltr'><strong>illomm</strong></span> <span class='ocrx_word' id='word_1_521' title='bbox 293 3604 405 3676; x_wconf 84' lang='lat' dir='ltr'><strong>castiga</strong></span> <span class='ocrx_word' id='word_1_522' title='bbox 421 3611 456 3660; x_wconf 87' lang='lat' dir='ltr'><strong>te.</strong></span> <span class='ocrx_word' id='word_1_523' title='bbox 484 3606 534 3659; x_wconf 80' lang='lat' dir='ltr'><strong>list</strong></span> <span class='ocrx_word' id='word_1_524' title='bbox 559 3609 702 3674; x_wconf 86' lang='lat' dir='ltr'><strong>peecatum</strong></span> <span class='ocrx_word' id='word_1_525' title='bbox 728 3603 765 3658; x_wconf 89' lang='lat' dir='ltr'><strong>cd</strong></span> <span class='ocrx_word' id='word_1_526' title='bbox 787 3618 858 3659; x_wconf 86' lang='lat' dir='ltr'><strong>mor·</strong></span> <span class='ocrx_word' id='word_1_527' title='bbox 910 3605 1031 3669; x_wconf 91' lang='lat' dir='ltr'><strong>cultare,</strong></span> <span class='ocrx_word' id='word_1_528' title='bbox 1059 3616 1117 3659; x_wconf 91' lang='lat' dir='ltr'><strong>nou</strong></span> <span class='ocrx_word' id='word_1_529' title='bbox 1142 3602 1248 3659; x_wconf 90' lang='lat' dir='ltr'><strong>laisum</strong></span> <span class='ocrx_word' id='word_1_530' title='bbox 1292 3603 1397 3671; x_wconf 90' lang='lat' dir='ltr'><strong>dicere,</strong></span> <span class='ocrx_word' id='word_1_531' title='bbox 1440 3610 1471 3661; x_wconf 92' lang='lat' dir='ltr'><strong>ut</strong></span> <span class='ocrx_word' id='word_1_532' title='bbox 1509 3618 1605 3675; x_wconf 90' lang='lat' dir='ltr'><strong>neque</strong></span> <span class='ocrx_word' id='word_1_533' title='bbox 1644 3602 1759 3674; x_wconf 90' lang='lat' dir='ltr'><strong>prodat,</strong></span> 
     </span>
     <span class='ocr_line' id='line_1_40' title="bbox 90 3690 1758 3762; baseline 0 -15"><span class='ocrx_word' id='word_1_534' title='bbox 90 3706 208 3762; x_wconf 89' lang='lat' dir='ltr'><strong>ncnpro</strong></span> <span class='ocrx_word' id='word_1_535' title='bbox 229 3693 276 3748; x_wconf 84' lang='lat' dir='ltr'><strong>iilo</strong></span> <span class='ocrx_word' id='word_1_536' title='bbox 300 3692 360 3748; x_wconf 82' lang='lat' dir='ltr'><strong>dico</strong></span> <span class='ocrx_word' id='word_1_537' title='bbox 388 3698 419 3746; x_wconf 90' lang='lat' dir='ltr'><strong>ut</strong></span> <span class='ocrx_word' id='word_1_538' title='bbox 436 3696 497 3761; x_wconf 80' lang='lat' dir='ltr'><strong>quis</strong></span> <span class='ocrx_word' id='word_1_539' title='bbox 522 3696 608 3762; x_wconf 78' lang='lat' dir='ltr'><strong>roget.</strong></span> <span class='ocrx_word' id='word_1_540' title='bbox 628 3690 759 3748; x_wconf 87' lang='lat' dir='ltr'><strong>Ostendit</strong></span> <span class='ocrx_word' id='word_1_541' title='bbox 772 3691 857 3748; x_wconf 92' lang='lat' dir='ltr'><strong>nobis</strong></span> <span class='ocrx_word' id='word_1_542' title='bbox 910 3705 1006 3762; x_wconf 90' lang='lat' dir='ltr'><strong>neque</strong></span> <span class='ocrx_word' id='word_1_543' title='bbox 1027 3690 1195 3758; x_wconf 87' lang='lat' dir='ltr'><strong>mentiatur,</strong></span> <span class='ocrx_word' id='word_1_544' title='bbox 1225 3704 1278 3746; x_wconf 90' lang='lat' dir='ltr'><strong>nec</strong></span> <span class='ocrx_word' id='word_1_545' title='bbox 1300 3691 1411 3747; x_wconf 91' lang='lat' dir='ltr'><strong>occidat</strong></span> <span class='ocrx_word' id='word_1_546' title='bbox 1439 3691 1567 3749; x_wconf 90' lang='lat' dir='ltr'><strong>animam</strong></span> <span class='ocrx_word' id='word_1_547' title='bbox 1597 3705 1681 3748; x_wconf 90' lang='lat' dir='ltr'><strong>suam</strong></span> <span class='ocrx_word' id='word_1_548' title='bbox 1706 3704 1758 3761; x_wconf 89' lang='lat' dir='ltr'><strong>pro</strong></span> 
     </span>
     <span class='ocr_line' id='line_1_41' title="bbox 81 3777 1756 3852; baseline -0.001 -15"><span class='ocrx_word' id='word_1_549' title='bbox 81 3780 478 3852; x_wconf 85' lang='lat' dir='ltr'><strong>neeesseqnosdamiratres,</strong></span> <span class='ocrx_word' id='word_1_550' title='bbox 501 3781 676 3852; x_wconf 90' lang='lat' dir='ltr'><strong>proquibns</strong></span> <span class='ocrx_word' id='word_1_551' title='bbox 697 3796 755 3838; x_wconf 91' lang='lat' dir='ltr'><strong>non</strong></span> <span class='ocrx_word' id='word_1_552' title='bbox 774 3794 857 3838; x_wconf 89' lang='lat' dir='ltr'><strong>orare</strong></span> <span class='ocrx_word' id='word_1_553' title='bbox 910 3793 1029 3850; x_wconf 90' lang='lat' dir='ltr'><strong>corpore</strong></span> <span class='ocrx_word' id='word_1_554' title='bbox 1048 3777 1177 3835; x_wconf 86' lang='lat' dir='ltr'><strong>alterius.</strong></span> <span class='ocrx_word' id='word_1_555' title='bbox 1205 3780 1272 3833; x_wconf 82' lang='lat' dir='ltr'><strong>ltern</strong></span> <span class='ocrx_word' id='word_1_556' title='bbox 1299 3795 1306 3833; x_wconf 91' lang='lat'>:</span> <span class='ocrx_word' id='word_1_557' title='bbox 1339 3781 1401 3836; x_wconf 87' lang='lat' dir='ltr'><strong>buo</strong></span> <span class='ocrx_word' id='word_1_558' title='bbox 1427 3786 1496 3836; x_wconf 90' lang='lat' dir='ltr'><strong>sunt</strong></span> <span class='ocrx_word' id='word_1_559' title='bbox 1528 3793 1634 3851; x_wconf 87' lang='lat' dir='ltr'><strong>genera</strong></span> <span class='ocrx_word' id='word_1_560' title='bbox 1672 3792 1756 3835; x_wconf 91' lang='lat' dir='ltr'><strong>men·</strong></span> 
     </span>
     <span class='ocr_line' id='line_1_42' title="bbox 79 3866 1755 3940; baseline 0 -16"><span class='ocrx_word' id='word_1_561' title='bbox 79 3883 93 3924; x_wconf 90' lang='lat' dir='ltr'><strong>s</strong></span> <span class='ocrx_word' id='word_1_562' title='bbox 120 3868 295 3940; x_wconf 82' lang='lat' dir='ltr'><strong>praecipitur,</strong></span> <span class='ocrx_word' id='word_1_563' title='bbox 325 3883 394 3926; x_wconf 91' lang='lat' dir='ltr'><strong>cum</strong></span> <span class='ocrx_word' id='word_1_564' title='bbox 427 3870 733 3940; x_wconf 83' lang='lat' dir='ltr'><strong>[lominusetiampro</strong></span> <span class='ocrx_word' id='word_1_565' title='bbox 762 3883 855 3940; x_wconf 91' lang='lat' dir='ltr'><strong>perse·</strong></span> <span class='ocrx_word' id='word_1_566' title='bbox 910 3867 1071 3936; x_wconf 84' lang='lat' dir='ltr'><strong>deciorum,</strong></span> <span class='ocrx_word' id='word_1_567' title='bbox 1107 3866 1138 3922; x_wconf 91' lang='lat' dir='ltr'><strong>in</strong></span> <span class='ocrx_word' id='word_1_568' title='bbox 1168 3867 1275 3938; x_wconf 88' lang='lat' dir='ltr'><strong>quibus</strong></span> <span class='ocrx_word' id='word_1_569' title='bbox 1296 3881 1354 3923; x_wconf 91' lang='lat' dir='ltr'><strong>non</strong></span> <span class='ocrx_word' id='word_1_570' title='bbox 1394 3882 1501 3940; x_wconf 90' lang='lat' dir='ltr'><strong>magna</strong></span> <span class='ocrx_word' id='word_1_571' title='bbox 1528 3868 1612 3938; x_wconf 92' lang='lat' dir='ltr'><strong>culpa</strong></span> <span class='ocrx_word' id='word_1_572' title='bbox 1637 3874 1688 3935; x_wconf 89' lang='lat' dir='ltr'><strong>est,</strong></span> <span class='ocrx_word' id='word_1_573' title='bbox 1705 3868 1755 3924; x_wconf 89' lang='lat' dir='ltr'><strong>sed</strong></span> 
     </span>
     <span class='ocr_line' id='line_1_43' title="bbox 79 3956 1756 4030; baseline -0.001 -15"><span class='ocrx_word' id='word_1_574' title='bbox 79 3957 159 4015; x_wconf 91' lang='lat' dir='ltr'><strong>ribus</strong></span> <span class='ocrx_word' id='word_1_575' title='bbox 173 3972 256 4015; x_wconf 84' lang='lat' dir='ltr'><strong>orare</strong></span> <span class='ocrx_word' id='word_1_576' title='bbox 272 3973 327 4015; x_wconf 92' lang='lat' dir='ltr'><strong>nos</strong></span> <span class='ocrx_word' id='word_1_577' title='bbox 347 3959 472 4030; x_wconf 86' lang='lat' dir='ltr'><strong>jubeat;</strong></span> <span class='ocrx_word' id='word_1_578' title='bbox 504 3959 581 4029; x_wconf 92' lang='lat' dir='ltr'><strong>quod</strong></span> <span class='ocrx_word' id='word_1_579' title='bbox 597 3958 679 4016; x_wconf 88' lang='lat' dir='ltr'><strong>aliter</strong></span> <span class='ocrx_word' id='word_1_580' title='bbox 698 3957 770 4015; x_wconf 92' lang='lat' dir='ltr'><strong>solvi</strong></span> <span class='ocrx_word' id='word_1_581' title='bbox 798 3972 857 4016; x_wconf 94' lang='lat' dir='ltr'><strong>non</strong></span> <span class='ocrx_word' id='word_1_582' title='bbox 910 3964 1078 4015; x_wconf 90' lang='lat' dir='ltr'><strong>tamennon</strong></span> <span class='ocrx_word' id='word_1_583' title='bbox 1102 3964 1172 4011; x_wconf 86' lang='lat' dir='ltr'><strong>sunt</strong></span> <span class='ocrx_word' id='word_1_584' title='bbox 1193 3956 1255 4011; x_wconf 90' lang='lat' dir='ltr'><strong>sine</strong></span> <span class='ocrx_word' id='word_1_585' title='bbox 1284 3956 1380 4027; x_wconf 89' lang='lat' dir='ltr'><strong>culpa.</strong></span> <span class='ocrx_word' id='word_1_586' title='bbox 1402 3956 1475 4012; x_wconf 79' lang='lat' dir='ltr'><strong>cum</strong></span> <span class='ocrx_word' id='word_1_587' title='bbox 1495 3962 1594 4012; x_wconf 88' lang='lat' dir='ltr'><strong>autern</strong></span> <span class='ocrx_word' id='word_1_588' title='bbox 1621 3957 1756 4028; x_wconf 86' lang='lat' dir='ltr'><strong>jocamur</strong></span> 
     </span>
     <span class='ocr_line' id='line_1_44' title="bbox 79 4043 1758 4120; baseline -0.001 -16"><span class='ocrx_word' id='word_1_589' title='bbox 79 4055 112 4116; x_wconf 90' lang='lat' dir='ltr'><strong>st,</strong></span> <span class='ocrx_word' id='word_1_590' title='bbox 134 4047 190 4103; x_wconf 92' lang='lat' dir='ltr'><strong>nisi</strong></span> <span class='ocrx_word' id='word_1_591' title='bbox 205 4048 348 4104; x_wconf 89' lang='lat' dir='ltr'><strong>lateamur</strong></span> <span class='ocrx_word' id='word_1_592' title='bbox 362 4063 423 4105; x_wconf 87' lang='lat' dir='ltr'><strong>esso</strong></span> <span class='ocrx_word' id='word_1_593' title='bbox 438 4048 539 4120; x_wconf 91' lang='lat' dir='ltr'><strong>aliqua</strong></span> <span class='ocrx_word' id='word_1_594' title='bbox 563 4056 680 4119; x_wconf 88' lang='lat' dir='ltr'><strong>peccata</strong></span> <span class='ocrx_word' id='word_1_595' title='bbox 704 4048 735 4104; x_wconf 93' lang='lat' dir='ltr'><strong>in</strong></span> <span class='ocrx_word' id='word_1_596' title='bbox 757 4047 856 4105; x_wconf 89' lang='lat' dir='ltr'><strong>iratri-</strong></span> <span class='ocrx_word' id='word_1_597' title='bbox 910 4053 962 4102; x_wconf 90' lang='lat' dir='ltr'><strong>aut</strong></span> <span class='ocrx_word' id='word_1_598' title='bbox 979 4059 1030 4116; x_wconf 94' lang='lat' dir='ltr'><strong>pro</strong></span> <span class='ocrx_word' id='word_1_599' title='bbox 1046 4043 1177 4115; x_wconf 90' lang='lat' dir='ltr'><strong>proximo</strong></span> <span class='ocrx_word' id='word_1_600' title='bbox 1197 4044 1366 4116; x_wconf 91' lang='lat' dir='ltr'><strong>mentimur,</strong></span> <span class='ocrx_word' id='word_1_601' title='bbox 1385 4044 1457 4101; x_wconf 91' lang='lat' dir='ltr'><strong>illud</strong></span> <span class='ocrx_word' id='word_1_602' title='bbox 1473 4045 1600 4115; x_wconf 90' lang='lat' dir='ltr'><strong>primum</strong></span> <span class='ocrx_word' id='word_1_603' title='bbox 1614 4045 1645 4101; x_wconf 93' lang='lat' dir='ltr'><strong>in</strong></span> <span class='ocrx_word' id='word_1_604' title='bbox 1658 4045 1758 4117; x_wconf 82' lang='lat' dir='ltr'><strong>jocan-</strong></span> 
     </span>
     <span class='ocr_line' id='line_1_45' title="bbox 93 4132 1758 4209; baseline 0.001 -19"><span class='ocrx_word' id='word_1_605' title='bbox 93 4147 160 4205; x_wconf 81' lang='lat' dir='ltr'><strong>quae</strong></span> <span class='ocrx_word' id='word_1_606' title='bbox 184 4136 368 4193; x_wconf 91' lang='lat' dir='ltr'><strong>inimicorum</strong></span> <span class='ocrx_word' id='word_1_607' title='bbox 392 4137 589 4208; x_wconf 88' lang='lat' dir='ltr'><strong>persecutione</strong></span> <span class='ocrx_word' id='word_1_608' title='bbox 618 4137 753 4209; x_wconf 88' lang='lat' dir='ltr'><strong>graviora</strong></span> <span class='ocrx_word' id='word_1_609' title='bbox 779 4143 857 4195; x_wconf 89' lang='lat' dir='ltr'><strong>sunt.</strong></span> <span class='ocrx_word' id='word_1_610' title='bbox 910 4135 946 4191; x_wconf 94' lang='lat' dir='ltr'><strong>do</strong></span> <span class='ocrx_word' id='word_1_611' title='bbox 974 4148 1033 4190; x_wconf 92' lang='lat' dir='ltr'><strong>non</strong></span> <span class='ocrx_word' id='word_1_612' title='bbox 1057 4141 1100 4190; x_wconf 91' lang='grc' dir='ltr'><strong>εει</strong></span> <span class='ocrx_word' id='word_1_613' title='bbox 1123 4133 1330 4204; x_wconf 87' lang='lat' dir='ltr'><strong>perniciosum,</strong></span> <span class='ocrx_word' id='word_1_614' title='bbox 1358 4134 1437 4204; x_wconf 92' lang='lat' dir='ltr'><strong>quod</strong></span> <span class='ocrx_word' id='word_1_615' title='bbox 1468 4148 1526 4191; x_wconf 93' lang='lat' dir='ltr'><strong>non</strong></span> <span class='ocrx_word' id='word_1_616' title='bbox 1555 4132 1649 4205; x_wconf 90' lang='lat' dir='ltr'><strong>lallit;</strong></span> <span class='ocrx_word' id='word_1_617' title='bbox 1677 4134 1758 4192; x_wconf 85' lang='lat' dir='ltr'><strong>norit</strong></span> 
     </span>
     <span class='ocr_line' id='line_1_46' title="bbox 79 4211 1757 4298; baseline -0.001 -18"><span class='ocrx_word' id='word_1_618' title='bbox 79 4230 161 4281; x_wconf 89' lang='lat' dir='ltr'><strong>atum</strong></span> <span class='ocrx_word' id='word_1_619' title='bbox 176 4224 274 4281; x_wconf 78' lang='lat' dir='ltr'><strong>fratris</strong></span> <span class='ocrx_word' id='word_1_620' title='bbox 288 4226 325 4282; x_wconf 93' lang='lat' dir='ltr'><strong>ad</strong></span> <span class='ocrx_word' id='word_1_621' title='bbox 340 4235 460 4283; x_wconf 90' lang='lat' dir='ltr'><strong>mortem</strong></span> <span class='ocrx_word' id='word_1_622' title='bbox 484 4236 535 4295; x_wconf 92' lang='lat' dir='ltr'><strong>est,</strong></span> <span class='ocrx_word' id='word_1_623' title='bbox 558 4241 625 4283; x_wconf 92' lang='lat' dir='ltr'><strong>cum</strong></span> <span class='ocrx_word' id='word_1_624' title='bbox 648 4234 711 4297; x_wconf 91' lang='lat' dir='ltr'><strong>post</strong></span> <span class='ocrx_word' id='word_1_625' title='bbox 731 4225 857 4298; x_wconf 89' lang='lat' dir='ltr'><strong>agnitio-</strong></span> <span class='ocrx_word' id='word_1_626' title='bbox 871 4211 894 4268; x_wconf 76' lang='lat' dir='ltr'>D</span> <span class='ocrx_word' id='word_1_627' title='bbox 910 4223 988 4281; x_wconf 89' lang='lat' dir='ltr'><strong>enirn</strong></span> <span class='ocrx_word' id='word_1_628' title='bbox 1005 4222 1052 4279; x_wconf 90' lang='lat' dir='ltr'><strong>illo</strong></span> <span class='ocrx_word' id='word_1_629' title='bbox 1067 4222 1114 4280; x_wconf 91' lang='lat' dir='ltr'><strong>cni</strong></span> <span class='ocrx_word' id='word_1_630' title='bbox 1128 4222 1246 4290; x_wconf 90' lang='lat' dir='ltr'><strong>dicitur,</strong></span> <span class='ocrx_word' id='word_1_631' title='bbox 1257 4224 1314 4295; x_wconf 89' lang='lat' dir='ltr'><strong>joci</strong></span> <span class='ocrx_word' id='word_1_632' title='bbox 1325 4237 1413 4280; x_wconf 85' lang='lat' dir='ltr'><strong>causa</strong></span> <span class='ocrx_word' id='word_1_633' title='bbox 1425 4237 1486 4280; x_wconf 89' lang='lat' dir='ltr'><strong>esso</strong></span> <span class='ocrx_word' id='word_1_634' title='bbox 1502 4221 1611 4280; x_wconf 87' lang='lat' dir='ltr'><strong>dictum</strong></span> <span class='ocrx_word' id='word_1_635' title='bbox 1626 4238 1634 4293; x_wconf 93' lang='lat'>;</span> <span class='ocrx_word' id='word_1_636' title='bbox 1655 4236 1757 4280; x_wconf 90' lang='lat' dir='ltr'><strong>secun·</strong></span> 
     </span>
     <span class='ocr_line' id='line_1_47' title="bbox 88 4311 1757 4387; baseline 0 -19"><span class='ocrx_word' id='word_1_637' title='bbox 88 4314 148 4381; x_wconf 81' lang='lat' dir='ltr'><strong>liei,</strong></span> <span class='ocrx_word' id='word_1_638' title='bbox 164 4329 230 4386; x_wconf 81' lang='lat' dir='ltr'><strong>quae</strong></span> <span class='ocrx_word' id='word_1_639' title='bbox 254 4329 304 4386; x_wconf 90' lang='lat' dir='ltr'><strong>per</strong></span> <span class='ocrx_word' id='word_1_640' title='bbox 332 4315 456 4387; x_wconf 88' lang='lat' dir='ltr'><strong>gratiam</strong></span> <span class='ocrx_word' id='word_1_641' title='bbox 480 4317 586 4374; x_wconf 84' lang='lat' dir='ltr'><strong>Christi</strong></span> <span class='ocrx_word' id='word_1_642' title='bbox 618 4317 686 4373; x_wconf 90' lang='lat' dir='ltr'><strong>data</strong></span> <span class='ocrx_word' id='word_1_643' title='bbox 707 4323 759 4386; x_wconf 91' lang='lat' dir='ltr'><strong>est,</strong></span> <span class='ocrx_word' id='word_1_644' title='bbox 776 4315 855 4387; x_wconf 90' lang='lat' dir='ltr'><strong>quis·</strong></span> <span class='ocrx_word' id='word_1_645' title='bbox 911 4313 982 4369; x_wconf 92' lang='lat' dir='ltr'><strong>dum</strong></span> <span class='ocrx_word' id='word_1_646' title='bbox 996 4311 1283 4382; x_wconf 57' lang='lat' dir='ltr'><strong>autemideogmitius</strong></span> <span class='ocrx_word' id='word_1_647' title='bbox 1297 4316 1349 4380; x_wconf 88' lang='lat' dir='ltr'><strong>est,</strong></span> <span class='ocrx_word' id='word_1_648' title='bbox 1367 4313 1439 4382; x_wconf 91' lang='lat' dir='ltr'><strong>qnia</strong></span> <span class='ocrx_word' id='word_1_649' title='bbox 1459 4313 1561 4369; x_wconf 91' lang='lat' dir='ltr'><strong>retinet</strong></span> <span class='ocrx_word' id='word_1_650' title='bbox 1584 4311 1757 4370; x_wconf 90' lang='lat' dir='ltr'><strong>nonnullam</strong></span> 
     </span>
     <span class='ocr_line' id='line_1_48' title="bbox 79 4400 1757 4479; baseline -0.001 -21"><span class='ocrx_word' id='word_1_651' title='bbox 79 4417 99 4458; x_wconf 94' lang='lat' dir='ltr'><strong>n</strong></span> <span class='ocrx_word' id='word_1_652' title='bbox 124 4411 275 4479; x_wconf 82' lang='lat' dir='ltr'><strong>oppugnat</strong></span> <span class='ocrx_word' id='word_1_653' title='bbox 301 4404 521 4472; x_wconf 74' lang='lat' dir='ltr'><strong>maternitatem,</strong></span> <span class='ocrx_word' id='word_1_654' title='bbox 546 4413 574 4462; x_wconf 90' lang='lat' dir='ltr'><strong>et</strong></span> <span class='ocrx_word' id='word_1_655' title='bbox 600 4406 741 4462; x_wconf 87' lang='lat' dir='ltr'><strong>adversus</strong></span> <span class='ocrx_word' id='word_1_656' title='bbox 764 4403 856 4475; x_wconf 89' lang='lat' dir='ltr'><strong>ipsam</strong></span> <span class='ocrx_word' id='word_1_657' title='bbox 911 4400 1152 4459; x_wconf 83' lang='lat' dir='ltr'><strong>benevolentiam.</strong></span> <span class='ocrx_word' id='word_1_658' title='bbox 1178 4400 1334 4458; x_wconf 90' lang='lat' dir='ltr'><strong>illudvero</strong></span> <span class='ocrx_word' id='word_1_659' title='bbox 1356 4402 1435 4471; x_wconf 92' lang='lat' dir='ltr'><strong>quod</strong></span> <span class='ocrx_word' id='word_1_660' title='bbox 1454 4415 1514 4457; x_wconf 91' lang='lat' dir='ltr'><strong>non</strong></span> <span class='ocrx_word' id='word_1_661' title='bbox 1540 4400 1626 4457; x_wconf 89' lang='lat' dir='ltr'><strong>babet</strong></span> <span class='ocrx_word' id='word_1_662' title='bbox 1649 4400 1757 4472; x_wconf 87' lang='lat' dir='ltr'><strong>duplex</strong></span> 
     </span>
     <span class='ocr_line' id='line_1_49' title="bbox 79 4489 1759 4564; baseline -0.001 -17"><span class='ocrx_word' id='word_1_663' title='bbox 79 4491 144 4562; x_wconf 89' lang='lat' dir='ltr'><strong>iam,</strong></span> <span class='ocrx_word' id='word_1_664' title='bbox 160 4507 220 4564; x_wconf 91' lang='lat' dir='ltr'><strong>qua</strong></span> <span class='ocrx_word' id='word_1_665' title='bbox 247 4492 450 4551; x_wconf 90' lang='lat' dir='ltr'><strong>reconciliatus</strong></span> <span class='ocrx_word' id='word_1_666' title='bbox 468 4501 510 4550; x_wconf 87' lang='lat' dir='ltr'><strong>est</strong></span> <span class='ocrx_word' id='word_1_667' title='bbox 530 4495 596 4562; x_wconf 83' lang='lat' dir='ltr'><strong>Deo,</strong></span> <span class='ocrx_word' id='word_1_668' title='bbox 622 4494 789 4551; x_wconf 83' lang='lat' dir='ltr'><strong>invidentiae</strong></span> <span class='ocrx_word' id='word_1_669' title='bbox 811 4495 856 4551; x_wconf 88' lang='lat' dir='ltr'><strong>la·</strong></span> <span class='ocrx_word' id='word_1_670' title='bbox 910 4505 969 4559; x_wconf 91' lang='lat' dir='ltr'><strong>cor,</strong></span> <span class='ocrx_word' id='word_1_671' title='bbox 995 4504 1049 4547; x_wconf 91' lang='lat' dir='ltr'><strong>nec</strong></span> <span class='ocrx_word' id='word_1_672' title='bbox 1071 4489 1257 4546; x_wconf 87' lang='lat' dir='ltr'><strong>mendacium</strong></span> <span class='ocrx_word' id='word_1_673' title='bbox 1288 4489 1406 4560; x_wconf 92' lang='lat' dir='ltr'><strong>quidem</strong></span> <span class='ocrx_word' id='word_1_674' title='bbox 1428 4490 1585 4547; x_wconf 92' lang='lat' dir='ltr'><strong>dicendum</strong></span> <span class='ocrx_word' id='word_1_675' title='bbox 1608 4497 1674 4558; x_wconf 71' lang='grc' dir='ltr'><strong>εει,</strong></span> <span class='ocrx_word' id='word_1_676' title='bbox 1696 4497 1759 4546; x_wconf 91' lang='lat' dir='ltr'><strong>tan·</strong></span> 
     </span>
     <span class='ocr_line' id='line_1_50' title="bbox 80 4578 1756 4652; baseline 0 -16"><span class='ocrx_word' id='word_1_677' title='bbox 80 4580 269 4652; x_wconf 88' lang='lat' dir='ltr'><strong>sagitatur;</strong></span> <span class='ocrx_word' id='word_1_678' title='bbox 295 4590 443 4652; x_wconf 91' lang='lat' dir='ltr'><strong>peccatum</strong></span> <span class='ocrx_word' id='word_1_679' title='bbox 460 4589 556 4638; x_wconf 90' lang='lat' dir='ltr'><strong>autem</strong></span> <span class='ocrx_word' id='word_1_680' title='bbox 578 4597 637 4639; x_wconf 91' lang='lat' dir='ltr'><strong>non</strong></span> <span class='ocrx_word' id='word_1_681' title='bbox 657 4583 693 4639; x_wconf 92' lang='lat' dir='ltr'><strong>ad</strong></span> <span class='ocrx_word' id='word_1_682' title='bbox 734 4591 856 4640; x_wconf 90' lang='lat' dir='ltr'><strong>mortem</strong></span> <span class='ocrx_word' id='word_1_683' title='bbox 910 4592 1010 4650; x_wconf 90' lang='lat' dir='ltr'><strong>quam,</strong></span> <span class='ocrx_word' id='word_1_684' title='bbox 1034 4579 1117 4636; x_wconf 81' lang='lat' dir='ltr'><strong>verbi</strong></span> <span class='ocrx_word' id='word_1_685' title='bbox 1140 4578 1248 4650; x_wconf 89' lang='lat' dir='ltr'><strong>gratia,</strong></span> <span class='ocrx_word' id='word_1_686' title='bbox 1282 4579 1305 4635; x_wconf 92' lang='lat' dir='ltr'><strong>si</strong></span> <span class='ocrx_word' id='word_1_687' title='bbox 1329 4579 1376 4635; x_wconf 93' lang='lat' dir='ltr'><strong>cui</strong></span> <span class='ocrx_word' id='word_1_688' title='bbox 1401 4579 1517 4651; x_wconf 82' lang='lat' dir='ltr'><strong>gladius</strong></span> <span class='ocrx_word' id='word_1_689' title='bbox 1538 4578 1756 4636; x_wconf 86' lang='lat' dir='ltr'><strong>commendetur</strong></span> 
     </span>
     <span class='ocr_line' id='line_1_51' title="bbox 85 4668 1757 4740; baseline 0 -16"><span class='ocrx_word' id='word_1_690' title='bbox 85 4668 109 4725; x_wconf 92' lang='lat' dir='ltr'><strong>si</strong></span> <span class='ocrx_word' id='word_1_691' title='bbox 136 4672 202 4740; x_wconf 87' lang='lat' dir='ltr'><strong>quis</strong></span> <span class='ocrx_word' id='word_1_692' title='bbox 228 4684 354 4728; x_wconf 90' lang='lat' dir='ltr'><strong>amorem</strong></span> <span class='ocrx_word' id='word_1_693' title='bbox 379 4685 396 4726; x_wconf 93' lang='lat' dir='ltr'><strong>a</strong></span> <span class='ocrx_word' id='word_1_694' title='bbox 421 4671 510 4728; x_wconf 82' lang='lat' dir='ltr'><strong>tratre</strong></span> <span class='ocrx_word' id='word_1_695' title='bbox 530 4685 588 4727; x_wconf 91' lang='lat' dir='ltr'><strong>non</strong></span> <span class='ocrx_word' id='word_1_696' title='bbox 605 4671 783 4738; x_wconf 88' lang='lat' dir='ltr'><strong>alienaverit,</strong></span> <span class='ocrx_word' id='word_1_697' title='bbox 806 4672 855 4728; x_wconf 91' lang='lat' dir='ltr'><strong>sed</strong></span> <span class='ocrx_word' id='word_1_698' title='bbox 910 4675 938 4725; x_wconf 92' lang='grc' dir='ltr'><strong>ει</strong></span> <span class='ocrx_word' id='word_1_699' title='bbox 953 4668 1095 4738; x_wconf 90' lang='lat' dir='ltr'><strong>promittit</strong></span> <span class='ocrx_word' id='word_1_700' title='bbox 1109 4682 1139 4724; x_wconf 91' lang='lat' dir='ltr'><strong>se</strong></span> <span class='ocrx_word' id='word_1_701' title='bbox 1168 4668 1360 4735; x_wconf 89' lang='lat' dir='ltr'><strong>redditurum,</strong></span> <span class='ocrx_word' id='word_1_702' title='bbox 1376 4682 1443 4725; x_wconf 92' lang='lat' dir='ltr'><strong>cum</strong></span> <span class='ocrx_word' id='word_1_703' title='bbox 1471 4669 1519 4726; x_wconf 89' lang='lat' dir='ltr'><strong>ille</strong></span> <span class='ocrx_word' id='word_1_704' title='bbox 1537 4669 1589 4740; x_wconf 92' lang='lat' dir='ltr'><strong>qui</strong></span> <span class='ocrx_word' id='word_1_705' title='bbox 1612 4681 1757 4725; x_wconf 86' lang='lat' dir='ltr'><strong>commen·</strong></span> 
     </span>
     <span class='ocr_line' id='line_1_52' title="bbox 78 4756 1755 4831; baseline 0.001 -17"><span class='ocrx_word' id='word_1_706' title='bbox 78 4758 104 4814; x_wconf 92' lang='lat' dir='ltr'><strong>ia</strong></span> <span class='ocrx_word' id='word_1_707' title='bbox 125 4758 298 4817; x_wconf 86' lang='lat' dir='ltr'><strong>iraternitati</strong></span> <span class='ocrx_word' id='word_1_708' title='bbox 322 4760 419 4816; x_wconf 91' lang='lat' dir='ltr'><strong>debita</strong></span> <span class='ocrx_word' id='word_1_709' title='bbox 444 4774 494 4831; x_wconf 93' lang='lat' dir='ltr'><strong>per</strong></span> <span class='ocrx_word' id='word_1_710' title='bbox 509 4760 639 4830; x_wconf 88' lang='lat' dir='ltr'><strong>aliquam</strong></span> <span class='ocrx_word' id='word_1_711' title='bbox 659 4760 855 4817; x_wconf 81' lang='lat' dir='ltr'><strong>infirmitatem</strong></span> <span class='ocrx_word' id='word_1_712' title='bbox 910 4757 991 4814; x_wconf 90' lang='lat' dir='ltr'><strong>davit</strong></span> <span class='ocrx_word' id='word_1_713' title='bbox 1017 4757 1198 4829; x_wconf 75' lang='lat' dir='ltr'><strong>poposcerit:</strong></span> <span class='ocrx_word' id='word_1_714' title='bbox 1224 4756 1247 4813; x_wconf 91' lang='lat' dir='ltr'><strong>si</strong></span> <span class='ocrx_word' id='word_1_715' title='bbox 1262 4756 1334 4814; x_wconf 85' lang='lat' dir='ltr'><strong>torte</strong></span> <span class='ocrx_word' id='word_1_716' title='bbox 1349 4756 1479 4829; x_wconf 83' lang='lat' dir='ltr'><strong>gladium</strong></span> <span class='ocrx_word' id='word_1_717' title='bbox 1507 4772 1594 4815; x_wconf 91' lang='lat' dir='ltr'><strong>snum</strong></span> <span class='ocrx_word' id='word_1_718' title='bbox 1615 4771 1755 4829; x_wconf 86' lang='lat' dir='ltr'><strong>poposce·</strong></span> 
     </span>
     <span class='ocr_line' id='line_1_53' title="bbox 79 4846 1754 4921; baseline -0.001 -17"><span class='ocrx_word' id='word_1_719' title='bbox 79 4848 100 4904; x_wconf 85' lang='lat' dir='ltr'><strong>ri</strong></span> <span class='ocrx_word' id='word_1_720' title='bbox 126 4848 182 4921; x_wconf 81' lang='grc'>(34)</span> <span class='ocrx_word' id='word_1_721' title='bbox 199 4863 257 4905; x_wconf 86' lang='lat' dir='ltr'><strong>non</strong></span> <span class='ocrx_word' id='word_1_722' title='bbox 280 4849 457 4906; x_wconf 81' lang='lat' dir='ltr'><strong>exhibuerit.</strong></span> <span class='ocrx_word' id='word_1_723' title='bbox 474 4848 655 4918; x_wconf 86' lang='lat' dir='ltr'><strong>Quapropter</strong></span> <span class='ocrx_word' id='word_1_724' title='bbox 674 4856 701 4905; x_wconf 93' lang='grc' dir='ltr'><strong>ει</strong></span> <span class='ocrx_word' id='word_1_725' title='bbox 716 4849 855 4911; x_wconf 86' lang='lat' dir='ltr'><strong>Dominus</strong></span> <span class='ocrx_word' id='word_1_726' title='bbox 910 4847 948 4904; x_wconf 91' lang='lat' dir='ltr'><strong>rit</strong></span> <span class='ocrx_word' id='word_1_727' title='bbox 974 4847 1083 4915; x_wconf 85' lang='lat' dir='ltr'><strong>iurens,</strong></span> <span class='ocrx_word' id='word_1_728' title='bbox 1108 4846 1294 4903; x_wconf 85' lang='lat' dir='ltr'><strong>manilestum</strong></span> <span class='ocrx_word' id='word_1_729' title='bbox 1321 4855 1444 4904; x_wconf 89' lang='lat' dir='ltr'><strong>estnon</strong></span> <span class='ocrx_word' id='word_1_730' title='bbox 1476 4862 1537 4904; x_wconf 90' lang='lat' dir='ltr'><strong>esse</strong></span> <span class='ocrx_word' id='word_1_731' title='bbox 1564 4847 1754 4917; x_wconf 88' lang='lat' dir='ltr'><strong>reddendum,</strong></span> 
     </span>
     <span class='ocr_line' id='line_1_54' title="bbox 89 4935 1755 5007; baseline 0.001 -15"><span class='ocrx_word' id='word_1_732' title='bbox 89 4938 180 5004; x_wconf 86' lang='lat' dir='ltr'><strong>Pater,</strong></span> <span class='ocrx_word' id='word_1_733' title='bbox 196 4942 304 5005; x_wconf 79' lang='lat' dir='ltr'><strong>iquosee</strong></span> <span class='ocrx_word' id='word_1_734' title='bbox 322 4938 391 5007; x_wconf 82' lang='lat' dir='ltr'><strong>illie,</strong></span> <span class='ocrx_word' id='word_1_735' title='bbox 421 4939 486 5005; x_wconf 84' lang='lat' dir='ltr'><strong>quic</strong></span> <span class='ocrx_word' id='word_1_736' title='bbox 499 4941 624 4993; x_wconf 85' lang='lat' dir='ltr'><strong>nesciunt</strong></span> <span class='ocrx_word' id='word_1_737' title='bbox 649 4939 718 5005; x_wconf 83' lang='lat' dir='ltr'><strong>qnid</strong></span> <span class='ocrx_word' id='word_1_738' title='bbox 737 4940 853 5006; x_wconf 74' lang='lat' dir='ltr'><strong>facient.</strong></span> <span class='ocrx_word' id='word_1_739' title='bbox 909 4936 1007 4994; x_wconf 90' lang='lat' dir='ltr'><strong>nevel</strong></span> <span class='ocrx_word' id='word_1_740' title='bbox 1023 4951 1053 4992; x_wconf 88' lang='lat' dir='ltr'><strong>se</strong></span> <span class='ocrx_word' id='word_1_741' title='bbox 1065 4936 1176 4993; x_wconf 92' lang='lat' dir='ltr'><strong>occidat</strong></span> <span class='ocrx_word' id='word_1_742' title='bbox 1189 4935 1234 4992; x_wconf 93' lang='lat' dir='ltr'><strong>vel</strong></span> <span class='ocrx_word' id='word_1_743' title='bbox 1249 4936 1330 5004; x_wconf 91' lang='lat' dir='ltr'><strong>alios,</strong></span> <span class='ocrx_word' id='word_1_744' title='bbox 1348 4937 1438 4993; x_wconf 92' lang='lat' dir='ltr'><strong>donec</strong></span> <span class='ocrx_word' id='word_1_745' title='bbox 1452 4937 1562 4994; x_wconf 87' lang='lat' dir='ltr'><strong>sanitas</strong></span> <span class='ocrx_word' id='word_1_746' title='bbox 1572 4938 1599 4994; x_wconf 89' lang='lat' dir='ltr'><strong>ei</strong></span> <span class='ocrx_word' id='word_1_747' title='bbox 1618 4937 1755 4994; x_wconf 85' lang='lat' dir='ltr'><strong>restitua-</strong></span> 
     </span>
     <span class='ocr_line' id='line_1_55' title="bbox 79 5024 1756 5098; baseline 0.001 -16"><span class='ocrx_word' id='word_1_748' title='bbox 79 5025 145 5083; x_wconf 89' lang='lat' dir='ltr'><strong>lum</strong></span> <span class='ocrx_word' id='word_1_749' title='bbox 177 5027 278 5098; x_wconf 85' lang='lat' dir='ltr'><strong>gratiae</strong></span> <span class='ocrx_word' id='word_1_750' title='bbox 311 5027 403 5083; x_wconf 88' lang='lat' dir='ltr'><strong>sancti</strong></span> <span class='ocrx_word' id='word_1_751' title='bbox 436 5027 561 5096; x_wconf 91' lang='lat' dir='ltr'><strong>Spiritus</strong></span> <span class='ocrx_word' id='word_1_752' title='bbox 594 5027 749 5097; x_wconf 89' lang='lat' dir='ltr'><strong>participes</strong></span> <span class='ocrx_word' id='word_1_753' title='bbox 776 5028 854 5098; x_wconf 90' lang='lat' dir='ltr'><strong>lacti,</strong></span> <span class='ocrx_word' id='word_1_754' title='bbox 909 5032 968 5082; x_wconf 92' lang='lat' dir='ltr'><strong>tur.</strong></span> <span class='ocrx_word' id='word_1_755' title='bbox 996 5028 1084 5080; x_wconf 85' lang='lat' dir='ltr'><strong>Homo</strong></span> <span class='ocrx_word' id='word_1_756' title='bbox 1108 5024 1170 5081; x_wconf 92' lang='lat' dir='ltr'><strong>ideo</strong></span> <span class='ocrx_word' id='word_1_757' title='bbox 1200 5040 1259 5082; x_wconf 93' lang='lat' dir='ltr'><strong>non</strong></span> <span class='ocrx_word' id='word_1_758' title='bbox 1288 5025 1375 5081; x_wconf 87' lang='lat' dir='ltr'><strong>babet</strong></span> <span class='ocrx_word' id='word_1_759' title='bbox 1395 5025 1504 5097; x_wconf 84' lang='lat' dir='ltr'><strong>duplex</strong></span> <span class='ocrx_word' id='word_1_760' title='bbox 1520 5041 1578 5094; x_wconf 91' lang='lat' dir='ltr'><strong>cor,</strong></span> <span class='ocrx_word' id='word_1_761' title='bbox 1609 5026 1680 5097; x_wconf 90' lang='lat' dir='ltr'><strong>quia</strong></span> <span class='ocrx_word' id='word_1_762' title='bbox 1708 5024 1756 5085; x_wconf 93' lang='lat' dir='ltr'><strong>ille</strong></span> 
     </span>
     <span class='ocr_line' id='line_1_56' title="bbox 79 5113 1755 5187; baseline 0.003 -19"><span class='ocrx_word' id='word_1_763' title='bbox 79 5113 234 5169; x_wconf 92' lang='lat' dir='ltr'><strong>inondum</strong></span> <span class='ocrx_word' id='word_1_764' title='bbox 262 5114 374 5171; x_wconf 87' lang='lat' dir='ltr'><strong>Christo</strong></span> <span class='ocrx_word' id='word_1_765' title='bbox 388 5113 583 5182; x_wconf 90' lang='lat' dir='ltr'><strong>crediderunt,</strong></span> <span class='ocrx_word' id='word_1_766' title='bbox 605 5128 701 5185; x_wconf 90' lang='lat' dir='ltr'><strong>neque</strong></span> <span class='ocrx_word' id='word_1_767' title='bbox 716 5114 856 5172; x_wconf 88' lang='lat' dir='ltr'><strong>adversus</strong></span> <span class='ocrx_word' id='word_1_768' title='bbox 909 5114 988 5171; x_wconf 89' lang='lat' dir='ltr'><strong>cuic</strong></span> <span class='ocrx_word' id='word_1_769' title='bbox 1007 5114 1191 5170; x_wconf 90' lang='lat' dir='ltr'><strong>mmendatus</strong></span> <span class='ocrx_word' id='word_1_770' title='bbox 1214 5120 1257 5170; x_wconf 91' lang='lat' dir='ltr'><strong>est</strong></span> <span class='ocrx_word' id='word_1_771' title='bbox 1280 5113 1406 5185; x_wconf 88' lang='lat' dir='ltr'><strong>gladius,</strong></span> <span class='ocrx_word' id='word_1_772' title='bbox 1435 5130 1503 5172; x_wconf 93' lang='lat' dir='ltr'><strong>cum</strong></span> <span class='ocrx_word' id='word_1_773' title='bbox 1517 5115 1701 5187; x_wconf 90' lang='lat' dir='ltr'><strong>promittebat</strong></span> <span class='ocrx_word' id='word_1_774' title='bbox 1724 5129 1755 5173; x_wconf 86' lang='lat' dir='ltr'><strong>se</strong></span> 
     </span>
     <span class='ocr_line' id='line_1_57' title="bbox 79 5202 1756 5276; baseline 0.004 -19"><span class='ocrx_word' id='word_1_775' title='bbox 79 5215 89 5256; x_wconf 89' lang='lat'>1</span> <span class='ocrx_word' id='word_1_776' title='bbox 103 5216 286 5259; x_wconf 90' lang='lat' dir='ltr'><strong>communem</strong></span> <span class='ocrx_word' id='word_1_777' title='bbox 301 5203 424 5274; x_wconf 87' lang='lat' dir='ltr'><strong>gratiam</strong></span> <span class='ocrx_word' id='word_1_778' title='bbox 447 5202 635 5259; x_wconf 91' lang='lat' dir='ltr'><strong>dimicabant.</strong></span> <span class='ocrx_word' id='word_1_779' title='bbox 652 5204 745 5261; x_wconf 88' lang='lat' dir='ltr'><strong>Potest</strong></span> <span class='ocrx_word' id='word_1_780' title='bbox 759 5211 855 5261; x_wconf 86' lang='lat' dir='ltr'><strong>antem</strong></span> <span class='ocrx_word' id='word_1_781' title='bbox 909 5203 1091 5262; x_wconf 93' lang='lat' dir='ltr'><strong>redditurum</strong></span> <span class='ocrx_word' id='word_1_782' title='bbox 1108 5203 1245 5273; x_wconf 88' lang='lat' dir='ltr'><strong>poscenti,</strong></span> <span class='ocrx_word' id='word_1_783' title='bbox 1276 5217 1334 5260; x_wconf 92' lang='lat' dir='ltr'><strong>non</strong></span> <span class='ocrx_word' id='word_1_784' title='bbox 1349 5204 1495 5276; x_wconf 87' lang='lat' dir='ltr'><strong>cogitabat</strong></span> <span class='ocrx_word' id='word_1_785' title='bbox 1516 5204 1659 5261; x_wconf 91' lang='lat' dir='ltr'><strong>lurentem</strong></span> <span class='ocrx_word' id='word_1_786' title='bbox 1673 5217 1756 5274; x_wconf 85' lang='lat' dir='ltr'><strong>posse</strong></span> 
     </span>
     <span class='ocr_line' id='line_1_58' title="bbox 79 5291 1756 5368; baseline 0.002 -21"><span class='ocrx_word' id='word_1_787' title='bbox 79 5297 159 5348; x_wconf 90' lang='lat' dir='ltr'><strong>atnrn</strong></span> <span class='ocrx_word' id='word_1_788' title='bbox 172 5305 267 5362; x_wconf 88' lang='lat' dir='ltr'><strong>usque</strong></span> <span class='ocrx_word' id='word_1_789' title='bbox 280 5292 317 5348; x_wconf 85' lang='lat' dir='ltr'><strong>ad</strong></span> <span class='ocrx_word' id='word_1_790' title='bbox 332 5300 453 5350; x_wconf 89' lang='lat' dir='ltr'><strong>mortem</strong></span> <span class='ocrx_word' id='word_1_791' title='bbox 480 5292 581 5364; x_wconf 90' lang='lat' dir='ltr'><strong>accipi,</strong></span> <span class='ocrx_word' id='word_1_792' title='bbox 607 5306 658 5365; x_wconf 91' lang='lat' dir='ltr'><strong>pro</strong></span> <span class='ocrx_word' id='word_1_793' title='bbox 682 5307 856 5368; x_wconf 90' lang='lat' dir='ltr'><strong>quorogare</strong></span> <span class='ocrx_word' id='word_1_794' title='bbox 910 5301 1047 5366; x_wconf 89' lang='lat' dir='ltr'><strong>repetere.</strong></span> <span class='ocrx_word' id='word_1_795' title='bbox 1077 5291 1259 5350; x_wconf 89' lang='lat' dir='ltr'><strong>llanilestum</strong></span> <span class='ocrx_word' id='word_1_796' title='bbox 1280 5300 1323 5349; x_wconf 90' lang='lat' dir='ltr'><strong>est</strong></span> <span class='ocrx_word' id='word_1_797' title='bbox 1344 5307 1402 5351; x_wconf 93' lang='lat' dir='ltr'><strong>non</strong></span> <span class='ocrx_word' id='word_1_798' title='bbox 1416 5307 1477 5350; x_wconf 90' lang='lat' dir='ltr'><strong>esse</strong></span> <span class='ocrx_word' id='word_1_799' title='bbox 1500 5293 1679 5365; x_wconf 87' lang='lat' dir='ltr'><strong>culpandum</strong></span> <span class='ocrx_word' id='word_1_800' title='bbox 1703 5292 1756 5351; x_wconf 90' lang='lat' dir='ltr'><strong>ali·</strong></span> 
     </span>
    </p>
   </div>
   <div class='ocr_carea' id='block_1_3' title="bbox 79 5414 1752 5559">
    <p class='ocr_par' dir='ltr' id='par_1_6' title="bbox 79 5414 1752 5559">
     <span class='ocr_line' id='line_1_59' title="bbox 79 5414 1752 5495; baseline 0.006 -26"><span class='ocrx_word' id='word_1_801' title='bbox 79 5415 93 5469; x_wconf 79' lang='lat' dir='ltr'><strong>l</strong></span> <span class='ocrx_word' id='word_1_802' title='bbox 119 5414 203 5472; x_wconf 86' lang='lat' dir='ltr'><strong>cous.</strong></span> <span class='ocrx_word' id='word_1_803' title='bbox 219 5429 296 5473; x_wconf 84' lang='lat' dir='ltr'><strong>om:</strong></span> <span class='ocrx_word' id='word_1_804' title='bbox 311 5419 406 5473; x_wconf 81' lang='lat' dir='ltr'><strong>enimi.</strong></span> <span class='ocrx_word' id='word_1_805' title='bbox 726 5474 730 5489; x_wconf 62' lang='lat'><strong>,</strong></span> <span class='ocrx_word' id='word_1_806' title='bbox 946 5419 1002 5492; x_wconf 76' lang='grc'>(36)</span> <span class='ocrx_word' id='word_1_807' title='bbox 1032 5418 1118 5479; x_wconf 86' lang='lat' dir='ltr'><strong>Cous.</strong></span> <span class='ocrx_word' id='word_1_808' title='bbox 1136 5431 1144 5476; x_wconf 77' lang='grc' dir='ltr'><em>τ</em></span> <span class='ocrx_word' id='word_1_809' title='bbox 1162 5418 1240 5487; x_wconf 81' lang='lat' dir='ltr'><strong>Quod</strong></span> <span class='ocrx_word' id='word_1_810' title='bbox 1264 5419 1343 5476; x_wconf 85' lang='lat' dir='ltr'><strong>nullo</strong></span> <span class='ocrx_word' id='word_1_811' title='bbox 1370 5419 1405 5477; x_wconf 87' lang='lat' dir='ltr'><strong>dc</strong></span> <span class='ocrx_word' id='word_1_812' title='bbox 1425 5435 1511 5480; x_wconf 84' lang='lat' dir='ltr'><strong>causo</strong></span> <span class='ocrx_word' id='word_1_813' title='bbox 1527 5422 1638 5482; x_wconf 80' lang='lat' dir='ltr'><strong>mentiri</strong></span> <span class='ocrx_word' id='word_1_814' title='bbox 1662 5421 1752 5495; x_wconf 84' lang='lat' dir='ltr'><strong>liceat,</strong></span> 
     </span>
     <span class='ocr_line' id='line_1_60' title="bbox 79 5485 1053 5559; baseline 0.009 -21"><span class='ocrx_word' id='word_1_815' title='bbox 79 5489 94 5538; x_wconf 78' lang='lat'>5</span> <span class='ocrx_word' id='word_1_816' title='bbox 126 5485 211 5546; x_wconf 83' lang='lat' dir='ltr'><strong>Cous.</strong></span> <span class='ocrx_word' id='word_1_817' title='bbox 228 5493 428 5559; x_wconf 74' lang='lat' dir='ltr'><strong>aperientium.</strong></span> <span class='ocrx_word' id='word_1_818' title='bbox 517 5513 521 5525; x_wconf 94' lang='lat'><em>·</em></span> <span class='ocrx_word' id='word_1_819' title='bbox 909 5494 1053 5550; x_wconf 72' lang='lat' dir='ltr'><strong>denuc.</strong></span> 
     </span>
    </p>
   </div>
   <div class='ocr_carea' id='block_1_4' title="bbox 0 0 1906 5962">
    <p class='ocr_par' dir='ltr' id='par_1_7' title="bbox 0 0 1906 5962">
     <span class='ocr_line' id='line_1_61' title="bbox 0 0 1906 5962; baseline 0 0"><span class='ocrx_word' id='word_1_820' title='bbox 0 0 1906 5962; x_wconf 95' lang='lat' dir='ltr'><strong> </strong></span> 
     </span>
    </p>
   </div>
  </div>
 </body>
</html>
