<?xml version="1.0" encoding="UTF-8"?>
<!DOCTYPE html PUBLIC "-//W3C//DTD XHTML 1.0 Transitional//EN"
    "http://www.w3.org/TR/xhtml1/DTD/xhtml1-transitional.dtd">
<html xmlns="http://www.w3.org/1999/xhtml" xml:lang="en" lang="en">
 <head>
  <title>
</title>
<meta http-equiv="Content-Type" content="text/html;charset=utf-8" />
  <meta name='ocr-system' content='tesseract 3.04.00' />
  <meta name='ocr-capabilities' content='ocr_page ocr_carea ocr_par ocr_line ocrx_word'/>
</head>
<body>
  <div class='ocr_page' id='page_1' title='image "./patrologiaecurs53unkngoog/patrologiaecurs53unkngoog_0470.png"; bbox 0 0 3804 5962; ppageno 0'>
   <div class='ocr_carea' id='block_1_1' title="bbox 1554 28 1826 44">
    <p class='ocr_par' dir='ltr' id='par_1_1' title="bbox 1554 28 1826 44">
     <span class='ocr_line' id='line_1_1' title="bbox 1554 28 1826 44; baseline 0.011 -3"><span class='ocrx_word' id='word_1_1' title='bbox 1554 28 1826 44; x_wconf 55' lang='grc' dir='ltr'><strong>ἡ</strong></span> 
     </span>
    </p>
   </div>
   <div class='ocr_carea' id='block_1_2' title="bbox 440 189 1743 261">
    <p class='ocr_par' dir='ltr' id='par_1_2' title="bbox 440 189 1743 261">
     <span class='ocr_line' id='line_1_2' title="bbox 440 189 1743 261; baseline 0.013 -17"><span class='ocrx_word' id='word_1_2' title='bbox 440 189 622 249; x_wconf 72' lang='lat' dir='ltr'><strong>expositio</strong></span> <span class='ocrx_word' id='word_1_3' title='bbox 642 190 678 247; x_wconf 90' lang='lat' dir='ltr'><strong>IN</strong></span> <span class='ocrx_word' id='word_1_4' title='bbox 698 190 807 249; x_wconf 85' lang='lat' dir='ltr'><strong>EPIST.</strong></span> <span class='ocrx_word' id='word_1_5' title='bbox 828 191 931 248; x_wconf 80' lang='lat' dir='ltr'><strong>PAULI</strong></span> <span class='ocrx_word' id='word_1_6' title='bbox 950 192 997 248; x_wconf 85' lang='lat' dir='ltr'><strong>AD</strong></span> <span class='ocrx_word' id='word_1_7' title='bbox 1016 191 1099 249; x_wconf 82' lang='lat' dir='ltr'><strong>uolt.</strong></span> <span class='ocrx_word' id='word_1_8' title='bbox 1115 222 1150 232; x_wconf 92' lang='lat'>-</span> <span class='ocrx_word' id='word_1_9' title='bbox 1165 191 1230 247; x_wconf 89' lang='lat' dir='ltr'><strong>LlB.</strong></span> <span class='ocrx_word' id='word_1_10' title='bbox 1250 192 1294 250; x_wconf 85' lang='lat' dir='ltr'><strong>itt.</strong></span> <span class='ocrx_word' id='word_1_11' title='bbox 1690 205 1743 261; x_wconf 81' lang='grc'><strong>930</strong></span> 
     </span>
    </p>
   </div>
   <div class='ocr_carea' id='block_1_3' title="bbox 79 313 1745 2797">
    <p class='ocr_par' dir='ltr' id='par_1_3' title="bbox 79 313 1745 2172">
     <span class='ocr_line' id='line_1_3' title="bbox 79 313 1742 395; baseline 0.01 -28"><span class='ocrx_word' id='word_1_12' title='bbox 79 325 121 368; x_wconf 79' lang='lat' dir='ltr'><strong>tm.</strong></span> <span class='ocrx_word' id='word_1_13' title='bbox 138 313 238 368; x_wconf 84' lang='lat' dir='ltr'><strong>Electio</strong></span> <span class='ocrx_word' id='word_1_14' title='bbox 260 330 333 383; x_wconf 84' lang='lat' dir='ltr'><strong>cero,</strong></span> <span class='ocrx_word' id='word_1_15' title='bbox 350 314 431 371; x_wconf 92' lang='lat' dir='ltr'><strong>idest</strong></span> <span class='ocrx_word' id='word_1_16' title='bbox 447 314 528 372; x_wconf 89' lang='lat' dir='ltr'><strong>Pauli</strong></span> <span class='ocrx_word' id='word_1_17' title='bbox 544 317 595 388; x_wconf 93' lang='lat' dir='ltr'><strong>qui</strong></span> <span class='ocrx_word' id='word_1_18' title='bbox 615 316 649 373; x_wconf 91' lang='lat' dir='ltr'><strong>de</strong></span> <span class='ocrx_word' id='word_1_19' title='bbox 667 318 771 389; x_wconf 94' lang='lat' dir='ltr'><strong>populo</strong></span> <span class='ocrx_word' id='word_1_20' title='bbox 792 315 842 373; x_wconf 93' lang='lat' dir='ltr'><strong>illo</strong></span> <span class='ocrx_word' id='word_1_21' title='bbox 857 317 882 370; x_wconf 89' lang='lat' dir='ltr'><strong>A</strong></span> <span class='ocrx_word' id='word_1_22' title='bbox 897 316 965 373; x_wconf 85' lang='lat' dir='ltr'><strong>dacis</strong></span> <span class='ocrx_word' id='word_1_23' title='bbox 979 317 1108 372; x_wconf 91' lang='lat' dir='ltr'><strong>maxima</strong></span> <span class='ocrx_word' id='word_1_24' title='bbox 1132 323 1242 389; x_wconf 88' lang='lat' dir='ltr'><strong>regnat.</strong></span> <span class='ocrx_word' id='word_1_25' title='bbox 1258 319 1375 372; x_wconf 83' lang='lat' dir='ltr'><strong>incurvo</strong></span> <span class='ocrx_word' id='word_1_26' title='bbox 1402 319 1526 376; x_wconf 87' lang='lat' dir='ltr'><strong>verbum</strong></span> <span class='ocrx_word' id='word_1_27' title='bbox 1549 329 1590 378; x_wconf 90' lang='lat' dir='ltr'><strong>cst</strong></span> <span class='ocrx_word' id='word_1_28' title='bbox 1618 323 1742 395; x_wconf 90' lang='lat' dir='ltr'><strong>impera-</strong></span> 
     </span>
     <span class='ocr_line' id='line_1_4' title="bbox 80 402 1743 486; baseline 0.009 -29"><span class='ocrx_word' id='word_1_29' title='bbox 80 402 183 458; x_wconf 90' lang='lat' dir='ltr'><strong>ratiam</strong></span> <span class='ocrx_word' id='word_1_30' title='bbox 210 403 259 458; x_wconf 89' lang='lat' dir='ltr'><strong>Dei</strong></span> <span class='ocrx_word' id='word_1_31' title='bbox 283 404 551 486; x_wconf 83' lang='lat' dir='ltr'><strong>electisunt‚quod</strong></span> <span class='ocrx_word' id='word_1_32' title='bbox 573 405 732 477; x_wconf 80' lang='lat' dir='ltr'><strong>quaereltat,</strong></span> <span class='ocrx_word' id='word_1_33' title='bbox 754 406 840 462; x_wconf 91' lang='lat' dir='ltr'><strong>idest</strong></span> <span class='ocrx_word' id='word_1_34' title='bbox 896 405 999 474; x_wconf 93' lang='lat' dir='ltr'><strong>tivum,</strong></span> <span class='ocrx_word' id='word_1_35' title='bbox 1033 420 1066 463; x_wconf 87' lang='lat' dir='ltr'><strong>ac</strong></span> <span class='ocrx_word' id='word_1_36' title='bbox 1085 408 1107 462; x_wconf 92' lang='lat' dir='ltr'><strong>si</strong></span> <span class='ocrx_word' id='word_1_37' title='bbox 1130 407 1259 463; x_wconf 89' lang='lat' dir='ltr'><strong>dicatur:</strong></span> <span class='ocrx_word' id='word_1_38' title='bbox 1291 408 1333 462; x_wconf 84' lang='lat' dir='ltr'><strong>Tu</strong></span> <span class='ocrx_word' id='word_1_39' title='bbox 1359 409 1444 477; x_wconf 88' lang='lat' dir='ltr'><strong>Deus,</strong></span> <span class='ocrx_word' id='word_1_40' title='bbox 1478 409 1601 468; x_wconf 86' lang='lat' dir='ltr'><strong>incurva</strong></span> <span class='ocrx_word' id='word_1_41' title='bbox 1624 413 1743 473; x_wconf 90' lang='lat' dir='ltr'><strong>dorsum</strong></span> 
     </span>
     <span class='ocr_line' id='line_1_5' title="bbox 79 496 1737 575; baseline 0.008 -29"><span class='ocrx_word' id='word_1_42' title='bbox 79 499 247 561; x_wconf 78' lang='lat' dir='ltr'><strong>internam,</strong></span> <span class='ocrx_word' id='word_1_43' title='bbox 272 501 416 549; x_wconf 82' lang='lat' dir='ltr'><strong>consecuto</strong></span> <span class='ocrx_word' id='word_1_44' title='bbox 444 501 497 549; x_wconf 87' lang='lat' dir='ltr'><strong>est:</strong></span> <span class='ocrx_word' id='word_1_45' title='bbox 528 497 618 550; x_wconf 84' lang='lat' dir='ltr'><strong>caleri</strong></span> <span class='ocrx_word' id='word_1_46' title='bbox 636 511 697 549; x_wconf 85' lang='lat' dir='ltr'><strong>vero</strong></span> <span class='ocrx_word' id='word_1_47' title='bbox 713 499 841 550; x_wconf 81' lang='lat' dir='ltr'><strong>encaenii</strong></span> <span class='ocrx_word' id='word_1_48' title='bbox 894 509 1005 562; x_wconf 92' lang='lat' dir='ltr'><strong>eorum,</strong></span> <span class='ocrx_word' id='word_1_49' title='bbox 1029 496 1229 566; x_wconf 90' lang='lat' dir='ltr'><strong>utcupiditate</strong></span> <span class='ocrx_word' id='word_1_50' title='bbox 1242 497 1393 566; x_wconf 88' lang='lat' dir='ltr'><strong>appetendi</strong></span> <span class='ocrx_word' id='word_1_51' title='bbox 1413 504 1528 554; x_wconf 89' lang='lat' dir='ltr'><strong>terrena</strong></span> <span class='ocrx_word' id='word_1_52' title='bbox 1543 514 1602 557; x_wconf 94' lang='lat' dir='ltr'><strong>non</strong></span> <span class='ocrx_word' id='word_1_53' title='bbox 1615 503 1737 575; x_wconf 88' lang='lat' dir='ltr'><strong>erigan-</strong></span> 
     </span>
     <span class='ocr_line' id='line_1_6' title="bbox 79 582 1741 658; baseline 0.009 -23"><span class='ocrx_word' id='word_1_54' title='bbox 79 595 131 637; x_wconf 91' lang='lat' dir='ltr'><strong>non</strong></span> <span class='ocrx_word' id='word_1_55' title='bbox 147 582 241 639; x_wconf 91' lang='lat' dir='ltr'><strong>solum</strong></span> <span class='ocrx_word' id='word_1_56' title='bbox 264 597 322 639; x_wconf 92' lang='lat' dir='ltr'><strong>non</strong></span> <span class='ocrx_word' id='word_1_57' title='bbox 337 583 462 640; x_wconf 76' lang='lat' dir='ltr'><strong>assecuti</strong></span> <span class='ocrx_word' id='word_1_58' title='bbox 487 585 564 654; x_wconf 93' lang='lat' dir='ltr'><strong>quod</strong></span> <span class='ocrx_word' id='word_1_59' title='bbox 592 585 774 656; x_wconf 80' lang='lat' dir='ltr'><strong>quaerebant,</strong></span> <span class='ocrx_word' id='word_1_60' title='bbox 792 585 841 641; x_wconf 90' lang='lat' dir='ltr'><strong>sed</strong></span> <span class='ocrx_word' id='word_1_61' title='bbox 897 592 944 641; x_wconf 92' lang='lat' dir='ltr'><strong>tur</strong></span> <span class='ocrx_word' id='word_1_62' title='bbox 963 583 1000 639; x_wconf 91' lang='lat' dir='ltr'><strong>ad</strong></span> <span class='ocrx_word' id='word_1_63' title='bbox 1021 585 1158 642; x_wconf 86' lang='lat' dir='ltr'><strong>coelestia.</strong></span> <span class='ocrx_word' id='word_1_64' title='bbox 1183 584 1347 641; x_wconf 85' lang='lat' dir='ltr'>Notandum</span> <span class='ocrx_word' id='word_1_65' title='bbox 1370 599 1439 642; x_wconf 89' lang='lat' dir='ltr'><strong>reru</strong></span> <span class='ocrx_word' id='word_1_66' title='bbox 1464 587 1631 658; x_wconf 83' lang='lat' dir='ltr'><strong>hujusmodi</strong></span> <span class='ocrx_word' id='word_1_67' title='bbox 1651 594 1741 650; x_wconf 80' lang='lat' dir='ltr'><strong>rerba</strong></span> 
     </span>
     <span class='ocr_line' id='line_1_7' title="bbox 79 670 1740 746; baseline 0.007 -21"><span class='ocrx_word' id='word_1_68' title='bbox 79 670 180 728; x_wconf 88' lang='lat' dir='ltr'><strong>iterius</strong></span> <span class='ocrx_word' id='word_1_69' title='bbox 197 672 316 729; x_wconf 83' lang='lat' dir='ltr'>credant</span> <span class='ocrx_word' id='word_1_70' title='bbox 342 673 455 742; x_wconf 77' lang='lat' dir='ltr'><strong>pinitus</strong></span> <span class='ocrx_word' id='word_1_71' title='bbox 480 673 637 744; x_wconf 90' lang='lat' dir='ltr'><strong>reprobati.</strong></span> <span class='ocrx_word' id='word_1_72' title='bbox 665 675 741 730; x_wconf 89' lang='lat' dir='ltr'><strong>sicut</strong></span> <span class='ocrx_word' id='word_1_73' title='bbox 768 677 840 729; x_wconf 84' lang='lat' dir='ltr'><strong>scri·</strong></span> <span class='ocrx_word' id='word_1_74' title='bbox 896 687 961 742; x_wconf 82' lang='lat' dir='ltr'><strong>quae</strong></span> <span class='ocrx_word' id='word_1_75' title='bbox 976 672 1186 743; x_wconf 78' lang='lat' dir='ltr'><strong>imprecationis</strong></span> <span class='ocrx_word' id='word_1_76' title='bbox 1199 673 1335 730; x_wconf 86' lang='lat' dir='ltr'><strong>videntur</strong></span> <span class='ocrx_word' id='word_1_77' title='bbox 1347 688 1415 729; x_wconf 93' lang='lat' dir='ltr'><strong>cum</strong></span> <span class='ocrx_word' id='word_1_78' title='bbox 1435 687 1453 729; x_wconf 91' lang='lat' dir='ltr'><strong>a</strong></span> <span class='ocrx_word' id='word_1_79' title='bbox 1471 675 1740 746; x_wconf 88' lang='lat' dir='ltr'><strong>sanetisdicuntur,</strong></span> 
     </span>
     <span class='ocr_line' id='line_1_8' title="bbox 88 760 1741 835; baseline 0.007 -20"><span class='ocrx_word' id='word_1_80' title='bbox 88 765 139 825; x_wconf 88' lang='lat' dir='ltr'><strong>est,</strong></span> <span class='ocrx_word' id='word_1_81' title='bbox 159 760 305 817; x_wconf 87' lang='lat' dir='ltr'><strong>dedititiis</strong></span> <span class='ocrx_word' id='word_1_82' title='bbox 321 763 450 831; x_wconf 84' lang='lat' dir='ltr'><strong>spiritum</strong></span> <span class='ocrx_word' id='word_1_83' title='bbox 470 766 676 818; x_wconf 79' lang='lat' dir='ltr'><strong>communionis.</strong></span> <span class='ocrx_word' id='word_1_84' title='bbox 691 763 840 835; x_wconf 89' lang='lat' dir='ltr'><strong>Origenes.</strong></span> <span class='ocrx_word' id='word_1_85' title='bbox 896 762 988 832; x_wconf 88' lang='lat' dir='ltr'><strong>magis</strong></span> <span class='ocrx_word' id='word_1_86' title='bbox 1002 762 1038 818; x_wconf 94' lang='lat' dir='ltr'><strong>ad</strong></span> <span class='ocrx_word' id='word_1_87' title='bbox 1055 763 1248 833; x_wconf 82' lang='lat' dir='ltr'><strong>propheticam</strong></span> <span class='ocrx_word' id='word_1_88' title='bbox 1276 763 1503 820; x_wconf 80' lang='lat' dir='ltr'><strong>enuntiationem</strong></span> <span class='ocrx_word' id='word_1_89' title='bbox 1520 778 1610 835; x_wconf 92' lang='lat' dir='ltr'><strong>quam</strong></span> <span class='ocrx_word' id='word_1_90' title='bbox 1637 768 1674 822; x_wconf 93' lang='lat' dir='ltr'><strong>ad</strong></span> <span class='ocrx_word' id='word_1_91' title='bbox 1689 768 1741 826; x_wconf 85' lang='lat' dir='ltr'><strong>de-</strong></span> 
     </span>
     <span class='ocr_line' id='line_1_9' title="bbox 79 849 1741 923; baseline 0.005 -18"><span class='ocrx_word' id='word_1_92' title='bbox 79 849 204 920; x_wconf 91' lang='lat' dir='ltr'><strong>criptnm</strong></span> <span class='ocrx_word' id='word_1_93' title='bbox 226 851 273 918; x_wconf 89' lang='lat' dir='ltr'><strong>sit,</strong></span> <span class='ocrx_word' id='word_1_94' title='bbox 290 851 366 908; x_wconf 86' lang='lat' dir='ltr'><strong>dedit</strong></span> <span class='ocrx_word' id='word_1_95' title='bbox 387 852 443 908; x_wconf 94' lang='lat' dir='ltr'><strong>illis</strong></span> <span class='ocrx_word' id='word_1_96' title='bbox 458 854 534 908; x_wconf 89' lang='lat' dir='ltr'><strong>Deus</strong></span> <span class='ocrx_word' id='word_1_97' title='bbox 547 854 681 923; x_wconf 93' lang='lat' dir='ltr'><strong>spiritum</strong></span> <span class='ocrx_word' id='word_1_98' title='bbox 697 867 841 923; x_wconf 92' lang='lat' dir='ltr'><strong>compun-</strong></span> <span class='ocrx_word' id='word_1_99' title='bbox 896 849 1035 907; x_wconf 89' lang='lat' dir='ltr'><strong>siderium</strong></span> <span class='ocrx_word' id='word_1_100' title='bbox 1051 853 1186 908; x_wconf 84' lang='lat' dir='ltr'><strong>vindictae</strong></span> <span class='ocrx_word' id='word_1_101' title='bbox 1202 852 1355 922; x_wconf 90' lang='lat' dir='ltr'><strong>pertinere,</strong></span> <span class='ocrx_word' id='word_1_102' title='bbox 1377 861 1409 909; x_wconf 93' lang='lat' dir='ltr'><strong>ut</strong></span> <span class='ocrx_word' id='word_1_103' title='bbox 1432 853 1564 910; x_wconf 89' lang='lat' dir='ltr'><strong>videlicet</strong></span> <span class='ocrx_word' id='word_1_104' title='bbox 1580 869 1647 910; x_wconf 93' lang='lat' dir='ltr'><strong>cum</strong></span> <span class='ocrx_word' id='word_1_105' title='bbox 1666 856 1741 913; x_wconf 90' lang='lat' dir='ltr'><strong>dici-</strong></span> 
     </span>
     <span class='ocr_line' id='line_1_10' title="bbox 80 939 1745 1011; baseline 0.005 -17"><span class='ocrx_word' id='word_1_106' title='bbox 80 953 103 1006; x_wconf 94' lang='lat' dir='ltr'><strong>s,</strong></span> <span class='ocrx_word' id='word_1_107' title='bbox 119 939 218 995; x_wconf 90' lang='lat' dir='ltr'><strong>oculos</strong></span> <span class='ocrx_word' id='word_1_108' title='bbox 235 948 266 996; x_wconf 92' lang='lat' dir='ltr'><strong>ut</strong></span> <span class='ocrx_word' id='word_1_109' title='bbox 282 955 340 996; x_wconf 92' lang='lat' dir='ltr'><strong>non</strong></span> <span class='ocrx_word' id='word_1_110' title='bbox 355 941 482 1008; x_wconf 88' lang='lat' dir='ltr'><strong>videant,</strong></span> <span class='ocrx_word' id='word_1_111' title='bbox 512 950 539 997; x_wconf 92' lang='lat' dir='ltr'><strong>et</strong></span> <span class='ocrx_word' id='word_1_112' title='bbox 559 949 692 999; x_wconf 89' lang='lat' dir='ltr'><strong>auresut</strong></span> <span class='ocrx_word' id='word_1_113' title='bbox 712 956 841 999; x_wconf 92' lang='lat' dir='ltr'><strong>nonau-</strong></span> <span class='ocrx_word' id='word_1_114' title='bbox 895 944 955 1006; x_wconf 88' lang='lat' dir='ltr'><strong>tur,</strong></span> <span class='ocrx_word' id='word_1_115' title='bbox 984 939 1043 1007; x_wconf 85' lang='lat' dir='ltr'><strong>fiat,</strong></span> <span class='ocrx_word' id='word_1_116' title='bbox 1067 940 1122 997; x_wconf 90' lang='lat' dir='ltr'><strong>tale</strong></span> <span class='ocrx_word' id='word_1_117' title='bbox 1146 941 1183 996; x_wconf 94' lang='lat' dir='ltr'><strong>sit</strong></span> <span class='ocrx_word' id='word_1_118' title='bbox 1206 955 1240 997; x_wconf 86' lang='lat' dir='ltr'><strong>ao</strong></span> <span class='ocrx_word' id='word_1_119' title='bbox 1264 941 1287 997; x_wconf 90' lang='lat' dir='ltr'><strong>si</strong></span> <span class='ocrx_word' id='word_1_120' title='bbox 1316 941 1529 1011; x_wconf 78' lang='lat' dir='ltr'><strong>prediceretur.</strong></span> <span class='ocrx_word' id='word_1_121' title='bbox 1560 943 1639 1001; x_wconf 85' lang='lat' dir='ltr'><strong>Sicut</strong></span> <span class='ocrx_word' id='word_1_122' title='bbox 1667 946 1745 1002; x_wconf 92' lang='lat' dir='ltr'><strong>enim</strong></span> 
     </span>
     <span class='ocr_line' id='line_1_11' title="bbox 79 1028 1745 1104; baseline 0.005 -21"><span class='ocrx_word' id='word_1_123' title='bbox 79 1069 82 1090; x_wconf 86' lang='lat'>‚</span> <span class='ocrx_word' id='word_1_124' title='bbox 113 1042 207 1098; x_wconf 90' lang='lat' dir='ltr'><strong>nsque</strong></span> <span class='ocrx_word' id='word_1_125' title='bbox 227 1028 255 1083; x_wconf 91' lang='lat' dir='ltr'><strong>in</strong></span> <span class='ocrx_word' id='word_1_126' title='bbox 279 1028 355 1084; x_wconf 89' lang='lat' dir='ltr'><strong>hanc</strong></span> <span class='ocrx_word' id='word_1_127' title='bbox 375 1030 449 1085; x_wconf 87' lang='lat' dir='ltr'><strong>diem</strong></span> <span class='ocrx_word' id='word_1_128' title='bbox 467 1030 607 1087; x_wconf 83' lang='lat' dir='ltr'><strong>hactenus</strong></span> <span class='ocrx_word' id='word_1_129' title='bbox 625 1031 755 1088; x_wconf 87' lang='lat' dir='ltr'><strong>iuvenire</strong></span> <span class='ocrx_word' id='word_1_130' title='bbox 783 1045 842 1087; x_wconf 94' lang='lat' dir='ltr'><strong>uon</strong></span> <span class='ocrx_word' id='word_1_131' title='bbox 897 1030 1073 1099; x_wconf 88' lang='lat' dir='ltr'><strong>quandoque</strong></span> <span class='ocrx_word' id='word_1_132' title='bbox 1097 1030 1195 1087; x_wconf 87' lang='lat' dir='ltr'><strong>luturo</strong></span> <span class='ocrx_word' id='word_1_133' title='bbox 1211 1030 1359 1087; x_wconf 87' lang='lat' dir='ltr'><strong>indicativi</strong></span> <span class='ocrx_word' id='word_1_134' title='bbox 1378 1032 1454 1087; x_wconf 93' lang='lat' dir='ltr'><strong>modi</strong></span> <span class='ocrx_word' id='word_1_135' title='bbox 1471 1032 1549 1089; x_wconf 88' lang='lat' dir='ltr'><strong>verbi</strong></span> <span class='ocrx_word' id='word_1_136' title='bbox 1574 1034 1745 1104; x_wconf 87' lang='lat' dir='ltr'><strong>imperative</strong></span> 
     </span>
     <span class='ocr_line' id='line_1_12' title="bbox 79 1116 1742 1194; baseline 0.005 -24"><span class='ocrx_word' id='word_1_137' title='bbox 79 1130 86 1170; x_wconf 96' lang='lat'>:</span> <span class='ocrx_word' id='word_1_138' title='bbox 113 1123 183 1187; x_wconf 92' lang='lat' dir='ltr'><strong>puto</strong></span> <span class='ocrx_word' id='word_1_139' title='bbox 208 1126 305 1174; x_wconf 91' lang='lat' dir='ltr'><strong>antem</strong></span> <span class='ocrx_word' id='word_1_140' title='bbox 335 1119 388 1174; x_wconf 86' lang='lat' dir='ltr'><strong>hoc</strong></span> <span class='ocrx_word' id='word_1_141' title='bbox 408 1119 491 1174; x_wconf 92' lang='lat' dir='ltr'><strong>modo</strong></span> <span class='ocrx_word' id='word_1_142' title='bbox 523 1119 630 1175; x_wconf 79' lang='lat' dir='ltr'><strong>dixisse</strong></span> <span class='ocrx_word' id='word_1_143' title='bbox 655 1120 840 1190; x_wconf 77' lang='lat' dir='ltr'><strong>Apostolum:</strong></span> <span class='ocrx_word' id='word_1_144' title='bbox 896 1116 990 1174; x_wconf 91' lang='lat' dir='ltr'><strong>utitur</strong></span> <span class='ocrx_word' id='word_1_145' title='bbox 1006 1120 1164 1189; x_wconf 91' lang='lat' dir='ltr'><strong>Scriptura,</strong></span> <span class='ocrx_word' id='word_1_146' title='bbox 1182 1128 1213 1175; x_wconf 90' lang='lat' dir='ltr'><strong>nt</strong></span> <span class='ocrx_word' id='word_1_147' title='bbox 1229 1120 1327 1188; x_wconf 78' lang='lat' dir='ltr'><strong>diliges</strong></span> <span class='ocrx_word' id='word_1_148' title='bbox 1351 1123 1494 1176; x_wconf 85' lang='lat' dir='ltr'><strong>Dominum</strong></span> <span class='ocrx_word' id='word_1_149' title='bbox 1509 1122 1623 1194; x_wconf 77' lang='lat' dir='ltr'><strong>(Mutii.</strong></span> <span class='ocrx_word' id='word_1_150' title='bbox 1654 1138 1742 1192; x_wconf 79' lang='lat' dir='ltr'><strong>xxui,</strong></span> 
     </span>
     <span class='ocr_line' id='line_1_13' title="bbox 79 1205 1745 1284; baseline 0.008 -26"><span class='ocrx_word' id='word_1_151' title='bbox 79 1206 167 1259; x_wconf 85' lang='lat' dir='ltr'><strong>ivero</strong></span> <span class='ocrx_word' id='word_1_152' title='bbox 190 1208 319 1260; x_wconf 82' lang='lat' dir='ltr'><strong>eccaeruti</strong></span> <span class='ocrx_word' id='word_1_153' title='bbox 343 1211 416 1271; x_wconf 88' lang='lat' dir='ltr'><strong>sunt,</strong></span> <span class='ocrx_word' id='word_1_154' title='bbox 444 1212 471 1262; x_wconf 90' lang='lat' dir='ltr'><strong>ei</strong></span> <span class='ocrx_word' id='word_1_155' title='bbox 496 1209 567 1262; x_wconf 88' lang='lat' dir='ltr'><strong>sieut</strong></span> <span class='ocrx_word' id='word_1_156' title='bbox 590 1209 720 1277; x_wconf 86' lang='lat' dir='ltr'><strong>scriptum</strong></span> <span class='ocrx_word' id='word_1_157' title='bbox 747 1213 788 1263; x_wconf 88' lang='lat' dir='ltr'><strong>est</strong></span> <span class='ocrx_word' id='word_1_158' title='bbox 809 1208 843 1263; x_wconf 89' lang='lat' dir='ltr'><strong>de</strong></span> <span class='ocrx_word' id='word_1_159' title='bbox 896 1205 950 1275; x_wconf 82' lang='grc'>37),</span> <span class='ocrx_word' id='word_1_160' title='bbox 976 1219 1027 1275; x_wconf 88' lang='lat' dir='ltr'><strong>pro</strong></span> <span class='ocrx_word' id='word_1_161' title='bbox 1056 1207 1158 1278; x_wconf 87' lang='lat' dir='ltr'><strong>dilige;</strong></span> <span class='ocrx_word' id='word_1_162' title='bbox 1184 1208 1244 1264; x_wconf 87' lang='lat' dir='ltr'><strong>Non</strong></span> <span class='ocrx_word' id='word_1_163' title='bbox 1277 1208 1381 1264; x_wconf 86' lang='lat' dir='ltr'><strong>occides</strong></span> <span class='ocrx_word' id='word_1_164' title='bbox 1408 1210 1507 1278; x_wconf 74' lang='lat' dir='ltr'><strong>(duod.</strong></span> <span class='ocrx_word' id='word_1_165' title='bbox 1538 1224 1590 1279; x_wconf 87' lang='lat' dir='ltr'><strong>xx,</strong></span> <span class='ocrx_word' id='word_1_166' title='bbox 1613 1211 1668 1283; x_wconf 78' lang='grc'><strong>13),</strong></span> <span class='ocrx_word' id='word_1_167' title='bbox 1693 1227 1745 1284; x_wconf 92' lang='lat' dir='ltr'><strong>pro</strong></span> 
     </span>
     <span class='ocr_line' id='line_1_14' title="bbox 79 1294 1742 1369; baseline 0.007 -22"><span class='ocrx_word' id='word_1_168' title='bbox 79 1295 128 1348; x_wconf 87' lang='lat' dir='ltr'><strong>iso.</strong></span> <span class='ocrx_word' id='word_1_169' title='bbox 156 1309 194 1362; x_wconf 88' lang='lat' dir='ltr'><strong>vr,</strong></span> <span class='ocrx_word' id='word_1_170' title='bbox 221 1296 265 1364; x_wconf 82' lang='lat' dir='ltr'><strong>ti),</strong></span> <span class='ocrx_word' id='word_1_171' title='bbox 296 1295 372 1349; x_wconf 83' lang='lat' dir='ltr'><strong>dedit</strong></span> <span class='ocrx_word' id='word_1_172' title='bbox 393 1299 431 1350; x_wconf 87' lang='lat' dir='ltr'><strong>eis</strong></span> <span class='ocrx_word' id='word_1_173' title='bbox 456 1298 585 1366; x_wconf 81' lang='lat' dir='ltr'><strong>spiritum</strong></span> <span class='ocrx_word' id='word_1_174' title='bbox 614 1299 840 1366; x_wconf 74' lang='lat' dir='ltr'><strong>compunctionis.</strong></span> <span class='ocrx_word' id='word_1_175' title='bbox 896 1309 955 1350; x_wconf 93' lang='lat' dir='ltr'><strong>non</strong></span> <span class='ocrx_word' id='word_1_176' title='bbox 968 1294 1075 1363; x_wconf 89' lang='lat' dir='ltr'><strong>occide,</strong></span> <span class='ocrx_word' id='word_1_177' title='bbox 1093 1296 1131 1351; x_wconf 92' lang='lat' dir='ltr'><strong>ita</strong></span> <span class='ocrx_word' id='word_1_178' title='bbox 1145 1312 1161 1352; x_wconf 94' lang='lat' dir='ltr'><strong>e</strong></span> <span class='ocrx_word' id='word_1_179' title='bbox 1175 1311 1314 1353; x_wconf 89' lang='lat' dir='ltr'><strong>converso</strong></span> <span class='ocrx_word' id='word_1_180' title='bbox 1335 1312 1549 1369; x_wconf 92' lang='lat' dir='ltr'><strong>nonuunquam</strong></span> <span class='ocrx_word' id='word_1_181' title='bbox 1569 1300 1644 1357; x_wconf 87' lang='lat' dir='ltr'><strong>iacit.</strong></span> <span class='ocrx_word' id='word_1_182' title='bbox 1666 1301 1742 1366; x_wconf 88' lang='lat' dir='ltr'><strong>Quid</strong></span> 
     </span>
     <span class='ocr_line' id='line_1_15' title="bbox 79 1384 1743 1460; baseline 0.005 -22"><span class='ocrx_word' id='word_1_183' title='bbox 79 1396 177 1453; x_wconf 84' lang='lat' dir='ltr'><strong>aquae</strong></span> <span class='ocrx_word' id='word_1_184' title='bbox 192 1384 228 1439; x_wconf 89' lang='lat' dir='ltr'><strong>de</strong></span> <span class='ocrx_word' id='word_1_185' title='bbox 250 1385 378 1440; x_wconf 69' lang='lat' dir='ltr'><strong>caecitate</strong></span> <span class='ocrx_word' id='word_1_186' title='bbox 394 1386 544 1442; x_wconf 91' lang='lat' dir='ltr'><strong>oculorum</strong></span> <span class='ocrx_word' id='word_1_187' title='bbox 566 1393 593 1442; x_wconf 93' lang='lat' dir='ltr'><strong>et</strong></span> <span class='ocrx_word' id='word_1_188' title='bbox 615 1385 649 1442; x_wconf 91' lang='lat' dir='ltr'><strong>de</strong></span> <span class='ocrx_word' id='word_1_189' title='bbox 669 1386 773 1442; x_wconf 88' lang='lat' dir='ltr'><strong>auditu</strong></span> <span class='ocrx_word' id='word_1_190' title='bbox 789 1401 840 1444; x_wconf 92' lang='lat' dir='ltr'><strong>an·</strong></span> <span class='ocrx_word' id='word_1_191' title='bbox 896 1385 982 1441; x_wconf 91' lang='lat' dir='ltr'><strong>etiam</strong></span> <span class='ocrx_word' id='word_1_192' title='bbox 1002 1386 1082 1442; x_wconf 91' lang='lat' dir='ltr'><strong>obest</strong></span> <span class='ocrx_word' id='word_1_193' title='bbox 1098 1387 1121 1442; x_wconf 93' lang='lat' dir='ltr'><strong>si</strong></span> <span class='ocrx_word' id='word_1_194' title='bbox 1142 1386 1249 1458; x_wconf 91' lang='lat' dir='ltr'><strong>aliquis</strong></span> <span class='ocrx_word' id='word_1_195' title='bbox 1265 1395 1383 1445; x_wconf 90' lang='lat' dir='ltr'><strong>sanctus</strong></span> <span class='ocrx_word' id='word_1_196' title='bbox 1405 1402 1455 1459; x_wconf 94' lang='lat' dir='ltr'><strong>per</strong></span> <span class='ocrx_word' id='word_1_197' title='bbox 1483 1389 1618 1460; x_wconf 90' lang='lat' dir='ltr'><strong>spiritum</strong></span> <span class='ocrx_word' id='word_1_198' title='bbox 1634 1391 1743 1449; x_wconf 93' lang='lat' dir='ltr'><strong>illumi-</strong></span> 
     </span>
     <span class='ocr_line' id='line_1_16' title="bbox 90 1472 1745 1549; baseline 0.005 -21"><span class='ocrx_word' id='word_1_199' title='bbox 90 1486 140 1543; x_wconf 91' lang='lat' dir='ltr'><strong>per</strong></span> <span class='ocrx_word' id='word_1_200' title='bbox 156 1472 264 1528; x_wconf 82' lang='lat' dir='ltr'><strong>isaiam</strong></span> <span class='ocrx_word' id='word_1_201' title='bbox 289 1474 462 1530; x_wconf 85' lang='lat' dir='ltr'><strong>dictasunt:</strong></span> <span class='ocrx_word' id='word_1_202' title='bbox 489 1476 598 1530; x_wconf 82' lang='lat' dir='ltr'><strong>Audita</strong></span> <span class='ocrx_word' id='word_1_203' title='bbox 615 1475 734 1530; x_wconf 85' lang='lat' dir='ltr'><strong>audietis</strong></span> <span class='ocrx_word' id='word_1_204' title='bbox 749 1480 774 1529; x_wconf 90' lang='lat' dir='ltr'><strong>et</strong></span> <span class='ocrx_word' id='word_1_205' title='bbox 789 1491 843 1530; x_wconf 87' lang='lat' dir='ltr'><strong>non</strong></span> <span class='ocrx_word' id='word_1_206' title='bbox 898 1482 995 1543; x_wconf 91' lang='lat' dir='ltr'><strong>natus,</strong></span> <span class='ocrx_word' id='word_1_207' title='bbox 1012 1475 1111 1532; x_wconf 91' lang='lat' dir='ltr'><strong>divino</strong></span> <span class='ocrx_word' id='word_1_208' title='bbox 1126 1477 1285 1533; x_wconf 91' lang='lat' dir='ltr'><strong>assentiens</strong></span> <span class='ocrx_word' id='word_1_209' title='bbox 1297 1477 1418 1549; x_wconf 89' lang='lat' dir='ltr'><strong>judicio,</strong></span> <span class='ocrx_word' id='word_1_210' title='bbox 1431 1486 1507 1549; x_wconf 91' lang='lat' dir='ltr'><strong>optet</strong></span> <span class='ocrx_word' id='word_1_211' title='bbox 1523 1479 1584 1536; x_wconf 90' lang='lat' dir='ltr'><strong>deri</strong></span> <span class='ocrx_word' id='word_1_212' title='bbox 1600 1480 1636 1537; x_wconf 93' lang='lat' dir='ltr'><strong>de</strong></span> <span class='ocrx_word' id='word_1_213' title='bbox 1649 1480 1745 1537; x_wconf 89' lang='lat' dir='ltr'><strong>rindi·</strong></span> 
     </span>
     <span class='ocr_line' id='line_1_17' title="bbox 80 1563 1745 1638; baseline 0.006 -22"><span class='ocrx_word' id='word_1_214' title='bbox 80 1565 161 1631; x_wconf 80' lang='lat' dir='ltr'><strong>getis,</strong></span> <span class='ocrx_word' id='word_1_215' title='bbox 176 1569 202 1617; x_wconf 89' lang='lat' dir='ltr'><strong>et</strong></span> <span class='ocrx_word' id='word_1_216' title='bbox 219 1563 341 1618; x_wconf 84' lang='lat' dir='ltr'><strong>uidentes</strong></span> <span class='ocrx_word' id='word_1_217' title='bbox 357 1564 486 1619; x_wconf 88' lang='lat' dir='ltr'><strong>uidebitis</strong></span> <span class='ocrx_word' id='word_1_218' title='bbox 510 1570 535 1619; x_wconf 88' lang='lat' dir='ltr'><strong>et</strong></span> <span class='ocrx_word' id='word_1_219' title='bbox 560 1582 614 1621; x_wconf 91' lang='lat' dir='ltr'><strong>non</strong></span> <span class='ocrx_word' id='word_1_220' title='bbox 628 1565 767 1620; x_wconf 81' lang='lat' dir='ltr'><strong>uidebitis.</strong></span> <span class='ocrx_word' id='word_1_221' title='bbox 797 1566 840 1621; x_wconf 92' lang='lat' dir='ltr'><strong>ln·</strong></span> <span class='ocrx_word' id='word_1_222' title='bbox 861 1581 880 1635; x_wconf 82' lang='lat' dir='ltr'><strong>g</strong></span> <span class='ocrx_word' id='word_1_223' title='bbox 898 1571 943 1620; x_wconf 91' lang='lat' dir='ltr'><strong>cta</strong></span> <span class='ocrx_word' id='word_1_224' title='bbox 966 1564 1052 1622; x_wconf 89' lang='lat' dir='ltr'><strong>etiam</strong></span> <span class='ocrx_word' id='word_1_225' title='bbox 1074 1565 1217 1622; x_wconf 91' lang='lat' dir='ltr'><strong>malorum</strong></span> <span class='ocrx_word' id='word_1_226' title='bbox 1236 1568 1314 1638; x_wconf 92' lang='lat' dir='ltr'><strong>quod</strong></span> <span class='ocrx_word' id='word_1_227' title='bbox 1337 1574 1412 1623; x_wconf 91' lang='lat' dir='ltr'><strong>recte</strong></span> <span class='ocrx_word' id='word_1_228' title='bbox 1433 1567 1598 1626; x_wconf 88' lang='lat' dir='ltr'><strong>iaciendum</strong></span> <span class='ocrx_word' id='word_1_229' title='bbox 1621 1583 1682 1626; x_wconf 88' lang='lat' dir='ltr'><strong>esse</strong></span> <span class='ocrx_word' id='word_1_230' title='bbox 1703 1572 1745 1626; x_wconf 94' lang='lat' dir='ltr'><strong>in·</strong></span> 
     </span>
     <span class='ocr_line' id='line_1_18' title="bbox 79 1652 1744 1726; baseline 0.005 -21"><span class='ocrx_word' id='word_1_231' title='bbox 79 1657 144 1705; x_wconf 81' lang='lat' dir='ltr'><strong>itum</strong></span> <span class='ocrx_word' id='word_1_232' title='bbox 160 1659 199 1707; x_wconf 85' lang='lat' dir='ltr'><strong>est</strong></span> <span class='ocrx_word' id='word_1_233' title='bbox 214 1654 288 1708; x_wconf 83' lang='lat' dir='ltr'><strong>enim</strong></span> <span class='ocrx_word' id='word_1_234' title='bbox 305 1670 351 1708; x_wconf 82' lang='lat' dir='ltr'><strong>cor</strong></span> <span class='ocrx_word' id='word_1_235' title='bbox 362 1655 460 1724; x_wconf 84' lang='lat' dir='ltr'><strong>popuii</strong></span> <span class='ocrx_word' id='word_1_236' title='bbox 480 1654 572 1724; x_wconf 74' lang='lat' dir='ltr'><strong>liujus,</strong></span> <span class='ocrx_word' id='word_1_237' title='bbox 589 1663 642 1710; x_wconf 91' lang='lat' dir='ltr'><strong>eto.</strong></span> <span class='ocrx_word' id='word_1_238' title='bbox 661 1655 736 1726; x_wconf 86' lang='lat' dir='ltr'><strong>(lsai.</strong></span> <span class='ocrx_word' id='word_1_239' title='bbox 759 1669 841 1723; x_wconf 84' lang='lat' dir='ltr'><strong>xxrx,</strong></span> <span class='ocrx_word' id='word_1_240' title='bbox 897 1652 1011 1724; x_wconf 79' lang='lat' dir='ltr'><strong>telligit,</strong></span> <span class='ocrx_word' id='word_1_241' title='bbox 1030 1661 1057 1711; x_wconf 90' lang='lat' dir='ltr'><strong>et</strong></span> <span class='ocrx_word' id='word_1_242' title='bbox 1082 1654 1111 1709; x_wconf 94' lang='lat' dir='ltr'><strong>in</strong></span> <span class='ocrx_word' id='word_1_243' title='bbox 1127 1655 1225 1711; x_wconf 87' lang='lat' dir='ltr'><strong>divina</strong></span> <span class='ocrx_word' id='word_1_244' title='bbox 1248 1655 1402 1726; x_wconf 80' lang='lat' dir='ltr'><strong>prefixum</strong></span> <span class='ocrx_word' id='word_1_245' title='bbox 1416 1656 1494 1713; x_wconf 89' lang='lat' dir='ltr'><strong>videt</strong></span> <span class='ocrx_word' id='word_1_246' title='bbox 1507 1671 1568 1714; x_wconf 89' lang='lat' dir='ltr'><strong>esse</strong></span> <span class='ocrx_word' id='word_1_247' title='bbox 1583 1659 1744 1716; x_wconf 81' lang='lat' dir='ltr'><strong>sententia?</strong></span> 
     </span>
     <span class='ocr_line' id='line_1_19' title="bbox 86 1731 1745 1819; baseline 0.006 -24"><span class='ocrx_word' id='word_1_248' title='bbox 86 1741 169 1797; x_wconf 84' lang='lat' dir='ltr'><strong>Nunc</strong></span> <span class='ocrx_word' id='word_1_249' title='bbox 197 1756 266 1814; x_wconf 90' lang='lat' dir='ltr'><strong>ergo</strong></span> <span class='ocrx_word' id='word_1_250' title='bbox 303 1758 419 1799; x_wconf 89' lang='lat' dir='ltr'><strong>sensnm</strong></span> <span class='ocrx_word' id='word_1_251' title='bbox 444 1745 525 1800; x_wconf 83' lang='lat' dir='ltr'><strong>isaiae</strong></span> <span class='ocrx_word' id='word_1_252' title='bbox 549 1745 666 1801; x_wconf 90' lang='lat' dir='ltr'><strong>videtur</strong></span> <span class='ocrx_word' id='word_1_253' title='bbox 688 1744 842 1813; x_wconf 85' lang='lat' dir='ltr'><strong>Apostolus</strong></span> <span class='ocrx_word' id='word_1_254' title='bbox 897 1741 975 1798; x_wconf 86' lang='lat' dir='ltr'><strong>Velle</strong></span> <span class='ocrx_word' id='word_1_255' title='bbox 990 1743 1099 1816; x_wconf 90' lang='lat' dir='ltr'><strong>quippe</strong></span> <span class='ocrx_word' id='word_1_256' title='bbox 1115 1743 1175 1800; x_wconf 91' lang='lat' dir='ltr'><strong>lieri</strong></span> <span class='ocrx_word' id='word_1_257' title='bbox 1191 1746 1269 1816; x_wconf 92' lang='lat' dir='ltr'><strong>quod</strong></span> <span class='ocrx_word' id='word_1_258' title='bbox 1281 1745 1395 1816; x_wconf 81' lang='lat' dir='ltr'><strong>justum</strong></span> <span class='ocrx_word' id='word_1_259' title='bbox 1410 1731 1452 1802; x_wconf 83' lang='lat' dir='ltr'><strong>est</strong></span> <span class='ocrx_word' id='word_1_260' title='bbox 1470 1747 1621 1819; x_wconf 67' lang='lat' dir='ltr'><strong>deniquae</strong></span> <span class='ocrx_word' id='word_1_261' title='bbox 1635 1756 1678 1804; x_wconf 91' lang='lat' dir='ltr'><strong>est</strong></span> <span class='ocrx_word' id='word_1_262' title='bbox 1696 1747 1745 1805; x_wconf 91' lang='lat' dir='ltr'><strong>in-</strong></span> 
     </span>
     <span class='ocr_line' id='line_1_20' title="bbox 79 1829 1740 1908; baseline 0.005 -22"><span class='ocrx_word' id='word_1_263' title='bbox 79 1831 261 1889; x_wconf 83' lang='lat' dir='ltr'><strong>sermonibus</strong></span> <span class='ocrx_word' id='word_1_264' title='bbox 271 1832 434 1901; x_wconf 90' lang='lat' dir='ltr'><strong>protulisse.</strong></span> <span class='ocrx_word' id='word_1_265' title='bbox 458 1831 593 1889; x_wconf 90' lang='lat' dir='ltr'><strong>Similiter</strong></span> <span class='ocrx_word' id='word_1_266' title='bbox 621 1840 649 1889; x_wconf 90' lang='lat' dir='ltr'><strong>et</strong></span> <span class='ocrx_word' id='word_1_267' title='bbox 677 1833 712 1888; x_wconf 92' lang='lat' dir='ltr'><strong>de</strong></span> <span class='ocrx_word' id='word_1_268' title='bbox 732 1831 779 1888; x_wconf 88' lang='lat' dir='ltr'><strong>his</strong></span> <span class='ocrx_word' id='word_1_269' title='bbox 803 1833 842 1888; x_wconf 89' lang='lat' dir='ltr'><strong>la·</strong></span> <span class='ocrx_word' id='word_1_270' title='bbox 894 1829 1028 1902; x_wconf 78' lang='lat' dir='ltr'><strong>justitia?</strong></span> <span class='ocrx_word' id='word_1_271' title='bbox 1042 1832 1180 1903; x_wconf 78' lang='lat' dir='ltr'><strong>Alioquin</strong></span> <span class='ocrx_word' id='word_1_272' title='bbox 1196 1834 1425 1904; x_wconf 83' lang='lat' dir='ltr'><strong>quaedamnobis</strong></span> <span class='ocrx_word' id='word_1_273' title='bbox 1444 1835 1605 1907; x_wconf 88' lang='lat' dir='ltr'><strong>displiceret</strong></span> <span class='ocrx_word' id='word_1_274' title='bbox 1615 1836 1740 1908; x_wconf 83' lang='lat' dir='ltr'><strong>justitia,</strong></span> 
     </span>
     <span class='ocr_line' id='line_1_21' title="bbox 80 1919 1744 1995; baseline 0.004 -19"><span class='ocrx_word' id='word_1_275' title='bbox 80 1934 128 1976; x_wconf 91' lang='lat' dir='ltr'><strong>um</strong></span> <span class='ocrx_word' id='word_1_276' title='bbox 145 1935 211 1991; x_wconf 81' lang='lat' dir='ltr'><strong>quae</strong></span> <span class='ocrx_word' id='word_1_277' title='bbox 239 1923 272 1977; x_wconf 92' lang='lat' dir='ltr'><strong>de</strong></span> <span class='ocrx_word' id='word_1_278' title='bbox 295 1921 387 1977; x_wconf 91' lang='lat' dir='ltr'><strong>David</strong></span> <span class='ocrx_word' id='word_1_279' title='bbox 417 1922 566 1991; x_wconf 88' lang='lat' dir='ltr'><strong>Scriptura</strong></span> <span class='ocrx_word' id='word_1_280' title='bbox 582 1921 763 1992; x_wconf 82' lang='lat' dir='ltr'><strong>pronuntiat:</strong></span> <span class='ocrx_word' id='word_1_281' title='bbox 779 1923 842 1976; x_wconf 81' lang='lat' dir='ltr'><strong>Fidi</strong></span> <span class='ocrx_word' id='word_1_282' title='bbox 895 1927 923 1977; x_wconf 90' lang='lat' dir='ltr'><strong>et</strong></span> <span class='ocrx_word' id='word_1_283' title='bbox 939 1919 1029 1990; x_wconf 93' lang='lat' dir='ltr'><strong>ipsam</strong></span> <span class='ocrx_word' id='word_1_284' title='bbox 1049 1935 1166 1992; x_wconf 91' lang='lat' dir='ltr'><strong>quoque</strong></span> <span class='ocrx_word' id='word_1_285' title='bbox 1178 1921 1292 1977; x_wconf 87' lang='lat' dir='ltr'><strong>Domini</strong></span> <span class='ocrx_word' id='word_1_286' title='bbox 1312 1923 1483 1980; x_wconf 87' lang='lat' dir='ltr'><strong>sententiam</strong></span> <span class='ocrx_word' id='word_1_287' title='bbox 1497 1925 1640 1995; x_wconf 80' lang='lat' dir='ltr'><strong>cognitam</strong></span> <span class='ocrx_word' id='word_1_288' title='bbox 1656 1926 1744 1982; x_wconf 86' lang='lat' dir='ltr'><strong>habe-</strong></span> 
     </span>
     <span class='ocr_line' id='line_1_22' title="bbox 79 2009 1743 2086; baseline 0.005 -23"><span class='ocrx_word' id='word_1_289' title='bbox 79 2024 211 2074; x_wconf 84' lang='lat' dir='ltr'><strong>teornm,</strong></span> <span class='ocrx_word' id='word_1_290' title='bbox 229 2018 282 2066; x_wconf 91' lang='lat' dir='ltr'><strong>etc.</strong></span> <span class='ocrx_word' id='word_1_291' title='bbox 301 2011 384 2082; x_wconf 75' lang='lat' dir='ltr'><strong>(Psoi.</strong></span> <span class='ocrx_word' id='word_1_292' title='bbox 408 2025 508 2079; x_wconf 79' lang='lat' dir='ltr'><strong>unviti,</strong></span> <span class='ocrx_word' id='word_1_293' title='bbox 524 2010 582 2083; x_wconf 65' lang='lat'><strong>25.)</strong></span> <span class='ocrx_word' id='word_1_294' title='bbox 611 2012 748 2081; x_wconf 84' lang='lat' dir='ltr'><strong>Spiritum</strong></span> <span class='ocrx_word' id='word_1_295' title='bbox 772 2026 843 2066; x_wconf 89' lang='lat' dir='ltr'><strong>com·</strong></span> <span class='ocrx_word' id='word_1_296' title='bbox 896 2021 994 2065; x_wconf 89' lang='lat' dir='ltr'><strong>remus</strong></span> <span class='ocrx_word' id='word_1_297' title='bbox 1018 2023 1146 2065; x_wconf 88' lang='lat' dir='ltr'><strong>exosam.</strong></span> <span class='ocrx_word' id='word_1_298' title='bbox 1178 2009 1231 2066; x_wconf 88' lang='lat' dir='ltr'><strong>Sed</strong></span> <span class='ocrx_word' id='word_1_299' title='bbox 1258 2010 1293 2067; x_wconf 88' lang='lat' dir='ltr'><strong>de</strong></span> <span class='ocrx_word' id='word_1_300' title='bbox 1317 2011 1371 2067; x_wconf 89' lang='lat' dir='ltr'><strong>hoc</strong></span> <span class='ocrx_word' id='word_1_301' title='bbox 1394 2011 1562 2084; x_wconf 89' lang='lat' dir='ltr'><strong>diligentius</strong></span> <span class='ocrx_word' id='word_1_302' title='bbox 1583 2014 1743 2086; x_wconf 78' lang='lat' dir='ltr'><strong>Theologiat</strong></span> 
     </span>
     <span class='ocr_line' id='line_1_23' title="bbox 79 2098 1405 2172; baseline 0.003 -19"><span class='ocrx_word' id='word_1_303' title='bbox 79 2102 148 2154; x_wconf 88' lang='lat' dir='ltr'><strong>ionis</strong></span> <span class='ocrx_word' id='word_1_304' title='bbox 164 2107 230 2164; x_wconf 79' lang='lat' dir='ltr'><strong>etc,</strong></span> <span class='ocrx_word' id='word_1_305' title='bbox 247 2100 274 2155; x_wconf 92' lang='lat' dir='ltr'><strong>id</strong></span> <span class='ocrx_word' id='word_1_306' title='bbox 294 2108 336 2155; x_wconf 97' lang='grc' dir='ltr'><strong>εει</strong></span> <span class='ocrx_word' id='word_1_307' title='bbox 350 2100 467 2157; x_wconf 87' lang='lat' dir='ltr'><strong>invidiae</strong></span> <span class='ocrx_word' id='word_1_308' title='bbox 490 2109 517 2157; x_wconf 89' lang='grc' dir='ltr'><strong>ει</strong></span> <span class='ocrx_word' id='word_1_309' title='bbox 532 2100 601 2167; x_wconf 93' lang='lat' dir='ltr'><strong>odii,</strong></span> <span class='ocrx_word' id='word_1_310' title='bbox 618 2101 726 2172; x_wconf 87' lang='lat' dir='ltr'><strong>quibus</strong></span> <span class='ocrx_word' id='word_1_311' title='bbox 741 2114 841 2156; x_wconf 88' lang='lat' dir='ltr'><strong>eornm</strong></span> <span class='ocrx_word' id='word_1_312' title='bbox 895 2106 1000 2154; x_wconf 80' lang='lat' dir='ltr'><strong>nostra</strong></span> <span class='ocrx_word' id='word_1_313' title='bbox 1014 2098 1198 2155; x_wconf 90' lang='lat' dir='ltr'><strong>tractandum</strong></span> <span class='ocrx_word' id='word_1_314' title='bbox 1213 2113 1405 2157; x_wconf 82' lang='lat' dir='ltr'><strong>reservamus.</strong></span> 
     </span>
    </p>

    <p class='ocr_par' dir='ltr' id='par_1_4' title="bbox 79 2187 1743 2797">
     <span class='ocr_line' id='line_1_24' title="bbox 79 2187 1741 2262; baseline 0.002 -18"><span class='ocrx_word' id='word_1_315' title='bbox 79 2203 102 2244; x_wconf 79' lang='grc' dir='ltr'><strong>εε</strong></span> <span class='ocrx_word' id='word_1_316' title='bbox 124 2196 334 2261; x_wconf 84' lang='lat' dir='ltr'><strong>pungerentur,</strong></span> <span class='ocrx_word' id='word_1_317' title='bbox 352 2189 379 2244; x_wconf 90' lang='lat' dir='ltr'><strong>id</strong></span> <span class='ocrx_word' id='word_1_318' title='bbox 400 2198 442 2246; x_wconf 92' lang='lat' dir='ltr'><strong>est</strong></span> <span class='ocrx_word' id='word_1_319' title='bbox 457 2190 680 2247; x_wconf 87' lang='lat' dir='ltr'><strong>stimularentur</strong></span> <span class='ocrx_word' id='word_1_320' title='bbox 700 2189 841 2245; x_wconf 86' lang='lat' dir='ltr'><strong>adversus</strong></span> <span class='ocrx_word' id='word_1_321' title='bbox 931 2189 994 2242; x_wconf 87' lang='lat' dir='ltr'><strong>Dico</strong></span> <span class='ocrx_word' id='word_1_322' title='bbox 1011 2203 1085 2256; x_wconf 82' lang='lat' dir='ltr'><strong>erpo.</strong></span> <span class='ocrx_word' id='word_1_323' title='bbox 1104 2187 1344 2260; x_wconf 85' lang='lat' dir='ltr'><strong>Quandoquidem</strong></span> <span class='ocrx_word' id='word_1_324' title='bbox 1364 2191 1405 2246; x_wconf 89' lang='lat' dir='ltr'><strong>sic</strong></span> <span class='ocrx_word' id='word_1_325' title='bbox 1426 2190 1460 2247; x_wconf 89' lang='lat' dir='ltr'><strong>dc</strong></span> <span class='ocrx_word' id='word_1_326' title='bbox 1474 2204 1575 2248; x_wconf 93' lang='lat' dir='ltr'><strong>eorum</strong></span> <span class='ocrx_word' id='word_1_327' title='bbox 1604 2192 1741 2262; x_wconf 90' lang='lat' dir='ltr'><strong>reproba-</strong></span> 
     </span>
     <span class='ocr_line' id='line_1_25' title="bbox 79 2277 1743 2349; baseline 0.004 -17"><span class='ocrx_word' id='word_1_328' title='bbox 79 2284 150 2342; x_wconf 93' lang='lat' dir='ltr'><strong>tum,</strong></span> <span class='ocrx_word' id='word_1_329' title='bbox 170 2285 198 2333; x_wconf 91' lang='grc' dir='ltr'><strong>ει</strong></span> <span class='ocrx_word' id='word_1_330' title='bbox 226 2291 303 2334; x_wconf 91' lang='lat' dir='ltr'><strong>suos.</strong></span> <span class='ocrx_word' id='word_1_331' title='bbox 330 2279 437 2346; x_wconf 85' lang='lat' dir='ltr'><strong>Oculos,</strong></span> <span class='ocrx_word' id='word_1_332' title='bbox 459 2279 488 2334; x_wconf 93' lang='lat' dir='ltr'><strong>id</strong></span> <span class='ocrx_word' id='word_1_333' title='bbox 508 2288 550 2336; x_wconf 90' lang='grc' dir='ltr'><strong>εει</strong></span> <span class='ocrx_word' id='word_1_334' title='bbox 572 2279 713 2336; x_wconf 90' lang='lat' dir='ltr'><strong>rationem</strong></span> <span class='ocrx_word' id='word_1_335' title='bbox 731 2293 782 2349; x_wconf 91' lang='lat' dir='ltr'><strong>per</strong></span> <span class='ocrx_word' id='word_1_336' title='bbox 809 2291 839 2334; x_wconf 89' lang='lat' dir='ltr'><strong>so</strong></span> <span class='ocrx_word' id='word_1_337' title='bbox 895 2277 971 2333; x_wconf 89' lang='lat' dir='ltr'><strong>tione</strong></span> <span class='ocrx_word' id='word_1_338' title='bbox 989 2278 1210 2347; x_wconf 86' lang='lat' dir='ltr'><strong>prophetatum:</strong></span> <span class='ocrx_word' id='word_1_339' title='bbox 1245 2279 1380 2348; x_wconf 80' lang='lat' dir='ltr'><strong>Numquid</strong></span> <span class='ocrx_word' id='word_1_340' title='bbox 1401 2279 1573 2348; x_wconf 71' lang='lat' dir='ltr'><strong>offenderunt</strong></span> <span class='ocrx_word' id='word_1_341' title='bbox 1588 2283 1682 2347; x_wconf 86' lang='lat' dir='ltr'><strong>Deum,</strong></span> <span class='ocrx_word' id='word_1_342' title='bbox 1700 2281 1743 2338; x_wconf 90' lang='lat' dir='ltr'><strong>vl·</strong></span> 
     </span>
     <span class='ocr_line' id='line_1_26' title="bbox 79 2365 1743 2442; baseline 0.002 -18"><span class='ocrx_word' id='word_1_343' title='bbox 79 2381 164 2424; x_wconf 78' lang='lat' dir='ltr'><strong>enon</strong></span> <span class='ocrx_word' id='word_1_344' title='bbox 181 2366 334 2436; x_wconf 88' lang='lat' dir='ltr'><strong>valentem,</strong></span> <span class='ocrx_word' id='word_1_345' title='bbox 360 2375 385 2423; x_wconf 89' lang='lat' dir='ltr'><strong>et</strong></span> <span class='ocrx_word' id='word_1_346' title='bbox 404 2385 495 2439; x_wconf 87' lang='lat' dir='ltr'><strong>cures,</strong></span> <span class='ocrx_word' id='word_1_347' title='bbox 525 2369 609 2426; x_wconf 92' lang='lat' dir='ltr'><strong>idest</strong></span> <span class='ocrx_word' id='word_1_348' title='bbox 631 2383 689 2426; x_wconf 92' lang='lat' dir='ltr'><strong>non</strong></span> <span class='ocrx_word' id='word_1_349' title='bbox 716 2369 771 2425; x_wconf 92' lang='lat' dir='ltr'><strong>alio</strong></span> <span class='ocrx_word' id='word_1_350' title='bbox 793 2369 841 2425; x_wconf 80' lang='lat' dir='ltr'><strong>do</strong></span> <span class='ocrx_word' id='word_1_351' title='bbox 894 2365 995 2423; x_wconf 90' lang='lat' dir='ltr'><strong>delicet</strong></span> <span class='ocrx_word' id='word_1_352' title='bbox 1010 2376 1042 2424; x_wconf 89' lang='lat' dir='ltr'><strong>ut</strong></span> <span class='ocrx_word' id='word_1_353' title='bbox 1053 2380 1113 2423; x_wconf 93' lang='lat' dir='ltr'><strong>uon</strong></span> <span class='ocrx_word' id='word_1_354' title='bbox 1131 2374 1246 2423; x_wconf 90' lang='lat' dir='ltr'><strong>tautum</strong></span> <span class='ocrx_word' id='word_1_355' title='bbox 1257 2367 1417 2424; x_wconf 84' lang='lat' dir='ltr'><strong>titubarent</strong></span> <span class='ocrx_word' id='word_1_356' title='bbox 1430 2368 1459 2424; x_wconf 91' lang='lat' dir='ltr'><strong>iu</strong></span> <span class='ocrx_word' id='word_1_357' title='bbox 1471 2369 1537 2437; x_wconf 80' lang='lat' dir='ltr'><strong>inde,</strong></span> <span class='ocrx_word' id='word_1_358' title='bbox 1558 2369 1604 2426; x_wconf 92' lang='lat' dir='ltr'><strong>sed</strong></span> <span class='ocrx_word' id='word_1_359' title='bbox 1626 2371 1743 2442; x_wconf 89' lang='lat' dir='ltr'><strong>penitus</strong></span> 
     </span>
     <span class='ocr_line' id='line_1_27' title="bbox 86 2455 1743 2531; baseline 0.002 -19"><span class='ocrx_word' id='word_1_360' title='bbox 86 2456 287 2529; x_wconf 71' lang='lat' dir='ltr'><strong>intelligentes,</strong></span> <span class='ocrx_word' id='word_1_361' title='bbox 303 2462 352 2528; x_wconf 76' lang='lat' dir='ltr'><strong>fini</strong></span> <span class='ocrx_word' id='word_1_362' title='bbox 365 2474 459 2514; x_wconf 85' lang='lat' dir='ltr'><strong>mensu</strong></span> <span class='ocrx_word' id='word_1_363' title='bbox 473 2475 573 2514; x_wconf 87' lang='lat' dir='ltr'><strong>eorum.</strong></span> <span class='ocrx_word' id='word_1_364' title='bbox 606 2458 688 2524; x_wconf 90' lang='lat' dir='ltr'><strong>Quod</strong></span> <span class='ocrx_word' id='word_1_365' title='bbox 704 2473 741 2515; x_wconf 89' lang='lat' dir='ltr'><strong>ex</strong></span> <span class='ocrx_word' id='word_1_366' title='bbox 766 2457 840 2514; x_wconf 89' lang='lat' dir='ltr'><strong>isaia</strong></span> <span class='ocrx_word' id='word_1_367' title='bbox 894 2455 1031 2525; x_wconf 83' lang='lat' dir='ltr'><strong>cuderent,</strong></span> <span class='ocrx_word' id='word_1_368' title='bbox 1046 2457 1074 2513; x_wconf 93' lang='lat' dir='ltr'><strong>id</strong></span> <span class='ocrx_word' id='word_1_369' title='bbox 1096 2464 1138 2512; x_wconf 90' lang='grc' dir='ltr'><strong>εει</strong></span> <span class='ocrx_word' id='word_1_370' title='bbox 1153 2457 1215 2513; x_wconf 91' lang='lat' dir='ltr'><strong>sine</strong></span> <span class='ocrx_word' id='word_1_371' title='bbox 1229 2459 1495 2527; x_wconf 87' lang='lat' dir='ltr'><strong>recompensatione</strong></span> <span class='ocrx_word' id='word_1_372' title='bbox 1517 2459 1641 2531; x_wconf 82' lang='lat' dir='ltr'><strong>alicujus</strong></span> <span class='ocrx_word' id='word_1_373' title='bbox 1662 2473 1743 2515; x_wconf 93' lang='lat' dir='ltr'><strong>com-</strong></span> 
     </span>
     <span class='ocr_line' id='line_1_28' title="bbox 79 2543 1742 2619; baseline 0.002 -17"><span class='ocrx_word' id='word_1_374' title='bbox 79 2559 89 2602; x_wconf 77' lang='grc' dir='ltr'>ι</span> <span class='ocrx_word' id='word_1_375' title='bbox 110 2546 201 2602; x_wconf 90' lang='lat' dir='ltr'><strong>David</strong></span> <span class='ocrx_word' id='word_1_376' title='bbox 217 2547 331 2603; x_wconf 86' lang='lat' dir='ltr'><strong>videtur</strong></span> <span class='ocrx_word' id='word_1_377' title='bbox 346 2555 539 2618; x_wconf 91' lang='lat' dir='ltr'><strong>assumptum,</strong></span> <span class='ocrx_word' id='word_1_378' title='bbox 557 2549 586 2604; x_wconf 91' lang='lat' dir='ltr'><strong>in</strong></span> <span class='ocrx_word' id='word_1_379' title='bbox 617 2554 742 2619; x_wconf 91' lang='lat' dir='ltr'><strong>utroque</strong></span> <span class='ocrx_word' id='word_1_380' title='bbox 762 2560 840 2604; x_wconf 89' lang='lat' dir='ltr'><strong>unus</strong></span> <span class='ocrx_word' id='word_1_381' title='bbox 893 2543 970 2600; x_wconf 93' lang='lat' dir='ltr'><strong>modi</strong></span> <span class='ocrx_word' id='word_1_382' title='bbox 987 2545 1199 2602; x_wconf 89' lang='lat' dir='ltr'><strong>damnarentur</strong></span> <span class='ocrx_word' id='word_1_383' title='bbox 1223 2546 1319 2611; x_wconf 90' lang='lat' dir='ltr'><strong>aDeo,</strong></span> <span class='ocrx_word' id='word_1_384' title='bbox 1336 2545 1387 2617; x_wconf 93' lang='lat' dir='ltr'><strong>qui</strong></span> <span class='ocrx_word' id='word_1_385' title='bbox 1408 2547 1544 2603; x_wconf 91' lang='lat' dir='ltr'><strong>omnibus</strong></span> <span class='ocrx_word' id='word_1_386' title='bbox 1562 2549 1648 2604; x_wconf 88' lang='lat' dir='ltr'><strong>malis</strong></span> <span class='ocrx_word' id='word_1_387' title='bbox 1671 2549 1742 2605; x_wconf 87' lang='lat' dir='ltr'><strong>bene</strong></span> 
     </span>
     <span class='ocr_line' id='line_1_29' title="bbox 79 2634 1741 2708; baseline -0.001 -15"><span class='ocrx_word' id='word_1_388' title='bbox 79 2650 93 2693; x_wconf 88' lang='grc' dir='ltr'><strong>ε</strong></span> <span class='ocrx_word' id='word_1_389' title='bbox 119 2635 330 2706; x_wconf 93' lang='lat' dir='ltr'><strong>quodammodo</strong></span> <span class='ocrx_word' id='word_1_390' title='bbox 354 2637 520 2708; x_wconf 81' lang='lat' dir='ltr'><strong>exponitur.</strong></span> <span class='ocrx_word' id='word_1_391' title='bbox 553 2638 635 2705; x_wconf 91' lang='lat' dir='ltr'><strong>item,</strong></span> <span class='ocrx_word' id='word_1_392' title='bbox 662 2637 737 2693; x_wconf 91' lang='lat' dir='ltr'><strong>idem</strong></span> <span class='ocrx_word' id='word_1_393' title='bbox 760 2636 840 2708; x_wconf 91' lang='lat' dir='ltr'><strong>quod</strong></span> <span class='ocrx_word' id='word_1_394' title='bbox 894 2634 997 2701; x_wconf 87' lang='lat' dir='ltr'><strong>utitur,</strong></span> <span class='ocrx_word' id='word_1_395' title='bbox 1021 2634 1069 2689; x_wconf 87' lang='lat' dir='ltr'><strong>sed</strong></span> <span class='ocrx_word' id='word_1_396' title='bbox 1096 2636 1206 2690; x_wconf 81' lang='lat' dir='ltr'><strong>iliorum</strong></span> <span class='ocrx_word' id='word_1_397' title='bbox 1230 2634 1337 2701; x_wconf 87' lang='lat' dir='ltr'><strong>delicto,</strong></span> <span class='ocrx_word' id='word_1_398' title='bbox 1356 2635 1427 2691; x_wconf 94' lang='lat' dir='ltr'><strong>dum</strong></span> <span class='ocrx_word' id='word_1_399' title='bbox 1444 2635 1577 2692; x_wconf 89' lang='lat' dir='ltr'><strong>videlicet</strong></span> <span class='ocrx_word' id='word_1_400' title='bbox 1598 2637 1741 2707; x_wconf 75' lang='lat' dir='ltr'><strong>praedica-</strong></span> 
     </span>
     <span class='ocr_line' id='line_1_30' title="bbox 79 2722 1741 2797; baseline 0.002 -19"><span class='ocrx_word' id='word_1_401' title='bbox 79 2726 278 2794; x_wconf 81' lang='lat' dir='ltr'><strong>inceptionem,</strong></span> <span class='ocrx_word' id='word_1_402' title='bbox 295 2725 324 2781; x_wconf 93' lang='lat' dir='ltr'><strong>in</strong></span> <span class='ocrx_word' id='word_1_403' title='bbox 342 2725 456 2783; x_wconf 90' lang='lat' dir='ltr'><strong>Psalmo</strong></span> <span class='ocrx_word' id='word_1_404' title='bbox 472 2740 530 2782; x_wconf 93' lang='lat' dir='ltr'><strong>non</strong></span> <span class='ocrx_word' id='word_1_405' title='bbox 545 2726 669 2783; x_wconf 87' lang='lat' dir='ltr'><strong>habetur</strong></span> <span class='ocrx_word' id='word_1_406' title='bbox 684 2726 838 2796; x_wconf 88' lang='lat' dir='ltr'><strong>seriptum,</strong></span> <span class='ocrx_word' id='word_1_407' title='bbox 893 2723 1000 2779; x_wconf 90' lang='lat' dir='ltr'><strong>tionem</strong></span> <span class='ocrx_word' id='word_1_408' title='bbox 1026 2722 1130 2779; x_wconf 88' lang='lat' dir='ltr'><strong>Christi</strong></span> <span class='ocrx_word' id='word_1_409' title='bbox 1157 2736 1218 2779; x_wconf 89' lang='lat' dir='ltr'><strong>aso</strong></span> <span class='ocrx_word' id='word_1_410' title='bbox 1233 2725 1412 2793; x_wconf 91' lang='lat' dir='ltr'><strong>repellerent,</strong></span> <span class='ocrx_word' id='word_1_411' title='bbox 1434 2731 1462 2781; x_wconf 93' lang='lat' dir='ltr'><strong>et</strong></span> <span class='ocrx_word' id='word_1_412' title='bbox 1477 2724 1595 2795; x_wconf 90' lang='lat' dir='ltr'><strong>apostoli</strong></span> <span class='ocrx_word' id='word_1_413' title='bbox 1620 2725 1656 2781; x_wconf 90' lang='lat' dir='ltr'><strong>ad</strong></span> <span class='ocrx_word' id='word_1_414' title='bbox 1672 2740 1741 2797; x_wconf 87' lang='lat' dir='ltr'><strong>gon-</strong></span> 
     </span>
    </p>
   </div>
   <div class='ocr_carea' id='block_1_4' title="bbox 79 2810 1740 2974">
    <p class='ocr_par' dir='ltr' id='par_1_5' title="bbox 79 2810 1740 2974">
     <span class='ocr_line' id='line_1_31' title="bbox 79 2810 1740 2884; baseline 0.002 -17"><span class='ocrx_word' id='word_1_415' title='bbox 79 2812 134 2868; x_wconf 77' lang='lat' dir='ltr'><strong>tin</strong></span> <span class='ocrx_word' id='word_1_416' title='bbox 159 2812 240 2880; x_wconf 76' lang='lat' dir='ltr'><strong>lxx,</strong></span> <span class='ocrx_word' id='word_1_417' title='bbox 270 2827 365 2884; x_wconf 90' lang='lat' dir='ltr'><strong>neque</strong></span> <span class='ocrx_word' id='word_1_418' title='bbox 385 2813 414 2869; x_wconf 93' lang='lat' dir='ltr'><strong>in</strong></span> <span class='ocrx_word' id='word_1_419' title='bbox 439 2814 567 2871; x_wconf 81' lang='lat' dir='ltr'><strong>Hebraeo.</strong></span> <span class='ocrx_word' id='word_1_420' title='bbox 599 2814 634 2870; x_wconf 87' lang='grc' dir='ltr'>Ει</span> <span class='ocrx_word' id='word_1_421' title='bbox 660 2828 779 2871; x_wconf 92' lang='lat' dir='ltr'><strong>rursum</strong></span> <span class='ocrx_word' id='word_1_422' title='bbox 808 2814 837 2869; x_wconf 93' lang='lat' dir='ltr'><strong>in</strong></span> <span class='ocrx_word' id='word_1_423' title='bbox 894 2817 936 2867; x_wconf 92' lang='lat' dir='ltr'><strong>tes</strong></span> <span class='ocrx_word' id='word_1_424' title='bbox 957 2810 1123 2879; x_wconf 89' lang='lat' dir='ltr'><strong>transirent,</strong></span> <span class='ocrx_word' id='word_1_425' title='bbox 1139 2817 1217 2866; x_wconf 92' lang='lat' dir='ltr'><strong>tanto</strong></span> <span class='ocrx_word' id='word_1_426' title='bbox 1232 2810 1347 2867; x_wconf 78' lang='lat' dir='ltr'><strong>facilins</strong></span> <span class='ocrx_word' id='word_1_427' title='bbox 1372 2824 1389 2865; x_wconf 92' lang='lat' dir='ltr'><strong>a</strong></span> <span class='ocrx_word' id='word_1_428' title='bbox 1415 2813 1550 2883; x_wconf 83' lang='lat' dir='ltr'><strong>gentibus</strong></span> <span class='ocrx_word' id='word_1_429' title='bbox 1572 2821 1667 2870; x_wconf 90' lang='lat' dir='ltr'><strong>essent</strong></span> <span class='ocrx_word' id='word_1_430' title='bbox 1696 2828 1740 2870; x_wconf 89' lang='lat' dir='ltr'><strong>re·</strong></span> 
     </span>
     <span class='ocr_line' id='line_1_32' title="bbox 79 2871 1737 2974; baseline 0.001 -15"><span class='ocrx_word' id='word_1_431' title='bbox 79 2916 104 2959; x_wconf 90' lang='lat' dir='ltr'><strong>to</strong></span> <span class='ocrx_word' id='word_1_432' title='bbox 131 2901 254 2958; x_wconf 82' lang='lat' dir='ltr'><strong>iradetur</strong></span> <span class='ocrx_word' id='word_1_433' title='bbox 268 2918 360 2958; x_wconf 87' lang='lat' dir='ltr'><strong>eorum</strong></span> <span class='ocrx_word' id='word_1_434' title='bbox 382 2906 462 2973; x_wconf 87' lang='lat' dir='ltr'><strong>ipsis,</strong></span> <span class='ocrx_word' id='word_1_435' title='bbox 479 2902 631 2974; x_wconf 91' lang='lat' dir='ltr'><strong>Apostolus</strong></span> <span class='ocrx_word' id='word_1_436' title='bbox 657 2911 754 2961; x_wconf 89' lang='lat' dir='ltr'><strong>autem</strong></span> <span class='ocrx_word' id='word_1_437' title='bbox 781 2917 839 2960; x_wconf 93' lang='lat' dir='ltr'><strong>non</strong></span> <span class='ocrx_word' id='word_1_438' title='bbox 854 2871 878 2932; x_wconf 77' lang='lat'><strong>⁰</strong></span> <span class='ocrx_word' id='word_1_439' title='bbox 896 2900 982 2971; x_wconf 91' lang='lat' dir='ltr'><strong>cepti,</strong></span> <span class='ocrx_word' id='word_1_440' title='bbox 1000 2907 1111 2972; x_wconf 88' lang='lat' dir='ltr'><strong>quanto</strong></span> <span class='ocrx_word' id='word_1_441' title='bbox 1125 2913 1143 2956; x_wconf 89' lang='lat' dir='ltr'><strong>a</strong></span> <span class='ocrx_word' id='word_1_442' title='bbox 1156 2898 1262 2957; x_wconf 73' lang='lat' dir='ltr'><strong>iudaeis</strong></span> <span class='ocrx_word' id='word_1_443' title='bbox 1283 2898 1404 2955; x_wconf 90' lang='lat' dir='ltr'><strong>summis</strong></span> <span class='ocrx_word' id='word_1_444' title='bbox 1420 2913 1522 2956; x_wconf 89' lang='lat' dir='ltr'><strong>earum</strong></span> <span class='ocrx_word' id='word_1_445' title='bbox 1551 2901 1675 2958; x_wconf 89' lang='lat' dir='ltr'><strong>inimicis</strong></span> <span class='ocrx_word' id='word_1_446' title='bbox 1694 2916 1737 2960; x_wconf 88' lang='lat' dir='ltr'><strong>re·</strong></span> 
     </span>
    </p>
   </div>
   <div class='ocr_carea' id='block_1_5' title="bbox 79 2988 1741 5473">
    <p class='ocr_par' dir='ltr' id='par_1_6' title="bbox 79 2988 1741 5473">
     <span class='ocr_line' id='line_1_33' title="bbox 79 2988 1741 3061; baseline 0 -14"><span class='ocrx_word' id='word_1_447' title='bbox 79 2997 200 3047; x_wconf 91' lang='lat' dir='ltr'><strong>tcoram</strong></span> <span class='ocrx_word' id='word_1_448' title='bbox 222 2992 300 3061; x_wconf 92' lang='lat' dir='ltr'><strong>ipsis.</strong></span> <span class='ocrx_word' id='word_1_449' title='bbox 326 2995 419 3047; x_wconf 86' lang='lat' dir='ltr'><strong>dienso</strong></span> <span class='ocrx_word' id='word_1_450' title='bbox 438 3008 529 3048; x_wconf 80' lang='lat' dir='ltr'><strong>eorum</strong></span> <span class='ocrx_word' id='word_1_451' title='bbox 544 3008 633 3048; x_wconf 86' lang='lat' dir='ltr'><strong>corum</strong></span> <span class='ocrx_word' id='word_1_452' title='bbox 658 2994 725 3059; x_wconf 88' lang='lat' dir='ltr'><strong>illis,</strong></span> <span class='ocrx_word' id='word_1_453' title='bbox 744 2992 771 3048; x_wconf 89' lang='lat' dir='ltr'><strong>id</strong></span> <span class='ocrx_word' id='word_1_454' title='bbox 796 2999 838 3048; x_wconf 90' lang='grc' dir='ltr'><strong>εει</strong></span> <span class='ocrx_word' id='word_1_455' title='bbox 895 2990 994 3060; x_wconf 92' lang='lat' dir='ltr'><strong>pulsos</strong></span> <span class='ocrx_word' id='word_1_456' title='bbox 1017 3003 1064 3046; x_wconf 88' lang='lat' dir='ltr'><strong>eos</strong></span> <span class='ocrx_word' id='word_1_457' title='bbox 1091 2997 1119 3047; x_wconf 91' lang='grc' dir='ltr'><strong>ει</strong></span> <span class='ocrx_word' id='word_1_458' title='bbox 1148 2988 1270 3045; x_wconf 89' lang='lat' dir='ltr'><strong>aillictos</strong></span> <span class='ocrx_word' id='word_1_459' title='bbox 1297 2988 1444 3060; x_wconf 90' lang='lat' dir='ltr'><strong>viderent;</strong></span> <span class='ocrx_word' id='word_1_460' title='bbox 1470 2989 1514 3046; x_wconf 92' lang='lat' dir='ltr'><strong>vel</strong></span> <span class='ocrx_word' id='word_1_461' title='bbox 1531 2991 1560 3045; x_wconf 92' lang='lat' dir='ltr'><strong>in</strong></span> <span class='ocrx_word' id='word_1_462' title='bbox 1584 2988 1639 3046; x_wconf 87' lang='lat' dir='ltr'><strong>hoe</strong></span> <span class='ocrx_word' id='word_1_463' title='bbox 1654 2992 1741 3048; x_wconf 90' lang='lat' dir='ltr'><strong>etiam</strong></span> 
     </span>
     <span class='ocr_line' id='line_1_34' title="bbox 79 3077 1736 3152; baseline 0.001 -16"><span class='ocrx_word' id='word_1_464' title='bbox 79 3091 140 3137; x_wconf 87' lang='lat' dir='ltr'><strong>tura</strong></span> <span class='ocrx_word' id='word_1_465' title='bbox 155 3080 265 3139; x_wconf 89' lang='lat' dir='ltr'><strong>Veteris</strong></span> <span class='ocrx_word' id='word_1_466' title='bbox 291 3082 465 3138; x_wconf 82' lang='lat' dir='ltr'><strong>Testamenti</strong></span> <span class='ocrx_word' id='word_1_467' title='bbox 484 3082 525 3138; x_wconf 89' lang='lat' dir='ltr'><strong>eis</strong></span> <span class='ocrx_word' id='word_1_468' title='bbox 556 3083 671 3150; x_wconf 86' lang='lat' dir='ltr'><strong>tradita,</strong></span> <span class='ocrx_word' id='word_1_469' title='bbox 699 3090 726 3138; x_wconf 90' lang='grc' dir='ltr'><strong>ει</strong></span> <span class='ocrx_word' id='word_1_470' title='bbox 749 3082 785 3138; x_wconf 85' lang='lat' dir='ltr'><strong>ab</strong></span> <span class='ocrx_word' id='word_1_471' title='bbox 800 3082 841 3139; x_wconf 90' lang='lat' dir='ltr'><strong>eis</strong></span> <span class='ocrx_word' id='word_1_472' title='bbox 899 3078 977 3151; x_wconf 93' lang='lat' dir='ltr'><strong>quod</strong></span> <span class='ocrx_word' id='word_1_473' title='bbox 1004 3078 1124 3148; x_wconf 90' lang='lat' dir='ltr'><strong>dispersi</strong></span> <span class='ocrx_word' id='word_1_474' title='bbox 1139 3092 1188 3148; x_wconf 90' lang='lat' dir='ltr'><strong>per</strong></span> <span class='ocrx_word' id='word_1_475' title='bbox 1203 3077 1386 3134; x_wconf 93' lang='lat' dir='ltr'><strong>muudnmin</strong></span> <span class='ocrx_word' id='word_1_476' title='bbox 1403 3085 1570 3149; x_wconf 90' lang='lat' dir='ltr'><strong>perpetuam</strong></span> <span class='ocrx_word' id='word_1_477' title='bbox 1586 3081 1736 3152; x_wconf 90' lang='lat' dir='ltr'><strong>captivita-</strong></span> 
     </span>
     <span class='ocr_line' id='line_1_35' title="bbox 79 3166 1741 3242; baseline 0.001 -16"><span class='ocrx_word' id='word_1_478' title='bbox 79 3177 184 3236; x_wconf 88' lang='lat' dir='ltr'><strong>entata,</strong></span> <span class='ocrx_word' id='word_1_479' title='bbox 215 3169 292 3226; x_wconf 90' lang='lat' dir='ltr'><strong>unde</strong></span> <span class='ocrx_word' id='word_1_480' title='bbox 315 3171 413 3227; x_wconf 89' lang='lat' dir='ltr'><strong>cibum</strong></span> <span class='ocrx_word' id='word_1_481' title='bbox 438 3171 542 3227; x_wconf 75' lang='lat' dir='ltr'><strong>animae</strong></span> <span class='ocrx_word' id='word_1_482' title='bbox 566 3171 760 3242; x_wconf 82' lang='lat' dir='ltr'><strong>intelligentes</strong></span> <span class='ocrx_word' id='word_1_483' title='bbox 786 3185 845 3228; x_wconf 74' lang='lat' dir='ltr'><strong>su-.</strong></span> <span class='ocrx_word' id='word_1_484' title='bbox 895 3177 951 3225; x_wconf 93' lang='lat' dir='ltr'><strong>tem</strong></span> <span class='ocrx_word' id='word_1_485' title='bbox 979 3182 1029 3239; x_wconf 92' lang='lat' dir='ltr'><strong>pro</strong></span> <span class='ocrx_word' id='word_1_486' title='bbox 1058 3176 1172 3239; x_wconf 88' lang='lat' dir='ltr'><strong>peccato</strong></span> <span class='ocrx_word' id='word_1_487' title='bbox 1199 3168 1230 3224; x_wconf 94' lang='lat' dir='ltr'><strong>in</strong></span> <span class='ocrx_word' id='word_1_488' title='bbox 1246 3166 1392 3224; x_wconf 85' lang='lat' dir='ltr'><strong>Christum</strong></span> <span class='ocrx_word' id='word_1_489' title='bbox 1416 3172 1568 3226; x_wconf 85' lang='lat' dir='ltr'><strong>commisso</strong></span> <span class='ocrx_word' id='word_1_490' title='bbox 1599 3170 1662 3227; x_wconf 84' lang='lat' dir='ltr'><strong>fidei</strong></span> <span class='ocrx_word' id='word_1_491' title='bbox 1692 3185 1741 3227; x_wconf 94' lang='lat' dir='ltr'><strong>no·</strong></span> 
     </span>
     <span class='ocr_line' id='line_1_36' title="bbox 79 3255 1740 3330; baseline 0.002 -18"><span class='ocrx_word' id='word_1_492' title='bbox 79 3260 138 3324; x_wconf 85' lang='lat' dir='ltr'><strong>‚in</strong></span> <span class='ocrx_word' id='word_1_493' title='bbox 167 3258 296 3325; x_wconf 83' lang='lat' dir='ltr'><strong>loqueum</strong></span> <span class='ocrx_word' id='word_1_494' title='bbox 309 3265 335 3314; x_wconf 88' lang='lat' dir='ltr'><strong>et</strong></span> <span class='ocrx_word' id='word_1_495' title='bbox 362 3261 390 3314; x_wconf 92' lang='lat' dir='ltr'><strong>in</strong></span> <span class='ocrx_word' id='word_1_496' title='bbox 419 3264 578 3330; x_wconf 84' lang='lat' dir='ltr'><strong>ruptionem,</strong></span> <span class='ocrx_word' id='word_1_497' title='bbox 611 3260 638 3315; x_wconf 95' lang='lat' dir='ltr'><strong>id</strong></span> <span class='ocrx_word' id='word_1_498' title='bbox 665 3268 707 3316; x_wconf 90' lang='lat' dir='ltr'><strong>est</strong></span> <span class='ocrx_word' id='word_1_499' title='bbox 734 3266 766 3317; x_wconf 93' lang='lat' dir='ltr'><strong>ut</strong></span> <span class='ocrx_word' id='word_1_500' title='bbox 792 3260 838 3317; x_wconf 85' lang='lat' dir='ltr'><strong>la·</strong></span> <span class='ocrx_word' id='word_1_501' title='bbox 893 3265 959 3314; x_wconf 83' lang='lat' dir='ltr'><strong>strae</strong></span> <span class='ocrx_word' id='word_1_502' title='bbox 975 3255 1134 3328; x_wconf 92' lang='lat' dir='ltr'><strong>plurimum</strong></span> <span class='ocrx_word' id='word_1_503' title='bbox 1149 3264 1332 3324; x_wconf 90' lang='lat' dir='ltr'><strong>attestantur,</strong></span> <span class='ocrx_word' id='word_1_504' title='bbox 1346 3264 1374 3312; x_wconf 91' lang='grc' dir='ltr'><strong>ει</strong></span> <span class='ocrx_word' id='word_1_505' title='bbox 1388 3271 1495 3328; x_wconf 91' lang='lat' dir='ltr'><strong>magna</strong></span> <span class='ocrx_word' id='word_1_506' title='bbox 1509 3259 1641 3328; x_wconf 82' lang='lat' dir='ltr'><strong>potentia</strong></span> <span class='ocrx_word' id='word_1_507' title='bbox 1653 3259 1740 3317; x_wconf 84' lang='lat' dir='ltr'><strong>Clnri-</strong></span> 
     </span>
     <span class='ocr_line' id='line_1_37' title="bbox 79 3345 1741 3420; baseline 0.002 -18"><span class='ocrx_word' id='word_1_508' title='bbox 79 3361 111 3414; x_wconf 92' lang='lat' dir='ltr'><strong>n,</strong></span> <span class='ocrx_word' id='word_1_509' title='bbox 135 3362 194 3418; x_wconf 90' lang='lat' dir='ltr'><strong>quo</strong></span> <span class='ocrx_word' id='word_1_510' title='bbox 216 3349 271 3420; x_wconf 92' lang='lat' dir='ltr'><strong>ipsi</strong></span> <span class='ocrx_word' id='word_1_511' title='bbox 285 3364 344 3406; x_wconf 90' lang='lat' dir='ltr'><strong>non</strong></span> <span class='ocrx_word' id='word_1_512' title='bbox 359 3349 431 3406; x_wconf 91' lang='lat' dir='ltr'><strong>alios</strong></span> <span class='ocrx_word' id='word_1_513' title='bbox 454 3350 579 3420; x_wconf 86' lang='lat' dir='ltr'><strong>capiant,</strong></span> <span class='ocrx_word' id='word_1_514' title='bbox 603 3349 652 3406; x_wconf 92' lang='lat' dir='ltr'><strong>sed</strong></span> <span class='ocrx_word' id='word_1_515' title='bbox 675 3349 838 3420; x_wconf 89' lang='lat' dir='ltr'><strong>capiantur,</strong></span> <span class='ocrx_word' id='word_1_516' title='bbox 893 3347 927 3403; x_wconf 87' lang='lat' dir='ltr'><strong>sti</strong></span> <span class='ocrx_word' id='word_1_517' title='bbox 947 3345 1091 3416; x_wconf 83' lang='lat' dir='ltr'><strong>praeconia</strong></span> <span class='ocrx_word' id='word_1_518' title='bbox 1118 3346 1255 3416; x_wconf 80' lang='lat' dir='ltr'><strong>praeltent.</strong></span> <span class='ocrx_word' id='word_1_519' title='bbox 1277 3347 1311 3401; x_wconf 84' lang='lat' dir='ltr'><strong>itt</strong></span> <span class='ocrx_word' id='word_1_520' title='bbox 1326 3345 1387 3400; x_wconf 88' lang='lat' dir='ltr'><strong>iilos</strong></span> <span class='ocrx_word' id='word_1_521' title='bbox 1410 3347 1581 3414; x_wconf 82' lang='lat' dir='ltr'><strong>amutentur,</strong></span> <span class='ocrx_word' id='word_1_522' title='bbox 1596 3347 1625 3404; x_wconf 92' lang='lat' dir='ltr'><strong>id</strong></span> <span class='ocrx_word' id='word_1_523' title='bbox 1649 3355 1741 3406; x_wconf 89' lang='lat' dir='ltr'><strong>estut</strong></span> 
     </span>
     <span class='ocr_line' id='line_1_38' title="bbox 81 3434 1738 3511; baseline 0.002 -20"><span class='ocrx_word' id='word_1_524' title='bbox 81 3437 217 3493; x_wconf 91' lang='lat' dir='ltr'><strong>ineantur</strong></span> <span class='ocrx_word' id='word_1_525' title='bbox 239 3453 274 3495; x_wconf 91' lang='lat' dir='ltr'><strong>ne</strong></span> <span class='ocrx_word' id='word_1_526' title='bbox 301 3439 350 3494; x_wconf 93' lang='lat' dir='ltr'><strong>via</strong></span> <span class='ocrx_word' id='word_1_527' title='bbox 372 3440 502 3496; x_wconf 91' lang='lat' dir='ltr'><strong>veritatis</strong></span> <span class='ocrx_word' id='word_1_528' title='bbox 518 3440 662 3506; x_wconf 89' lang='lat' dir='ltr'><strong>incedant,</strong></span> <span class='ocrx_word' id='word_1_529' title='bbox 688 3454 753 3511; x_wconf 79' lang='lat' dir='ltr'><strong>qna</strong></span> <span class='ocrx_word' id='word_1_530' title='bbox 782 3440 837 3495; x_wconf 92' lang='lat' dir='ltr'><strong>ait:</strong></span> <span class='ocrx_word' id='word_1_531' title='bbox 873 3434 1026 3506; x_wconf 90' lang='lat' dir='ltr'><strong>deinceps</strong></span> <span class='ocrx_word' id='word_1_532' title='bbox 1051 3449 1066 3491; x_wconf 92' lang='lat' dir='ltr'><strong>e</strong></span> <span class='ocrx_word' id='word_1_533' title='bbox 1095 3450 1234 3492; x_wconf 86' lang='lat' dir='ltr'><strong>converso</strong></span> <span class='ocrx_word' id='word_1_534' title='bbox 1264 3442 1363 3507; x_wconf 89' lang='lat' dir='ltr'><strong>gentes</strong></span> <span class='ocrx_word' id='word_1_535' title='bbox 1392 3434 1498 3492; x_wconf 88' lang='lat' dir='ltr'><strong>iaciant</strong></span> <span class='ocrx_word' id='word_1_536' title='bbox 1525 3437 1634 3494; x_wconf 84' lang='lat' dir='ltr'><strong>iudaeis</strong></span> <span class='ocrx_word' id='word_1_537' title='bbox 1657 3437 1738 3509; x_wconf 91' lang='lat' dir='ltr'><strong>quod</strong></span> 
     </span>
     <span class='ocr_line' id='line_1_39' title="bbox 79 3522 1741 3597; baseline 0.004 -17"><span class='ocrx_word' id='word_1_538' title='bbox 79 3541 132 3581; x_wconf 87' lang='lat' dir='ltr'><strong>rum</strong></span> <span class='ocrx_word' id='word_1_539' title='bbox 157 3529 214 3592; x_wconf 84' lang='lat' dir='ltr'><strong>oio,</strong></span> <span class='ocrx_word' id='word_1_540' title='bbox 230 3533 342 3596; x_wconf 85' lang='lat' dir='ltr'><strong>veritos,</strong></span> <span class='ocrx_word' id='word_1_541' title='bbox 370 3534 395 3583; x_wconf 89' lang='lat' dir='ltr'><strong>et</strong></span> <span class='ocrx_word' id='word_1_542' title='bbox 415 3532 473 3583; x_wconf 85' lang='lat' dir='ltr'><strong>nitu</strong></span> <span class='ocrx_word' id='word_1_543' title='bbox 489 3528 558 3584; x_wconf 91' lang='lat' dir='ltr'><strong>dum</strong></span> <span class='ocrx_word' id='word_1_544' title='bbox 583 3528 690 3584; x_wconf 86' lang='lat' dir='ltr'><strong>scilicet</strong></span> <span class='ocrx_word' id='word_1_545' title='bbox 708 3527 778 3583; x_wconf 83' lang='lat' dir='ltr'><strong>uiuit</strong></span> <span class='ocrx_word' id='word_1_546' title='bbox 800 3525 839 3583; x_wconf 85' lang='lat' dir='ltr'><strong>ilti</strong></span> <span class='ocrx_word' id='word_1_547' title='bbox 892 3522 960 3580; x_wconf 90' lang='lat' dir='ltr'><strong>olim</strong></span> <span class='ocrx_word' id='word_1_548' title='bbox 987 3524 1078 3580; x_wconf 81' lang='lat' dir='ltr'><strong>iudaei</strong></span> <span class='ocrx_word' id='word_1_549' title='bbox 1106 3524 1249 3581; x_wconf 81' lang='lat' dir='ltr'><strong>iaciebant</strong></span> <span class='ocrx_word' id='word_1_550' title='bbox 1279 3524 1415 3595; x_wconf 88' lang='lat' dir='ltr'><strong>gentibus</strong></span> <span class='ocrx_word' id='word_1_551' title='bbox 1431 3525 1460 3582; x_wconf 92' lang='lat' dir='ltr'><strong>in</strong></span> <span class='ocrx_word' id='word_1_552' title='bbox 1476 3526 1634 3597; x_wconf 89' lang='lat' dir='ltr'><strong>proselytis,</strong></span> <span class='ocrx_word' id='word_1_553' title='bbox 1656 3526 1741 3586; x_wconf 85' lang='lat' dir='ltr'><strong>idest</strong></span> 
     </span>
     <span class='ocr_line' id='line_1_40' title="bbox 79 3611 1739 3688; baseline 0.001 -16"><span class='ocrx_word' id='word_1_554' title='bbox 79 3616 288 3686; x_wconf 81' lang='lat' dir='ltr'><strong>reaccipiunt,</strong></span> <span class='ocrx_word' id='word_1_555' title='bbox 326 3617 375 3674; x_wconf 93' lang='lat' dir='ltr'><strong>sed</strong></span> <span class='ocrx_word' id='word_1_556' title='bbox 400 3619 436 3673; x_wconf 94' lang='lat' dir='ltr'><strong>ad</strong></span> <span class='ocrx_word' id='word_1_557' title='bbox 461 3618 596 3684; x_wconf 89' lang='lat' dir='ltr'><strong>litteram,</strong></span> <span class='ocrx_word' id='word_1_558' title='bbox 620 3632 686 3688; x_wconf 88' lang='lat' dir='ltr'><strong>quae</strong></span> <span class='ocrx_word' id='word_1_559' title='bbox 724 3615 836 3686; x_wconf 89' lang='lat' dir='ltr'><strong>occidit,</strong></span> <span class='ocrx_word' id='word_1_560' title='bbox 891 3611 950 3669; x_wconf 87' lang='lat' dir='ltr'><strong>zelo</strong></span> <span class='ocrx_word' id='word_1_561' title='bbox 966 3613 1016 3669; x_wconf 93' lang='lat' dir='ltr'><strong>Dei</strong></span> <span class='ocrx_word' id='word_1_562' title='bbox 1034 3613 1097 3670; x_wconf 91' lang='lat' dir='ltr'><strong>illos</strong></span> <span class='ocrx_word' id='word_1_563' title='bbox 1114 3612 1150 3669; x_wconf 95' lang='lat' dir='ltr'><strong>ad</strong></span> <span class='ocrx_word' id='word_1_564' title='bbox 1162 3613 1350 3670; x_wconf 87' lang='lat' dir='ltr'><strong>imitationem</strong></span> <span class='ocrx_word' id='word_1_565' title='bbox 1365 3613 1410 3670; x_wconf 92' lang='lat' dir='ltr'><strong>sui</strong></span> <span class='ocrx_word' id='word_1_566' title='bbox 1430 3619 1600 3672; x_wconf 88' lang='lat' dir='ltr'><strong>convertant</strong></span> <span class='ocrx_word' id='word_1_567' title='bbox 1612 3616 1657 3673; x_wconf 87' lang='lat' dir='ltr'><strong>vel</strong></span> <span class='ocrx_word' id='word_1_568' title='bbox 1673 3631 1739 3687; x_wconf 92' lang='lat' dir='ltr'><strong>pro·</strong></span> 
     </span>
     <span class='ocr_line' id='line_1_41' title="bbox 79 3701 1736 3778; baseline 0.001 -18"><span class='ocrx_word' id='word_1_569' title='bbox 79 3715 270 3776; x_wconf 88' lang='lat' dir='ltr'><strong>aexponnnt,</strong></span> <span class='ocrx_word' id='word_1_570' title='bbox 293 3706 337 3762; x_wconf 90' lang='lat' dir='ltr'><strong>vel</strong></span> <span class='ocrx_word' id='word_1_571' title='bbox 358 3707 388 3763; x_wconf 95' lang='lat' dir='ltr'><strong>in</strong></span> <span class='ocrx_word' id='word_1_572' title='bbox 403 3706 577 3778; x_wconf 89' lang='lat' dir='ltr'><strong>captionem,</strong></span> <span class='ocrx_word' id='word_1_573' title='bbox 603 3707 672 3762; x_wconf 93' lang='lat' dir='ltr'><strong>dum</strong></span> <span class='ocrx_word' id='word_1_574' title='bbox 688 3720 761 3777; x_wconf 74' lang='lat' dir='ltr'><strong>saepe</strong></span> <span class='ocrx_word' id='word_1_575' title='bbox 781 3707 836 3761; x_wconf 89' lang='lat' dir='ltr'><strong>Do·</strong></span> <span class='ocrx_word' id='word_1_576' title='bbox 891 3709 1002 3759; x_wconf 75' lang='lat' dir='ltr'><strong>vocent.</strong></span> <span class='ocrx_word' id='word_1_577' title='bbox 1028 3702 1172 3759; x_wconf 84' lang='lat' dir='ltr'><strong>AEmulari</strong></span> <span class='ocrx_word' id='word_1_578' title='bbox 1193 3701 1320 3774; x_wconf 92' lang='lat' dir='ltr'><strong>aliquem</strong></span> <span class='ocrx_word' id='word_1_579' title='bbox 1347 3710 1389 3759; x_wconf 87' lang='grc' dir='ltr'><strong>εει</strong></span> <span class='ocrx_word' id='word_1_580' title='bbox 1408 3703 1512 3771; x_wconf 90' lang='lat' dir='ltr'><strong>zelum,</strong></span> <span class='ocrx_word' id='word_1_581' title='bbox 1537 3704 1565 3760; x_wconf 96' lang='lat' dir='ltr'><strong>id</strong></span> <span class='ocrx_word' id='word_1_582' title='bbox 1588 3712 1630 3762; x_wconf 86' lang='lat' dir='ltr'><strong>est</strong></span> <span class='ocrx_word' id='word_1_583' title='bbox 1654 3706 1736 3762; x_wconf 86' lang='lat' dir='ltr'><strong>rehe-</strong></span> 
     </span>
     <span class='ocr_line' id='line_1_42' title="bbox 82 3790 1740 3866; baseline 0.002 -17"><span class='ocrx_word' id='word_1_584' title='bbox 82 3792 127 3849; x_wconf 88' lang='lat' dir='ltr'><strong>vel</strong></span> <span class='ocrx_word' id='word_1_585' title='bbox 151 3793 258 3849; x_wconf 89' lang='lat' dir='ltr'><strong>sanctis</strong></span> <span class='ocrx_word' id='word_1_586' title='bbox 275 3794 441 3851; x_wconf 83' lang='lat' dir='ltr'><strong>doctoribus</strong></span> <span class='ocrx_word' id='word_1_587' title='bbox 458 3793 685 3866; x_wconf 82' lang='lat' dir='ltr'><strong>confligentibus</strong></span> <span class='ocrx_word' id='word_1_588' title='bbox 704 3792 836 3861; x_wconf 87' lang='lat' dir='ltr'><strong>cumeis,</strong></span> <span class='ocrx_word' id='word_1_589' title='bbox 893 3804 974 3846; x_wconf 90' lang='lat' dir='ltr'><strong>mens</strong></span> <span class='ocrx_word' id='word_1_590' title='bbox 988 3790 1163 3847; x_wconf 90' lang='lat' dir='ltr'><strong>desiderium</strong></span> <span class='ocrx_word' id='word_1_591' title='bbox 1180 3805 1249 3863; x_wconf 83' lang='lat' dir='ltr'><strong>erga</strong></span> <span class='ocrx_word' id='word_1_592' title='bbox 1265 3806 1333 3848; x_wconf 92' lang='lat' dir='ltr'><strong>eum</strong></span> <span class='ocrx_word' id='word_1_593' title='bbox 1349 3792 1456 3848; x_wconf 85' lang='lat' dir='ltr'><strong>habere</strong></span> <span class='ocrx_word' id='word_1_594' title='bbox 1484 3799 1517 3849; x_wconf 94' lang='lat' dir='ltr'><strong>ut</strong></span> <span class='ocrx_word' id='word_1_595' title='bbox 1544 3792 1627 3850; x_wconf 92' lang='lat' dir='ltr'><strong>illum</strong></span> <span class='ocrx_word' id='word_1_596' title='bbox 1647 3793 1740 3852; x_wconf 90' lang='lat' dir='ltr'><strong>imite-</strong></span> 
     </span>
     <span class='ocr_line' id='line_1_43' title="bbox 79 3876 1736 3954; baseline 0.001 -17"><span class='ocrx_word' id='word_1_597' title='bbox 79 3896 114 3937; x_wconf 80' lang='lat' dir='ltr'><strong>tre</strong></span> <span class='ocrx_word' id='word_1_598' title='bbox 131 3882 166 3937; x_wconf 91' lang='lat' dir='ltr'><strong>de</strong></span> <span class='ocrx_word' id='word_1_599' title='bbox 183 3882 332 3952; x_wconf 86' lang='lat' dir='ltr'><strong>Scriptura</strong></span> <span class='ocrx_word' id='word_1_600' title='bbox 344 3885 384 3938; x_wconf 88' lang='lat' dir='ltr'><strong>eis</strong></span> <span class='ocrx_word' id='word_1_601' title='bbox 399 3882 579 3954; x_wconf 84' lang='lat' dir='ltr'><strong>objiciuntur</strong></span> <span class='ocrx_word' id='word_1_602' title='bbox 606 3881 770 3937; x_wconf 90' lang='lat' dir='ltr'><strong>testimonia</strong></span> <span class='ocrx_word' id='word_1_603' title='bbox 797 3881 838 3937; x_wconf 89' lang='lat' dir='ltr'><strong>ita</strong></span> <span class='ocrx_word' id='word_1_604' title='bbox 891 3883 940 3934; x_wconf 90' lang='lat' dir='ltr'><strong>tur</strong></span> <span class='ocrx_word' id='word_1_605' title='bbox 956 3876 1001 3934; x_wconf 90' lang='lat' dir='ltr'><strong>vel</strong></span> <span class='ocrx_word' id='word_1_606' title='bbox 1026 3877 1072 3933; x_wconf 92' lang='lat' dir='ltr'><strong>ille</strong></span> <span class='ocrx_word' id='word_1_607' title='bbox 1089 3892 1156 3934; x_wconf 90' lang='lat' dir='ltr'><strong>eum</strong></span> <span class='ocrx_word' id='word_1_608' title='bbox 1182 3892 1360 3948; x_wconf 87' lang='lat' dir='ltr'><strong>econverso,</strong></span> <span class='ocrx_word' id='word_1_609' title='bbox 1374 3880 1460 3949; x_wconf 90' lang='lat' dir='ltr'><strong>juxta</strong></span> <span class='ocrx_word' id='word_1_610' title='bbox 1483 3881 1561 3951; x_wconf 91' lang='lat' dir='ltr'><strong>quod</strong></span> <span class='ocrx_word' id='word_1_611' title='bbox 1582 3882 1679 3938; x_wconf 89' lang='lat' dir='ltr'><strong>statim</strong></span> <span class='ocrx_word' id='word_1_612' title='bbox 1695 3882 1736 3938; x_wconf 92' lang='lat' dir='ltr'><strong>dl-</strong></span> 
     </span>
     <span class='ocr_line' id='line_1_44' title="bbox 79 3967 1736 4044; baseline 0 -18"><span class='ocrx_word' id='word_1_613' title='bbox 79 3979 147 4028; x_wconf 91' lang='lat' dir='ltr'><strong>ntnr</strong></span> <span class='ocrx_word' id='word_1_614' title='bbox 170 3979 197 4027; x_wconf 91' lang='lat' dir='ltr'><strong>et</strong></span> <span class='ocrx_word' id='word_1_615' title='bbox 213 3972 464 4044; x_wconf 85' lang='lat' dir='ltr'><strong>constringuntur,</strong></span> <span class='ocrx_word' id='word_1_616' title='bbox 481 3979 511 4028; x_wconf 92' lang='lat' dir='ltr'><strong>ut</strong></span> <span class='ocrx_word' id='word_1_617' title='bbox 531 3986 560 4027; x_wconf 92' lang='lat' dir='ltr'><strong>se</strong></span> <span class='ocrx_word' id='word_1_618' title='bbox 575 3970 711 4041; x_wconf 87' lang='lat' dir='ltr'><strong>expedire</strong></span> <span class='ocrx_word' id='word_1_619' title='bbox 737 3971 773 4026; x_wconf 86' lang='lat' dir='ltr'><strong>ab</strong></span> <span class='ocrx_word' id='word_1_620' title='bbox 787 3970 837 4026; x_wconf 87' lang='lat' dir='ltr'><strong>ob·</strong></span> <span class='ocrx_word' id='word_1_621' title='bbox 892 3974 995 4023; x_wconf 90' lang='lat' dir='ltr'><strong>cturus</strong></span> <span class='ocrx_word' id='word_1_622' title='bbox 1008 3974 1058 4034; x_wconf 90' lang='lat' dir='ltr'><strong>est,</strong></span> <span class='ocrx_word' id='word_1_623' title='bbox 1079 3969 1104 4021; x_wconf 88' lang='lat' dir='ltr'><strong>si</strong></span> <span class='ocrx_word' id='word_1_624' title='bbox 1118 3967 1250 4037; x_wconf 79' lang='lat' dir='ltr'><strong>quomodo</strong></span> <span class='ocrx_word' id='word_1_625' title='bbox 1264 3967 1301 4021; x_wconf 87' lang='lat' dir='ltr'><strong>od</strong></span> <span class='ocrx_word' id='word_1_626' title='bbox 1314 3968 1498 4022; x_wconf 83' lang='lat' dir='ltr'><strong>aemulandum</strong></span> <span class='ocrx_word' id='word_1_627' title='bbox 1511 3984 1662 4039; x_wconf 81' lang='lat' dir='ltr'><strong>preconem,</strong></span> <span class='ocrx_word' id='word_1_628' title='bbox 1680 3973 1736 4027; x_wconf 88' lang='lat' dir='ltr'><strong>etc.</strong></span> 
     </span>
     <span class='ocr_line' id='line_1_45' title="bbox 93 4054 1737 4130; baseline 0 -14"><span class='ocrx_word' id='word_1_629' title='bbox 93 4075 153 4117; x_wconf 93' lang='lat' dir='ltr'><strong>non</strong></span> <span class='ocrx_word' id='word_1_630' title='bbox 177 4061 301 4116; x_wconf 89' lang='lat' dir='ltr'><strong>valeant.</strong></span> <span class='ocrx_word' id='word_1_631' title='bbox 321 4060 411 4125; x_wconf 86' lang='lat' dir='ltr'><strong>Quale</strong></span> <span class='ocrx_word' id='word_1_632' title='bbox 433 4069 475 4117; x_wconf 91' lang='lat' dir='ltr'><strong>est</strong></span> <span class='ocrx_word' id='word_1_633' title='bbox 495 4060 566 4117; x_wconf 92' lang='lat' dir='ltr'><strong>illud</strong></span> <span class='ocrx_word' id='word_1_634' title='bbox 597 4060 675 4130; x_wconf 92' lang='lat' dir='ltr'><strong>quod</strong></span> <span class='ocrx_word' id='word_1_635' title='bbox 699 4058 838 4114; x_wconf 86' lang='lat' dir='ltr'><strong>Dominus</strong></span> <span class='ocrx_word' id='word_1_636' title='bbox 890 4055 968 4122; x_wconf 89' lang='lat' dir='ltr'><strong>Quod</strong></span> <span class='ocrx_word' id='word_1_637' title='bbox 976 4057 1002 4110; x_wconf 89' lang='lat' dir='ltr'><strong>si</strong></span> <span class='ocrx_word' id='word_1_638' title='bbox 1014 4055 1192 4112; x_wconf 73' lang='lat' dir='ltr'><strong>emulantur</strong></span> <span class='ocrx_word' id='word_1_639' title='bbox 1205 4054 1278 4124; x_wconf 92' lang='lat' dir='ltr'><strong>illos,</strong></span> <span class='ocrx_word' id='word_1_640' title='bbox 1303 4064 1331 4112; x_wconf 92' lang='lat' dir='ltr'><strong>et</strong></span> <span class='ocrx_word' id='word_1_641' title='bbox 1347 4057 1562 4122; x_wconf 85' lang='lat' dir='ltr'><strong>merito&#39;Quod</strong></span> <span class='ocrx_word' id='word_1_642' title='bbox 1586 4058 1611 4114; x_wconf 91' lang='lat' dir='ltr'><strong>si</strong></span> <span class='ocrx_word' id='word_1_643' title='bbox 1633 4058 1737 4117; x_wconf 92' lang='lat' dir='ltr'><strong>delicto</strong></span> 
     </span>
     <span class='ocr_line' id='line_1_46' title="bbox 79 4145 1739 4218; baseline 0.007 -20"><span class='ocrx_word' id='word_1_644' title='bbox 79 4148 179 4218; x_wconf 66' lang='lat' dir='ltr'><strong>‚posuit</strong></span> <span class='ocrx_word' id='word_1_645' title='bbox 198 4149 313 4205; x_wconf 90' lang='lat' dir='ltr'><strong>dicens:</strong></span> <span class='ocrx_word' id='word_1_646' title='bbox 330 4149 466 4215; x_wconf 79' lang='lat' dir='ltr'><strong>Quomodo</strong></span> <span class='ocrx_word' id='word_1_647' title='bbox 485 4165 549 4218; x_wconf 82' lang='lat' dir='ltr'><strong>erpo</strong></span> <span class='ocrx_word' id='word_1_648' title='bbox 574 4149 666 4203; x_wconf 86' lang='lat' dir='ltr'><strong>Dnoid</strong></span> <span class='ocrx_word' id='word_1_649' title='bbox 690 4150 721 4202; x_wconf 89' lang='lat' dir='ltr'><strong>in</strong></span> <span class='ocrx_word' id='word_1_650' title='bbox 735 4149 837 4218; x_wconf 88' lang='lat' dir='ltr'><strong>spiritu</strong></span> <span class='ocrx_word' id='word_1_651' title='bbox 890 4160 992 4202; x_wconf 90' lang='lat' dir='ltr'><strong>eorum</strong></span> <span class='ocrx_word' id='word_1_652' title='bbox 1015 4153 1074 4201; x_wconf 93' lang='lat' dir='ltr'><strong>tam</strong></span> <span class='ocrx_word' id='word_1_653' title='bbox 1096 4145 1169 4202; x_wconf 89' lang='lat' dir='ltr'><strong>bene</strong></span> <span class='ocrx_word' id='word_1_654' title='bbox 1198 4160 1269 4202; x_wconf 92' lang='lat' dir='ltr'><strong>usus</strong></span> <span class='ocrx_word' id='word_1_655' title='bbox 1288 4154 1330 4203; x_wconf 90' lang='grc' dir='ltr'><strong>εει</strong></span> <span class='ocrx_word' id='word_1_656' title='bbox 1357 4148 1444 4216; x_wconf 89' lang='lat' dir='ltr'><strong>Deus,</strong></span> <span class='ocrx_word' id='word_1_657' title='bbox 1468 4149 1498 4205; x_wconf 94' lang='lat' dir='ltr'><strong>id</strong></span> <span class='ocrx_word' id='word_1_658' title='bbox 1518 4155 1561 4206; x_wconf 90' lang='lat' dir='ltr'><strong>est</strong></span> <span class='ocrx_word' id='word_1_659' title='bbox 1577 4157 1658 4207; x_wconf 89' lang='lat' dir='ltr'><strong>tanta</strong></span> <span class='ocrx_word' id='word_1_660' title='bbox 1673 4151 1739 4209; x_wconf 90' lang='lat' dir='ltr'><strong>inde</strong></span> 
     </span>
     <span class='ocr_line' id='line_1_47' title="bbox 87 4223 1738 4310; baseline 0.002 -17"><span class='ocrx_word' id='word_1_661' title='bbox 87 4253 149 4293; x_wconf 88' lang='lat' dir='ltr'><strong>eum</strong></span> <span class='ocrx_word' id='word_1_662' title='bbox 170 4240 325 4308; x_wconf 87' lang='lat' dir='ltr'><strong>Dominum,</strong></span> <span class='ocrx_word' id='word_1_663' title='bbox 340 4247 393 4295; x_wconf 89' lang='lat' dir='ltr'><strong>etc.</strong></span> <span class='ocrx_word' id='word_1_664' title='bbox 422 4239 507 4310; x_wconf 85' lang='lat' dir='ltr'><strong>(Psoi.</strong></span> <span class='ocrx_word' id='word_1_665' title='bbox 520 4252 597 4306; x_wconf 89' lang='lat' dir='ltr'><strong>xxu,</strong></span> <span class='ocrx_word' id='word_1_666' title='bbox 615 4237 672 4309; x_wconf 76' lang='lat' dir='ltr'><strong>id.)</strong></span> <span class='ocrx_word' id='word_1_667' title='bbox 699 4239 731 4292; x_wconf 85' lang='lat' dir='ltr'><strong>ln</strong></span> <span class='ocrx_word' id='word_1_668' title='bbox 756 4253 837 4292; x_wconf 87' lang='lat' dir='ltr'><strong>scon·</strong></span> <span class='ocrx_word' id='word_1_669' title='bbox 852 4223 877 4284; x_wconf 83' lang='grc' dir='ltr'>ὓ</span> <span class='ocrx_word' id='word_1_670' title='bbox 892 4241 1046 4290; x_wconf 86' lang='lat' dir='ltr'><strong>consecuta</strong></span> <span class='ocrx_word' id='word_1_671' title='bbox 1060 4243 1101 4290; x_wconf 90' lang='lat' dir='ltr'><strong>est</strong></span> <span class='ocrx_word' id='word_1_672' title='bbox 1117 4234 1236 4304; x_wconf 87' lang='lat' dir='ltr'><strong>utilitas,</strong></span> <span class='ocrx_word' id='word_1_673' title='bbox 1260 4243 1293 4293; x_wconf 91' lang='lat' dir='ltr'><strong>ut</strong></span> <span class='ocrx_word' id='word_1_674' title='bbox 1306 4237 1460 4293; x_wconf 90' lang='lat' dir='ltr'><strong>universus</strong></span> <span class='ocrx_word' id='word_1_675' title='bbox 1475 4237 1542 4294; x_wconf 89' lang='lat' dir='ltr'><strong>inde</strong></span> <span class='ocrx_word' id='word_1_676' title='bbox 1555 4239 1683 4297; x_wconf 89' lang='lat' dir='ltr'><strong>mundns</strong></span> <span class='ocrx_word' id='word_1_677' title='bbox 1708 4240 1738 4297; x_wconf 91' lang='lat' dir='ltr'><strong>in</strong></span> 
     </span>
     <span class='ocr_line' id='line_1_48' title="bbox 79 4323 1739 4400; baseline 0.008 -24"><span class='ocrx_word' id='word_1_678' title='bbox 79 4351 81 4376; x_wconf 67' lang='lat'><strong>.</strong></span> <span class='ocrx_word' id='word_1_679' title='bbox 104 4333 130 4382; x_wconf 87' lang='grc' dir='ltr'><strong>ει</strong></span> <span class='ocrx_word' id='word_1_680' title='bbox 155 4331 185 4382; x_wconf 88' lang='lat' dir='ltr'><strong>in</strong></span> <span class='ocrx_word' id='word_1_681' title='bbox 203 4329 417 4397; x_wconf 73' lang='lat' dir='ltr'><strong>retributionem,</strong></span> <span class='ocrx_word' id='word_1_682' title='bbox 434 4328 488 4385; x_wconf 86' lang='lat' dir='ltr'><strong>hoc</strong></span> <span class='ocrx_word' id='word_1_683' title='bbox 507 4336 549 4384; x_wconf 92' lang='lat' dir='ltr'><strong>est</strong></span> <span class='ocrx_word' id='word_1_684' title='bbox 567 4328 597 4383; x_wconf 93' lang='lat' dir='ltr'><strong>iu</strong></span> <span class='ocrx_word' id='word_1_685' title='bbox 619 4325 836 4384; x_wconf 81' lang='lat' dir='ltr'><strong>retributionem</strong></span> <span class='ocrx_word' id='word_1_686' title='bbox 892 4323 1028 4396; x_wconf 88' lang='lat' dir='ltr'><strong>gentibus</strong></span> <span class='ocrx_word' id='word_1_687' title='bbox 1049 4323 1208 4394; x_wconf 73' lang='lat' dir='ltr'><strong>profecerit,</strong></span> <span class='ocrx_word' id='word_1_688' title='bbox 1234 4335 1345 4396; x_wconf 90' lang='lat' dir='ltr'><strong>quanta</strong></span> <span class='ocrx_word' id='word_1_689' title='bbox 1359 4325 1414 4384; x_wconf 90' lang='lat' dir='ltr'><strong>erit</strong></span> <span class='ocrx_word' id='word_1_690' title='bbox 1428 4326 1537 4384; x_wconf 88' lang='lat' dir='ltr'><strong>utilitas</strong></span> <span class='ocrx_word' id='word_1_691' title='bbox 1552 4328 1586 4385; x_wconf 88' lang='lat' dir='ltr'><strong>de</strong></span> <span class='ocrx_word' id='word_1_692' title='bbox 1610 4330 1739 4400; x_wconf 91' lang='lat' dir='ltr'><strong>ipsorum</strong></span> 
     </span>
     <span class='ocr_line' id='line_1_49' title="bbox 79 4413 1736 4486; baseline 0.002 -15"><span class='ocrx_word' id='word_1_693' title='bbox 79 4414 116 4471; x_wconf 83' lang='lat' dir='ltr'><strong>ali</strong></span> <span class='ocrx_word' id='word_1_694' title='bbox 135 4414 239 4472; x_wconf 85' lang='lat' dir='ltr'><strong>animae</strong></span> <span class='ocrx_word' id='word_1_695' title='bbox 264 4431 334 4481; x_wconf 79' lang='lat' dir='ltr'><strong>suae,</strong></span> <span class='ocrx_word' id='word_1_696' title='bbox 361 4416 389 4472; x_wconf 94' lang='lat' dir='ltr'><strong>id</strong></span> <span class='ocrx_word' id='word_1_697' title='bbox 415 4423 458 4473; x_wconf 91' lang='lat' dir='ltr'><strong>est</strong></span> <span class='ocrx_word' id='word_1_698' title='bbox 482 4414 688 4484; x_wconf 92' lang='lat' dir='ltr'><strong>damnationis,</strong></span> <span class='ocrx_word' id='word_1_699' title='bbox 705 4428 765 4470; x_wconf 94' lang='lat' dir='ltr'><strong>non</strong></span> <span class='ocrx_word' id='word_1_700' title='bbox 793 4427 837 4470; x_wconf 91' lang='lat' dir='ltr'><strong>sa·</strong></span> <span class='ocrx_word' id='word_1_701' title='bbox 894 4413 1001 4483; x_wconf 89' lang='lat' dir='ltr'><strong>pariter</strong></span> <span class='ocrx_word' id='word_1_702' title='bbox 1032 4413 1220 4470; x_wconf 86' lang='lat' dir='ltr'><strong>conversione</strong></span> <span class='ocrx_word' id='word_1_703' title='bbox 1248 4429 1315 4472; x_wconf 90' lang='lat' dir='ltr'><strong>cum</strong></span> <span class='ocrx_word' id='word_1_704' title='bbox 1345 4415 1502 4486; x_wconf 82' lang='lat' dir='ltr'><strong>gentinus?</strong></span> <span class='ocrx_word' id='word_1_705' title='bbox 1525 4419 1559 4474; x_wconf 83' lang='lat' dir='ltr'><strong>Et</strong></span> <span class='ocrx_word' id='word_1_706' title='bbox 1587 4418 1642 4475; x_wconf 88' lang='lat' dir='ltr'><strong>hoc</strong></span> <span class='ocrx_word' id='word_1_707' title='bbox 1678 4427 1736 4477; x_wconf 89' lang='lat' dir='ltr'><strong>est:</strong></span> 
     </span>
     <span class='ocr_line' id='line_1_50' title="bbox 84 4502 1736 4576; baseline 0.003 -16"><span class='ocrx_word' id='word_1_708' title='bbox 84 4502 137 4560; x_wconf 87' lang='lat' dir='ltr'><strong>Sed</strong></span> <span class='ocrx_word' id='word_1_709' title='bbox 152 4504 273 4561; x_wconf 90' lang='lat' dir='ltr'><strong>verbum</strong></span> <span class='ocrx_word' id='word_1_710' title='bbox 299 4506 424 4573; x_wconf 83' lang='lat' dir='ltr'><strong>Domini,</strong></span> <span class='ocrx_word' id='word_1_711' title='bbox 442 4520 500 4576; x_wconf 94' lang='lat' dir='ltr'><strong>quo</strong></span> <span class='ocrx_word' id='word_1_712' title='bbox 520 4504 576 4562; x_wconf 86' lang='lat' dir='ltr'><strong>ait:</strong></span> <span class='ocrx_word' id='word_1_713' title='bbox 592 4505 646 4560; x_wconf 81' lang='grc' dir='ltr'><strong>Εει</strong></span> <span class='ocrx_word' id='word_1_714' title='bbox 661 4506 709 4570; x_wconf 86' lang='lat' dir='ltr'><strong>qui</strong></span> <span class='ocrx_word' id='word_1_715' title='bbox 727 4507 838 4559; x_wconf 85' lang='lat' dir='ltr'><strong>accusat</strong></span> <span class='ocrx_word' id='word_1_716' title='bbox 891 4502 968 4574; x_wconf 84' lang='lat' dir='ltr'><strong>Quod</strong></span> <span class='ocrx_word' id='word_1_717' title='bbox 982 4505 1007 4558; x_wconf 86' lang='lat' dir='ltr'><strong>si</strong></span> <span class='ocrx_word' id='word_1_718' title='bbox 1026 4502 1154 4558; x_wconf 84' lang='lat' dir='ltr'><strong>delictum</strong></span> <span class='ocrx_word' id='word_1_719' title='bbox 1168 4503 1279 4559; x_wconf 85' lang='lat' dir='ltr'><strong>iliorum</strong></span> <span class='ocrx_word' id='word_1_720' title='bbox 1294 4504 1399 4560; x_wconf 75' lang='lat' dir='ltr'><strong>diuitiae</strong></span> <span class='ocrx_word' id='word_1_721' title='bbox 1412 4510 1478 4561; x_wconf 87' lang='lat' dir='ltr'><strong>sunt</strong></span> <span class='ocrx_word' id='word_1_722' title='bbox 1501 4505 1608 4576; x_wconf 81' lang='lat' dir='ltr'><strong>mundi,</strong></span> <span class='ocrx_word' id='word_1_723' title='bbox 1637 4507 1667 4565; x_wconf 92' lang='lat' dir='ltr'><strong>id</strong></span> <span class='ocrx_word' id='word_1_724' title='bbox 1693 4515 1736 4565; x_wconf 90' lang='lat' dir='ltr'><strong>est</strong></span> 
     </span>
     <span class='ocr_line' id='line_1_51' title="bbox 79 4591 1736 4668; baseline 0.004 -21"><span class='ocrx_word' id='word_1_725' title='bbox 79 4593 164 4662; x_wconf 78' lang='lat' dir='ltr'><strong>logses</strong></span> <span class='ocrx_word' id='word_1_726' title='bbox 185 4595 277 4660; x_wconf 82' lang='lat' dir='ltr'><strong>(ioan.</strong></span> <span class='ocrx_word' id='word_1_727' title='bbox 302 4610 331 4664; x_wconf 86' lang='lat' dir='ltr'><strong>r,</strong></span> <span class='ocrx_word' id='word_1_728' title='bbox 362 4595 417 4666; x_wconf 76' lang='lat'><strong>45).</strong></span> <span class='ocrx_word' id='word_1_729' title='bbox 433 4595 469 4650; x_wconf 82' lang='lat' dir='ltr'><strong>Et</strong></span> <span class='ocrx_word' id='word_1_730' title='bbox 489 4594 649 4650; x_wconf 92' lang='lat' dir='ltr'><strong>secundum</strong></span> <span class='ocrx_word' id='word_1_731' title='bbox 665 4593 744 4664; x_wconf 92' lang='lat' dir='ltr'><strong>quod</strong></span> <span class='ocrx_word' id='word_1_732' title='bbox 759 4594 835 4666; x_wconf 89' lang='lat' dir='ltr'><strong>Apo·</strong></span> <span class='ocrx_word' id='word_1_733' title='bbox 889 4605 926 4648; x_wconf 91' lang='lat' dir='ltr'><strong>ex</strong></span> <span class='ocrx_word' id='word_1_734' title='bbox 949 4591 1051 4649; x_wconf 91' lang='lat' dir='ltr'><strong>delicto</strong></span> <span class='ocrx_word' id='word_1_735' title='bbox 1065 4591 1191 4661; x_wconf 90' lang='lat' dir='ltr'><strong>illorum,</strong></span> <span class='ocrx_word' id='word_1_736' title='bbox 1215 4602 1243 4651; x_wconf 91' lang='lat' dir='ltr'><strong>et</strong></span> <span class='ocrx_word' id='word_1_737' title='bbox 1273 4595 1473 4665; x_wconf 91' lang='lat' dir='ltr'><strong>reprobatione</strong></span> <span class='ocrx_word' id='word_1_738' title='bbox 1493 4596 1592 4668; x_wconf 93' lang='lat' dir='ltr'><strong>populi</strong></span> <span class='ocrx_word' id='word_1_739' title='bbox 1608 4597 1736 4654; x_wconf 92' lang='lat' dir='ltr'><strong>mundns</strong></span> 
     </span>
     <span class='ocr_line' id='line_1_52' title="bbox 91 4681 1737 4757; baseline 0.004 -20"><span class='ocrx_word' id='word_1_740' title='bbox 91 4681 174 4738; x_wconf 90' lang='lat' dir='ltr'><strong>dicit:</strong></span> <span class='ocrx_word' id='word_1_741' title='bbox 200 4683 299 4753; x_wconf 86' lang='lat' dir='ltr'><strong>thni</strong></span> <span class='ocrx_word' id='word_1_742' title='bbox 325 4685 355 4740; x_wconf 96' lang='lat' dir='ltr'><strong>in</strong></span> <span class='ocrx_word' id='word_1_743' title='bbox 376 4684 440 4756; x_wconf 88' lang='lat' dir='ltr'><strong>lege</strong></span> <span class='ocrx_word' id='word_1_744' title='bbox 469 4683 650 4755; x_wconf 86' lang='lat' dir='ltr'><strong>peccaverint</strong></span> <span class='ocrx_word' id='word_1_745' title='bbox 680 4696 730 4753; x_wconf 90' lang='lat' dir='ltr'><strong>per</strong></span> <span class='ocrx_word' id='word_1_746' title='bbox 744 4682 836 4753; x_wconf 90' lang='lat' dir='ltr'><strong>legem</strong></span> <span class='ocrx_word' id='word_1_747' title='bbox 890 4682 921 4739; x_wconf 91' lang='lat' dir='ltr'><strong>in</strong></span> <span class='ocrx_word' id='word_1_748' title='bbox 958 4682 1066 4740; x_wconf 71' lang='lat' dir='ltr'><strong>oaeoeris</strong></span> <span class='ocrx_word' id='word_1_749' title='bbox 1094 4683 1282 4756; x_wconf 90' lang='lat' dir='ltr'><strong>spiritualiter</strong></span> <span class='ocrx_word' id='word_1_750' title='bbox 1316 4691 1358 4741; x_wconf 91' lang='lat' dir='ltr'><strong>est</strong></span> <span class='ocrx_word' id='word_1_751' title='bbox 1392 4684 1514 4757; x_wconf 89' lang='lat' dir='ltr'><strong>ditatus,</strong></span> <span class='ocrx_word' id='word_1_752' title='bbox 1539 4691 1565 4741; x_wconf 87' lang='lat' dir='ltr'><strong>et</strong></span> <span class='ocrx_word' id='word_1_753' title='bbox 1592 4687 1737 4743; x_wconf 82' lang='lat' dir='ltr'><strong>diminutio</strong></span> 
     </span>
     <span class='ocr_line' id='line_1_53' title="bbox 79 4770 1737 4844; baseline 0.004 -19"><span class='ocrx_word' id='word_1_754' title='bbox 79 4770 207 4828; x_wconf 86' lang='lat' dir='ltr'><strong>tbuutur.</strong></span> <span class='ocrx_word' id='word_1_755' title='bbox 242 4772 416 4829; x_wconf 86' lang='lat' dir='ltr'><strong>Scandalum</strong></span> <span class='ocrx_word' id='word_1_756' title='bbox 442 4773 529 4829; x_wconf 88' lang='lat' dir='ltr'><strong>etiam</strong></span> <span class='ocrx_word' id='word_1_757' title='bbox 555 4771 601 4828; x_wconf 86' lang='lat' dir='ltr'><strong>lex</strong></span> <span class='ocrx_word' id='word_1_758' title='bbox 624 4771 665 4828; x_wconf 91' lang='lat' dir='ltr'><strong>eis</strong></span> <span class='ocrx_word' id='word_1_759' title='bbox 691 4770 766 4827; x_wconf 89' lang='lat' dir='ltr'><strong>iacta</strong></span> <span class='ocrx_word' id='word_1_760' title='bbox 781 4777 834 4837; x_wconf 92' lang='lat' dir='ltr'><strong>est,</strong></span> <span class='ocrx_word' id='word_1_761' title='bbox 891 4788 992 4841; x_wconf 72' lang='lat' dir='ltr'><strong>eonem,</strong></span> <span class='ocrx_word' id='word_1_762' title='bbox 1008 4771 1036 4828; x_wconf 95' lang='lat' dir='ltr'><strong>id</strong></span> <span class='ocrx_word' id='word_1_763' title='bbox 1061 4772 1192 4844; x_wconf 89' lang='lat' dir='ltr'><strong>estquod</strong></span> <span class='ocrx_word' id='word_1_764' title='bbox 1216 4773 1314 4829; x_wconf 89' lang='lat' dir='ltr'><strong>minus</strong></span> <span class='ocrx_word' id='word_1_765' title='bbox 1329 4773 1359 4828; x_wconf 95' lang='lat' dir='ltr'><strong>in</strong></span> <span class='ocrx_word' id='word_1_766' title='bbox 1374 4773 1430 4831; x_wconf 91' lang='lat' dir='ltr'><strong>illis</strong></span> <span class='ocrx_word' id='word_1_767' title='bbox 1448 4774 1533 4832; x_wconf 92' lang='lat' dir='ltr'><strong>modo</strong></span> <span class='ocrx_word' id='word_1_768' title='bbox 1552 4775 1637 4832; x_wconf 86' lang='lat' dir='ltr'><strong>habet</strong></span> <span class='ocrx_word' id='word_1_769' title='bbox 1652 4791 1737 4832; x_wconf 94' lang='lat' dir='ltr'><strong>mun-</strong></span> 
     </span>
     <span class='ocr_line' id='line_1_54' title="bbox 79 4860 1739 4936; baseline 0.002 -20"><span class='ocrx_word' id='word_1_770' title='bbox 79 4874 101 4916; x_wconf 78' lang='lat' dir='ltr'><strong>u</strong></span> <span class='ocrx_word' id='word_1_771' title='bbox 121 4866 149 4917; x_wconf 91' lang='lat' dir='ltr'><strong>et</strong></span> <span class='ocrx_word' id='word_1_772' title='bbox 172 4860 382 4932; x_wconf 80' lang='lat' dir='ltr'><strong>indignationis</strong></span> <span class='ocrx_word' id='word_1_773' title='bbox 404 4876 502 4932; x_wconf 90' lang='lat' dir='ltr'><strong>causa,</strong></span> <span class='ocrx_word' id='word_1_774' title='bbox 528 4877 596 4918; x_wconf 93' lang='lat' dir='ltr'><strong>cum</strong></span> <span class='ocrx_word' id='word_1_775' title='bbox 626 4860 719 4918; x_wconf 92' lang='lat' dir='ltr'><strong>multa</strong></span> <span class='ocrx_word' id='word_1_776' title='bbox 749 4860 836 4916; x_wconf 84' lang='lat' dir='ltr'><strong>Chri·</strong></span> <span class='ocrx_word' id='word_1_777' title='bbox 890 4860 956 4932; x_wconf 94' lang='lat' dir='ltr'><strong>dus,</strong></span> <span class='ocrx_word' id='word_1_778' title='bbox 982 4860 1017 4918; x_wconf 90' lang='lat' dir='ltr'><strong>de</strong></span> <span class='ocrx_word' id='word_1_779' title='bbox 1038 4862 1218 4932; x_wconf 87' lang='lat' dir='ltr'><strong>spiritalibus</strong></span> <span class='ocrx_word' id='word_1_780' title='bbox 1241 4862 1323 4920; x_wconf 88' lang='lat' dir='ltr'><strong>honis</strong></span> <span class='ocrx_word' id='word_1_781' title='bbox 1349 4872 1587 4935; x_wconf 85' lang='lat' dir='ltr'><strong>recompensatur</strong></span> <span class='ocrx_word' id='word_1_782' title='bbox 1602 4865 1631 4921; x_wconf 91' lang='lat' dir='ltr'><strong>in</strong></span> <span class='ocrx_word' id='word_1_783' title='bbox 1647 4864 1739 4936; x_wconf 90' lang='lat' dir='ltr'><strong>genti·</strong></span> 
     </span>
     <span class='ocr_line' id='line_1_55' title="bbox 79 4949 1739 5023; baseline 0.002 -17"><span class='ocrx_word' id='word_1_784' title='bbox 79 4957 106 5007; x_wconf 89' lang='lat' dir='ltr'><strong>et</strong></span> <span class='ocrx_word' id='word_1_785' title='bbox 118 4965 186 5007; x_wconf 92' lang='lat' dir='ltr'><strong>snos</strong></span> <span class='ocrx_word' id='word_1_786' title='bbox 201 4951 246 5008; x_wconf 88' lang='lat' dir='ltr'><strong>rel</strong></span> <span class='ocrx_word' id='word_1_787' title='bbox 261 4951 357 5008; x_wconf 90' lang='lat' dir='ltr'><strong>dicere</strong></span> <span class='ocrx_word' id='word_1_788' title='bbox 372 4951 416 5009; x_wconf 91' lang='lat' dir='ltr'><strong>vol</strong></span> <span class='ocrx_word' id='word_1_789' title='bbox 437 4952 529 5009; x_wconf 90' lang='lat' dir='ltr'><strong>lacere</strong></span> <span class='ocrx_word' id='word_1_790' title='bbox 544 4953 685 5018; x_wconf 91' lang='lat' dir='ltr'><strong>viderent,</strong></span> <span class='ocrx_word' id='word_1_791' title='bbox 696 4964 763 5023; x_wconf 82' lang='lat' dir='ltr'><strong>qua</strong></span> <span class='ocrx_word' id='word_1_792' title='bbox 778 4949 835 5023; x_wconf 88' lang='lat' dir='ltr'><strong>legi</strong></span> <span class='ocrx_word' id='word_1_793' title='bbox 891 4951 956 5008; x_wconf 88' lang='lat' dir='ltr'><strong>bus.</strong></span> <span class='ocrx_word' id='word_1_794' title='bbox 986 4953 1092 5021; x_wconf 84' lang='lat' dir='ltr'><strong>Quanto</strong></span> <span class='ocrx_word' id='word_1_795' title='bbox 1114 4956 1201 5022; x_wconf 78' lang='lat' dir='ltr'><strong>magis</strong></span> <span class='ocrx_word' id='word_1_796' title='bbox 1212 4953 1356 5023; x_wconf 86' lang='lat' dir='ltr'><strong>plenitudo</strong></span> <span class='ocrx_word' id='word_1_797' title='bbox 1383 4953 1409 5010; x_wconf 93' lang='lat' dir='ltr'><strong>ei</strong></span> <span class='ocrx_word' id='word_1_798' title='bbox 1434 4953 1500 5023; x_wconf 90' lang='lat' dir='ltr'><strong>erit,</strong></span> <span class='ocrx_word' id='word_1_799' title='bbox 1514 4954 1651 5023; x_wconf 86' lang='lat' dir='ltr'><strong>subaudi,</strong></span> <span class='ocrx_word' id='word_1_800' title='bbox 1667 4955 1739 5012; x_wconf 91' lang='lat' dir='ltr'><strong>divi-</strong></span> 
     </span>
     <span class='ocr_line' id='line_1_56' title="bbox 79 5038 1740 5116; baseline 0.004 -21"><span class='ocrx_word' id='word_1_801' title='bbox 79 5038 132 5096; x_wconf 88' lang='lat' dir='ltr'><strong>tria</strong></span> <span class='ocrx_word' id='word_1_802' title='bbox 146 5040 303 5097; x_wconf 89' lang='lat' dir='ltr'><strong>crederent.</strong></span> <span class='ocrx_word' id='word_1_803' title='bbox 323 5041 405 5098; x_wconf 88' lang='lat' dir='ltr'><strong>Unde</strong></span> <span class='ocrx_word' id='word_1_804' title='bbox 423 5041 495 5098; x_wconf 92' lang='lat' dir='ltr'><strong>illud</strong></span> <span class='ocrx_word' id='word_1_805' title='bbox 520 5048 561 5098; x_wconf 88' lang='lat' dir='ltr'><strong>est</strong></span> <span class='ocrx_word' id='word_1_806' title='bbox 590 5039 834 5111; x_wconf 83' lang='lat' dir='ltr'><strong>quoddixerunt:</strong></span> <span class='ocrx_word' id='word_1_807' title='bbox 891 5040 937 5097; x_wconf 79' lang='lat' dir='ltr'><strong>tiae</strong></span> <span class='ocrx_word' id='word_1_808' title='bbox 953 5040 1066 5109; x_wconf 91' lang='lat' dir='ltr'><strong>mundi,</strong></span> <span class='ocrx_word' id='word_1_809' title='bbox 1093 5041 1179 5098; x_wconf 91' lang='lat' dir='ltr'><strong>idest</strong></span> <span class='ocrx_word' id='word_1_810' title='bbox 1207 5041 1231 5097; x_wconf 93' lang='lat' dir='ltr'><strong>si</strong></span> <span class='ocrx_word' id='word_1_811' title='bbox 1263 5049 1291 5099; x_wconf 90' lang='lat' dir='ltr'><strong>et</strong></span> <span class='ocrx_word' id='word_1_812' title='bbox 1306 5042 1360 5113; x_wconf 90' lang='lat' dir='ltr'><strong>ipsi</strong></span> <span class='ocrx_word' id='word_1_813' title='bbox 1388 5043 1497 5114; x_wconf 88' lang='lat' dir='ltr'><strong>pariter</strong></span> <span class='ocrx_word' id='word_1_814' title='bbox 1520 5058 1586 5101; x_wconf 89' lang='lat' dir='ltr'><strong>cum</strong></span> <span class='ocrx_word' id='word_1_815' title='bbox 1603 5044 1740 5116; x_wconf 91' lang='lat' dir='ltr'><strong>gentibus</strong></span> 
     </span>
     <span class='ocr_line' id='line_1_57' title="bbox 79 5129 1739 5205; baseline 0.007 -26"><span class='ocrx_word' id='word_1_816' title='bbox 79 5130 221 5185; x_wconf 83' lang='lat' dir='ltr'><strong>udiuimns</strong></span> <span class='ocrx_word' id='word_1_817' title='bbox 240 5148 274 5186; x_wconf 83' lang='lat' dir='ltr'><strong>ea</strong></span> <span class='ocrx_word' id='word_1_818' title='bbox 291 5132 347 5200; x_wconf 79' lang='lat' dir='ltr'><strong>iege</strong></span> <span class='ocrx_word' id='word_1_819' title='bbox 364 5132 431 5200; x_wconf 85' lang='lat' dir='ltr'><strong>quio</strong></span> <span class='ocrx_word' id='word_1_820' title='bbox 456 5131 584 5185; x_wconf 79' lang='lat' dir='ltr'><strong>Christus</strong></span> <span class='ocrx_word' id='word_1_821' title='bbox 598 5134 689 5185; x_wconf 87' lang='lat' dir='ltr'><strong>monet</strong></span> <span class='ocrx_word' id='word_1_822' title='bbox 716 5133 746 5184; x_wconf 89' lang='lat' dir='ltr'><strong>in</strong></span> <span class='ocrx_word' id='word_1_823' title='bbox 760 5134 837 5186; x_wconf 81' lang='lat' dir='ltr'><strong>ater·</strong></span> <span class='ocrx_word' id='word_1_824' title='bbox 890 5131 1034 5188; x_wconf 93' lang='lat' dir='ltr'><strong>mnndum</strong></span> <span class='ocrx_word' id='word_1_825' title='bbox 1059 5129 1196 5201; x_wconf 88' lang='lat' dir='ltr'><strong>impleant</strong></span> <span class='ocrx_word' id='word_1_826' title='bbox 1223 5130 1306 5188; x_wconf 89' lang='lat' dir='ltr'><strong>bonis</strong></span> <span class='ocrx_word' id='word_1_827' title='bbox 1331 5132 1478 5203; x_wconf 89' lang='lat' dir='ltr'><strong>operibus,</strong></span> <span class='ocrx_word' id='word_1_828' title='bbox 1496 5134 1589 5191; x_wconf 91' lang='lat' dir='ltr'><strong>multo</strong></span> <span class='ocrx_word' id='word_1_829' title='bbox 1613 5133 1739 5205; x_wconf 84' lang='lat' dir='ltr'><strong>amplius</strong></span> 
     </span>
     <span class='ocr_line' id='line_1_58' title="bbox 79 5219 1740 5294; baseline 0.002 -19"><span class='ocrx_word' id='word_1_830' title='bbox 79 5220 151 5275; x_wconf 79' lang='lat' dir='ltr'><strong>loon</strong></span> <span class='ocrx_word' id='word_1_831' title='bbox 160 5234 212 5284; x_wconf 80' lang='grc' dir='ltr'>ιιι,</span> <span class='ocrx_word' id='word_1_832' title='bbox 228 5221 283 5294; x_wconf 77' lang='lat' dir='ltr'><strong>³4i·</strong></span> <span class='ocrx_word' id='word_1_833' title='bbox 891 5220 951 5290; x_wconf 87' lang='lat' dir='ltr'><strong>ipse</strong></span> <span class='ocrx_word' id='word_1_834' title='bbox 968 5219 1118 5275; x_wconf 84' lang='lat' dir='ltr'><strong>ditabitur.</strong></span> <span class='ocrx_word' id='word_1_835' title='bbox 1136 5220 1169 5276; x_wconf 85' lang='lat' dir='ltr'><strong>lit</strong></span> <span class='ocrx_word' id='word_1_836' title='bbox 1188 5220 1242 5276; x_wconf 89' lang='lat' dir='ltr'><strong>hoc</strong></span> <span class='ocrx_word' id='word_1_837' title='bbox 1257 5227 1299 5277; x_wconf 92' lang='lat' dir='ltr'><strong>est</strong></span> <span class='ocrx_word' id='word_1_838' title='bbox 1321 5220 1439 5292; x_wconf 92' lang='lat' dir='ltr'><strong>quidem</strong></span> <span class='ocrx_word' id='word_1_839' title='bbox 1459 5222 1547 5292; x_wconf 91' lang='lat' dir='ltr'><strong>istud,</strong></span> <span class='ocrx_word' id='word_1_840' title='bbox 1574 5222 1652 5294; x_wconf 92' lang='lat' dir='ltr'><strong>quod</strong></span> <span class='ocrx_word' id='word_1_841' title='bbox 1676 5222 1740 5294; x_wconf 87' lang='lat' dir='ltr'><strong>qui·</strong></span> 
     </span>
     <span class='ocr_line' id='line_1_59' title="bbox 79 5307 1737 5385; baseline 0.001 -19"><span class='ocrx_word' id='word_1_842' title='bbox 79 5318 216 5366; x_wconf 80' lang='lat' dir='ltr'><strong>curentur.</strong></span> <span class='ocrx_word' id='word_1_843' title='bbox 244 5310 325 5367; x_wconf 89' lang='lat' dir='ltr'><strong>Unde</strong></span> <span class='ocrx_word' id='word_1_844' title='bbox 349 5309 517 5367; x_wconf 81' lang='lat' dir='ltr'><strong>scandalum</strong></span> <span class='ocrx_word' id='word_1_845' title='bbox 541 5308 595 5365; x_wconf 88' lang='lat' dir='ltr'><strong>hoc</strong></span> <span class='ocrx_word' id='word_1_846' title='bbox 614 5307 760 5380; x_wconf 89' lang='lat' dir='ltr'><strong>procedat,</strong></span> <span class='ocrx_word' id='word_1_847' title='bbox 786 5307 833 5366; x_wconf 81' lang='lat' dir='ltr'><strong>rel</strong></span> <span class='ocrx_word' id='word_1_848' title='bbox 890 5308 967 5378; x_wconf 90' lang='lat' dir='ltr'><strong>dam,</strong></span> <span class='ocrx_word' id='word_1_849' title='bbox 983 5307 1031 5364; x_wconf 90' lang='lat' dir='ltr'><strong>sod</strong></span> <span class='ocrx_word' id='word_1_850' title='bbox 1059 5308 1285 5378; x_wconf 75' lang='lat' dir='ltr'><strong>adversativum,</strong></span> <span class='ocrx_word' id='word_1_851' title='bbox 1302 5309 1338 5365; x_wconf 92' lang='lat' dir='ltr'><strong>ad</strong></span> <span class='ocrx_word' id='word_1_852' title='bbox 1353 5310 1406 5367; x_wconf 85' lang='lat' dir='ltr'><strong>hoc</strong></span> <span class='ocrx_word' id='word_1_853' title='bbox 1421 5311 1528 5369; x_wconf 91' lang='lat' dir='ltr'><strong>scilicet</strong></span> <span class='ocrx_word' id='word_1_854' title='bbox 1544 5312 1622 5385; x_wconf 94' lang='lat' dir='ltr'><strong>quod</strong></span> <span class='ocrx_word' id='word_1_855' title='bbox 1639 5311 1737 5384; x_wconf 87' lang='lat' dir='ltr'><strong>primi·</strong></span> 
     </span>
     <span class='ocr_line' id='line_1_60' title="bbox 79 5396 1740 5473; baseline 0.002 -15"><span class='ocrx_word' id='word_1_856' title='bbox 79 5400 152 5458; x_wconf 85' lang='lat' dir='ltr'><strong>catio</strong></span> <span class='ocrx_word' id='word_1_857' title='bbox 176 5399 322 5472; x_wconf 91' lang='lat' dir='ltr'><strong>supponit,</strong></span> <span class='ocrx_word' id='word_1_858' title='bbox 353 5413 390 5455; x_wconf 93' lang='lat' dir='ltr'><strong>ex</strong></span> <span class='ocrx_word' id='word_1_859' title='bbox 418 5398 609 5455; x_wconf 77' lang='lat' dir='ltr'><strong>excecatione</strong></span> <span class='ocrx_word' id='word_1_860' title='bbox 631 5397 741 5455; x_wconf 88' lang='lat' dir='ltr'><strong>scilicet</strong></span> <span class='ocrx_word' id='word_1_861' title='bbox 760 5396 834 5469; x_wconf 91' lang='lat' dir='ltr'><strong>ipso·</strong></span> <span class='ocrx_word' id='word_1_862' title='bbox 890 5405 938 5456; x_wconf 92' lang='lat' dir='ltr'><strong>tus</strong></span> <span class='ocrx_word' id='word_1_863' title='bbox 954 5398 1067 5455; x_wconf 90' lang='lat' dir='ltr'><strong>dixerat</strong></span> <span class='ocrx_word' id='word_1_864' title='bbox 1089 5399 1123 5455; x_wconf 91' lang='lat' dir='ltr'><strong>do</strong></span> <span class='ocrx_word' id='word_1_865' title='bbox 1147 5413 1249 5457; x_wconf 89' lang='lat' dir='ltr'><strong>eorum</strong></span> <span class='ocrx_word' id='word_1_866' title='bbox 1275 5409 1400 5473; x_wconf 88' lang='lat' dir='ltr'><strong>peccato,</strong></span> <span class='ocrx_word' id='word_1_867' title='bbox 1419 5409 1446 5459; x_wconf 89' lang='lat' dir='ltr'><strong>et</strong></span> <span class='ocrx_word' id='word_1_868' title='bbox 1470 5416 1550 5461; x_wconf 91' lang='lat' dir='ltr'><strong>nunc</strong></span> <span class='ocrx_word' id='word_1_869' title='bbox 1564 5403 1600 5459; x_wconf 89' lang='lat' dir='ltr'><strong>de</strong></span> <span class='ocrx_word' id='word_1_870' title='bbox 1620 5415 1740 5461; x_wconf 86' lang='lat' dir='ltr'><strong>conver·</strong></span> 
     </span>
    </p>
   </div>
   <div class='ocr_carea' id='block_1_6' title="bbox 79 5484 1738 5565">
    <p class='ocr_par' dir='ltr' id='par_1_7' title="bbox 79 5484 1738 5565">
     <span class='ocr_line' id='line_1_61' title="bbox 79 5484 1738 5565; baseline 0 -14"><span class='ocrx_word' id='word_1_871' title='bbox 79 5493 110 5551; x_wconf 87' lang='grc' dir='ltr'><strong>ει</strong></span> <span class='ocrx_word' id='word_1_872' title='bbox 137 5488 295 5562; x_wconf 86' lang='lat' dir='ltr'><strong>cupiditate</strong></span> <span class='ocrx_word' id='word_1_873' title='bbox 317 5495 510 5560; x_wconf 88' lang='lat' dir='ltr'><strong>terrenorum,</strong></span> <span class='ocrx_word' id='word_1_874' title='bbox 525 5501 591 5562; x_wconf 82' lang='lat' dir='ltr'><strong>qua</strong></span> <span class='ocrx_word' id='word_1_875' title='bbox 604 5499 717 5562; x_wconf 86' lang='lat' dir='ltr'><strong>semper</strong></span> <span class='ocrx_word' id='word_1_876' title='bbox 734 5484 765 5544; x_wconf 90' lang='lat' dir='ltr'><strong>in</strong></span> <span class='ocrx_word' id='word_1_877' title='bbox 782 5485 837 5546; x_wconf 81' lang='lat' dir='ltr'><strong>in·</strong></span> <span class='ocrx_word' id='word_1_878' title='bbox 889 5487 970 5548; x_wconf 88' lang='lat' dir='ltr'><strong>sione</strong></span> <span class='ocrx_word' id='word_1_879' title='bbox 983 5488 1125 5561; x_wconf 88' lang='lat' dir='ltr'><strong>loquitur,</strong></span> <span class='ocrx_word' id='word_1_880' title='bbox 1140 5495 1173 5548; x_wconf 89' lang='lat' dir='ltr'><strong>ut</strong></span> <span class='ocrx_word' id='word_1_881' title='bbox 1200 5487 1242 5548; x_wconf 89' lang='lat' dir='ltr'><strong>sic</strong></span> <span class='ocrx_word' id='word_1_882' title='bbox 1263 5488 1397 5551; x_wconf 83' lang='lat' dir='ltr'><strong>videlieet</strong></span> <span class='ocrx_word' id='word_1_883' title='bbox 1407 5492 1495 5565; x_wconf 87' lang='lat' dir='ltr'><strong>juxta</strong></span> <span class='ocrx_word' id='word_1_884' title='bbox 1508 5491 1635 5553; x_wconf 85' lang='lat' dir='ltr'><strong>litteram</strong></span> <span class='ocrx_word' id='word_1_885' title='bbox 1649 5489 1738 5552; x_wconf 87' lang='lat' dir='ltr'><strong>conti·</strong></span> 
     </span>
    </p>
   </div>
   <div class='ocr_carea' id='block_1_7' title="bbox 0 0 1906 5962">
    <p class='ocr_par' dir='ltr' id='par_1_8' title="bbox 0 0 1906 5962">
     <span class='ocr_line' id='line_1_62' title="bbox 0 0 1906 5962; baseline 0 0"><span class='ocrx_word' id='word_1_886' title='bbox 0 0 1906 5962; x_wconf 95' lang='lat' dir='ltr'><strong> </strong></span> 
     </span>
    </p>
   </div>
  </div>
 </body>
</html>
