3804 5962
61 218 115 274 lat
801 215 918 276 stillio
937 215 1003 273 xvi.
1765 226 1819 283 tog

56 340 137 398 lestis
158 338 258 413 gloriae
285 335 488 395 celsitudinem
515 350 583 395 snos
613 335 648 394 de
682 343 819 409 potestate
846 337 908 394 dia·
924 338 948 392 A
962 338 1095 409 prophete
1113 355 1131 394 o
1150 338 1290 398 Nazareth
1312 338 1430 397 dalilae
1453 339 1546 412 (ibid,
1583 341 1634 414 it).
1659 341 1706 399 Sic
1727 350 1756 400 et
1782 344 1815 401 in

57 429 115 487 boli
129 436 243 502 ereptos
262 429 293 485 in
318 427 372 485 hoc
393 426 535 486 hodierno
560 426 708 499 triumpho
727 442 825 486 secum
861 444 912 501 pa·
968 429 1278 500 hodiernotriumpho,
1298 428 1363 485 aliis
1377 429 1498 501 angelis,
1521 438 1555 488 nt
1572 431 1713 503 diximus,
1729 432 1815 491 inter-

57 520 129 576 riter
151 519 327 576 introducat.
353 517 445 589 Super
472 531 531 590 qno
551 523 610 574 tam
625 518 750 591 glorioso
772 526 800 576 et
823 518 913 575 admi·
966 519 1137 591 rogantibus
1150 534 1157 574 :
1172 520 1239 586 Quis
1260 525 1299 574 est
1319 521 1371 575 iste
1383 534 1433 574 rec
1450 519 1572 587 phtia?
1592 519 1642 577 alii
1665 522 1814 594 responde·

57 608 143 666 rabili
158 608 320 679 triumpho,
342 607 408 664 aliis
431 607 629 678 quarentibus
652 615 680 664 ct
702 623 770 666 cum
794 622 912 667 summa
965 608 1035 666 bant
1065 623 1072 665 :
1101 612 1231 665 Dominus
1258 611 1351 677 sortis,
1371 616 1427 666 etc.
1470 608 1575 666 Turbis
1608 611 1815 671 comitantibus

56 696 251 755 admiratione
275 697 460 755 dicentibus:
478 696 545 761 Quis
575 701 615 752 cst
640 699 717 754 iste?
742 704 776 755 ιιι
806 698 910 766 dicitis,
966 713 1059 770 usqne
1074 699 1110 756 ad
1126 699 1277 770 tempium,
1292 698 1319 754 id
1337 707 1380 755 est
1396 699 1517 769 propria
1543 699 1646 757 domus
1661 700 1813 771 palatium,

57 795 157 846 tantus
170 801 235 855 rex,
249 802 338 859 onem
353 787 382 843 in
401 787 532 844 hnmana
553 787 646 845 torma
660 794 687 844 et
701 801 719 843 a
732 786 816 845 nohis
842 787 911 844 olim
965 789 1105 845 Dominus
1119 791 1274 860 perductus
1293 795 1343 844 est.
1361 789 1395 844 Et
1409 789 1482 843 sicut
1498 786 1622 859 legimus
1644 789 1674 845 in
1695 788 1813 847 Daniele

56 878 201 950 despecta,
226 890 315 948 snper
341 890 454 933 omnem
470 882 617 947 naturam,
635 877 664 933 id
686 884 728 934 est
750 877 910 950 angelicam
965 878 1045 949 (cop.
1061 893 1111 946 ιιι,
1139 877 1195 948 id),
1225 877 1254 933 ιιι
1282 875 1330 933 illo
1360 875 1530 948 angelorum
1562 877 1701 935 comitatu
1728 878 1813 950 quasi
1868 878 1871 888 “

56 967 250 1024 conscendere
265 966 399 1023 videmus
413 964 597 1022 altitudinem
613 982 623 1038 ;
641 965 686 1023 vel
702 966 780 1023 unde
793 965 912 1023 interior
964 967 1080 1023 oblatus
1094 975 1222 1037 paternae
1236 966 1389 1037 majestati,
1409 965 1555 1037 usquead
1577 966 1742 1038 Antiquom
1754 967 1814 1025 die·

56 1063 165 1113 natura
179 1054 257 1112 hanc
271 1053 390 1125 adipisci
405 1052 511 1111 meruit
524 1053 694 1125 dignitatem
704 1053 780 1111 ihlii
793 1068 909 1125 respon·
964 1069 1031 1112 rum
1044 1054 1133 1110 Filius
1149 1054 1274 1111 hominis
1288 1055 1409 1111 ednotus
1423 1053 1460 1110 ab
1482 1053 1593 1126 angelis
1613 1055 1758 1127 pervenit.
1776 1057 1814 1114 ist

56 1145 156 1202 dentes
168 1145 330 1202 concinunt
346 1160 353 1198 ε
369 1141 499 1200 minione
521 1145 573 1198 iste
586 1148 628 1198 est
645 1144 726 1210 fot-tis
754 1147 780 1198 et
801 1148 909 1213 potens,
964 1143 1133 1215 ibiquidem
1161 1142 1244 1214 pigro
1265 1143 1398 1214 iumento
1417 1143 1552 1211 insidere,
1581 1143 1628 1200 hic
1655 1142 1711 1202 levi
1740 1143 1813 1203 nnhi

55 1236 188 1290 mutnus
205 1238 304 1304 potens
328 1234 360 1287 ιιι
377 1232 482 1304 pretio.
497 1231 590 1288 Fortis
615 1231 724 1290 scilicet
753 1231 789 1289 ad
812 1231 910 1289 omnia
964 1231 1138 1289 describitur
1155 1229 1318 1303 praesidere.
1340 1232 1422 1288 Tunc
1441 1232 1549 1304 quippe
1576 1233 1673 1290 adhuc
1688 1246 1813 1305 corrup·

55 1323 180 1382 adversa
192 1323 353 1390 toleranda,
368 1336 422 1379 nec
438 1321 577 1379 remissus
593 1322 624 1377 in
644 1322 756 1393 atiquo,
773 1323 910 1393 quemvis
964 1322 1042 1380 tibiie
1056 1335 1170 1392 corpus,
1188 1321 1266 1392 qnotl
1289 1328 1431 1393 aggravat
1454 1322 1581 1378 animam
1595 1322 1675 1394 (Sap.
1694 1338 1726 1379 rx
1737 1323 1760 1396 ),
1783 1323 1813 1381 id

56 1413 85 1470 in
98 1413 197 1471 torma
212 1412 349 1471 humanae
363 1410 541 1468 infirmitatis
562 1419 709 1482 appareat.
733 1410 844 1480 Potens,
859 1410 910 1468 sic
963 1420 1006 1470 est
1032 1410 1153 1469 mortale
1177 1410 1320 1482 gestabat.
1340 1410 1404 1467 iam
1435 1424 1504 1468 vero
1530 1412 1608 1469 omni
1629 1412 1813 1471 mortalitatis

55 1501 204 1560 utstatim
228 1500 435 1568 determinans,
455 1499 618 1572 subiungit,
640 1506 737 1573 potens
756 1502 786 1557 io
801 1502 908 1572 pretio
964 1501 1090 1573 pondere
1119 1500 1255 1572 deposito,
1278 1499 1351 1558 nubi
1369 1499 1522 1571 praesidere
1540 1499 1642 1570 voluit,
1660 1508 1688 1558 et
1706 1501 1747 1558 sie
1766 1515 1812 1559 as-

54 1606 119 1660 uee,
135 1592 179 1649 ita
203 1597 235 1649 nt
249 1596 334 1647 vetus
355 1589 459 1658 Adam,
477 1603 494 1647 a
521 1596 650 1647 tentante
676 1597 829 1662 superatus
846 1590 908 1648 dia·
926 1594 947 1649 B
963 1591 1084 1650 uendere
1101 1607 1108 1657 ;
1125 1597 1159 1647 nt
1173 1598 1292 1662 qnantae
1306 1588 1430 1647 levitatis
1442 1589 1504 1646 haec
1518 1589 1630 1663 gravia,
1647 1603 1714 1661 quae
1732 1603 1813 1647 nnnc

56 1680 131 1747 holo,
147 1679 199 1736 sed
214 1679 277 1751 ipso
303 1677 404 1735 mortis
423 1685 540 1735 anctore
565 1685 657 1736 morte
680 1691 733 1736 sna
752 1679 911 1750 triumpha·
966 1689 1123 1755 gestamus,
1139 1693 1259 1750 corpora
1278 1679 1379 1736 lutura
1397 1678 1464 1748 sint,
1487 1679 1517 1736 in
1532 1694 1562 1735 se
1580 1678 1662 1736 nobis
1685 1678 1812 1750 primum

56 1767 204 1842 to,!qnasi
233 1767 393 1840 spoliorum
424 1775 533 1839 tropea
563 1768 593 1823 in
623 1768 694 1836 suis,
722 1783 795 1840 unos
822 1769 909 1838 eruit,
965 1770 1124 1828 exhiberet.
1159 1769 1239 1825 Sicut
1260 1768 1337 1825 enim
1364 1767 1507 1826 nascendo
1536 1782 1573 1824 ex
1592 1767 1685 1837 nobis,
1708 1775 1736 1825 et
1759 1781 1811 1840 pa·

56 1857 191 1931 captivis,
205 1872 285 1915 nnnc
300 1858 387 1915 relert
408 1856 544 1929 gloriosa,
569 1857 645 1915 sicut
659 1865 686 1915 et
700 1858 735 1915 de
759 1857 820 1929 ipso
841 1858 909 1916 olim
965 1860 1060 1918 tiendo
1075 1873 1126 1932 pro
1140 1858 1224 1916 nobis
1238 1872 1386 1915 summum
1406 1857 1489 1914 nobis
1514 1857 1654 1915 honorem
1676 1856 1723 1916 vel
1744 1856 1812 1915 cha·

56 1947 303 2020 Psalmographns
336 1946 509 2018 precinerat
542 1945 662 2003 dicens:
690 1947 846 2004 decendens
879 1951 910 2004 itt
964 1949 1078 2006 ritatem
1099 1947 1254 2018 exhibuit3
1275 1948 1315 2004 ita
1347 1946 1529 2017 postmodum
1551 1945 1739 2017 resurgendo,
1762 1945 1811 2004 vel

56 2040 143 2095 timot
162 2040 302 2108 captivom
324 2035 408 2092 duait
425 2038 614 2106 captivitatem
631 2036 725 2107 (Psoi.
743 2051 830 2107 nuru,
846 2040 876 2093 l9
888 2038 907 2110 ).
964 2037 1113 2109 discipulis
1129 2035 1303 2108 apparendo,
1327 2042 1355 2092 et
1378 2049 1458 2091 nnnc
1482 2035 1607 2106 denique
1630 2034 1811 2092 ascendendo

55 2127 178 2200 Captiva
203 2125 313 2197 quippe
333 2124 484 2195 eaptivitas
511 2139 605 2197 genus
634 2126 798 2184 humanum
827 2127 872 2184 bis
893 2142 911 2185 a
964 2127 1258 2196 iuturamcorporum
1282 2124 1403 2196 gloriam
1425 2123 1655 2195 demonstravit;
1671 2132 1704 2182 ut
1731 2130 1811 2181 tanto

55 2215 170 2274 diabolo
198 2215 376 2286 captivatum
409 2213 539 2283 dicitnr;
563 2215 657 2286 primo
682 2215 815 2273 videlicet
846 2217 910 2288 ejus
964 2216 1101 2274 libentius
1116 2214 1309 2286 corporalium
1326 2213 1501 2285 passiomnm
1521 2227 1628 2285 agones
1650 2215 1812 2271 sustineant

56 2305 245 2377 persuasione
264 2317 282 2361 a
304 2303 439 2375 paradiso
466 2303 644 2374 exsulatum,
667 2313 696 2362 et
720 2305 910 2376 presentibus
965 2307 1104 2373 membro,
1121 2313 1264 2376 quantum
1281 2303 1384 2375 inipso
1399 2303 1490 2374 capite
1509 2302 1617 2360 habent
1631 2301 1812 2374 experimen·

56 2393 197 2452 erumnis
213 2392 378 2464 expositum
395 2392 625 2463 postmodumde
651 2392 707 2449 hae
728 2392 841 2451 lueead
865 2393 909 2450 in·
965 2405 1027 2453 tum
1044 2396 1079 2452 de
1104 2395 1204 2451 lotura
1231 2407 1386 2464 corporum
1409 2392 1511 2464 gioria.
1545 2393 1578 2449 ln
1604 2391 1812 2449 resurrectione

58 2483 128 2539 imni
141 2482 278 2547 tenebras
291 2481 446 2554 deiectum.
786 2539 792 2547 ,
965 2485 1072 2556 quippe
1104 2497 1258 2555 corporum
1289 2482 1532 2540 immortalitatem
1558 2480 1642 2538 nobis
1666 2479 1810 2538 exhibuit.

88 2572 168 2629 Suos
196 2571 306 2642 itaque,
335 2577 369 2627 ut
396 2569 534 2636 diximus,
566 2570 611 2627 bis
636 2570 805 2641 captivatos,
831 2586 910 2629 nunc
963 2576 1147 2631 lanuisvero
1164 2572 1270 2628 clausis
1290 2572 1326 2627 ad
1348 2571 1504 2641 discipulos
1530 2571 1642 2627 intrans
1664 2569 1811 2641 apparitu·

57 2674 156 2719 mcum
184 2659 222 2718 ad
245 2660 371 2718 ooelestia
401 2660 571 2731 perducens,
601 2659 686 2732 quasi
712 2661 803 2718 victor
825 2660 910 2718 hodie
965 2677 1016 2721 rus
1035 2662 1099 2731 iilis,
1128 2661 1315 2720 subtilitatem
1345 2674 1445 2716 eorum
1472 2673 1531 2729 qua
1557 2658 1700 2729 :quaelibet
1721 2656 1812 2715 solida

56 2750 87 2807 tle
114 2750 243 2821 antiquo
269 2749 349 2807 hoste
382 2756 526 2821 superato,
559 2749 732 2820 triumphat.
771 2751 910 2807 Dominus
965 2761 1114 2824 penetrare
1134 2752 1241 2822 possint
1254 2748 1385 2806 ostendit.
1402 2749 1486 2806 Nunc
1509 2761 1578 2804 vero
1604 2761 1692 2817 super
1713 2745 1811 2804 altitu·

57 2840 115 2911 ipse
140 2839 299 2906 virtutum,
317 2852 376 2896 non
394 2837 489 2895 solum
504 2838 635 2896 videlicet
664 2839 814 2897 hominum
837 2854 910 2911 quos
925 2873 950 2936 c
965 2842 1062 2898 dinem
1090 2841 1227 2897 colorum
1254 2839 1419 2906 ascendens,
1450 2843 1591 2907 ouantem
1612 2836 1649 2892 sit
1673 2834 1811 2893 habitura

57 2930 93 2985 sic
107 2927 227 2997 liberat,
243 2940 345 2984 verum
369 2926 456 2984 etiam
475 2941 670 2998 supernorum
686 2927 839 2996 virtutum,
858 2942 909 3000 per
967 2930 1112 2989 levitatem
1125 2930 1311 2994 demonstrat,
1327 2934 1360 2983 ut
1380 2925 1513 2982 videlicet
1530 2923 1701 2993 ubicunque
1713 2920 1811 2979 volue-

57 3031 129 3090 quas
150 3016 322 3088 ubicunque
337 3015 411 3084 vnit,
438 3023 576 3086 operatur
597 3018 757 3088 magnalia.
776 3017 910 3075 Contere·
964 3020 1002 3078 rit
1016 3020 1141 3086 animus,
1156 3017 1225 3074 illuc
1241 3016 1337 3073 statim
1352 3016 1413 3073 sine
1429 3012 1598 3071 diiilcultate
1620 3011 1811 3068 transferatur

57 3112 314 3164 musantemcum
330 3102 423 3176 gloria
444 3102 533 3174 hujus
548 3103 688 3175 triumphi
712 3105 801 3176 illam,
820 3121 910 3178 quam
964 3124 1077 3180 corpus.
1095 3109 1131 3166 Ut
1143 3108 1233 3179 igitur
1256 3105 1409 3177 Apostolus
1427 3105 1478 3172 ait,
1494 3103 1591 3174 ipsum
1611 3115 1691 3159 nunc
1716 3107 1811 3158 mente

57 3196 189 3253 diximus
207 3193 422 3252 venerationem
443 3193 474 3251 in
495 3192 593 3251 Darnis
618 3194 782 3264 palmarum
803 3197 832 3269 ci
854 3196 910 3266 pri·
964 3215 1073 3257 emaum
1096 3211 1273 3269 queramus,
1301 3196 1350 3252 ubi
1365 3199 1404 3250 est
1428 3197 1459 3248 io
1488 3194 1600 3249 dentem
1636 3194 1683 3246 Dei
1715 3189 1810 3246 ndens

57 3299 136 3343 mum
152 3282 324 3349 exhibitam,
340 3290 441 3354 etqua
464 3282 655 3340 similitudine
678 3285 845 3357 jungantur
861 3300 911 3356 per
967 3291 1077 3363 (coloss.
1105 3303 1146 3354 nr,
1177 3290 1200 3354 l)
1224 3293 1257 3343 ut
1289 3284 1471 3356 postmodum
1503 3283 1590 3341 etiam
1619 3293 1739 3353 corpore
1774 3279 1811 3338 ad

57 3373 176 3447 singnis
191 3372 342 3430 videamus
358 3388 365 3440 ;
381 3371 421 3429 ita
434 3379 532 3429 tamen
543 3379 577 3429 ut
591 3372 667 3430 hane
681 3373 720 3430 illi
736 3373 820 3446 longe
836 3389 908 3445 pree·
966 3382 1072 3452 ipsum,
1088 3391 1167 3435 nuno
1187 3384 1282 3433 mente
1296 3388 1459 3433 mereamur
1483 3373 1644 3444 pervenire,
1668 3384 1731 3428 non
1751 3376 1809 3427 tam

58 3464 160 3521 cellere
174 3461 401 3520 consideremus·
965 3467 1112 3526 ascensuri
1128 3480 1216 3538 quam
1241 3465 1277 3521 ab
1297 3464 1359 3535 ipso
1383 3463 1525 3531 trahendi,
1548 3462 1596 3519 cui
1616 3461 1764 3519 honorest
1782 3465 1810 3516 et

89 3554 126 3610 ιιι
145 3551 240 3624 igitur
253 3549 377 3607 ioannes
404 3549 501 3620 reiert,
516 3550 567 3608 illa
584 3551 663 3622 prior
686 3552 831 3624 generatio
857 3567 909 3626 pro
965 3558 1057 3630 gloria
1071 3571 1122 3628 per
1136 3554 1250 3612 inlinita
1263 3554 1379 3611 saecnla.
1394 3553 1497 3610 Amen.

57 3640 278 3700 renseitattone
293 3639 391 3696 lazari
416 3640 506 3712 (loon.
533 3654 585 3710 xn,
604 3644 614 3695 l
628 3640 639 3711 )
654 3641 680 3697 ei
693 3641 768 3698 laeta
788 3650 841 3710 est,
860 3641 909 3699 cni
1239 3642 1358 3700 Shltttc
1374 3642 1450 3699 xvi.

57 3745 107 3788 nec
126 3732 191 3802 ipse
210 3730 336 3786 Lazarus
354 3743 422 3786 eum
437 3744 470 3786 eo
497 3729 703 3800 ierosolymam
726 3731 844 3788 veniens
862 3732 909 3788 de
1196 3749 1224 3790 ut
1243 3745 1353 3790 oorsvn
1367 3744 1553 3787 nscsustoots.

57 3821 144 3878 inisse
167 3818 333 3877 credendus
357 3826 409 3875 est.
435 3818 515 3876 Sicut
538 3832 607 3890 ergo
633 3819 781 3877 suscitatio
810 3821 908 3878 Lazari
1001 3822 1164 3881 Aminimis
1179 3822 1321 3878 Dominus
1343 3819 1490 3886 inchoans,
1508 3826 1542 3874 ut
1565 3818 1601 3873 ad
1615 3817 1727 3888 majora
1749 3828 1811 3887 per·

58 3909 127 3967 illud
153 3906 333 3980 praeconium
359 3907 455 3965 laudis
475 3907 511 3965 ab
539 3907 706 3964 hominibus
728 3909 844 3978 meruit,
870 3909 911 3967 ita
964 3913 1072 3979 veniat,
1087 3920 1228 3982 tanquam
1250 3923 1267 3965 a
1287 3909 1398 3966 minore
1420 3907 1457 3963 ad
1481 3906 1577 3977 majus
1603 3912 1810 3976 argumentum

57 3999 205 4070 predicta
217 3996 350 4055 liberatio
365 3996 537 4067 captivitatis
547 3996 735 4067 triumphales
744 3995 829 4055 hodie
845 3998 909 4056 ian·
965 4004 1083 4070 dueens,
1097 4000 1182 4057 iidem
1207 4012 1243 4056 ex
1263 3997 1370 4054 intimis
1394 3995 1498 4053 astruit
1520 3994 1666 4064 summis3
1683 3999 1717 4050 ut
1742 4007 1810 4051 cum

56 4088 105 4145 des
119 4084 283 4158 abangeiis
293 4085 405 4143 habuit.
415 4087 453 4143 Et
463 4085 504 4143 ibi
517 4086 634 4157 quidem
644 4085 849 4158 lerosolymam
860 4102 908 4146 ve·
966 4089 996 4146 in
1016 4089 1079 4146 istis
1097 4103 1205 4161 magna
1227 4087 1396 4153 viderimus,
1420 4084 1450 4141 in
1474 4085 1530 4141 iliis
1545 4083 1614 4141 talia
1635 4081 1737 4140 mirari
1759 4082 1808 4140 de-

58 4178 152 4246 niens,
167 4174 325 4233 ntdictum
338 4173 571 4245 estbenedictus
585 4175 719 4233 aturbis.
734 4177 785 4232 liic
812 4185 909 4235 autem
966 4180 1111 4236 sistamus.
1132 4178 1212 4235 Undo
1239 4185 1340 4234 contra
1367 4175 1526 4232 infidelium
1556 4186 1667 4230 errores
1691 4171 1726 4229 de
1754 4171 1810 4239 his,

58 4265 143 4323 creles
158 4262 319 4322 ascendens
332 4263 479 4321 benedixit
493 4262 651 4335 discipulis,
668 4272 701 4321 ut
722 4271 802 4321 tanto
813 4266 910 4322 excel·
924 4230 948 4287 D
964 4283 1031 4340 quae
1047 4267 1077 4324 in
1092 4282 1122 4324 se
1136 4267 1198 4338 ipso
1221 4265 1392 4323 mirabiliter
1406 4263 1502 4336 gessit,
1521 4262 1655 4335 quaedam
1677 4261 1708 4318 in
1734 4272 1812 4318 crea·

58 4354 164 4413 lentior
183 4353 246 4411 hteo
258 4353 318 4411 dies
330 4352 483 4422 habeatur,
498 4361 609 4424 quanto
623 4352 732 4410 leiloior
744 4369 781 4411 ex
795 4354 910 4412 benedi·
966 4358 1039 4414 turis
1061 4357 1193 4427 exempla
1215 4354 1363 4426 praemisit,
1383 4353 1492 4425 quibus
1514 4351 1650 4424 quaelibet
1670 4350 1811 4409 hereseos

59 4441 474 4501 ctionedivinaeldeitnr.liee
483 4440 910 4512 solumqnipraeibant,vernm
965 4446 1120 4504 schismata
1129 4445 1220 4501 scindi
1245 4459 1279 4500 ac
1293 4443 1426 4515 dissipari
1453 4442 1572 4514 possint.
1599 4439 1686 4500 Verbi
1706 4438 1810 4512 gratia,

57 4532 143 4590 mam
157 4531 213 4603 qui
234 4533 440 4602 mouebantur,
455 4530 556 4588 landes
575 4530 615 4586 ibi
638 4531 844 4601 precinebant.
867 4532 912 4587 Sic
966 4546 1081 4607 partum
1097 4534 1226 4607 Virginis
1248 4534 1318 4591 adeo
1335 4532 1469 4589 nonnulli
1492 4532 1709 4589 abhorruerunt
1722 4527 1811 4586 haere.

58 4631 86 4679 et
103 4621 265 4678 hodietam
282 4620 505 4690 precedentium
524 4619 696 4692 angelorum
711 4620 794 4677 chori
821 4635 911 4693 quam
965 4625 1024 4693 tici,
1048 4632 1080 4681 nt
1106 4624 1256 4680 dicerent:
1283 4644 1296 4672 α
1324 4622 1352 4678 Si
1378 4622 1467 4694 Virgo
1495 4620 1614 4692 peperit,
1638 4619 1812 4690 phantasma

58 4710 166 4782 captivi
182 4708 367 4767 liberatorem
379 4723 467 4766 sunm
488 4716 653 4780 sequentes,
673 4723 788 4766 summa
801 4718 827 4767 et
843 4709 911 4767 inei·
966 4713 1028 4771 luit.
1047 4735 1061 4762 »
1075 4713 1166 4784 Cujus
1178 4711 1295 4784 quidem
1309 4712 1415 4768 errotis
1430 4710 1546 4767 vulneri
1568 4707 1811 4765 medicamentum

58 4800 138 4857 labili
150 4798 329 4872 jubilatione
352 4797 454 4855 victori
481 4798 582 4855 laudes
597 4797 806 4868 acclamabant,
837 4800 911 4857 sicut
966 4803 1106 4860 Dominus
1125 4816 1284 4874 apponens,
1309 4813 1522 4871 nonnunquam
1543 4812 1644 4870 equas,
1659 4804 1692 4854 ιιι
1709 4797 1812 4854 beatus

56 4890 202 4960 scriptum
229 4894 295 4944 est:
315 4886 450 4943 Ascendit
474 4890 548 4943 Deus
566 4887 832 4958 dejectationem
860 4892 912 4945 Do·
966 4893 1136 4950 incivitate
1158 4892 1207 4948 Dei
1233 4890 1333 4947 asserit
1361 4888 1543 4960 Augustinus
1567 4886 1636 4957 (ll),
1662 4899 1680 4943 a
1708 4885 1812 4958 spiritu

56 4980 147 5033 matus
162 4978 195 5032 ιιι
207 4991 272 5031 voce
287 4976 360 5031 tuba
377 4975 464 5046 (Psoi.
484 4991 559 5040 xcvi,
576 4979 613 5047 6),
628 4976 657 5032 id
680 4984 723 5033 est
741 4992 807 5033 cnm
829 4977 911 5050 signo
964 4990 1118 5040 ventorum
1139 4980 1287 5050 concipere
1306 4979 1396 5046 iacit;
1418 4990 1477 5048 quo
1501 4976 1601 5033 mirari
1627 4975 1810 5044 desistamus,

58 5065 201 5125 victoriae.
219 5064 352 5135 Denique
362 5063 411 5121 iilo
426 5064 467 5121 ibi
482 5064 661 5137 ingrediente
674 5066 830 5133 civitatem,
844 5081 910 5124 cum
965 5073 989 5130 si
1003 5086 1040 5129 ex
1057 5070 1164 5141 Spiritu
1185 5076 1283 5125 sancto
1308 5067 1398 5139 Virgo
1417 5065 1590 5136 conceperit.
1616 5064 1722 5123 ὓοιιιιε
1741 5079 1814 5137 quo·

57 5163 138 5213 unta
161 5152 259 5211 turbas
279 5152 495 5212 circumstantis
517 5154 718 5220 exsultatione.
744 5154 793 5212 alii
816 5157 911 5214 admi·
966 5176 1023 5233 que
1037 5161 1067 5216 in
1086 5158 1183 5215 osculo
1204 5157 1354 5226 concipere
1379 5165 1407 5213 et
1436 5169 1590 5227 nunqnam
1609 5153 1696 5225 coire,
1723 5155 1814 5228 pluri·

56 5251 155 5301 rantes
189 5242 351 5313 qnabant:
384 5243 438 5311 Qut·
459 5250 499 5300 est
534 5245 577 5300 hic
600 5244 735 5316 iiMotb.
766 5261 823 5312 xxi,
852 5246 910 5311 io.)
966 5251 1093 5307 busnon
1114 5261 1175 5304 esse
1199 5247 1329 5318 ignotum
1353 5246 1497 5304 novimus.
1514 5247 1590 5317 hpes
1612 5260 1732 5318 qnoque
1751 5245 1815 5302 sine

57 5332 89 5390 bt
121 5331 174 5391 alii
204 5331 406 5403 quarentibus
433 5333 674 5405 respondebant:
698 5336 807 5391 liieest
834 5337 911 5392 lesos
967 5338 1136 5396 detrimento
1162 5350 1223 5393 suae
1250 5334 1423 5408 integritatis
1449 5334 1547 5393 iruotn
1573 5350 1631 5393 non
1661 5334 1816 5407 privantur

91 5516 148 5585 tii)
165 5514 286 5583 Patrol,
302 5520 372 5573 tom.
388 5512 455 5572 llll.
