3804 5962
13 4444 16 4449 -
68 4405 111 4463 ille
123 4401 335 4475 respondisset:
352 4401 374 4454 A
392 4399 534 4467 temetipso
557 4397 605 4450 ltoc
626 4395 705 4464 dicis,
736 4411 773 4449 ott
797 4395 849 4448 atii
870 4393 920 4448 tibi

23 4991 25 5000 ,
71 4939 116 4995 cui
127 4950 197 4995 curn
213 4936 355 4992 Dominus
368 4931 492 4989 dixerit:
507 4932 533 4987 A
547 4932 687 5000 temetipso
703 4930 750 4985 mc
765 4930 845 4995 dicis,
856 4937 922 4997 etc,

24 5092 27 5121 Ι

25 5246 29 5277 :
75 5217 150 5263 unus
165 5216 204 5262 ex
225 5203 304 5274 ipsis,
323 5211 354 5259 ut
370 5213 415 5256 me
441 5198 630 5257 interficiendi
649 5199 827 5255 occasionem
857 5196 925 5253 hinc

52 182 103 240 tet
159 158 163 165 ⁴

714 181 947 239 Pudentillam
966 179 1155 239 HELOlSSAE.

1754 190 1805 246 682

49 321 120 365 eum
133 319 201 362 curn
216 304 304 361 ramis
319 303 483 375 palmarum
509 304 691 374 suscipientis
705 304 765 375 ipse
777 314 804 361 et
820 304 896 361 filius
912 305 936 358 a
988 305 1117 375 lienique
1131 312 1158 360 et
1170 304 1286 361 titulum
1300 305 1410 361 Pilatus
1429 305 1569 373 scribens,
1589 307 1644 364 hoc
1664 309 1744 380 quod
1759 309 1807 366 di-

52 395 147 452 David
174 394 525 461 est,tuxtaltattl1aeum
549 393 659 464 (Mutila.
683 408 745 461 ιιι,
761 394 799 463 9),
828 401 856 450 et
871 395 900 449 iu

52 485 115 556 ipso
129 497 253 555 reguum
270 482 360 539 liarid
375 484 463 551 venit,
479 484 641 540 secundum
655 484 784 540 ttarcum
803 483 899 553 litore.

53 587 97 641 ιι,
111 574 157 643 ιο)
174 589 180 628 ;
198 582 225 630 ot
241 572 408 630 benedictus
423 580 465 628 est
487 586 537 629 rex
553 572 604 643 qui
628 573 717 638 venit,
741 571 902 628 secundum

53 666 163 720 Lucam
187 663 263 734 (Luc.
279 674 342 729 ιιι,
359 660 404 733 38)
414 676 423 731 ;
439 670 467 718 et
480 661 615 732 denique,
640 661 800 717 secundum
813 661 901 717 ioan·

52 766 132 820 nem,
151 751 318 809 benedictus
337 752 387 821 qui
414 751 537 807 venitin
560 749 679 806 nomine
703 750 829 819 Domini,
854 763 902 805 rex

53 840 143 897 israel
159 839 247 910 (teon.
264 853 316 907 ιιι,
334 841 386 909 ll).
413 838 495 906 Quod
514 853 702 911 nequaquam
720 839 776 906 isti,
794 852 844 908 per
867 838 902 895 il·

54 929 208 993 lusionem,
238 928 312 984 sicut
340 927 509 997 supradicti,
534 928 583 983 sed
611 942 648 983 ex
675 927 730 984 lide
758 928 901 983 dicebant.

54 1020 124 1077 Tale
142 1028 184 1075 est
203 1032 271 1089 ergo
301 1017 380 1087 quod
393 1017 501 1073 iudaeis
515 1017 574 1072 ait:
592 1019 644 1073 Vos
660 1018 763 1084 dicitis,
779 1030 813 1073 ac
825 1017 849 1072 si
864 1017 904 1073 di·

56 1115 151 1165 ceret:
168 1107 249 1164 Multi
264 1106 361 1161 adhuc
387 1106 461 1161 inter
476 1119 528 1161 ros
543 1113 621 1172 suut,
643 1106 695 1176 qui
712 1106 766 1162 ltoc
781 1120 839 1162 non
855 1120 903 1162 so·

55 1195 118 1253 lum
144 1209 194 1251 ore
213 1194 371 1263 proterant,
387 1193 436 1249 sed
460 1201 487 1248 et
502 1193 587 1249 corde
613 1200 737 1249 teneant.
754 1193 813 1249 Etsi
827 1193 904 1248 eninr

55 1285 110 1350 illi,
125 1284 177 1356 qui
193 1284 246 1339 hoc
266 1282 493 1353 interrogabam,
509 1295 695 1352 nequaquam
710 1282 738 1337 id
765 1282 903 1350 dicerent,

55 1375 101 1431 vel
116 1373 284 1429 crederent:
315 1386 382 1428 curn
411 1380 507 1427 tamen
529 1371 621 1427 dixit:
644 1371 813 1438 Posuimus,
844 1384 902 1426 non

57 1464 93 1519 ad
111 1475 251 1533 personas
272 1461 346 1526 illas,
376 1474 442 1530 quae
465 1460 595 1527 aderam,
626 1461 674 1516 sed
699 1461 735 1515 ad
764 1459 922 1530 populum,

57 1551 155 1622 ipsum
173 1549 306 1622 respexit.
323 1549 369 1605 Sic
383 1557 411 1605 et
438 1548 507 1605 alibi
523 1563 590 1604 cunt
606 1550 646 1604 alt
673 1548 779 1604 iudaeis
794 1549 828 1604 dc
851 1549 903 1602 Za·

958 403 1040 450 xerat
1063 395 1167 460 verbis,
1186 395 1291 465 scripto
1306 395 1488 452 confirmavit
1504 397 1595 453 trium
1622 397 1803 468 linguarum,

958 491 991 539 ut
1023 484 1059 540 ab
1087 485 1222 540 omnibus
1249 485 1456 555 lerosolymam
1491 486 1730 544 convenientibus
1749 486 1806 559 legi

960 581 1061 643 posset,
1075 581 1102 628 et
1117 587 1203 629 verus
1218 573 1339 642 intelligi
1356 588 1407 629 rex
1420 574 1596 631 iudeorum.
1614 576 1684 632 Erat
1696 575 1806 647 quippe

959 661 1116 731 scriptum:
1150 663 1234 717 Jesus
1266 665 1424 720 Nozorcous
1443 678 1493 717 rea
1520 664 1682 720 Judaeorum
1716 665 1806 734 (loun.

960 763 1021 818 ιιι,
1053 751 1175 821 19).Ulti
1208 751 1325 821 quidem
1346 767 1414 808 curu
1438 753 1551 822 adjecit,
1587 755 1746 809 Naeuianus
1766 754 1809 810 di·

960 839 1081 911 ligenter
1097 841 1175 896 ltuuc
1189 842 1284 898 iesum
1309 841 1440 898 distinxit
1456 857 1472 897 a
1489 845 1608 911 eatenis,
1628 843 1724 913 quiin
1758 856 1809 898 en-

962 930 1041 999 tique
1054 929 1168 998 populo,
1185 929 1238 985 hoc
1262 945 1380 1000 quoque
1400 932 1526 997 nomine,
1543 945 1601 986 non
1617 939 1675 986 tam
1691 931 1808 1002 proprie

961 1030 1050 1086 quam
1070 1019 1266 1087 nuncupative
1293 1019 1386 1074 luerat
1415 1020 1555 1091 insigniti,
1581 1026 1690 1089 utpote
1712 1021 1807 1088 tosue,

960 1107 1041 1161 lesus
1056 1107 1196 1173 sacerdos,
1213 1106 1258 1162 vel
1283 1108 1364 1163 Jesus
1384 1108 1461 1164 lilius
1476 1108 1585 1164 Sirach·
1606 1110 1646 1163 De
1671 1108 1726 1164 hoc
1752 1121 1809 1164 au-

961 1201 1018 1250 tent
1045 1196 1151 1251 honore
1167 1194 1254 1263 tituli,
1270 1196 1419 1265 pontifices
1443 1197 1610 1253 ludaeorum
1625 1198 1810 1253 vehementer

961 1283 1102 1353 indignati
1132 1292 1273 1355 tanquam
1291 1286 1319 1340 iu
1346 1285 1561 1342 damnationem
1585 1299 1667 1342 suam
1683 1283 1807 1342 conscri-

963 1375 1002 1440 pti
1017 1386 1112 1444 regem
1129 1375 1277 1443 proprium
1295 1374 1515 1439 crucifixissem,
1539 1375 1676 1431 dixerunt
1699 1375 1809 1430 Pilato:
1863 1369 1870 1380 '

962 1464 1023 1519 Noti
1037 1463 1154 1516 scribere
1169 1479 1260 1530 repom
1274 1464 1440 1532 Jttdaorum,
1466 1465 1515 1519 sed
1530 1466 1596 1533 quic
1624 1469 1682 1533 ipse
1714 1463 1807 1518 discit:

960 1550 1018 1605 Reae
1042 1567 1101 1605 sum
1133 1553 1289 1607 Judaeomm
1321 1553 1411 1621 (inid,
1447 1552 1551 1623 itini
1579 1567 1647 1608 vero
1672 1552 1811 1623 quoniam

56 1640 178 1708 clraria;
204 1640 286 1706 Quem
317 1638 455 1693 occidistis
489 1641 561 1692 inter
602 1635 733 1706 tempium
762 1642 787 1691 et
819 1636 907 1691 altare
924 1669 944 1723 B
963 1641 1162 1709 prophetatum
1193 1639 1309 1696 fuerat:
1339 1644 1378 1699 Ne
1407 1657 1563 1710 corrumpas
1587 1641 1675 1695 Dauid
1688 1643 1719 1695 ia
1734 1640 1811 1696 tituli

58 1729 170 1802 (liutto.
193 1743 278 1792 xxnr,
305 1728 360 1797 35),
390 1740 576 1797 nequaquam
601 1730 635 1783 de
662 1726 726 1792 illis,
761 1725 812 1796 qui
837 1733 908 1781 tunc
963 1731 1142 1798 inscriptione
1174 1728 1259 1799 (Psoi.
1286 1745 1340 1797 cvr,
1378 1731 1399 1799 ι)
1419 1739 1557 1801 tamquam
1579 1731 1631 1786 ltoc
1659 1731 1695 1786 ad
1725 1729 1813 1786 sedi·

56 1827 153 1885 erant,
174 1818 290 1884 iudaeis,
318 1816 366 1871 sed
381 1814 416 1871 de
433 1813 539 1885 populo
569 1816 639 1885 ipso,
669 1816 786 1885 dequo
814 1822 907 1883 erant,
965 1825 1042 1872 ctum
1069 1818 1178 1873 Pilatus
1207 1819 1377 1882 intenderet,
1404 1821 1567 1889 respondit:
1593 1818 1670 1884 Qttod
1712 1820 1812 1886 scripsi

59 1907 262 1978 accipiendum
291 1913 343 1962 est.
373 1905 418 1960 Sic
440 1911 468 1961 et
491 1905 576 1960 Josue
602 1918 668 1959 curn
696 1903 803 1959 dicitur
836 1903 909 1958 lilios
964 1910 1062 1976 scripsi
1083 1908 1178 1978 (Joon.
1194 1923 1257 1977 ιιι,
1277 1910 1332 1977 ιι).
1359 1910 1512 1980 Tanquam
1538 1909 1562 1965 si
1585 1909 1708 1964 diceret:
1728 1906 1810 1974 Quod

58 1997 148 2054 israel
174 1995 300 2052 secundo
321 1991 532 2054 circumcidisse
557 1992 649 2060 (issue
664 2008 692 2059 n,
711 1996 721 2047 l
751 1992 832 2062 seq),
850 2006 909 2046 non
964 1997 1146 2052 scribendum
1163 1998 1285 2066 providi,
1304 1999 1365 2053 sine
1379 1998 1440 2053 ulla
1456 1998 1644 2069 correptionis
1673 2003 1810 2053 retracta·

59 2087 161 2143 hocin
176 2084 280 2141 eisdem
295 2082 434 2155 personis,
451 2081 500 2137 sed
515 2081 545 2137 in
560 2081 658 2138 eodem
675 2080 779 2150 populo
799 2086 909 2136 constat
965 2086 1040 2141 tione
1052 2086 1174 2153 lirmavi,
1195 2095 1332 2156 tanquam
1349 2087 1378 2142 in
1394 2089 1456 2158 ejus
1481 2097 1574 2144 mente
1590 2088 1645 2142 lroc
1670 2087 1810 2156 scriptum
1859 2078 1865 2089 '

59 2173 253 2233 eumiecisse.
966 2176 1099 2243 primitus
1134 2184 1218 2240 esset,
1245 2178 1321 2244 quod
1355 2177 1480 2231 secundo
1518 2177 1619 2231 litteris
1652 2175 1811 2231 exhiberet.

96 2263 233 2334 legimus
249 2275 366 2333 quoque
382 2261 411 2315 in
435 2260 488 2316 hoc
512 2259 557 2316 die
573 2257 713 2330 passionis
736 2258 814 2329 quod
841 2272 910 2312 cen·
966 2264 1031 2318 liar
1047 2278 1115 2333 ergo
1132 2263 1286 2333 geminatio
1301 2265 1392 2330 verbi,
1409 2265 1485 2330 osted
1497 2267 1605 2334 scripsi,
1623 2267 1732 2334 scripsi,
1748 2277 1812 2333 per-

60 2354 150 2420 iurio,
165 2359 193 2407 et
221 2352 272 2422 qui
286 2364 352 2407 oum
378 2364 412 2406 eo
426 2356 509 2405 erant
535 2348 730 2405 custodientes
757 2347 909 2403 Dominum
965 2353 1155 2407 severantiam
1173 2351 1216 2406 vel
1239 2352 1554 2408 incommutabilitatem
1575 2352 1719 2424 significat
1734 2352 1811 2419 iacti,

62 2441 250 2506 crucifixum,
276 2453 343 2496 curn
371 2439 556 2508 exspirasset,
589 2437 773 2492 striderent
814 2435 910 2490 velum
966 2441 1040 2497 sient
1056 2441 1258 2496 illndzduntes
1284 2443 1362 2496 ioum
1374 2441 1457 2511 (Psoi.
1475 2457 1560 2508 cxxv,
1577 2442 1615 2514 6).

60 2529 159 2600 templi
193 2530 323 2594 scissum,
362 2534 391 2583 et
426 2532 632 2593 terraemotum,
662 2533 689 2581 et
724 2531 911 2580 monumenta
1197 2545 1507 2587 pp0pfflp1ffip0ffl
1542 2546 1579 2585 tv,

61 2628 174 2691 aperta,
195 2617 346 2674 dixerunt:
366 2619 435 2672 Vere
456 2616 542 2670 Filius
566 2616 615 2668 Dei
637 2618 696 2668 erut
721 2618 772 2667 iste
801 2613 909 2684 (liniti.
1002 2616 1149 2679 Quomodo
1169 2624 1244 2672 stare
1258 2624 1346 2686 potest
1362 2602 1439 2686 q'nod
1456 2616 1594 2671 Dominus
1608 2615 1813 2687 iudaeissigna

65 2722 160 2773 xxtrr,
182 2706 239 2776 54).
260 2708 295 2761 ttt
312 2706 399 2760 omnis
415 2703 496 2759 turba
514 2719 615 2770 eorum,
632 2705 680 2773 qui
697 2701 778 2756 simul
796 2702 913 2756 aderant
967 2704 1164 2775 quarentibus
1180 2705 1325 2775 respondit
1342 2704 1389 2772 de}
1401 2712 1529 2774 tempore
1554 2703 1710 2773 scpnlnme
1728 2717 1811 2771 ,suaet

62 2796 299 2867 adspectacutum
313 2794 398 2863 istud,
416 2799 442 2849 et
456 2793 585 2848 uidebant
604 2791 787 2859 quatiebant,
815 2807 911 2861 percu·
967 2794 1200 2858 Sicutfuitionos
1219 2798 1248 2846 in
1267 2793 1425 2846 oentrcceli
1445 2791 1531 2844 tritus
1558 2791 1650 2844 diebus
1677 2795 1703 2845 et
1724 2791 1813 2846 imbus

63 2892 162 2942 tientes
185 2889 296 2956 pectora
317 2899 367 2938 sun
395 2882 602 2938 reuemedontur
630 2881 706 2951 (Luc.
741 2894 824 2946 ιιιιι,
854 2881 910 2948 ts).
967 2880 1100 2947 tractibus,
1120 2883 1225 2936 sicorii
1243 2886 1268 2935 et
1289 2883 1375 2935 Filius
1393 2881 1548 2935 hominisiu
1563 2879 1642 2933 corde
1664 2884 1744 2934 terrae
1766 2882 1816 2935 tri-

63 2976 132 3033 'l'ale
145 2982 188 3032 est
210 2987 289 3046 ergo,
306 2980 339 3029 ut
368 2972 505 3038 diximus,
521 2970 599 3041 quod
624 2970 732 3026 iudaeis
751 2969 912 3039 quaeremi-
969 2969 1017 3024 dus
1031 2970 1271 3025 diebus·ettridus
1287 2971 1428 3025 noctibas?
1449 2969 1560 3039 (motti.
1585 2983 1636 3035 ιιι,
1660 2969 1716 3040 to.)
1737 2968 1815 3024 Con-

64 3065 121 3122 bus
140 3077 177 3119 au
193 3070 266 3119 esset
282 3061 372 3118 Filius
397 3060 456 3125 liei,
478 3060 640 3130 respondit:
654 3061 707 3115 Vos
729 3058 842 3127 dicitis;
859 3058 912 3113 hoc
967 3066 1023 3115 slat
1048 3060 1155 3129 quippe
1179 3060 1333 3117 danninum
1358 3067 1438 3116 sexta
1458 3059 1529 3115 teria
1551 3059 1586 3115 de
1600 3073 1685 3114 cruce
1705 3055 1816 3128 deposi-

62 3163 117 3223 est,
128 3155 189 3226 jam
210 3167 335 3225 praesens
347 3153 406 3209 dies
422 3150 466 3207 vel
486 3158 600 3220 tempus
615 3150 703 3216 adest,
718 3149 747 3204 in
763 3164 821 3220 quo
836 3149 863 3205 id
879 3149 913 3203 de
967 3155 1028 3203 tum
1049 3162 1109 3204 esse
1132 3149 1288 3218 sepultum,
1314 3157 1340 3204 et
1360 3147 1484 3204 sabbato
1507 3147 1651 3218 quievisse
1676 3147 1705 3203 iu
1721 3145 1816 3218 sepul-

62 3261 109 3303 me
123 3243 330 3302 confiteamini.
347 3241 482 3299 similiter
496 3241 586 3296 Pilato
602 3240 742 3309 qnaerenti
757 3251 794 3294 an
810 3239 846 3295 sit
862 3252 913 3294 rex
967 3249 1024 3300 cro,
1046 3243 1073 3292 et
1099 3238 1233 3308 sequenti
1260 3246 1341 3293 nocte
1361 3237 1517 3293 lloutinicee
1537 3237 1592 3294 diei
1621 3238 1815 3293 resurrexisse

61 3335 232 3393 Iudaeorum
258 3331 415 3402 respoudit,
436 3333 466 3385 iu
482 3329 560 3397 dicis,
590 3329 804 3398 potiusquam,
828 3332 858 3381 tu
873 3326 915 3380 di·
968 3328 1073 3396 quarta
1094 3327 1202 3398 vigilia.
1226 3326 1306 3382 Unde
1322 3333 1433 3381 certum
1453 3334 1496 3381 est
1511 3339 1563 3395 per
1582 3339 1672 3381 unam
1699 3331 1813 3381 tantum

61 3426 144 3480 xisti.
176 3421 267 3478 Homo
294 3420 402 3491 qnippe
430 3417 545 3490 gentilis
575 3415 912 3487 proptretiasignoraoat.
967 3415 1110 3486 integram
1127 3424 1237 3471 noctem
1253 3415 1459 3485 precedentem
1484 3413 1652 3483 Sabbatum,
1664 3421 1691 3470 et
1706 3427 1756 3484 per
1772 3413 1816 3468 in-

63 3527 123 3571 non
138 3509 293 3582 selegerat
306 3509 406 3573 verba,
422 3507 472 3564 ubi
492 3506 624 3563 Christus
635 3504 731 3561 iuerat
746 3504 912 3575 promissus,
969 3514 1078 3577 tegram
1105 3505 1197 3574 ipsius
1216 3503 1331 3560 sabbati
1349 3504 1423 3560 diem
1440 3518 1505 3559 eum
1523 3504 1551 3559 in
1577 3503 1706 3574 sepulcro
1720 3503 1817 3571 luisse,

61 3610 91 3661 et
105 3614 230 3672 reguum
250 3598 316 3669 eius
334 3598 550 3667 prophetatum,
565 3596 651 3664 inme
667 3594 756 3650 illud:
787 3596 822 3649 ut
837 3596 928 3660 repat·
970 3609 1055 3665 quern
1077 3601 1182 3664 quarta
1199 3593 1298 3664 vigilia
1311 3593 1403 3648 noctis
1419 3593 1609 3663 Hieronymus
1621 3594 1649 3648 in
1663 3591 1818 3663 Epistolam

63 3693 124 3762 ejus
153 3705 208 3745 noa
240 3689 293 3743 eit
319 3688 382 3755 itatis
410 3685 485 3757 (Luc.
517 3701 537 3750 ι,
553 3685 609 3754 33),
632 3683 675 3739 vel
707 3682 797 3737 illud:
827 3683 915 3736 dicite
970 3684 1005 3739 ad
1030 3682 1146 3739 Galatas
1163 3682 1231 3738 dicit
1259 3680 1462 3736 resurrexisse.

63 3781 129 3850 titia
144 3779 230 3836 Sion:
243 3779 309 3833 doce
323 3790 373 3829 ren
394 3780 456 3829 tuus
471 3775 545 3829 omit
557 3772 671 3843 (Multi.
689 3785 749 3836 ιιι,
767 3771 812 3840 5);
835 3768 916 3840 quod
1246 3784 1358 3827 souurro
1377 3782 1536 3824 nunctum.

63 3863 550 3939 tamenipsodtePilatnssaepius
575 3860 862 3927 verbisassernit‚et
886 3858 916 3913 in
1005 3860 1086 3927 Quod
1110 3859 1312 3925 sitdominus,
1344 3860 1431 3911 tritos
1457 3858 1591 3912 dietuset
1614 3857 1701 3912 tribus
1733 3861 1820 3913 nocti.

64 3959 126 4029 ipso
154 3954 239 4011 titulo
253 3953 349 4009 erucis
375 3951 482 4021 scripto
507 3949 647 4016 meminit,
665 3947 774 4004 Judaeis
788 3947 914 4017 aitlttlil:
972 3952 1030 4017 bus,
1048 3963 1105 4005 non
1133 3954 1174 4004 est
1202 3946 1413 4015 accipiendum,
1441 3945 1519 4015 quod
1545 3959 1595 4014 per
1617 3945 1747 4001 tresdies
1770 3947 1820 4002 in-

67 4048 163 4105 Vuttis
197 4045 337 4098 dimittam
375 4041 450 4096 nobis
490 4055 579 4107 repom
604 4035 789 4094 ludaeorum?
829 4038 916 4105 (loon,
971 4043 1108 4111 tegroset
1136 4044 1233 4093 noctes
1257 4036 1297 4091 ini
1337 4034 1432 4103 luerit,
1458 4034 1507 4089 sed
1532 4035 1608 4103 quod
1639 4034 1821 4105 intempore

65 4150 148 4204 xrnr,
174 4133 232 4204 39),
260 4140 288 4189 et
317 4132 438 4187 iteruin:
464 4130 561 4198 liepcm
589 4134 709 4182 oestrum
734 4125 919 4195 crucifipomi
974 4129 1137 4187 cominente
1164 4137 1220 4181 tres
1246 4125 1307 4181 dies
1335 4139 1401 4180 cum
1430 4124 1565 4180 noctibus
1593 4124 1653 4180 suis
1689 4125 1822 4195 sepultus

67 4225 158 4298 (icon.
182 4239 240 4290 ιιι,
266 4219 321 4292 li.)
338 4220 390 4286 Oui
406 4218 490 4276 etiam
506 4233 572 4274 cum
594 4218 727 4288 superius
742 4218 921 4287 quaesisseta
976 4213 1126 4288 quieverit.
1143 4214 1223 4271 Unde
1237 4222 1264 4270 et
1277 4215 1349 4269 bene
1362 4229 1429 4269 cum
1445 4213 1561 4282 dicitur,
1580 4215 1666 4270 tribus
1686 4215 1779 4271 diebus
1793 4218 1821 4271 et

67 4315 199 4374 [lumino.
229 4317 258 4367 tu
276 4327 303 4366 es
322 4326 372 4365 reo
382 4307 560 4365 iudaeorum?
582 4306 677 4376 (Joon.
703 4319 784 4372 xxm,
809 4304 864 4374 33),
891 4311 919 4360 et
936 4293 958 4350 ὓ
976 4307 1062 4362 tribus
1077 4303 1210 4372 noctibus,
1235 4303 1406 4375 adjunctum
1433 4309 1484 4370 est,
1519 4305 1589 4358 siem
1616 4306 1718 4373 tortos,
1733 4318 1821 4375 quem

976 4395 1059 4451 tertio
1074 4393 1120 4450 die
1136 4393 1222 4464 piscis
1236 4392 1365 4449 evomuit
1385 4393 1415 4448 in
1444 4393 1568 4459 aridam,
1584 4407 1617 4449 ac
1639 4408 1689 4464 per
1704 4393 1758 4450 hoc
1771 4405 1823 4463 per

68 4494 201 4550 dicem
233 4490 267 4546 de
291 4487 353 4544 me?
375 4487 468 4559 libid,
507 4485 563 4556 di.)
582 4486 709 4541 Rursum
738 4484 918 4539 aitPilatus:
975 4499 1065 4540 unam
1089 4490 1201 4539 tanturn
1225 4492 1337 4539 noctem
1368 4482 1519 4553 integram,
1540 4490 1567 4539 et
1596 4489 1823 4538 unumtantum

17 4614 20 4619 ·
69 4581 201 4650 quuid
231 4595 279 4649 epo
299 4577 412 4634 iudans
440 4574 527 4631 sumi
558 4575 628 4631 Gens
653 4579 700 4628 tuo
729 4578 757 4628 et
783 4575 921 4643 pontifices
974 4572 1121 4644 integrum
1137 4571 1211 4627 diem
1227 4570 1257 4625 iu
1276 4578 1376 4626 ventre
1392 4570 1445 4626 ccii
1466 4570 1562 4625 luerit.
1580 4571 1705 4640 Tempus
1720 4569 1820 4641 itaque
1881 4554 1887 4579 ”

71 4670 247 4730 tradiderunt
260 4674 286 4724 te
313 4666 483 4738 milti(ibid.,
500 4665 556 4736 35).
573 4665 645 4720 Eece
656 4663 768 4734 quoties
782 4670 809 4719 et
832 4675 921 4733 quam
975 4663 1125 4719 continens
1154 4668 1210 4716 tres
1226 4659 1288 4716 dies
1314 4673 1381 4715 curn
1419 4660 1552 4716 noctibus
1578 4658 1647 4722 suis,
1686 4657 1825 4728 accipea

977 4750 1119 4823 principio
1149 4749 1240 4807 noctis
1276 4749 1452 4805 Parasceven
1485 4742 1632 4818 sequentis
1667 4759 1759 4817 usque
1788 4745 1826 4802 ad

978 4840 1065 4897 linem
1088 4838 1325 4907 Dominicaedici,
1353 4848 1381 4894 et
1403 4838 1532 4894 invenies
1562 4837 1590 4892 in
1619 4835 1667 4893 illo
1689 4833 1826 4905 temporis

979 4930 1081 5001 spatio,
1097 4929 1233 5000 quamvis
1249 4942 1306 4984 non
1323 4942 1373 4998 per
1405 4935 1496 4983 totum
1516 4934 1639 4995 tempus,
1669 4923 1825 4981 Dominum

979 5020 1072 5076 tribus
1089 5017 1191 5087 diebus
1205 5024 1232 5073 et
1262 5018 1355 5073 tribus
1382 5017 1517 5072 noctibus
1530 5014 1657 5085 iacuisse
1673 5013 1704 5069 in
1731 5013 1827 5085 sepul-

980 5124 1039 5165 cro.
1068 5108 1130 5164 Nou
1154 5107 1229 5163 enirn
1246 5106 1324 5176 quod
1351 5106 1522 5176 intempore
1538 5104 1637 5173 aliquo
1660 5103 1691 5160 lit
1713 5116 1764 5174 per
1780 5111 1829 5160 to-

979 5205 1040 5255 turn
1071 5195 1142 5251 illud
1173 5203 1287 5265 ternpus
1312 5195 1373 5250 lieri
1404 5207 1517 5249 necesse
1546 5200 1598 5249 est.
1628 5193 1768 5249 Fortassis
1797 5200 1826 5250 et

982 5286 1058 5357 quod
1081 5284 1197 5350 dicitur,
1214 5286 1243 5337 iu
1269 5283 1348 5338 corde
1365 5288 1451 5350 tama,
1469 5297 1526 5338 non
1545 5291 1601 5338 tarn
1627 5282 1662 5338 de
1676 5282 1828 5353 sepultura

982 5395 1042 5463 ipso
1057 5393 1138 5450 titulo
1160 5391 1257 5449 crucis
1277 5390 1383 5461 scripto
1403 5390 1598 5448 confirmavit.
1615 5391 1650 5448 Ut
1664 5390 1741 5448 enim
1758 5389 1830 5448 liat·

982 5467 1075 5524 tltaeus
1090 5463 1219 5522 meminit
1230 5462 1336 5521 iudeis
1357 5461 1418 5520 alt:

1607 5554 1650 5616 22

70 4760 222 4819 manifesto
246 4757 357 4814 Pilatus
370 4769 439 4811 eum
455 4767 550 4824 regem
567 4752 735 4822 promentur
755 4752 921 4808 iudaeorum

71 4856 96 4906 et
109 4850 208 4920 ipsum
227 4845 367 4917 populum
388 4842 555 4900 iudaeorum
572 4848 684 4912 gentem
699 4841 762 4911 eius
778 4839 920 4910 appellet:

74 5027 125 5085 tale
138 5032 193 5094 est,
208 5039 243 5081 ac
255 5023 281 5080 si
293 5023 417 5080 diceret:
436 5021 548 5085 Quaeris
566 5020 622 5077 hoc
637 5034 687 5092 pro
703 5020 792 5090 teipso
816 5025 848 5075 ut
874 5033 921 5075 vc·

75 5117 187 5174 ritatem
221 5125 386 5186 cognoscas,
407 5125 446 5168 an
475 5110 539 5167 dolo
568 5111 747 5177 ludaeorum,
781 5116 923 5179 tauquam

79 5292 197 5351 sumas?

108 5404 153 5476 tes
185 5400 273 5458 Hunc
293 5398 435 5457 locumex
460 5397 556 5454 codice
572 5397 718 5456 Victorino
737 5396 778 5453 sic
799 5395 925 5453 restituit

79 5473 119 5533 tir
135 5488 175 5532 c.
193 5471 295 5531 Victor
307 5469 414 5528 Gousin
430 5467 513 5542 (Opp.
535 5467 690 5539 ahelardi,
707 5482 736 5541 p.
751 5466 833 5539 titt:
854 5475 882 5524 et
894 5467 925 5524 in

258 5561 399 5630 Ριτιοι.
425 5557 616 5630 dlxxvltt.
