3804 5962
157 175 223 232 ibae
421 171 526 230 nerlu
545 169 738 228 summunt
757 169 834 228 OPP.
861 167 951 227 PARS
969 168 1052 228 11.-
1065 166 1288 229 wintonien
1306 169 1348 227 ET
1367 167 1632 228 Punuosuenlclt.
1698 176 1704 185 “

693 499 922 618 LIBER
972 499 1383 617 SECUNDUS.

186 807 286 879 Operis
309 813 391 878 pane
406 805 576 878 superioris,
602 805 765 864 testimonia
779 805 914 878 quedam
936 812 996 862 tam
1009 805 1036 862 a
1049 819 1113 873 nus,
1146 807 1191 861 uir
1216 806 1375 874 eloquentia
1404 804 1523 876 pultem,
1545 809 1572 861 et
1592 807 1737 879 martyna
1768 807 1790 863 p

148 897 356 971 prophetarum
375 909 464 966 quam
479 894 714 966 pbilosophorum
733 893 914 967 collegimus,
928 895 995 966 qui·
1049 900 1192 964 comante,
1208 894 1360 961 mmdetur,
1381 909 1431 949 cur
1449 893 1582 950 adrasus
1604 897 1790 952 demetrianus

147 986 322 1044 bassanum
358 983 511 1042 Trinitatis
525 981 610 1040 iidem
639 989 848 1052 astrueremus,
864 982 916 1040 ubi
931 982 995 1054 qui·
1051 983 1115 1039 bens
1140 984 1299 1039 testimoniis
1329 998 1396 1038 usus
1423 987 1460 1038 sit
1486 983 1681 1053 prophetarum
1714 989 1790 1056 eta]

147 1075 214 1134 dem
255 1073 326 1131 dum
349 1072 587 1145 pbilosophorum
621 1070 783 1128 infidelium
812 1070 994 1140 assertiones,
1049 1087 1122 1141 rum,
1150 1089 1211 1144 que
1236 1073 1288 1128 illc
1311 1076 1375 1142 peta
1395 1076 1423 1128 et
1449 1074 1635 1128 commentitio
1651 1073 1790 1130 essedum

147 1163 224 1221 sicut
238 1169 267 1220 et
281 1168 450 1219 sanctorum
475 1161 606 1228 Patrum,
632 1160 718 1232 quasi
748 1158 780 1215 in
795 1158 996 1217 anctoritatem
1052 1177 1107 1217 non
1128 1164 1222 1231 potius
1238 1160 1461 1231 pbilosophorum
1476 1163 1668 1231 etpaetarum,
1699 1177 1790 1232 quara

148 1250 329 1316 induximus,
353 1249 513 1307 multorum
526 1262 579 1307 uos
602 1245 829 1306 detractionibus
843 1248 994 1305 corroden·
1050 1250 1173 1306 ciuitati
1186 1253 1217 1305 ut
1231 1250 1355 1305 ethnicas
1370 1250 1508 1303 contraire
1520 1254 1689 1320 nonpoterm
1705 1248 1763 1322 (to)
1780 1249 1790 1306 i

148 1340 200 1398 dos
213 1338 539 1413 parerepreseusimue,
563 1344 683 1409 atquea
703 1335 854 1394 nonnullis
869 1335 954 1394 nobis
966 1335 995 1392 id
1051 1338 1187 1408 losepbas
1202 1337 1269 1393 daos
1283 1336 1367 1393 libras
1385 1337 1482 1394 scribit
1493 1341 1588 1393 couno
1620 1338 1756 1410 apionem
1774 1342 1790 1396 i

149 1428 417 1501 improperandum,
434 1426 513 1498 quod
539 1424 621 1483 beato
645 1423 821 1495 Hieronymo
850 1438 868 1481 a
895 1422 997 1482 multis
1051 1427 1173 1494 deinum,
1199 1431 1225 1481 et
1252 1430 1331 1482 tanta
1357 1426 1530 1482 secularium
1551 1428 1659 1498 protem
1686 1431 1790 1484 resumo

148 1514 216 1572 olim
232 1515 602 1588 legimusobjectum,cam
617 1530 676 1572 nou
690 1514 842 1573 solumille
857 1521 885 1572 et
899 1512 996 1570 ethni·
1050 1516 1120 1570 mibi
1152 1515 1315 1571 miraculum
1349 1516 1454 1581 subeat,
1486 1516 1618 1587 quomodo
1653 1519 1698 1572 uir
1724 1518 1790 1574 Eebr

149 1617 260 1674 aarum,
288 1604 501 1662 verumetiam
523 1604 726 1662 hereticorum
748 1601 914 1662 testimonia
936 1600 997 1658 suis
1049 1603 1173 1672 insontia
1195 1606 1282 1661 sacris
1298 1605 1398 1660 litteris
1426 1605 1563 1668 eruditus,
1589 1611 1715 1662 cunctam
1744 1606 1790 1664 Er.

148 1692 287 1751 insereret
321 1692 446 1765 scriptis.
487 1693 569 1750 Unde
606 1700 634 1749 et
670 1693 811 1750 adversus
833 1691 995 1748 calumnias
1052 1693 1239 1749 bibliothecam
1254 1693 1391 1749 evolverit.
1417 1695 1488 1751 item
1503 1693 1558 1766 (il)
1573 1711 1580 1749 :
1597 1697 1756 1751 Eustautet
1787 1734 1790 1751 .

149 1780 247 1855 Magni
265 1781 387 1839 oratoris
403 1781 486 1838 urbis
504 1781 601 1838 Romae
622 1779 774 1852 epistolam
796 1778 934 1846 scribens,
958 1778 998 1836 ita
1052 1780 1185 1848 Ardeam
1209 1781 1276 1837 libri
1296 1788 1322 1837 et
1352 1781 1597 1849 theodoriciani
1623 1784 1790 1856 apostoliam

149 1883 271 1929 exorsus
283 1869 324 1926 ait
343 1871 412 1941 (³⁸1³
434 1869 506 1936 Ouid
529 1871 631 1937 caeru
646 1868 719 1940 maed
741 1870 770 1923 in
794 1868 931 1938 opusculis
944 1882 998 1923 na·
1052 1885 1180 1938 anorum,
1195 1885 1227 1926 ac
1254 1872 1414 1942 uirtutum3
1435 1876 1461 1925 et
1471 1874 1596 1942 Elonpsii
1623 1873 1790 1930 Aleaandrir

148 1960 215 2015 stris
229 1958 404 2015 saccariam
423 1958 579 2014 litterarum
593 1958 731 2013 interdum
752 1970 889 2027 ponamus
910 1970 999 2011 enem-
1052 1960 1137 2030 scopi,
1171 1959 1300 2015 Anatolii
1314 1974 1430 2030 auoque,
1459 1961 1619 2031 Pamphilii,
1647 1963 1744 2032 Pierii,
1775 1963 1790 2020 l

146 2049 207 2118 pla,
230 2054 256 2104 et
279 2047 425 2104 condonent
451 2047 578 2104 Ecclesia
602 2047 770 2103 ethnicarum
788 2044 915 2101 sordibus
938 2045 995 2116 poi·
1013 2072 1036 2131 Β
1053 2049 1226 2116 Malchionis,
1262 2049 1373 2104 Eusebia·
1400 2050 1573 2107 cesariensis
1604 2052 1731 2122 episcopi,
1756 2060 1790 2110 etl

152 2137 273 2205 luamus,
299 2152 440 2209 nunquam
455 2135 503 2192 boc
517 2151 649 2208 numeres
673 2137 699 2191 si
719 2135 877 2205 Scripturas
904 2149 997 2190 sacras
1051 2152 1143 2194 omnes
1156 2139 1186 2193 in
1204 2142 1311 2193 tantum
1333 2138 1560 2208 pbilosophorum
1580 2138 1713 2196 doctrinas
1739 2144 1790 2208 atq

150 2227 260 2295 tereres,
284 2227 310 2282 si
335 2228 498 2296 interpretes
527 2241 623 2281 emam
646 2225 805 2279 resolveres.
838 2222 905 2289 nun
925 2224 998 2278 enim
1053 2228 1145 2284 tentiis
1155 2242 1219 2283 suos
1231 2229 1399 2295 referserunt
1416 2227 1594 2302 [resarciunt]
1614 2231 1710 2299 libros,
1732 2235 1767 2288 ut

150 2315 254 2370 nesciat
282 2319 308 2369 et
335 2316 365 2369 in
392 2315 486 2385 Mopse
521 2328 553 2368 ac
581 2313 779 2382 prophetaram
813 2313 997 2367 uoluminibus
1052 2316 1162 2389 quidin
1186 2318 1248 2372 istis
1274 2316 1396 2387 primum
1423 2318 1560 2374 admirari
1582 2319 1686 2385 debeas,
1719 2320 1790 2376 enrd

150 2402 276 2473 quadam
288 2406 430 2473 assumpta
452 2402 485 2456 de
500 2400 644 2471 pectiliam
669 2403 760 2469 libris,
787 2404 814 2456 et
828 2402 998 2459 Salomonem
1052 2405 1168 2478 [saeeuli]
1190 2421 1227 2461 au
1263 2409 1378 2462 umentia
1407 2408 1570 2464 litterarum.
1604 2410 1682 2466 Idem
1706 2409 1743 2466 ad
1773 2410 1790 2468 l

149 2491 341 2562 pbilosopbari
370 2495 397 2546 et
417 2493 592 2560 proposuisse
625 2489 759 2545 nonnulla
781 2494 808 2545 et
838 2491 932 2561 aliqua
955 2504 998 2544 re·
1051 2498 1127 2554 tium
1148 2495 1345 2567 presbyterum
1359 2494 1415 2568 lii)
1433 2510 1440 2552 :
1457 2497 1557 2553 Eadem
1571 2498 1677 2554 absenti
1691 2496 1790 2570 sionim

149 2577 315 2650 spondisee?
341 2580 417 2636 Unde
439 2581 470 2635 in
488 2580 600 2636 ecordro
628 2579 834 2635 manubiorum
852 2587 999 2638 commonet
1052 2586 1183 2657 presenti
1212 2600 1317 2656 quoque
1340 2586 1446 2641 iocatus
1474 2602 1545 2655 sum,
1571 2603 1612 2642 me
1634 2588 1675 2642 ita
1700 2585 1790 2658 Oriper

149 2673 183 2726 ut
220 2670 405 2739 intellipamas
440 2684 575 2726 semones
603 2669 770 2740 prudentia,
811 2671 999 2739 ramumque
1051 2678 1122 2744 pisse
1135 2676 1177 2730 uel
1195 2674 1292 2742 bane,
1317 2679 1366 2729 aut
1390 2674 1589 2744 Apollinarem,
1603 2681 1652 2731 aut
1675 2681 1786 2733 caeteros

149 2760 300 2826 viritim·
332 2759 489 2830 667ᾶὸ666
519 2762 546 2815 ti
569 2759 715 2816 ⁰b⁵⁰1⁴l¹²m
738 2772 897 2824 termonem,
923 2757 999 2812 dictu
1053 2769 1134 2832 tores,
1164 2778 1280 2833 quoram
1298 2763 1328 2819 in
1352 2762 1516 2832 quibusdam
1532 2764 1614 2819 libros
1638 2763 1790 2820 Ecclesiae

150 2849 319 2918 sapientium
332 2850 358 2902 et
380 2848 620 2917 animataque
650 2848 763 2918 proprie
776 2850 841 2900 sant
870 2844 999 2900 diatecti·
1052 2855 1131 2924 cipit,
1148 2856 1214 2923 qnia
1235 2854 1324 2922 operis
1348 2855 1402 2907 mei
1415 2854 1542 2915 eistadii
1567 2857 1607 2909 est
1625 2854 1725 2909 multas
1748 2854 1790 2924 lep

148 2950 240 2992 comm
265 2941 292 2992 et
311 2934 545 3007 pbilosophorum.
576 2933 631 2990 Sed
657 2938 684 2990 et
712 2933 817 2991 Paulus
857 2933 997 3003 apostolus
1052 2957 1086 2997 eu
1118 2943 1247 3012 plmimis
1268 2943 1369 2997 multas
1395 2944 1473 3011 flores
1499 2959 1622 3013 carpam,
1653 2948 1709 2999 tam
1730 2959 1790 3015 prol

149 3024 320 3096 &dimidii
338 3030 424 3094 9⁰0²ae
447 3025 550 3078 “illim
569 3023 705 3078 limitum
730 3027 781 3089 0⁸2,
808 3020 930 3077 imbelli
958 3020 995 3076 Μ
1054 3033 1145 3088 amnia
1160 3030 1470 3099 unamquaebonasunt
1484 3033 1628 3088 electanis.
1656 3016 1777 3090 Assumo

153 3115 245 3171 Titum
260 3115 325 3184 (tit.
338 3113 361 3181 Ι,
378 3113 439 3182 ²²l²
1051 3121 1184 3189 inmane,
1209 3127 1240 3175 ut
1261 3135 1296 3175 ea
1313 3122 1409 3175 multis
1433 3107 1522 3176 multu
1547 3136 1718 3191 cupressum,
1753 3135 1790 3178 sel

148 3203 286 3260 Cretenses
300 3215 405 3270 semper
418 3198 570 3267 mendaces,
584 3197 773 3261 malatestis,
790 3201 996 3269 centrespipri.
1052 3209 1125 3280 quod
1147 3211 1281 3279 scriplum
1308 3214 1349 3265 ese
1364 3225 1403 3264 2«
1428 3210 1529 3266 Omnia
1555 3211 1679 3279 breniae,
1710 3209 1785 3277 quod

149 3292 181 3346 ln
197 3293 255 3346 alia
269 3304 376 3360 quoque
389 3287 506 3358 epistola
524 3286 670 3343 Menandri
682 3288 909 3357 ponitsenarium
1051 3302 1250 3355 perpetramus
1285 3297 1391 3367 (Tuus,
1412 3312 1441 3365 v,
1468 3301 1545 3368 21).»
1566 3300 1642 3354 Unde
1665 3300 1736 3354 salis
1763 3315 1790 3355 m

150 3379 310 3450 (¹⁰⁰i·¹V›
326 3376 383 3448 33).
1012 3369 1166 3444 (inoluisse
1201 3387 1326 3457 Oripenis
1358 3387 1426 3443 mibi
1458 3388 1571 3458 objicere
1596 3388 1737 3457 docmata.
1772 3389 1790 3446 d

1051 3477 1191 3534 hereticus
1207 3477 1274 3547 quid
1301 3477 1338 3532 ad
1363 3492 1413 3545 me,
1431 3479 1480 3543 qai
1492 3478 1572 3532 ilium
1597 3478 1627 3532 in
1643 3477 1788 3549 plerisque

1052 3570 1136 3623 ticum
1163 3581 1217 3622 non
1239 3564 1336 3634 nepo?
1359 3565 1478 3621 Erravit
1492 3565 1525 3620 de
1551 3568 1750 3622 resurrectione
1777 3582 1790 3624 c

149 3651 186 3706 Et
205 3649 281 3718 apud
303 3648 479 3706 Athenienses
507 3650 538 3704 in
552 3650 650 3705 diariis
673 3649 751 3704 curia
767 3648 913 3720 duputana
926 3649 999 3704 Ara·
1050 3654 1084 3711 de
1111 3660 1187 3711 slata
1214 3659 1379 3722 animarum,
1404 3654 1556 3709 dediaboli
1578 3655 1747 3724 punitentia,
1773 3671 1789 3713 e

151 3749 208 3801 tum
223 3746 317 3799 testem
331 3744 417 3796 uocas
435 3739 557 3808 alpsius
569 3741 640 3794 enim
659 3743 685 3794 et
695 3753 779 3806 penus
803 3752 898 3794 eumne
922 3737 994 3810 (Aet.
1050 3743 1092 3799 bis
1106 3758 1196 3814 marus
1211 3747 1259 3807 est,
1285 3743 1386 3798 Filium
1401 3746 1427 3797 et
1453 3742 1590 3812 Spiritum
1611 3747 1736 3798 sanetum
1764 3744 1790 3798 in

147 3847 218 3902 xva,
246 3833 300 3903 28).
329 3832 419 3894 Pater.
455 3828 503 3883 bot
528 3831 568 3883 tsi
593 3826 686 3882 doctor
714 3827 865 3884 06666ίίαηί
887 3829 990 3883 eamm-
1049 3835 1192 3889 mentarlis
1239 3833 1319 3887 isaia
1353 3831 1492 3901 seraphim
1539 3846 1595 3887 esse
1640 3835 1790 3888 mesiam

149 3928 202 3992 tus,
228 3927 253 3978 et
279 3925 372 3976 orator
395 3919 515 3974 invictus
542 3931 593 3986 pro
618 3917 726 3973 cbristo
754 3931 865 3972 causam
897 3931 993 3986 mens,
1048 3922 1118 3979 item
1135 3921 1191 3996 (43)
1213 3921 1330 3992 :Neque
1350 3922 1420 3975 enim
1435 3920 1561 3990 debemus
1590 3920 1660 4000 bona
1685 3920 1745 3991 cias
1768 3936 1790 3978 rr

151 4016 235 4068 etiam
247 4011 454 4076 inscriptionem
472 4006 618 4074 fortuitam
637 4012 696 4060 arte
723 4010 829 4076 torquet
856 4007 887 4061 in
913 4020 997 4075 arpa·
1048 4008 1164 4064 utmala
1190 4026 1297 4081 qaoque
1310 4014 1429 4079 recipere
1453 4025 1589 4077 conamur.
1605 4010 1636 4066 Si
1649 4025 1713 4080 erpo
1740 4024 1790 4081 que

147 4115 268 4166 mentum
294 4107 359 4180 ridei
386 4103 478 4178 (ibid,
498 4105 532 4158 ia
548 4109 575 4158 et
602 4101 685 4174 seq.).
717 4103 862 4159 Didicerat
891 4106 995 4160 enimc
1048 4103 1112 4156 sunt
1128 4100 1269 4168 transtuli,
1285 4103 1312 4154 et
1334 4100 1408 4154 mala
1427 4100 1581 4168 amputavi,
1597 4098 1639 4154 ael
1654 4101 1738 4164 locui,
1769 4115 1790 4156 u

146 4213 210 4254 uero
228 4196 329 4265 ilarid,
345 4199 510 4260 seruauere
522 4191 555 4246 de
573 4193 700 4247 manibus
719 4191 838 4248 bostium
857 4192 992 4266 cladium,
1046 4192 1117 4257 reci,
1143 4189 1300 4258 arpuendus
1323 4202 1395 4256 sum,
1415 4203 1465 4243 car
1482 4203 1537 4242 non
1568 4203 1619 4257 per
1633 4203 1675 4242 me
1701 4188 1790 4243 batim

146 4291 174 4342 et
197 4285 282 4342 Golia
309 4282 498 4356 superbissimi
524 4285 610 4350 caput
628 4284 741 4352 proprio
764 4297 893 4339 mucrone
917 4291 995 4340 trun-
1047 4281 1105 4351 ejus
1131 4279 1258 4345 babeant,
1281 4282 1306 4333 et
1324 4279 1451 4345 iacerent
1478 4277 1575 4332 mala?
1598 4276 1690 4331 sinae
1711 4279 1790 4333 crime

147 4390 220 4433 core.
240 4377 345 4445 Leuant
372 4378 402 4428 in
425 4371 633 4427 Deuteronomio
660 4370 784 4426 mulieris
811 4373 926 4443 captiae·
948 4390 994 4429 ra·
1046 4368 1320 4439 arcuaturldiiarius
1339 4367 1487 4433 confessor,
1502 4369 1554 4436 qui
1580 4365 1750 4435 psalmorum
1762 4369 1790 4422 in

146 4465 266 4523 drudam
291 4467 384 4534 capnt,
414 4460 573 4530 supercitia,
602 4474 692 4514 omnes
722 4459 793 4529 pilos
828 4464 854 4516 et
888 4476 993 4530 unques
1047 4460 1178 4514 tationem
1196 4461 1222 4512 et
1245 4456 1374 4511 homelias
1386 4457 1415 4509 in
1429 4454 1478 4510 lab
1495 4469 1529 4509 eu
1556 4453 1633 4510 libris
1649 4455 1708 4524 ejus
1736 4460 1790 4512 mar

145 4557 266 4626 corporis
291 4550 485 4622 amputandae,
511 4553 537 4605 et
563 4549 602 4604 sic
628 4563 687 4603 eam
713 4547 866 4604 babendum
897 4551 991 4620 conju·
1045 4546 1087 4603 sn
1101 4547 1131 4600 in
1150 4546 1231 4616 eulpa
1258 4544 1434 4601 vercellensis
1448 4543 1593 4612 Eusebius,
1616 4545 1665 4610 qui
1678 4545 1790 4600 omniun

58 4672 62 4687 ι
143 4646 189 4710 pio
213 4645 301 4714 (Dent.
325 4656 388 4706 xri,
416 4641 449 4695 16
474 4646 502 4695 et
525 4639 607 4710 serp).
626 4635 699 4705 Quid
713 4653 776 4705 erpo
795 4639 896 4692 mirum
920 4641 946 4694 ei
967 4643 993 4694 et
1006 4667 1030 4722 n
1045 4651 1152 4691 moram
1180 4631 1387 4691 commentarios
1412 4634 1531 4688 heretici
1549 4634 1668 4688 bominis
1686 4637 1771 4689 uertit

145 4747 193 4801 eoo
214 4732 381 4803 sapuntiam
403 4726 562 4784 saecularem
586 4732 703 4797 propter
736 4725 838 4792 eloquii
859 4731 985 4781 uenusta-
1045 4724 1288 4792 strumeloqnium
1309 4724 1371 4779 licet
1385 4722 1744 4791 barelicapraetemnittens.

145 4826 209 4888 tem,
235 4818 416 4876 membrorum
455 4815 699 4887 pulchritudinem,
728 4813 762 4868 de
785 4813 888 4869 aracilla
908 4821 991 4884 atque
1079 4815 1137 4870 lloc
1160 4813 1278 4885 quidem
1300 4818 1327 4868 el
1347 4811 1540 4882 Hieronymus
1554 4811 1695 4868 adversus
1722 4827 1790 4871 eoru

143 4912 253 4982 captiua
273 4907 427 4965 lsraelilam
451 4908 542 4974 facem
560 4906 660 4975 cupio?
687 4903 720 4960 si
739 4901 808 4973 quid
823 4907 854 4958 in
868 4918 900 4959 eo
913 4919 989 4960 mor·
1042 4901 1170 4960 tumulas
1191 4900 1325 4967 reddidit,
1351 4900 1402 4971 qui
1426 4900 1462 4956 ob
1487 4899 1517 4956 id
1535 4899 1692 4957 catholicos
1721 4909 1790 4960 trac*

144 5004 222 5056 tuum
244 5006 294 5065 est,
320 4997 485 5054 idololotria
506 4995 667 5067 uoluptatis,
689 4998 800 5063 morie,
831 4993 987 5061 libidinum,
1042 4989 1292 5061 reprehendendos
1321 4995 1487 5057 autumant,
1508 4989 1586 5060 quod
1602 4989 1663 5046 suis
1690 4991 1790 5063 scripti

141 5090 185 5145 ael
204 5088 326 5160 praeaido
348 5087 392 5143 ael
412 5085 492 5155 rado,
518 5088 545 5140 et
577 5088 675 5141 mistas
698 5084 852 5155 purissimo
879 5097 989 5154 carpor,⁸
1042 5080 1153 5138 delium
1181 5077 1346 5136 testimonia
1376 5077 1421 5134 vel
1454 5077 1531 5134 dicta
1549 5079 1675 5137 inserere
1702 5093 1790 5152 praest

142 5181 300 5236 cumoculos
314 5193 351 5234 ec
374 5192 406 5233 eo
424 5189 521 5245 seuero
535 5176 660 5231 Domino.
680 5173 752 5232 ltem
768 5173 843 5243 (66).·
867 5171 988 5243 Capria·
1042 5167 1128 5242 quasi
1156 5167 1199 5225 eis
1227 5167 1429 5225 auctoritatem
1462 5166 1603 5238 tribuant,
1627 5168 1680 5241 qui
1711 5168 1790 5228 nulla

188 5303 231 5374 66)
246 5302 365 5366 Patron,
378 5309 399 5359 t.
414 5301 515 5372 XXXI,
528 5300 583 5360 cut.
595 5301 657 5369 666,
673 5301 735 5369 666,
747 5297 799 5356 lib.
815 5307 845 5354 n.
1088 5295 1118 5352 il
1149 5293 1268 5362 Patrai,
1285 5292 1369 5378 ibid,
1385 5293 1428 5350 col
1443 5295 1507 5363 667,
1522 5295 1585 5352 666.

189 5374 225 5430 etl
249 5373 367 5443 Petrei,
383 5371 467 5440 ibid,
487 5371 541 5431 col.
560 5373 623 5429 666.
1089 5369 1123 5422 it
1149 5365 1266 5437 Patrai,
1283 5365 1367 5449 ibid„
1385 5365 1439 5423 col.
1453 5367 1517 5434 lii,
1535 5366 1599 5421 bat.

191 5444 225 5497 ib
253 5441 370 5512 Patrol,
385 5439 456 5498 ibid.
1089 5437 1123 5494 ta
1150 5435 1362 5505 Patrol..rb1d.,
1379 5435 1433 5495 col.
1445 5438 1509 5493 666.

181 3511 366 3582 acuumpam
380 3526 467 3567 mores
483 3511 564 3567 bonas
579 3511 812 3579 confabulationes
824 3510 912 3568 maia.
