3804 5962
69 150 139 219 reat
830 161 882 218 stc
901 161 946 216 ur
964 160 1045 217 nort.
1746 159 1816 215 test

66 299 128 346 tum
152 289 233 356 vidit,
258 302 344 359 quem
369 286 565 357 cognoscendo
586 284 732 342 coelestus
754 285 914 342 conlitendo
929 289 953 341 A
969 286 1101 353 ostendit,
1118 294 1151 344 ut
1166 285 1243 357 quod
1267 293 1398 356 percepto
1413 284 1529 352 diceret,
1545 284 1677 355 exemplo
1696 297 1815 355 persua·

67 377 216 448 pertimuit
231 376 346 432 dicens:
373 375 445 441 occid
465 374 542 428 aubis
558 380 583 428 et
608 375 667 441 tibi,
686 376 737 430 Fili
755 373 840 429 liet?
862 377 913 431 Ve—
968 377 1057 432 deret.
1072 377 1161 433 Juxta
1177 375 1267 446 igitur
1286 373 1476 430 humanitatis
1490 380 1625 429 naturam
1643 371 1817 444 Redemptor

67 466 135 516 nisit
149 469 212 517 onte
231 468 336 535 tempos
356 469 479 531 torquere
501 461 573 516 nos?
591 463 699 529 (matti.
724 478 782 528 viu,
798 461 855 533 te.)
881 465 914 517 ln
969 473 1065 521 noster
1089 467 1180 520 Deum
1203 464 1308 532 timuit,
1333 465 1402 534 quia
1426 469 1459 518 ut
1485 462 1644 532 superbum
1667 460 1816 519 bominem

65 551 156 607 oculis
170 553 209 607 ita
231 554 291 607 suis
308 551 393 621 quasi
409 552 494 606 hamo
510 558 613 620 captus
639 559 692 617 est,
709 551 780 622 quia
794 557 821 606 ct
835 551 915 606 novit
968 553 1131 619 redimeret,
1155 559 1277 608 mentem
1295 564 1345 621 pro
1362 550 1408 606 illo
1424 550 1561 607 bumilem
1577 550 1708 619 sumpsit.
1724 550 1814 605 Domi·
1873 560 1877 569 ·

67 647 94 695 ει
119 640 291 706 momordit;
313 648 341 695 ει
372 639 506 710 cognovit
534 639 704 708 priusquam
730 639 915 708 pertimesco·
968 643 1059 695 ausin
1084 639 1463 708 Eocnqettothnitentiam
1486 638 1581 709 agite;
1599 636 1814 708 appropinqua·

67 735 120 793 ret,
140 737 168 784 et
195 736 289 784 tamen
316 736 378 797 post
405 741 462 782 non
486 727 593 789 timuit,
612 741 677 783 oum
703 728 732 782 in
759 727 806 783 illo
830 726 914 798 quasi
968 729 1010 784 vit
1026 729 1101 786 enim
1116 743 1239 799 regnum
1262 727 1414 783 coelorum.
1435 728 1521 781 Item:
1540 725 1633 782 Nolite
1648 725 1750 782 timere
1769 740 1817 784 eos

65 830 160 871 escam
196 816 354 886 propriam,
386 823 506 871 mortem
531 815 628 869 carnis
660 815 792 871 esuriret.
829 817 913 870 item:
970 817 1021 884 qui
1046 831 1151 887 corpus
1172 816 1317 882 occidunt,
1343 815 1583 871 animamautem
1614 827 1671 870 nou
1694 820 1815 882 possunt

67 905 200 970 anaqam
222 905 360 959 illudesei
385 908 463 973 quast
489 901 561 956 coi?
583 903 642 968 (tob
672 917 712 969 xi,
740 903 796 973 at.)
825 902 916 967 Quasi
968 905 1103 962 occidere.
1135 905 1187 960 Sed
1218 905 1312 960 timeto
1340 918 1407 959 enm
1432 903 1484 974 qui
1515 909 1606 973 potest
1633 901 1762 959 animam
1788 907 1817 959 ot

66 993 236 1061 aviquippe
257 991 396 1046 liorninus
412 990 511 1058 illusit,
528 991 597 1046 dum
613 990 639 1047 ei
656 991 684 1046 in
701 990 833 1060 passione
849 990 914 1047 uni·
968 1008 1073 1063 corpus
1099 993 1210 1049 mittero
1234 993 1263 1047 in
1294 992 1465 1061 gebennam.
1496 991 1706 1059 Cbrpsostomus
1734 1005 1818 1061 super

67 1080 157 1149 geniti
183 1079 244 1134 Filii
269 1081 392 1134 ostendit
408 1093 513 1145 escam,
529 1079 577 1134 sed
594 1081 731 1149 laqueum
753 1077 912 1134 abscondit.
969 1082 1128 1137 ilctttaeam
1152 1082 1234 1152 (xxti,
1258 1080 1322 1151 til:
1348 1081 1491 1148 diripietur,
1513 1079 1582 1149 qaid
1600 1078 1817 1135 estmandotatm

68 1168 146 1222 Vidit
169 1168 245 1224 enim
267 1168 342 1237 quod
356 1180 405 1222 ore
418 1167 583 1236 perciperet,
600 1167 650 1222 sed
671 1181 730 1223 non
750 1166 823 1222 vidit
838 1165 915 1237 quod
968 1186 1098 1240 mappam
1124 1171 1251 1237 intepet
1275 1169 1378 1236 Dtiiqes
1405 1170 1549 1223 Dominum
1571 1170 1654 1222 licam
1679 1173 1766 1236 mum,
1781 1183 1816 1224 ea

67 1264 185 1325 gutture
203 1263 321 1311 teneret.
343 1255 414 1311 Nam
441 1254 578 1325 quamvis
592 1269 658 1310 eum
676 1255 842 1311 Filiumliei
857 1255 915 1310 lue·
970 1263 1025 1313 toto
1045 1259 1124 1314 corde
1139 1263 1207 1320 tuo,·
1230 1256 1342 1327 diliges,
1367 1255 1480 1326 inquit;
1502 1269 1559 1311 uon
1576 1253 1670 1326 [dicit]
1689 1254 1814 1322 timebis,

67 1344 284 1409 ratconiessus,
307 1342 386 1399 velut
409 1357 516 1412 purum
541 1349 635 1399 tamen
660 1342 741 1398 illum
767 1343 914 1399 homiuem
968 1347 1079 1404 dicente
1115 1347 1224 1402 loanne
1256 1345 1277 1416 (l
1303 1348 1383 1399 toan.
1411 1359 1451 1410 rv,
1483 1342 1687 1415 l8):Persecta
1708 1342 1816 1399 ditectio

68 1434 139 1488 mori
155 1432 284 1498 credidit,
309 1433 344 1487 ad
372 1432 457 1502 cuius
480 1439 598 1486 mortem
626 1432 792 1487 ludaeorum
820 1443 913 1501 perse·
968 1440 1044 1506 (oras
1058 1437 1145 1490 mittit
1160 1436 1292 1488 timorem.
1317 1434 1412 1488 Donco
1430 1431 1507 1488 enim
1523 1432 1608 1488 bomo
1622 1432 1702 1487 timet
1713 1430 1816 1501 ileum,

67 1520 220 1589 quentium
237 1522 348 1574 animos
371 1518 536 1574 concitavit.
554 1517 606 1574 Sed
623 1519 652 1574 in
676 1518 737 1588 ipso
751 1518 915 1575 traditionis
931 1553 951 1607 B
968 1539 1027 1584 non
1050 1537 1117 1580 eum
1137 1522 1240 1594 diligit,
1264 1523 1375 1577 Timere
1398 1521 1474 1576 enim
1499 1533 1649 1577 servorum
1671 1527 1724 1590 est,
1746 1518 1815 1576 (1115.

65 1609 131 1671 eius
157 1614 283 1678 temporo
321 1606 402 1663 tarde
432 1608 493 1676 jam
528 1606 696 1678 cognovisse
730 1605 911 1678 intelligitur,

67 1696 146 1766 qnod
162 1696 221 1766 ipse
237 1696 285 1751 illa
309 1695 372 1766 cius
393 1703 484 1752 morte
500 1700 663 1765 puniretur.
689 1694 767 1751 Unde
785 1702 814 1751 et
832 1695 913 1751 Pilati

67 1785 238 1858 conjugium
260 1784 380 1840 somniis
396 1784 508 1851 terruit,
525 1787 557 1839 ut
571 1783 619 1839 vir
638 1783 717 1839 illius
731 1796 748 1838 a
762 1784 836 1840 lusti
852 1797 914 1853 per·

66 1873 213 1929 secutione
246 1878 378 1928 cessaret.
404 1871 458 1927 Soti
488 1872 672 1927 resinterna
700 1871 914 1941 dispensatione

67 1961 205 2030 disposita
215 1960 297 2017 nulla
309 1957 400 2016 voluit
415 1959 626 2016 machinatione
641 1959 793 2031 refragari.

424 2065 559 2120 LXXVlll.

69 2154 149 2222 Quod
183 2155 309 2213 cbristus
337 2154 611 2278 seruilemttimorcm
635 2153 913 2220 babuisseoideotitr,

451 2241 464 2279 e
490 2241 553 2279 non.

104 2315 277 2382 Aupastimts
302 2313 335 2369 dc
361 2329 480 2369 sermone
510 2315 617 2368 bomini
641 2314 672 2368 in
697 2317 804 2368 monte:
836 2311 914 2370 Beati

68 2416 210 2474 pauperes
226 2404 340 2473 spiritu,
357 2403 385 2458 id
405 2410 519 2459 estnon
545 2402 648 2467 intlati,
667 2402 737 2458 dum
757 2415 787 2458 se
808 2401 914 2458 divinae

70 2492 236 2548 auctoritati
265 2491 362 2548 subdit
378 2490 475 2547 anima
502 2491 606 2546 timeus
630 2491 790 2561 posthanc
813 2489 914 2558 vitam,

70 2594 106 2635 ne
121 2586 220 2650 pergat
235 2579 270 2635 ad
297 2593 406 2649 pumat,
428 2579 540 2635 etiamsi
559 2578 630 2635 lorte
652 2579 681 2633 in
707 2579 761 2634 bac
774 2578 835 2634 vita
858 2578 915 2634 sibl

68 2668 226 2723 beataesse
240 2667 385 2722 rideatur.
406 2668 494 2721 Item:
512 2665 633 2722 Videtur
655 2680 723 2737 crgo
745 2665 815 2722 mibi
829 2665 915 2735 septi·

69 2755 170 2813 iormis
192 2755 320 2825 operatio
352 2754 475 2825 Spiritus
507 2753 611 2820 sancti,
631 2754 666 2810 de
690 2767 749 2824 qua
774 2761 802 2810 et
825 2754 914 2810 isaias

971 1627 1038 1686 gere
1067 1619 1163 1669 autem
1198 1609 1343 1677 illiorum3
1373 1609 1459 1665 timor
1484 1608 1539 1666 sub
1572 1608 1815 1678 necessitatem,

970 1702 1083 1759 dilectio
1112 1701 1142 1756 in
1171 1698 1314 1761 libertate.
1348 1697 1402 1763 Qui
1429 1698 1459 1754 iu
1496 1697 1597 1755 timore
1630 1697 1719 1754 servit
1746 1698 1816 1764 Deo,

969 1804 1083 1862 pmuam
1110 1788 1228 1860 quidem
1251 1785 1357 1854 evadit,
1382 1785 1541 1843 mercedem
1573 1792 1671 1842 autem
1697 1784 1817 1857 iustitiae

969 1894 1027 1935 nou
1043 1877 1140 1947 babet,
1165 1877 1236 1948 quia
1260 1875 1369 1932 invitus
1383 1875 1450 1932 lacit
1470 1874 1578 1932 bonum
1602 1880 1720 1945 propter
1736 1873 1817 1931 timo·

969 1980 1040 2024 rem.
1056 1966 1119 2025 Non
1134 1965 1197 2022 vult
1212 1979 1280 2037 ergo
1296 1965 1382 2030 Deus,
1399 1971 1431 2020 ut
1446 1963 1582 2020 timeatur
1596 1963 1632 2019 ab
1649 1961 1817 2020 bominibus

970 2055 1054 2127 quasi
1081 2055 1231 2121 Dominus,
1259 2053 1307 2109 sed
1323 2057 1355 2108 ut
1384 2051 1523 2122 diligatur
1550 2051 1634 2121 quasi
1653 2049 1747 2119 Pater,
1764 2048 1817 2122 qul

970 2143 1131 2214 adoptionis
1146 2141 1281 2212 spiritum
1305 2140 1392 2196 donat
1407 2138 1584 2197 bominibus.
1601 2137 1675 2205 Quid
1690 2145 1733 2196 est
1748 2136 1818 2195 dili-

970 2246 1037 2304 gere
1059 2233 1153 2288 Deum
1167 2245 1203 2287 ex
1226 2229 1408 2287 totocorde?
1424 2229 1458 2285 Ut
1482 2236 1630 2286 cortuum
1646 2229 1755 2286 nonsit
1773 2226 1818 2284 ln·

970 2319 1109 2377 clinatum
1137 2320 1172 2377 ad
1194 2319 1284 2377 ullius
1299 2317 1341 2375 rei
1364 2317 1545 2375 dilectionem
1561 2316 1654 2389 magis
1669 2329 1758 2387 quam
1780 2314 1818 2372 ad

970 2409 1033 2467 Dei.
1066 2407 1213 2475 Quomodo
1234 2407 1417 2479 cognoscitur
1447 2405 1547 2463 uxoris
1568 2405 1654 2476 plena
1678 2401 1820 2462 dilectio?

971 2499 1051 2555 Uxor
1076 2497 1221 2554 neminem
1259 2496 1342 2553 debet
1370 2494 1570 2564 sapientiorem
1597 2501 1701 2565 putare
1726 2503 1818 2564 quam

969 2587 1068 2643 virum
1098 2599 1195 2651 suum,
1220 2584 1274 2642 etsi
1296 2584 1331 2641 sit
1364 2584 1435 2640 alter
1461 2582 1638 2654 sapientior;
1671 2580 1833 2639 nemiuem-

971 2675 1128 2751 fortiorem,
1159 2674 1211 2730 etsi
1237 2672 1272 2730 sit
1295 2672 1368 2729 alter
1395 2671 1514 2738 tortior3
1545 2670 1691 2727 nominem
1714 2669 1820 2726 tormo-

973 2764 1088 2830 siorem,
1125 2762 1177 2820 etsi
1192 2761 1228 2818 sit
1252 2761 1324 2817 alter
1349 2759 1511 2816 formosior.
1540 2758 1701 2815 Perfectum
1720 2757 1820 2815 odium

69 2843 202 2914 loquitur
217 2844 261 2899 bis
275 2843 414 2914 gradibus
433 2856 603 2914 congruere.
625 2842 678 2898 Sed
702 2843 819 2899 interest
834 2843 916 2898 ordi·
971 2859 999 2907 et
1014 2850 1156 2922 perfectus
1183 2864 1264 2906 amor
1288 2848 1434 2921 judicium
1460 2859 1558 2904 rerum
1582 2859 1641 2902 nou
1661 2843 1819 2918 cognoscit.

68 2933 134 3002 nis3
157 2945 225 2989 nam
250 2931 289 2988 ibi
309 2931 487 2988 enumeratio
509 2931 545 2987 ab
560 2930 813 2988 excellentioribus
829 2930 917 2987 rebus

67 3022 164 3091 erepit,
186 3019 235 3076 bic
257 3034 325 3076 vero
351 3020 387 3076 ab
412 3019 608 3075 inferioribus.
633 3019 717 3073 item:
737 3017 855 3074 initium
871 3030 913 3073 sa·

70 3109 187 3179 pientiae
223 3115 265 3164 est
300 3109 386 3164 timor
413 3108 536 3163 Domini.
568 3109 653 3161 ltem:
679 3106 776 3162 Pimor
804 3105 916 3162 bomini

69 3197 207 3268 congruit
230 3196 399 3263 humilibus,
415 3196 449 3253 de
465 3196 572 3266 quibus
597 3195 704 3251 dicitur
719 3194 791 3249 beuti
806 3209 916 3264 paupe-

69 3301 112 3341 res
132 3287 244 3354 spirita,
269 3285 296 3341 id
321 3291 363 3341 est
393 3298 451 3340 non
476 3284 604 3353 superbi,
630 3283 739 3352 quibus
766 3281 917 3352 Apostolus

69 3374 132 3430 ait:
147 3374 211 3429 Noli
234 3374 321 3428 ultum
349 3388 453 3441 sopore,
477 3372 524 3426 scd
547 3373 612 3427 time
634 3372 720 3439 (Rom.
744 3383 785 3437 xr,
809 3371 866 3440 20),
889 3370 917 3426 id

68 3471 110 3520 est
125 3462 185 3518 noli
199 3461 307 3517 extolli.
333 3461 406 3515 ldcm
424 3463 454 3514 ia
465 3461 534 3515 libro
556 3463 593 3515 lie
606 3462 701 3527 qratia
720 3465 746 3513 et
761 3460 843 3515 libero
870 3474 914 3514 or-

69 3552 170 3606 dttrio:
191 3565 225 3607 ne
247 3550 423 3606 arbitremur
444 3563 496 3604 nos
523 3563 581 3604 non
613 3548 755 3618 accepisse
782 3548 916 3619 spiritum

69 3639 182 3696 timoris
206 3639 330 3705 Donrini,
356 3637 433 3708 quod
456 3638 517 3693 sine
539 3637 627 3693 dubio
651 3650 788 3707 magnum
809 3642 851 3691 εει
866 3632 917 3690 liei

68 3728 190 3793 donum,
210 3728 245 3783 de
267 3741 326 3797 quo
341 3726 411 3781 dicit
425 3726 514 3782 lsaias
528 3725 577 3796 (xi,
593 3725 641 3796 tl:
658 3725 819 3795 Requiescet
838 3737 919 3794 saper

67 3833 129 3872 earn
158 3818 272 3885 spiritus
306 3814 459 3886 sapientiae,
491 3820 544 3869 etc.
570 3812 695 3883 Spiritus
722 3811 835 3869 timoris
863 3812 918 3866 lio·

972 2941 1101 3010 Utputa,
1125 2938 1150 2995 si
1175 2937 1298 3009 perlecto
1325 2937 1405 2994 odias
1431 2934 1570 3005 aliquem,
1600 2933 1820 3006 qualiacunque

971 3028 1078 3086 iueriut
1102 3027 1180 3097 apud
1205 3026 1298 3091 illum,
1313 3024 1411 3082 omnia
1425 3022 1478 3080 tibi
1500 3022 1661 3094 displicent,
1676 3021 1738 3078 sive
1753 3034 1820 3092 quae

970 3115 1049 3183 dicit,
1079 3114 1139 3170 sire
1167 3126 1233 3185 qua
1258 3112 1329 3184 agit.
1361 3110 1408 3167 Sic
1432 3109 1507 3166 etsi
1543 3107 1667 3180 perlecto
1691 3105 1820 3180 aliquem

971 3216 1061 3267 amas,
1074 3215 1258 3273 quaecunque
1269 3201 1327 3256 siut
1344 3197 1421 3270 apud
1436 3211 1514 3260 cum,
1535 3196 1588 3253 tibi
1602 3196 1727 3266 placent.
1743 3195 1821 3267 Ergo

972 3299 999 3348 et
1014 3304 1198 3363 quacunque
1209 3289 1314 3346 mulier
1328 3287 1430 3344 videns
1442 3285 1571 3358 aliquem
1585 3283 1711 3342 dixerit:
1728 3295 1819 3355 quam

971 3381 1086 3451 sapiens
1111 3379 1166 3447 vir,
1205 3380 1318 3433 utinam
1360 3375 1406 3432 vir
1434 3389 1516 3431 meus
1543 3372 1610 3431 talis
1643 3371 1732 3430 csseti
1758 3371 1820 3444 iam

972 3482 1053 3527 amor
1068 3466 1133 3538 eius
1155 3465 1252 3523 minus
1277 3464 1363 3520 babet
1387 3462 1498 3534 aliquid
1513 3463 1549 3519 de
1571 3461 1696 3533 perlecto
1709 3473 1819 3519 amoro.

973 3557 1019 3615 Sic
1042 3553 1185 3617 etanima
1215 3553 1389 3620 Christiana,
1416 3565 1483 3623 quae
1509 3563 1614 3621 sponsa
1641 3557 1683 3607 est
1701 3546 1819 3617 christi,

972 3645 1012 3701 ita
1027 3643 1109 3699 debet
1124 3642 1241 3715 diligero
1261 3642 1352 3697 Deam
1368 3646 1401 3696 ut
1414 3638 1487 3696 nibil
1503 3637 1657 3695 inmundo
1674 3636 1721 3705 sit,
1740 3634 1820 3709 quod

972 3732 1098 3803 amplius
1120 3737 1196 3786 amet
1218 3742 1308 3800 quam
1332 3740 1410 3785 eum.
1425 3727 1479 3783 Pro
1501 3731 1613 3798 quanta
1627 3733 1723 3783 antem
1739 3732 1821 3795 parto

972 3821 1040 3896 plus
1064 3818 1175 3890 aliquid
1196 3817 1347 3884 amaverit,
1370 3829 1422 3887 pro
1441 3821 1521 3871 tauta
1535 3821 1616 3885 parte
1630 3813 1729 3869 minus
1743 3814 1823 3869 amal

68 3904 154 3970 mini,
178 3904 213 3960 (¹⁰
240 3918 299 3974 quo
326 3903 395 3959 dicit
423 3903 554 3959 Chilslsss
582 3901 658 3972 (tue.
694 3915 746 3969 ΧΗ,
776 3901 824 3969 ὅιῖ
848 3901 919 3956 Eum
972 3909 1075 3967 Deum.
1089 3906 1164 3974 Quid
1178 3906 1260 3963 estin
1276 3912 1333 3961 toto
1348 3903 1442 3972 corde,
1457 3902 1556 3959 anima
1570 3896 1822 3973 diligereiieumi

70 3997 174 4058 dmm,
212 3996 259 4061 tui
301 3992 381 4047 tabet
418 3995 581 4060 mitialem
616 4005 714 4059 corint
743 3993 768 4044 ti
798 3991 919 4043 adimam
975 3996 1170 4054 certissimum
1197 3994 1328 4050 animum
1343 3993 1449 4050 babere
1465 3991 1495 4047 iu
1511 3988 1641 4058 veritate,
1658 3995 1685 4046 et
1704 3987 1823 4045 firmum

68 4081 186 4153 perdere
216 4085 247 4135 ¹7²
273 4081 430 4148 deliniam·
453 4082 634 4148 Hieronymus
664 4081 702 4132 De
731 4077 919 4133 mammutius
974 4085 1085 4144 iulide.
1113 4084 1196 4140 illius
1218 4089 1262 4139 est
1287 4094 1368 4138 amor
1381 4080 1486 4145 cordis,
1512 4078 1588 4136 alius
1601 4077 1715 4135 animae.
1734 4077 1824 4134 llmor

69 4173 193 4239 priorum
217 4169 320 4223 1⁸?an
350 4167 412 4224 Noli
437 4169 524 4223 ⁰le
549 4183 656 4237 sapere,
680 4165 729 4221 sed
752 4167 815 4220 time
835 4168 919 4220 Deum
974 4173 1069 4232 cordis
1093 4170 1304 4244 quodammodo
1330 4168 1456 4226 carnalis
1470 4174 1521 4236 est,
1543 4174 1576 4223 ut
1605 4165 1693 4223 etiam
1719 4175 1823 4221 carna·

71 4259 161 4329 (Mm-
189 4273 228 4321 ¹¹·
258 4256 314 4327 ab).
339 4260 411 4312 beas
440 4258 511 4311 mim
547 4257 671 4325 superb&
694 4255 808 4320 resistit.
837 4252 924 4308 dumi·
977 4263 1042 4320 liter
1064 4262 1154 4318 Deum
1181 4273 1322 4316 amemus.
1339 4261 1423 4314 itera:
1442 4259 1474 4316 Si
1493 4258 1553 4313 ticet
1573 4256 1824 4322 dominicacurte,

71 4349 144 4404 titas
169 4352 260 4402 cutem
284 4347 333 4400 dot
352 4344 510 4415 qratiam(l
537 4347 606 4401 Petr.
632 4360 660 4414 v,
688 4345 751 4415 l5);
772 4343 924 4408 el:0uite
977 4358 1030 4408 etc.
1059 4349 1152 4422 (uolt.
1177 4362 1240 4417 nx,
1263 4346 1302 4419 3.)
1331 4346 1400 4403 Viro
1432 4352 1510 4402 casto
1539 4355 1724 4415 quaeounque
1746 4353 1825 4399 uxot·

70 4437 189 4502 williel,
219 4436 312 4490 videi!
342 4435 477 4489 necabat
505 4432 527 4505 (¹
555 4434 615 4489 0⁰r·
645 4448 674 4501 Χ,
702 4432 757 4505 li).
793 4433 923 4488 P⁰i⁶²²²e⁸
977 4439 1052 4496 bona
1067 4437 1192 4504 videtur,
1217 4435 1288 4507 quia
1303 4429 1429 4505 perlecta
1444 4433 1570 4490 charitas
1595 4431 1666 4488 vitia
1684 4442 1824 4488 consen·

67 4528 199 4597 potenter
209 4527 354 4595 potientur
379 4528 513 4578 tormento
534 4523 610 4591 (Sap.
627 4536 666 4589 vr,
690 4522 727 4592 t).
748 4522 845 4578 'l'iruor
864 4519 922 4576 vir·
977 4527 1020 4584 tit.
1035 4526 1111 4582 Beda
1125 4539 1208 4595 super
1226 4523 1394 4593 parabolus:
1421 4525 1514 4578 Timor
1533 4521 1643 4577 bomini
1654 4519 1827 4591 principiam

72 4620 169 4670 tutum
193 4619 361 4677 custosest;
378 4611 516 4667 securitas
537 4610 700 4680 adlapsam
721 4608 821 4665 lacilis.
844 4608 924 4665 Unde
977 4615 1120 4684 sapientia
1149 4615 1238 4680 (Pace.
1255 4628 1274 4678 r,
1294 4611 1333 4684 7).
1365 4612 1427 4668 buo
1454 4617 1523 4667 sunt
1550 4609 1668 4667 timores
1676 4621 1685 4678 ;
1714 4605 1828 4677 primm

70 4709 99 4758 ει
116 4701 146 4757 iu
162 4700 275 4756 Psalmo
302 4699 394 4772 (xxm,
410 4699 449 4769 l),
467 4707 618 4770 postquam
642 4698 773 4754 Salvator
793 4697 921 4753 dixerat:
978 4700 1101 4765 servilis,
1114 4699 1165 4769 qui
1182 4698 1358 4769 principium
1381 4697 1508 4754 scientiae
1522 4695 1568 4753 rel
1583 4693 1732 4766 sapientie
1744 4705 1829 4751 voca-

71 4792 206 4846 D⁰mfst¹²³
230 4791 301 4858 repit
315 4805 367 4852 me,
383 4795 451 4853 etc,
474 4788 571 4858 jungit
595 4787 735 4853 nimrim,
757 4785 809 4856 qui
828 4792 924 4841 ⁰11810⁵
977 4797 1045 4859 tur;
1062 4786 1208 4844 secundus
1232 4785 1372 4855 amicalis,
1395 4785 1445 4856 qui
1462 4783 1666 4856 perlectionem
1683 4777 1830 4852 sapientie

71 4885 117 4936 est
147 4878 344 4946 beatitudinis,
371 4884 398 4933 et
435 4876 535 4931 inlert:
570 4877 656 4943 Virpc
686 4880 733 4928 tuo
760 4877 786 4928 et
813 4873 924 4928 buculae
976 4877 1140 4933 comitatur.
1157 4875 1255 4931 Timor
1275 4874 1387 4930 servilis
1407 4874 1585 4945 principium
1601 4877 1643 4928 est
1663 4867 1828 4940 sapiontim3

73 4972 140 5023 tam
164 4970 227 5037 ipsa
254 4984 299 5022 me
325 4967 466 5023 consolato
489 4966 564 5019 sarit.
588 4964 622 5018 Ει
649 4971 690 5019 εει
714 4976 836 5019 sensus:
853 4961 923 5018 dum
977 4965 1026 5022 sed
1042 4966 1120 5021 buno
1135 4963 1267 5020 timorem
1284 4962 1410 5033 perlecta
1429 4961 1543 5019 dilectio
1558 4959 1635 5018 loras
1647 4957 1743 5016 mittit.
1759 4955 1829 5015 Suc-

73 5062 219 5114 tormeuta
244 5054 375 5122 lormido,
404 5052 519 5109 servavi
544 5052 678 5122 qratiam,
695 5065 784 5121 quam
808 5062 922 5120 aceepe·
978 5053 1054 5110 cedit
1078 5060 1174 5109 autem
1199 5051 1285 5109 timor
1313 5051 1426 5108 Domini
1449 5058 1578 5117 sanetus,
1595 5059 1769 5120 permaneus
1796 5044 1828 5102 in

75 5159 151 5202 ram.
183 5144 330 5212 crepemus
351 5145 382 5197 ia
398 5139 669 5206 deracionatum
702 5141 809 5195 Pimeas
838 5143 924 5195 iteam
980 5140 1120 5197 saeculum
1134 5139 1244 5206 seculi,
1260 5153 1347 5211 quem
1362 5153 1421 5196 uon
1434 5137 1574 5206 excludit,
1589 5136 1638 5193 sed
1658 5138 1745 5207 auget
1759 5132 1828 5190 cba-

75 5239 102 5289 et
117 5232 275 5288 recedenso
297 5232 378 5286 mato.
402 5229 547 5300 Scriptum
571 5230 615 5284 est
628 5228 663 5284 de
675 5226 724 5285 illo
736 5243 743 5282 :
754 5230 791 5283 itt
809 5227 925 5298 repleuit
978 5229 1060 5286 ritas.
1079 5229 1141 5298 lpse
1154 5234 1196 5284 est
1220 5241 1280 5299 quo
1297 5229 1376 5284 timet
1391 5226 1468 5284 lilius
1489 5227 1594 5288 bonus,
1615 5238 1652 5281 ne
1666 5221 1712 5281 vel
1727 5222 1757 5280 iu
1771 5235 1830 5280 me·

74 5338 138 5380 eum
163 5323 279 5391 spiritus
303 5322 407 5376 timoris
431 5319 548 5374 Domini.
578 5318 751 5374 incarnatus
779 5316 857 5374 enim
873 5316 925 5374 Do·
977 5316 1042 5374 dico
1069 5315 1168 5373 oculos
1200 5315 1391 5372 amantissimi
1420 5314 1510 5387 patris
1539 5312 1676 5372 olioudat.
1704 5311 1832 5384 Uterque

73 5411 177 5472 miuus
201 5410 231 5465 iu
259 5408 409 5479 semetipso
434 5421 518 5465 omne
547 5405 625 5478 quod
653 5404 737 5463 nobis
761 5403 923 5475 inspiravit,
977 5412 1075 5463 autem
1105 5405 1191 5462 timor
1220 5404 1251 5460 in
1277 5403 1377 5461 tuturo
1402 5404 1506 5462 seculo
1531 5401 1673 5476 cessabit3
1692 5400 1831 5460 ebaritas
