3804 5962
1380 26 1793 58 ἡ

752 176 865 234 SERMO
884 178 964 234 XXX.
1683 187 1735 241 566

79 303 130 367 tat,
155 299 183 355 et
200 312 249 356 eos
273 297 328 356 sibi
342 297 475 356 inimicos
496 299 605 368 iecisse,
628 314 702 372 qnos
722 301 869 360 amicosh
885 302 1000 373 pararit
1014 301 1164 373 elemento,
1189 303 1264 361 sicut
1293 303 1371 361 illam
1388 303 1597 377 benignitatem
1623 307 1736 366 calidis·

102 401 293 458 comparasse.
325 388 552 445 Attenditetiam
576 390 830 447 scarillicatioue
885 392 968 449 simo.
997 392 1089 464 liujus
1112 393 1210 463 itaque
1236 392 1423 465 benignitatis
1445 393 1578 451 ellectum
1598 397 1734 466 pauperi·

79 477 187 534 endum
208 492 279 546 esse,
304 491 372 533 cnm
394 477 458 546 ejus
481 480 621 534 rationem
635 480 755 536 homine
771 494 829 536 uon
884 480 940 537 bns
966 482 1147 546 exhibentes,
1176 495 1193 537 a
1216 496 1307 553 regno
1322 482 1429 539 diaboli
1458 483 1628 552 recedimus,
1650 492 1678 541 et
1704 485 1733 542 in

79 573 102 623 tt
125 566 255 635 reddere,
280 566 352 637 quia
376 567 430 622 hoc
457 566 552 635 ipsum
568 575 610 624 est
623 568 827 625 villicationem
882 583 1007 640 regnum
1045 570 1150 627 Christi
1186 571 1398 628 transferimur.
1434 571 1514 629 Sicut
1537 573 1573 628 ab
1597 574 1734 644 aquilone

79 670 119 725 re,
144 654 272 711 lrnctnm
301 655 336 711 de
352 654 602 712 administratione
621 671 718 713 rerum
741 665 828 713 terre·
882 658 1027 729 pandetur
1051 659 1173 728 malum,
1199 660 1240 715 ita
1265 661 1341 716 Deus
1363 661 1399 716 ab
1423 669 1522 717 austro
1534 662 1640 718 reniet.
1663 664 1733 719 lndc

79 761 84 800 t
107 746 185 816 apud
208 746 298 801 licum
323 759 381 801 non
404 744 543 800 obtinere.
560 746 648 809 Quem
669 752 748 802 tanto
767 759 827 801 am·
881 746 961 802 enim
974 746 1074 804 venire
1087 747 1214 820 quisque
1231 748 1326 813 hebet,
1344 749 1394 805 nbi
1410 747 1564 805 inhabitat.
1584 751 1616 805 Et
1631 749 1732 807 diabo-

79 834 216 906 uuisqne-
227 834 310 890 debet
326 835 435 900 timere,
461 834 534 890 etde
548 835 693 890 reddenda
715 836 826 891 ratione
881 832 935 901 lns,
952 836 1004 905 qui
1020 836 1163 893 malornm
1186 845 1267 893 actor
1280 845 1333 900 est,
1350 852 1378 892 tn
1396 837 1507 908 trigidis
1518 830 1629 893 habitat
1650 852 1729 895 men·

79 924 124 979 ior
147 937 219 989 esse,
243 931 353 994 quanto
375 922 430 979 sibi
454 922 491 977 ab
513 936 546 978 eo
570 923 656 993 plura
687 936 824 995 recogno·
878 922 967 992 tibus,
995 939 1061 995 qua
1090 939 1141 995 per
1167 925 1343 996 aquilonem,
1356 925 1577 997 frigidissimum
1595 934 1727 994 ventum,

79 1012 203 1068 immissa
226 1011 390 1067 essedum
414 1011 491 1066 enim
507 1019 653 1083 augentur
670 1011 756 1079 dena,
772 1012 823 1069 ra·
878 1008 1096 1083 intelliguntur;
1124 1021 1153 1069 et
1176 1016 1250 1069 heus
1274 1014 1302 1069 in
1333 1014 1379 1070 his
1398 1029 1465 1085 quae
1490 1014 1639 1071 charitatis
1662 1016 1729 1086 igno

93 1100 180 1156 etiam
203 1106 335 1156 crescunt
363 1100 516 1155 donorum.
541 1099 623 1166 Quod
643 1100 759 1171 quidem
781 1108 823 1158 at·
876 1107 945 1156 sunt
973 1115 1127 1166 succensae,
1146 1115 1221 1174 quas
1239 1103 1312 1159 hene
1326 1112 1435 1171 auster,
1455 1103 1508 1175 qni
1535 1102 1728 1161 calidissimus

79 1202 94 1245 s
115 1187 230 1244 villicus
250 1187 389 1258 providus
412 1195 440 1244 et
467 1189 605 1257 prudens,
623 1200 710 1258 qnem
728 1189 821 1245 domi·
876 1195 928 1254 est,
940 1189 1083 1261 designat.

81 1293 117 1335 ns
136 1279 238 1334 multis
266 1277 442 1348 pratemrat,
464 1285 607 1347 praeparat
631 1278 685 1336 sibi
702 1279 820 1346 amicos,
911 1277 952 1332 hd
963 1278 1016 1334 has
1028 1280 1083 1336 sibi
1099 1287 1207 1336 mentes
1219 1279 1363 1351 parandas
1383 1280 1442 1352 ipse
1458 1281 1487 1337 in
1501 1281 1626 1338 canticis
1642 1296 1728 1352 spon·

82 1368 231 1425 adomino
254 1367 405 1422 exclusum
433 1366 585 1435 recipiant.
612 1369 636 1423 Α
659 1367 821 1424 Dominose
875 1380 926 1422 sus
958 1367 1043 1424 dicit:
1075 1369 1171 1437 Surge,
1200 1371 1303 1439 aquic,
1333 1375 1359 1424 et
1387 1371 1449 1426 ceni
1472 1374 1566 1426 caster
1588 1377 1615 1426 et
1640 1374 1727 1443 perfla

79 1457 185 1513 endum
210 1455 332 1525 indicat,
355 1469 421 1510 cum
445 1455 475 1510 in
505 1469 534 1510 se
563 1469 619 1510 non
641 1458 833 1527 recognoscit,
876 1455 985 1510 bertum
1010 1472 1098 1512 meum
1139 1462 1163 1512 et
1190 1460 1278 1523 ιιιιαηι
1306 1464 1432 1514 cremata
1459 1461 1536 1514 illics
1559 1459 1649 1532 (cont.
1681 1476 1724 1528 tv,

79 1545 253 1614 teoplaccat,
286 1544 435 1599 attendens
454 1557 542 1613 quam
559 1544 685 1600 terribile
700 1543 770 1614 quid
786 1544 820 1600 de
879 1542 931 1613 lb).
961 1545 1066 1600 llcrtus
1090 1545 1198 1601 domini
1222 1554 1322 1603 sancta
1345 1555 1387 1604 est
1411 1547 1549 1612 Ecclesia,
1576 1561 1754 1617 gnomen·

87 1634 227 1689 Dominus
254 1632 321 1687 alibi
351 1632 441 1687 dicat:
468 1633 588 1687 Facilius
622 1637 662 1686 est
690 1634 821 1687 camelum
875 1631 942 1687 colit
956 1639 984 1688 et
1014 1633 1115 1704 irrigat
1129 1634 1268 1690 doctrinis
1287 1641 1315 1691 et
1333 1634 1588 1692 exhortationibus
1607 1637 1722 1692 sanctis.

101 1723 293 1791 perforamen
312 1736 387 1786 crus,
418 1737 502 1790 quom
531 1721 689 1776 dicitemin
704 1737 818 1791 reguum
875 1719 926 1775 Hic
946 1721 1047 1778 hortus
1067 1723 1223 1799 babelduc
1238 1729 1379 1792 aromata,
1404 1723 1432 1780 td
1456 1731 1499 1780 cst
1523 1723 1728 1794 pretiosasauss

79 1811 223 1882 alitattb.
244 1824 305 1876 xix,
325 1811 383 1879 al).
407 1810 442 1866 Ut
466 1824 534 1880 ergo
557 1810 614 1865 illic
640 1810 820 1880 peralicsin·
874 1809 912 1864 cti
939 1809 1064 1880 Spiritus
1088 1819 1248 1882 unguenta,
1270 1827 1397 1882 qnorum
1413 1812 1616 1879 alterolienm,
1633 1811 1722 1870 altero

92 1899 200 1956 amicos
220 1899 273 1954 sibi
301 1898 364 1953 illos
388 1901 545 1967 comparet,
569 1913 694 1968 qnorum
720 1900 817 1969 ipsum
873 1899 1040 1967 proximum
1069 1900 1154 1970 quasi
1184 1915 1293 1972 ungere
1321 1901 1439 1969 dicitur,
1456 1901 1662 1970 Deividclicet,
1688 1915 1723 1957 ac

79 2003 155 2048 num.
177 1988 239 2056 ipsa
257 1987 381 2043 veritate
403 1988 444 2042 sic
467 1991 634 2043 attestante:
656 1991 816 2058 Beatipcn-
872 1987 998 2055 proximi
1021 1987 1212 2055 dilectionem,
1234 1989 1305 2059 qnia
1329 1989 1473 2059 perillam
1499 1989 1614 2060 proprie
1628 1990 1721 2046 Deum

79 2079 178 2148 piritu,
196 2079 325 2146 paeoniam
347 2077 470 2145 ipsorum
491 2081 531 2130 est
554 2092 667 2143 regnam
693 2079 817 2134 ecloum
871 2073 901 2130 in
921 2077 1013 2145 seipso
1031 2077 1132 2146 tangit,
1153 2077 1232 2134 etad
1249 2079 1342 2147 ipsum
1366 2085 1423 2135 tcto
1445 2092 1475 2134 se
1494 2078 1635 2135 desiderio
1659 2092 1722 2134 sus·
1752 2112 1757 2119 -

97 2181 125 2231 r,
154 2166 189 2231 ³l·
220 2164 269 2219 llis
291 2177 359 2234 ergo
392 2164 588 2220 communicat
615 2173 815 2234 snaterrena,
872 2165 980 2234 pendit,
1012 2173 1040 2222 et
1063 2179 1113 2235 per
1144 2165 1226 2222 istam
1248 2167 1283 2222 ad
1297 2167 1498 2236 procurandas
1515 2166 1640 2236 proximi
1669 2181 1721 2224 ne·

84 2268 139 2311 sna
160 2254 183 2308 ei
200 2254 415 2309 communicent
433 2253 567 2309 coelestia.
586 2253 663 2309 Audi
691 2255 816 2311 Salomo·
870 2252 1058 2310 cessitudines
1072 2269 1102 2310 se
1118 2255 1237 2311 inclinat
1252 2261 1339 2326 atque
1354 2255 1486 2312 demittit.
1503 2254 1547 2312 Ab
1561 2255 1615 2311 hoc
1634 2255 1717 2311 horto

79 2351 87 2400 ι
106 2342 215 2400 exaudi
238 2342 405 2413 plusquam
422 2341 696 2411 Salomonemqnia
714 2345 816 2399 eedem·
868 2341 963 2412 surgit
997 2343 1154 2400 recedendo
1173 2343 1272 2413 aquilo
1299 2351 1326 2399 et
1356 2343 1435 2400 venit
1465 2351 1574 2408 auster,
1602 2344 1720 2414 quando

79 2435 151 2487 tima
166 2436 231 2497 ciri,
247 2435 367 2500 propria>
381 2431 487 2486 divitia>
514 2433 604 2502 (Pron.
630 2445 701 2494 xnr,
719 2436 755 2500 8).
780 2435 814 2491 Ει
869 2429 975 2500 frigida
998 2431 1078 2500 prins
1094 2432 1243 2488 hominum
1268 2431 1356 2488 corda
1377 2431 1525 2489 charitatis
1549 2432 1717 2488 accendun-

79 2537 106 2578 ts
131 2520 191 2590 ipse
218 2521 301 2576 iesus
316 2520 461 2576 Christus:
492 2523 569 2586 litte,
595 2521 742 2589 inquitet
766 2523 813 2578 dc·
869 2524 916 2574 tur
944 2518 1071 2575 flamma.
1111 2519 1261 2576 Perdandc
1292 2529 1390 2577 auster
1411 2520 1545 2588 sentitur,
1568 2529 1596 2577 et
1620 2520 1717 2577 chari·

79 2611 147 2664 obis.
163 2610 442 2677 Doteeleemcsyncm,
468 2615 493 2662 et
514 2625 571 2664 ecce
596 2612 812 2666 omniomundc
868 2615 912 2661 tas
935 2621 985 2675 per
1020 2607 1230 2678 eleemosynam
1261 2609 1427 2665 exhibetur.
1453 2610 1504 2665 Est
1532 2616 1641 2675 auster,
1668 2609 1718 2665 sed

79 2698 127 2753 ibis
152 2697 227 2768 (Luc.
251 2712 292 2764 xi,
312 2697 369 2765 tt),
395 2697 465 2767 quia
487 2699 556 2752 sicut
571 2713 645 2766 aquo
660 2702 813 2766 abstinebit
867 2694 997 2749 nondum
1027 2692 1088 2762 ssat,
1105 2696 1232 2750 charitas
1250 2703 1344 2752 mente
1363 2703 1509 2765 concepta,
1538 2697 1669 2752 nondum
1684 2697 1714 2752 in

93 2788 136 2842 ita
162 2786 333 2856 eleemosyna
357 2788 507 2854 exstinguit
542 2793 683 2856 peecatum
707 2789 808 2855 (Eccle.
827 2773 848 2828 C
864 2796 949 2851 opere
963 2783 1102 2840 exhibita.
1120 2783 1195 2839 l‘nm
1211 2791 1308 2839 antem
1319 2783 1391 2839 datu
1410 2797 1462 2847 sno
1477 2783 1612 2840 educitur
1626 2792 1714 2854 atone

868 2869 1002 2936 sentitur,
1022 2870 1091 2925 dum
1116 2870 1146 2926 in
1168 2884 1252 2940 opere
1281 2870 1499 2927 necessitatibus
1513 2872 1714 2940 proximorum

79 2979 88 3022 t
111 2965 258 3021 contraria
278 2971 356 3031 sunt,
382 2964 494 3029 tratres,
521 2964 596 3035 ignis
610 2972 636 3020 et
646 2979 733 3034 aqna,
748 2966 813 3035 oni·

79 3054 187 3110 »minus
205 3053 415 3122 eleemesynam
430 3061 577 3122 comparat
605 3061 632 3109 et
651 3062 808 3123 peccatum.

79 3155 110 3199 er
134 3141 275 3198 elementa
298 3140 491 3197 calidissimus
526 3148 576 3209 est,
608 3141 669 3198 baec
684 3140 810 3213 frigidis·

79 3237 97 3285 t.
128 3232 163 3288 Ει
186 3230 274 3298 scitis,
289 3228 402 3297 iratres,
418 3230 488 3300 qtria
514 3230 648 3297 ebaritas,
666 3245 732 3300 quae
745 3246 808 3300 nos,

79 3319 248 3391 lpostolnm,
275 3319 380 3388 spiritu
402 3318 543 3375 lerientes
563 3317 641 3386 facit,
666 3320 727 3390 igni
754 3335 810 3376 me·

79 3413 236 3478 mparatnr.
268 3409 306 3463 lie
327 3422 386 3477 quo
401 3408 518 3477 quidem
535 3408 601 3479 igne
616 3410 724 3464 veritas
746 3409 806 3465 ait:

79 3499 299 3552 cenimitterein
328 3501 440 3564 terram,
464 3501 491 3551 et
516 3497 584 3566 qnid
607 3499 676 3565 colo,
703 3500 760 3553 nisi
777 3503 808 3553 ct

99 3585 176 3657 (lue.
197 3599 250 3652 xn,
277 3586 336 3654 49.)
361 3585 402 3641 hc
430 3585 454 3641 si
479 3593 576 3655 aperte
611 3585 700 3642 dicat:
733 3587 807 3653 Qnid

79 3674 129 3732 cni
148 3689 279 3745 qnaerere
299 3674 329 3730 in
345 3674 497 3742 mundum,
508 3675 563 3731 nisi
580 3675 675 3745 ipsum
690 3674 807 3732 flamma

79 3764 118 3820 ris
145 3763 323 3819 accenderet
354 3764 504 3820 Peccatum
532 3772 629 3819 antem
651 3764 729 3835 qnod
757 3779 806 3834 per

79 3852 179 3923 nejns
199 3852 317 3908 intravit
346 3852 375 3907 in
397 3852 495 3908 orbem
512 3860 667 3919 terrarum,
688 3853 739 3923 qni
753 3851 804 3909 sri-

79 3942 221 3996 tominnm
247 3940 390 3996 inhabitat
416 3949 535 4007 mentes,
561 3943 636 3999 sicut
665 3941 804 4012 scripturn

79 4045 143 4084 acm
168 4029 256 4084 sedem
282 4045 370 4084 mecm
392 4032 422 4083 in
449 4031 577 4099 aquilone
605 4033 671 4097 (isc.
693 4047 749 4098 xiv,
764 4033 803 4101 4),

866 2957 1029 3014 exhibetur.
1046 2958 1127 3014 Tunc
1142 2966 1281 3027 aromata,
1298 2973 1364 3028 qnae
1376 2957 1457 3029 prius
1472 2959 1501 3015 in
1521 2964 1615 3015 mente
1630 2960 1715 3029 qnasi

867 3045 1012 3102 recondita
1029 3046 1164 3115 latebant,
1180 3046 1288 3115 linunt,
1302 3062 1369 3105 cum
1386 3056 1442 3105 tam
1454 3048 1504 3103 ilci
1519 3049 1715 3118 quamproxi-

865 3135 904 3189 mi
919 3135 1032 3194 dilectio
1048 3136 1153 3192 visibili
1176 3136 1280 3194 ellectu
1303 3151 1424 3208 operum
1450 3136 1616 3194 exhibetur.
1638 3139 1712 3194 'l'nm

865 3232 996 3281 aromata
1011 3225 1132 3282 liuentia
1153 3228 1260 3296 pariter
1270 3225 1462 3298 fragrantiam
1477 3240 1560 3283 suam
1578 3226 1711 3295 dilatant,

864 3314 983 3382 quando
1008 3317 1144 3385 impensae
1168 3316 1317 3373 charitatis
1341 3317 1434 3372 bonus
1457 3316 1529 3372 odor
1550 3314 1587 3371 ad
1603 3316 1712 3374 multo·

863 3414 929 3457 rum
960 3403 1078 3459 veniens
1107 3404 1249 3472 notitiam,
1267 3404 1373 3461 multos
1388 3403 1512 3462 aliorum
1525 3405 1656 3476 exemplo
1671 3405 1708 3462 ad

864 3490 945 3547 bonae
956 3492 1130 3563 operationis
1142 3493 1329 3550 imitationem
1347 3493 1443 3550 trehit.

897 3579 981 3646 Ecce,
995 3578 1098 3637 iratres
1123 3581 1169 3637 hic
1191 3582 1370 3653 cougregati,
1388 3582 1489 3639 hortus
1514 3583 1564 3641 liei
1588 3597 1649 3641 esse
1664 3583 1711 3639 de-

862 3666 973 3724 bemus.
1002 3668 1123 3726 Oremns
1152 3670 1247 3740 ipsum
1261 3671 1415 3727 Dominum
1433 3671 1520 3739 horti,
1549 3680 1582 3729 nt
1596 3673 1632 3728 ad
1646 3672 1711 3744 eius

862 3754 1014 3825 imperium
1028 3764 1129 3827 surgat
1143 3758 1252 3827 aquilo,
1270 3757 1344 3814 sicut
1358 3759 1561 3829 exposuimus,
1576 3767 1603 3816 ct
1613 3760 1711 3817 veniat

861 3844 891 3900 in
914 3858 980 3901 eum
1003 3855 1101 3901 auster
1124 3845 1250 3915 perdens
1273 3846 1378 3916 ipsum,
1404 3853 1436 3903 nt
1451 3846 1544 3903 ssnant
1564 3855 1707 3910 aromata:

861 3940 893 3989 ut
918 3941 1013 3989 vestra
1043 3933 1175 3990 videlicet
1197 3933 1324 3990 charitas
1357 3935 1539 4005 pauperihus
1568 3935 1707 4005 impensa,

860 4035 919 4077 non
933 4021 1026 4078 solum
1045 4036 1093 4078 vos
1108 4021 1247 4080 Dominus
1267 4021 1406 4090 lucretur,
1422 4022 1471 4079 sed
1496 4023 1627 4093 exemplo
1656 4038 1708 4080 ve·

79 4119 245 4188 praeparabo
259 4117 330 4174 mihi
360 4131 484 4189 regnum
509 4120 537 4175 jn
559 4120 694 4176 fflrdjbus
714 4119 840 4176 pompn
859 4118 918 4168 stro
939 4110 1009 4167 alies
1023 4111 1048 4167 ei
1064 4110 1205 4182 acquirat.
1227 4111 1333 4173 Facite,
1352 4112 1440 4182 jnxta
1462 4110 1554 4182 ipsius
1568 4111 1707 4168 exhorta-

79 4218 120 4261 ne
146 4206 294 4261 charitatis
318 4207 493 4273 carentibus,
525 4214 600 4262 recte
623 4221 674 4276 per
696 4221 803 4278 aquam

79 4291 174 4348 imum
199 4293 371 4350 elementum
399 4295 577 4365 designatur.
611 4294 683 4351 Cum
708 4304 804 4352 autem

79 4397 82 4432 t
109 4380 140 4436 in
155 4382 245 4438 Deum
272 4382 382 4439 ferveat
406 4397 527 4452 semper,
543 4384 669 4440 maxime
681 4384 732 4440 illa
746 4384 805 4441 ler-

79 4469 230 4541 rncscitnr,
245 4485 311 4541 quae
327 4485 376 4541 per
390 4472 619 4541 compassionem
646 4472 800 4530 fraternam

79 4558 196 4629 nosynis
222 4560 387 4616 exhibetur.
406 4561 486 4617 Unde
496 4568 524 4617 et
540 4574 590 4631 per
604 4561 803 4619 excellentiam

79 4659 114 4702 tm
137 4647 198 4716 ipsa
225 4648 412 4719 elcemosynae
441 4650 561 4720 largitas
589 4649 673 4720 quasi
689 4651 803 4720 proprio

87 4735 204 4804 speciali
236 4738 353 4793 nomine
376 4739 503 4795 charitas
527 4740 621 4794 vocari
641 4739 801 4795 consuevit.

79 4821 172 4878 icario
186 4822 339 4881 obduratio
352 4828 456 4882 mentis
471 4828 501 4882 in
518 4841 659 4897 pauperes
675 4828 803 4884 maxime

79 4923 85 4965 t
113 4918 239 4968 mentem
266 4926 327 4969 esse
345 4914 501 4982 convincit,
517 4923 544 4971 et
562 4915 598 4971 ab
614 4916 692 4972 omni
707 4915 801 4971 chari-

79 5011 100 5055 te
127 4998 281 5069 privatam,
306 5001 380 5058 sicut
408 5003 547 5072 scriptum
577 5011 633 5059 est:
652 5005 708 5070 Qui
729 5008 802 5058 enim

79 5087 122 5154 git
147 5091 308 5155 proaimrtm
333 5105 411 5158 quem
439 5091 524 5156 uidet,
546 5095 631 5147 Deum
653 5109 733 5162 quem
747 5109 801 5148 non

79 5174 183 5229 mrncdc
203 5180 294 5244 potest
319 5177 453 5245 diligere?
476 5180 564 5250 (loca.
591 5195 631 5250 tv,
651 5179 709 5252 20.)
725 5181 801 5237 Bene

79 5276 149 5336 tanc
170 5263 391 5323 obstinationem
414 5268 505 5324 animi
524 5268 711 5342 lrigidissimo
725 5284 800 5326 ccm-

80 5376 166 5437 anot.
181 5384 202 5436 t.
215 5378 305 5450 xxx,
319 5380 372 5437 cot.
385 5384 446 5437 ros.

860 4199 976 4269 tionem,
1005 4199 1040 4256 de
1069 4213 1232 4257 mammone
1255 4199 1418 4270 iniquitatis
1443 4201 1561 4270 amicos,
1586 4207 1618 4257 ut
1639 4215 1706 4257 cnm

858 4287 1027 4358 defeceritis,
1048 4289 1187 4359 recipiant
1207 4303 1268 4346 vos.
1296 4290 1345 4345 Est
1359 4290 1437 4345 enim
1459 4302 1626 4346 mammona
1650 4290 1705 4346 ini·

859 4376 988 4449 quitatis,
1017 4385 1112 4436 estet
1140 4378 1263 4448 pecnnia
1295 4378 1449 4449 aequitatis,
1467 4378 1495 4437 id
1519 4379 1704 4452 estjustitin.
1781 4435 1784 4438 .

857 4466 1024 4537 iniqnitatis
1046 4473 1099 4534 est,
1124 4481 1191 4537 qnae
1209 4467 1309 4538 inique
1338 4467 1458 4523 homino
1479 4468 1621 4538 mandata,
1638 4483 1706 4525 cunt

858 4554 1172 4624 pauperibusdebuerit
1183 4555 1307 4626 erogari,
1320 4563 1359 4611 tot
1369 4569 1511 4628 pauperes
1521 4563 1553 4613 ut
1563 4556 1706 4614 homicida

857 4643 978 4712 peremit
989 4643 1052 4715 [leg.
1082 4643 1221 4718 peregitl,
1237 4658 1311 4715 quos
1324 4652 1484 4701 sustentare
1504 4645 1605 4715 potuit.
1624 4646 1705 4702 Unde

857 4729 1052 4802 hieronymus
1080 4733 1110 4788 in
1135 4732 1291 4803 Epistulam
1313 4732 1397 4788 Panli
1412 4732 1448 4787 ed
1462 4733 1605 4788 Romanos
1622 4732 1677 4805 lii)
1693 4749 1702 4804 ;

859 4839 870 4870 ι
888 4821 959 4877 Nam
987 4823 1010 4878 si
1036 4822 1140 4878 viderit
1156 4821 1239 4878 illum
1262 4821 1337 4878 lame
1351 4819 1518 4891 periclitari,
1534 4834 1629 4877 nonne
1644 4823 1704 4891 ipse

856 4906 938 4965 illum
964 4911 1077 4978 occidit,
1103 4911 1127 4967 si
1142 4911 1183 4966 illi
1204 4924 1271 4967 cum
1293 4908 1450 4967 adnitnon
1475 4909 1553 4966 dedit
1567 4909 1702 4967 victum?
1764 4981 1769 4990 .

856 4997 1030 5070 Quicunque
1042 5000 1119 5056 enim
1140 4999 1169 5056 in
1187 4999 1356 5056 necessitate
1369 5011 1540 5056 succurrere
1555 4999 1703 5056 morituris

855 5095 958 5157 potest,
982 5087 1005 5145 si
1027 5102 1084 5144 non
1113 5087 1221 5154 lecerit,
1247 5086 1361 5144 occidit.
1380 5108 1390 5138 ι
1407 5086 1590 5159 Augustinus
1602 5099 1703 5146 contra

855 5174 995 5232 Faustum
1013 5191 1019 5230 :
1034 5197 1045 5226 ι
1060 5176 1160 5248 ltaque
1182 5176 1207 5232 si
1230 5190 1367 5233 occurras
1394 5175 1425 5231 in
1449 5190 1516 5232 eum
1537 5176 1702 5234 famelicum

855 5263 906 5334 qui
920 5264 993 5320 mori
1010 5264 1108 5336 possit,
1137 5263 1192 5321 n‘ui
1215 5264 1313 5322 cibnrn
1338 5263 1510 5348 porrigendo
1532 5264 1701 5336 subvenias,
