3804 5962
709 240 763 301 stc
781 241 824 297 ur
842 241 924 298 unu.
987 303 994 316 ,

79 372 195 436 teretur,
214 370 318 438 occepit
333 383 442 438 penem.
463 369 626 439 Antequam
641 382 787 425 consecra·
803 366 828 422 A
843 367 934 426 fulcit.
956 367 1021 424 ldeo
1040 366 1136 424 Graece
1150 363 1281 417 ἐπιούσιον
1300 363 1415 421 dicitur.
1445 361 1566 418 Latinus
1593 365 1691 420 autem

79 455 107 511 is
129 462 185 519 εει;
217 454 266 511 ubi
296 464 392 511 autem
419 455 508 511 verba
538 454 644 511 Christi
668 467 790 511 accesse-

78 557 148 612 rpus
172 550 214 599 est
238 542 353 599 Christi.
373 543 407 599 Et
423 550 489 598 ante
514 543 603 599 verba
627 543 731 598 Christi
747 557 793 598 ea-

79 631 124 686 'iui
146 638 174 687 et
199 645 283 702 aquae
300 631 421 699 plenus3
441 630 491 687 ubi
508 631 595 687 verba
611 631 716 687 Christi
729 646 792 702 ope-

79 719 142 785 rint,
169 719 207 775 ibi
237 720 358 791 sanguis
381 719 513 775 ettieitur.
544 721 610 773 ltem
626 735 633 773 :
652 720 727 783 Quid
752 728 793 776 est

79 821 206 871 ,manna
221 813 256 866 de
284 807 363 873 coelc,
394 821 431 862 au
459 822 563 877 corpus
578 808 703 864 Christi?
720 811 793 866 Cor-

79 894 135 951 risti
162 896 273 965 utique,
304 894 356 964 qui
387 903 488 951 auctor
513 903 555 952 est
579 896 653 953 coeli.
683 898 792 953 Deinde

79 985 119 1054 qui
134 983 330 1050 manducavit,
345 992 479 1040 mortuus
493 991 544 1040 est.
563 984 616 1053 Qui
634 987 790 1042 manduca·

79 1086 216 1141 ecerpus,
234 1071 280 1127 tlet
303 1072 328 1126 ei
342 1071 473 1128 remissio
489 1072 670 1141 peccaterum
682 1080 710 1129 ει
733 1088 791 1129 non

79 1174 88 1216 r
122 1161 153 1215 iu
184 1167 335 1216 eternum.
372 1160 447 1230 Ergo
470 1174 527 1216 non
551 1160 640 1217 otiose
665 1169 695 1217 tu
723 1161 793 1218 dicis

79 1250 133 1317 tam
150 1249 179 1302 in
199 1248 304 1318 spiritu
322 1248 463 1303 confitens
491 1248 568 1318 qnod
587 1249 711 1318 accipias
725 1264 792 1306 eor-

81 1337 126 1393 sti.
144 1337 218 1392 Dicit
239 1336 289 1393 tibi
302 1335 457 1392 sacerdos:
488 1338 598 1407 Corpus
625 1338 743 1394 Christi.
757 1338 792 1393 tit

103 1427 204 1490 Amen,
232 1426 284 1481 hoc
306 1433 358 1492 εει,
382 1439 484 1480 verum
500 1434 553 1481 est.
568 1425 649 1494 Quod
671 1427 791 1482 coutlte-

79 1528 123 1583 ua,
143 1521 235 1570 teneat
251 1514 380 1570 allectus.
406 1515 552 1578 Quantum
579 1515 789 1572 sitsacramen·

79 1617 185 1675 gnosce.
202 1603 270 1657 tide
286 1603 363 1672 qnod
391 1603 488 1659 dicat:
516 1603 731 1673 Quotiescunque
745 1605 791 1660 hoe

848 459 927 514 hune
939 471 1043 528 panem
1059 456 1131 512 dixit
1155 453 1370 526 quotidianum.
1388 450 1415 506 Si
1431 451 1623 522 quotidianus
1638 458 1691 521 est,

847 561 900 604 cur
915 557 1096 616 postannum
1118 543 1201 600 illum
1216 542 1319 609 sumis,
1335 538 1581 612 quemadmodum
1600 539 1692 598 Graeci

848 637 877 692 iu
904 636 1019 692 Oriente
1045 636 1136 692 tacere
1159 629 1392 688 consueverunt?
1421 628 1525 699 Accipe
1551 629 1690 699 quetidie,

847 725 924 796 quod
941 723 1069 794 quotidie
1092 722 1142 778 tibi
1167 720 1265 790 prosit.
1283 718 1328 774 Sic
1343 718 1419 783 vive,
1441 724 1474 772 ut
1488 716 1616 787 quotidie
1632 731 1691 774 mc·

847 813 938 870 rearis
953 813 1091 882 accipere,
1107 809 1250 880 quomodo
1273 807 1325 864 lob
1349 813 1468 863 sanetus
1481 819 1533 876 pro
1549 804 1617 862 titiis
1632 805 1693 863 suis

848 901 994 958 efferebat·
1012 903 1077 955 ltem
1094 915 1100 952 :
1116 898 1170 964 Qui
1185 897 1295 954 vulnus
1306 895 1402 963 habet,
1424 892 1597 950 medicinam
1612 907 1690 965 quae-

846 987 894 1044 rit.
916 987 1049 1052 Quotidie
1068 986 1091 1040 si
1107 984 1224 1054 accipis,
1253 981 1382 1053 quotidie
1408 980 1459 1037 tibi
1484 979 1568 1037 hodie
1593 987 1646 1037 est.
1662 979 1691 1038 Si

848 1075 897 1132 tibi
913 1075 996 1130 hodie
1009 1081 1050 1130 est
1065 1073 1206 1140 Christus,
1222 1070 1273 1127 tibi
1301 1068 1429 1140 quotidie
1452 1068 1587 1139 resurgit.
1611 1067 1692 1136 Que-
1773 1070 1782 1081 ’

846 1163 953 1220 modo?
976 1164 1062 1217 Filius
1087 1175 1161 1216 meus
1184 1175 1211 1215 es
1241 1157 1435 1226 tumetceu
1453 1157 1536 1224 qeaui
1559 1160 1584 1212 te
1604 1155 1689 1228 (Psoi.

847 1270 877 1320 11,
893 1253 930 1319 7).
961 1251 1050 1307 Hodie
1078 1264 1146 1321 ergo
1171 1255 1223 1316 est,
1248 1246 1365 1318 quaudo
1390 1245 1521 1302 Christus
1553 1247 1692 1316 resurgit.

846 1343 912 1396 Heri
937 1345 962 1394 et
990 1339 1070 1394 hodie
1093 1342 1151 1408 ipse
1171 1340 1222 1404 est,
1247 1333 1394 1405 apostolus
1414 1333 1521 1390 Paulus
1545 1333 1691 1405 aittfledr.

846 1428 954 1500 xrrt,8).
979 1429 1041 1498 lpse
1071 1426 1147 1483 enim
1171 1425 1312 1481 Dominus
1328 1422 1391 1479 ait:
1415 1424 1527 1479 Dimitte
1551 1423 1628 1479 nobie
1643 1423 1695 1479 de-

848 1520 905 1574 bitc
929 1516 1041 1573 mostrol
1068 1514 1143 1587 (Luc.
1159 1529 1189 1578 x,
1219 1514 1258 1583 4).
1286 1512 1419 1568 Debitum
1436 1510 1695 1582 quidemsscstmbi

848 1606 989 1679 peccem?
1004 1603 1179 1673 Accepistia
1204 1601 1317 1658 diabolo
1336 1601 1475 1668 debitum,
1504 1606 1531 1656 et
1557 1599 1609 1672 qui
1630 1615 1694 1659 eras

107 1695 382 1747 commemorationem
412 1695 464 1746 mei
488 1694 605 1758 sectetis.
638 1693 670 1747 Et
700 1706 790 1749 sacer·
809 1710 829 1763 p
847 1695 962 1753 tiberin
978 1693 1091 1749 Christo
1117 1691 1227 1748 debitor
1254 1690 1347 1747 tactus
1372 1703 1403 1745 es
1431 1687 1554 1745 diabolo.
1581 1689 1694 1747 Cautln

79 1780 121 1836 it:
148 1780 224 1851 Ergo
252 1795 392 1836 memores
408 1780 624 1851 gloriosissimae
646 1781 709 1850 eius
726 1794 793 1850 pas-

79 1876 93 1926 t
118 1868 154 1925 ab
185 1868 285 1924 interis
307 1868 533 1936 resurrectionis,
557 1877 610 1924 etc.
641 1871 730 1924 ttem:
760 1869 793 1924 ln

94 1958 218 2014 mittitur
243 1959 343 2013 vinum
372 1965 399 2013 et
426 1971 513 2028 aqua.
535 1958 588 2014 Sed
614 1958 695 2024 dicis,
721 1972 791 2028 que-

80 2062 115 2118 go
128 2047 333 2102 Melchisedech
361 2060 464 2115 panem
491 2054 519 2102 et
542 2047 646 2102 vinum
662 2045 791 2102 obtulit?

79 2136 103 2190 ni
124 2135 188 2190 vult
207 2134 339 2189 admistio
352 2134 458 2204 aquae?
478 2135 619 2191 Bibebant
637 2143 733 2191 autem
758 2134 792 2191 de

79 2223 132 2280 euti
154 2231 251 2293 petra;
275 2231 355 2289 petra
372 2232 467 2279 autem
489 2232 550 2279 erat
570 2224 712 2279 Christus.
729 2223 791 2278 Nou

80 2313 103 2368 is
132 2320 223 2381 petra,
246 2325 313 2381 quie
341 2312 480 2381 populum
510 2312 695 2382 sequebatur.
712 2312 744 2366 Et
761 2319 792 2368 tu

79 2409 86 2456 ι
113 2408 138 2456 ιε
171 2401 300 2455 Christus
332 2408 481 2470 sequatur.
507 2401 575 2456 Vide
602 2401 790 2470 mysterium:

847 1799 912 1841 uem
927 1791 1007 1839 tuam
1023 1780 1136 1838 tenebat
1152 1779 1297 1846 inimicus,
1317 1777 1365 1834 sed
1380 1791 1443 1834 earn
1466 1777 1605 1834 Dominus
1625 1792 1693 1836 cru-

847 1873 934 1930 cillxit
949 1879 976 1929 et
991 1885 1043 1926 suo
1055 1883 1157 1926 eruore
1176 1867 1289 1924 delevit.
1310 1866 1438 1923 Abstulit
1452 1865 1579 1923 debitum
1596 1874 1692 1937 tuum,

847 1961 970 2019 reddidit
992 1960 1162 2016 libertatem.
1184 1961 1227 2013 De
1255 1957 1325 2011 libro
1353 1969 1400 2012 vr:
1425 1954 1503 2012 Sicut
1536 1969 1624 2013 verus
1649 1963 1693 2014 cst

847 2050 898 2106 Dei
925 2047 1015 2104 Filius
1039 2046 1180 2102 Dominus
1201 2045 1283 2100 iesus
1308 2042 1440 2100 Christus
1460 2056 1519 2098 non
1546 2045 1715 2113 quemad»

847 2138 964 2194 modum
980 2134 1111 2192 homiues
1124 2148 1174 2205 per
1200 2132 1333 2204 gratiam,
1366 2131 1414 2189 sed
1438 2130 1524 2202 quasi
1551 2131 1640 2190 Filius
1655 2147 1692 2191 ex

847 2225 1009 2283 substantia
1023 2222 1140 2279 Patris:
1164 2222 1202 2278 ite
1225 2235 1295 2277 vera
1316 2220 1424 2278 Christi
1453 2232 1520 2276 carc
1544 2227 1596 2287 est,
1614 2220 1691 2279 sicut

847 2316 905 2385 ipse
928 2313 1012 2377 dixit,
1052 2326 1141 2382 quam
1170 2310 1343 2378 accepimns,
1387 2316 1414 2364 et
1456 2321 1543 2364 verus
1571 2309 1692 2380 sanguis

846 2403 909 2472 ejus
922 2408 1005 2471 petus
1019 2407 1070 2456 est.
1093 2401 1163 2454 Item
1179 2415 1185 2452 :
1211 2398 1274 2466 Epo
1291 2412 1362 2463 sum,
1376 2394 1480 2466 iuquit,
1503 2395 1587 2464 penis
1601 2397 1690 2465 mnus,

1627 234 1697 288 {522
1755 235 1762 251 ¹

85 2489 138 2544 hoe
166 2497 207 2544 est
236 2489 391 2559 prophete;
420 2490 514 2560 virga,
532 2489 586 2544 hoc
612 2496 654 2544 eet
671 2489 802 2544 verbum
846 2494 894 2559 qui
922 2491 956 2544 de
979 2490 1044 2546 eoete
1068 2487 1194 2543 descendi
1221 2489 1309 2558 (tocie.
1333 2499 1377 2554 vt,
1407 2485 1463 2554 tt).
1484 2483 1537 2541 Sed
1552 2498 1691 2543 catenen

79 2577 172 2633 :erdcs
198 2576 293 2633 verbis
319 2577 369 2632 Dei
404 2577 495 2648 tangit
521 2585 641 2647 petram,
670 2585 697 2632 et
726 2577 792 2632 lluit
845 2578 1038 2637 descenditde
1053 2576 1132 2634 coelc.
1148 2575 1296 2644 Quomodo
1317 2574 1462 2631 descendit
1488 2574 1523 2630 de
1545 2573 1616 2631 coelo
1640 2587 1691 2646 pa-

98 2665 222 2736 populus
243 2665 291 2720 Dei
317 2666 398 2720 bibit.
423 2665 540 2736 [tangit
568 2680 637 2737 ergo
662 2666 792 2721 sacerdes
845 2666 1008 2726 ntsvtvusi
1036 2667 1109 2731 Quia
1132 2666 1207 2721 idem
1233 2663 1375 2719 Dominus
1402 2664 1485 2720 lesus
1513 2676 1630 2719 consors
1649 2670 1691 2720 est

80 2754 252 2820 ‚redundat
276 2768 354 2823 attila
378 2754 407 2808 ln
437 2755 535 2820 calice,
556 2754 621 2809 Silii
651 2755 679 2808 ἰιι
701 2754 791 2809 vitam
844 2758 1041 2816 etdivinitatis
1062 2753 1232 2824 etcorporis
1250 2759 1277 2809 et
1300 2752 1398 2822 tuqui
1416 2751 1523 2822 accipis
1549 2751 1614 2823 ejus
1629 2765 1704 2808 car·¹

79 2856 96 2896 t.
124 2844 215 2897 ltem:
240 2841 343 2912 Accipe
371 2850 398 2898 et
428 2842 516 2898 atiud.
547 2844 586 2898 De
611 2842 698 2898 latere
728 2842 791 2910 ejus
845 2862 922 2915 nem,
949 2846 1056 2902 divinae
1079 2845 1143 2915 ejus
1178 2841 1347 2898 substantie
1377 2841 1407 2896 iu
1430 2840 1479 2904 illc
1508 2838 1690 2910 participaris

79 2945 127 3000 qua
145 2931 413 3001 0¹S³¹¹iilliie³ll¹1³
433 2933 643 2998 ulmuudaret,
670 2931 791 3001 sanguis
846 2937 1001 2994 alimento.
1038 2936 1132 2989 item:
1162 2934 1262 2988 Panem
1284 2935 1407 2984 nostrum
1433 2928 1625 2996 quotidianum
1653 2929 1691 2984 dc

79 3027 162 3076 nerei.
188 3018 282 3085 quare
308 3020 342 3076 de
370 3020 481 3075 lateret
502 3021 573 3090 quta
594 3020 671 3075 unce
694 3020 788 3090 citrea,
809 2993 922 3084 Gnaeo
946 3024 1042 3090 tocie,
1058 3022 1118 3078 naee
1140 3019 1295 3092 pestutum
1310 3018 1493 3074 mortuaest
1507 3031 1608 3074 eorum
1624 3032 1690 3090 que

82 3107 131 3162 ¹5³·
149 3106 240 3177 Culpa
263 3121 311 3176 per
340 3107 487 3173 feminam·
509 3109 601 3179 gratia
630 3122 680 3177 Del
706 3108 791 3164 Chli-
845 3115 1039 3188 postulantur.
1061 3110 1227 3177 nteimtite,
1244 3107 1439 3177 inquietetis
1462 3105 1554 3162 dedite
1581 3111 1687 3163 nosue.

79 3210 143 3250 ³1⁰³
169 3195 285 3251 Audisti
308 3196 450 3264 psalmum
477 3197 582 3269 (ituit
606 3197 671 3252 vide
701 3211 790 3267 quam
845 3200 1050 3273 ldeoquotidic
1075 3199 1183 3268 accipe,
1211 3205 1244 3254 ut
1263 3196 1392 3267 quotidie
1413 3195 1508 3252 debito
1526 3195 1689 3253 tuciudul-

79 3283 99 3338 ῑῑ
123 3284 286 3340 ⁰oe¹0⁸llblls
300 3285 511 3340 ⁵l⁰l³ffl0¹¹1182
540 3288 671 3341 Dominus
697 3289 791 3354 puscit
845 3294 971 3366 gentiam
984 3298 1071 3360 petas.
1088 3289 1166 3343 Idem
1181 3289 1211 3342 iu
1237 3286 1305 3341 libre
1328 3287 1366 3340 De
1388 3284 1548 3353 mysteriis:
1579 3283 1689 3341 Revera

80 3373 132 3425 itii
158 3372 226 3425 miti
252 3372 347 3434 dietih
376 3373 463 3440 Sitit
491 3389 593 3441 attam
620 3375 787 3442 tistttlwtt't,
845 3380 977 3439 mirabile
996 3385 1037 3434 est
1070 3376 1149 3447 quod
1176 3387 1285 3429 manna
1307 3374 1384 3428 Deus
1412 3370 1516 3442 pluerit
1546 3370 1687 3442 patribus.

79 3460 292 3515 retsiomdulem
306 3464 335 3514 io
360 3461 449 3514 medii>
463 3461 566 3516 timbtae
593 3466 709 3525 mertis,·
736 3477 791 3515 uon
846 3470 926 3528 Unde
960 3467 1071 3524 dictum
1102 3472 1167 3520 est:
1201 3465 1302 3519 Panem
1326 3463 1485 3529 angelorum
1512 3459 1690 3516 manducauit

79 3549 143 3615 tole,
160 3550 289 3617 quoniam
309 3554 455 3604 tumetum
482 3552 624 3617 euticeo
649 3556 708 3617 tue,
736 3557 789 3604 etc.
845 3557 1018 3628 hemotPsel.
1044 3567 1153 3619 uxxvu,
1180 3550 1240 3621 25).
1270 3549 1323 3606 Sed
1348 3550 1444 3606 tameit
1472 3548 1554 3605 illum
1584 3560 1688 3618 panem

79 3637 220 3706 iterium,
237 3637 358 3693 baculus
374 3638 467 3708 D³⁸Si⁰
492 3645 543 3693 0⁸¹·
568 3638 732 3705 AEteruitas,
751 3637 792 3692 di·
845 3647 896 3718 qui
911 3644 1173 3708 manducaverunt,
1191 3653 1291 3696 omnes
1306 3638 1335 3693 in
1354 3638 1464 3695 deserto
1487 3638 1593 3694 mortui
1609 3645 1678 3697 sunt

79 3725 184 3793 :bristi
207 3728 300 3795 passio
328 3727 576 3796 teutporelisttl).
607 3725 658 3781 llla
673 3725 790 3794 creavit,
844 3736 902 3790 lsta
925 3741 1020 3788 autem
1049 3743 1123 3794 esca,
1153 3740 1242 3797 quam
1266 3727 1383 3797 accipis,
1415 3727 1466 3782 iste
1489 3727 1571 3797 panis
1591 3727 1689 3795 vivus,

79 3814 165 3870 ΙθιιιίιΙ
199 3817 309 3869 Pei-esti
342 3819 371 3868 iu
399 3821 543 3885 conspeetu
574 3831 632 3870 meo
659 3830 791 3884 mensem,
845 3822 896 3893 qni
927 3821 962 3876 de
984 3817 1054 3874 emto
1082 3814 1239 3880 descendit,
1262 3814 1328 3870 vitea
1356 3820 1469 3870 aeternae
1498 3813 1691 3870 substanttam

94 3903 222 3970 peculum
249 3919 335 3957 mittit
366 3905 687 3973 quompraeeletumest.
704 3906 790 3959 item:
845 3910 1058 3976 subministrat,
1093 3914 1121 3963 ει
1149 3904 1318 3977 quicunqne
1351 3903 1430 3960 huuc
1460 3903 1688 3967 manducaverit,

79 3993 276 4059 unqnchibis,
294 3993 491 4048 remissionem
515 4001 696 4062 peccaterum
718 3993 792 4049 aeet—
847 4014 905 4056 noo
920 3997 1060 4053 morietur
1078 3995 1107 4050 iu
1129 4002 1282 4058 aeternum,
1297 3991 1368 4064 quia
1382 4004 1487 4060 cerpus
1508 3997 1550 4047 εει
1573 3990 1690 4047 Christi.

79 4080 199 4135 ebriaris
214 4082 241 4135 in
267 4081 379 4150 spiritu.
397 4081 478 4137 Unde
503 4090 531 4137 et
543 4082 695 4151 Apostolus
709 4082 791 4152 (Epi.
848 4085 1002 4141 Considera
1022 4091 1121 4139 utrum
1138 4080 1318 4151 prestantior
1335 4080 1373 4137 sit
1402 4079 1486 4149 panis
1509 4080 1691 4150 augelorum,

79 4169 168 4224 Nolite
189 4171 321 4224 inebriari.
343 4173 416 4234 uiuo,
443 4169 497 4236 sed,
514 4172 665 4239 implemini
686 4172 794 4240 Spiritu
848 4188 885 4230 an
898 4188 965 4230 caro
977 4172 1108 4230 Christi?
1129 4172 1234 4225 Manna
1260 4168 1333 4225 illud
1359 4168 1393 4224 de
1421 4168 1504 4235 coele,
1531 4166 1586 4224 boc
1603 4181 1693 4239 supra

79 4257 161 4311 item:
192 4259 333 4313 Praeclara
359 4259 493 4325 ebrietas,
521 4273 586 4328 quae
611 4258 792 4315 sobrietatem
811 4283 832 4336 D
848 4263 963 4320 coelum.
978 4261 1051 4317 lllud
1065 4259 1139 4326 eoeli,
1162 4260 1216 4316 hoc
1230 4257 1345 4314 Domini
1361 4256 1507 4314 coelorum.
1528 4255 1604 4312 illud
1626 4268 1693 4312 cor-

82 4354 228 4414 opetatuv.
258 4348 347 4401 item:
371 4348 435 4400 Fiet
457 4349 582 4401 uoluntas
607 4354 655 4402 tua
679 4351 750 4402 sieut
765 4350 794 4401 iu

79 4435 101 4487 iu
112 4440 196 4501 terre,
224 4450 323 4502 penem
353 4441 476 4490 uestrum
492 4437 682 4505 quotidianum
696 4437 733 4491 do
743 4452 795 4490 no-

79 4523 188 4592 elluo.
210 4537 255 4590 xi,
278 4526 314 4592 3).
343 4523 490 4594 Sanguine
517 4525 621 4580 Christi
646 4526 796 4595 pacificata

83 4613 130 4666 uia
144 4617 188 4667 vet
207 4613 234 4667 in
250 4613 329 4678 coelo,
343 4612 397 4667 'vel
426 4613 454 4666 in
471 4619 557 4677 terra,
581 4613 795 4668 sanctificatum

79 4715 123 4767 m,
139 4701 266 4770 dejectus
286 4710 328 4756 εει
352 4701 494 4756 diabolus.
516 4701 556 4755 lbi
573 4709 715 4768 versatur,
745 4700 796 4757 ubi

79 4803 104 4855 e,
120 4803 206 4859 quem
224 4788 268 4844 ille
284 4789 401 4857 decepit.
419 4789 497 4844 Dixit
520 4788 611 4855 vobis,
627 4790 704 4859 quod
731 4797 797 4845 ante

79 4877 159 4932 hristi
176 4879 253 4946 quod
266 4877 387 4932 etlertur
401 4879 485 4947 panis
499 4878 614 4932 dicatur
623 4894 631 4946 3
643 4878 694 4934 uhi
709 4878 798 4934 verha

79 4965 242 5034 leprompta
271 4965 463 5035 tueriut‚jem
492 4980 548 5020 non
576 4967 657 5035 panis
680 4967 797 5030 dieitur,

79 5069 133 5110 tus.
150 5055 244 5119 Quare
270 5070 339 5125 ergo
359 5055 388 5110 in
404 5056 532 5111 oratioue
558 5056 706 5128 Dominica
733 5057 796 5111 ait:

79 5143 212 5198 rostrum?
232 5144 337 5199 Panem
354 5144 470 5213 quidem
491 5145 575 5213 dixit,
593 5145 640 5199 sed
655 5146 798 5214 epiusion,

86 5232 405 5301 supersubstantialem.
432 5234 493 5287 Non
513 5232 564 5287 iste
581 5233 665 5302 penis
677 5241 728 5299 est,
747 5232 799 5302 qui

92 5333 208 5388 corpus,
226 5321 274 5376 sed
292 5321 343 5392 qui
359 5320 463 5378 animae
486 5326 590 5376 nestrae
608 5320 799 5377 substantiam

79 5492 165 5551 ditt.:
186 5497 344 5566 corporalis.

831 4350 978 4422 ,ruptioni
990 4350 1160 4415 obnoxium,
1177 4347 1200 4404 si
1223 4349 1252 4403 in
1281 4347 1357 4402 diem
1377 4344 1500 4402 alterum
1516 4351 1692 4412 servaretur,

849 4442 904 4498 hoc
917 4441 1042 4497 alienum
1058 4440 1094 4495 ab
1109 4438 1189 4495 omui
1211 4437 1404 4507 corruptione,
1425 4435 1503 4506 quod
1524 4433 1695 4505 quicunque

850 4529 983 4601 religiose
1011 4527 1181 4600 gustaverit,
1206 4525 1422 4597 corruptionem
1446 4522 1552 4580 sentire
1568 4535 1627 4578 nen
1644 4535 1696 4592 po·

850 4621 927 4676 terit.
941 4617 1002 4673 litis
1016 4631 1093 4687 aqua
1105 4617 1139 4671 de
1159 4622 1240 4685 petra
1259 4613 1356 4683 tluxit,
1374 4613 1424 4669 tihi
1438 4611 1559 4684 sanguis
1581 4625 1596 4668 ε
1609 4609 1696 4667 Chri-

851 4717 904 4765 ste.
921 4707 1039 4763 iudaeus
1054 4704 1125 4761 bibit
1147 4702 1269 4767 mettii:
1290 4711 1321 4758 tu
1338 4717 1403 4759 cum
1419 4701 1526 4759 biberis
1543 4700 1623 4756 sitire
1638 4711 1697 4755 non

851 4795 966 4868 poteris.
992 4795 1028 4850 Et
1056 4794 1127 4850 illud
1148 4794 1177 4849 in
1202 4792 1316 4859 umbra,
1346 4792 1400 4847 hoc
1414 4791 1443 4846 iu
1459 4790 1588 4846 veritate.
1604 4789 1695 4845 ttem:

853 4887 948 4942 Potior
960 4892 1002 4941 εει
1013 4885 1064 4939 lux
1075 4896 1163 4953 quem
1175 4881 1288 4949 umbra,
1301 4881 1409 4937 veritas
1418 4893 1507 4950 quam
1519 4878 1623 4949 figura,
1639 4890 1699 4933 cor·

855 4989 908 5045 pus
922 4972 1048 5029 auctoris
1067 4985 1154 5041 quam
1168 4984 1275 5026 manna
1290 4970 1325 5025 de
1338 4968 1419 5025 coelc.
1435 4969 1524 5022 Item:
1542 4964 1699 5022 Probcmus

853 5077 911 5119 nou
932 5062 984 5116 hoc
998 5073 1057 5116 esse
1072 5059 1150 5128 quod
1173 5066 1279 5114 natura
1306 5057 1451 5124 tormavit,
1480 5055 1528 5111 sed
1557 5053 1634 5124 quod
1652 5052 1698 5109 be·

853 5150 977 5206 nedictic
1001 5146 1190 5213 consecravit,
1217 5147 1415 5216 majoremque
1442 5143 1500 5200 vim
1525 5157 1588 5199 esse
1615 5141 1699 5198 bene-

855 5238 989 5294 dictionis
1002 5250 1091 5307 quam
1108 5242 1231 5304 naturae,
1248 5234 1318 5305 quia
1334 5232 1531 5290 benedictione
1544 5230 1632 5288 etiam
1644 5243 1701 5307 na-

855 5333 923 5383 tura
938 5326 1000 5397 ipsa
1022 5331 1162 5382 mutatur.
1180 5323 1267 5381 Vides
1281 5321 1448 5393 prophetica
1463 5320 1557 5393 gratia
1577 5318 1622 5377 bis
1636 5332 1699 5377 mu·
