3804 5962
55 167 109 223 667
821 165 939 225 ΒΕΒΙΟ
958 167 1003 226 ltl.
1749 178 1812 235 ‘lae

53 292 106 360 pul
121 292 198 349 dum
222 289 387 348 imbellione
407 287 519 361 judaici
540 288 639 359 populi
657 302 742 346 suam
765 289 904 360 injuriam
919 296 943 348 ll
958 292 1114 351 scitatione
1137 293 1285 363 crucillxi,
1306 303 1335 352 et
1357 295 1393 352 de
1407 293 1545 355 electione
1560 296 1693 369 gentium
1711 301 1809 360 Domi·

56 381 239 441 intenderent
251 380 410 447 vindicare,
432 378 534 436 divina
548 378 602 435 boc
620 385 718 436 actum
737 385 781 436 est
795 379 907 450 dispen·
960 396 1017 439 uus
1046 383 1234 454 disponebat.
1267 385 1340 442 Bene
1365 384 1405 441 illi
1429 387 1512 456 pueri
1532 387 1729 460 quadraginta
1747 390 1813 461 :duo

55 471 177 540 satione,
201 478 232 528 ut
249 469 354 527 Christi
378 468 471 540 magis
490 467 629 538 iniuriam
649 468 788 538 punirent
811 469 906 539 ignari
961 470 1049 527 luisse
1070 480 1285 540 memorantur,
1315 473 1475 531 secundum
1499 475 1633 533 videlicet
1657 492 1814 537 numerum

56 574 146 632 quam
171 559 330 631 propriam.
356 557 401 615 Sic
415 558 523 628 quippo
538 557 572 614 de
585 561 676 613 Assur
695 557 836 615 Dominus
850 558 905 613 ait:
962 573 1117 628 annorum,
1134 576 1207 631 quos
1225 561 1267 617 eis
1285 562 1426 619 Dominus
1439 563 1475 619 ad
1499 566 1699 634 penitentiam
1713 566 1814 625 indnl-

56 655 150 709 Assur
171 652 253 718 oirqo
276 650 382 717 furoris
404 649 466 715 mci,
487 648 546 717 ipse
567 650 659 702 cutem
681 661 736 701 non
763 651 802 703 sic
832 647 907 703 orbi·
962 656 1047 705 serat.
1072 648 1296 722 Quadragesimo
1321 652 1427 723 quippe
1452 665 1529 709 anno
1553 655 1719 713 secundos
1744 657 1814 715 Pas-

57 741 188 796 trubutur
211 740 278 810 (ιιι.
305 752 338 805 x,
361 738 401 808 5).
423 736 496 795 Cum
519 736 596 793 enim
622 749 671 807 per
691 736 831 807 populum
859 740 909 793 As
963 738 1042 795 sione
1063 738 1189 805 Domini,
1206 739 1269 796 bec
1282 739 1323 797 eis
1346 740 1494 798 calamitas
1518 743 1630 800 accidit.
1653 743 1706 802 Sed
1729 759 1814 804 neca

56 842 105 886 sur
132 828 278 886 Dominus
311 828 341 883 in
374 825 479 897 populo
509 839 561 882 suo
593 824 752 882 vindictam
784 833 908 896 exercet,
964 826 1097 897 mysterio
1112 835 1205 894 vacat,
1224 828 1303 899 quod
1323 830 1432 887 sanatis
1447 831 1532 902 aquis
1556 832 1669 890 iericho
1691 833 1813 894 elisam

56 920 115 991 ipse
138 919 236 976 Assur
258 917 343 990 quasi
358 917 441 989 virga
463 915 570 974 estira
594 916 653 983 Dei,
679 916 733 973 boc
751 923 794 973 est
813 914 911 986 llagel·
964 915 1143 985 Betbel,1boc
1165 925 1206 975 est
1221 917 1391 975 addomum
1413 920 1463 976 Dei
1486 921 1673 980 ascendebat:
1696 937 1765 982 cnm
1782 930 1814 983 ct

57 1009 117 1066 lum
137 1007 277 1066 vindictae
300 1006 402 1078 ipsius.
427 1005 507 1071 Quod
531 1012 629 1062 tamen
649 1005 704 1062 boo
728 1004 826 1062 divine
850 1004 910 1061 dis·
966 1004 1104 1061 Dominus
1120 1005 1149 1061 in
1165 1005 1263 1062 Remis
1284 1006 1667 1082 Palmarumlercsolymam
1681 1011 1812 1078 veniens,

58 1096 228 1170 pensatione
252 1099 371 1169 geratur
391 1096 515 1167 ignorat,
542 1095 613 1164 quia
640 1093 694 1150 boe
718 1100 810 1151 totum
832 1092 910 1164 quod
964 1107 1032 1150 cum
1052 1107 1101 1164 per
1114 1094 1227 1151 lericbo
1240 1096 1384 1165 transiret,
1401 1111 1534 1168 egressus
1556 1099 1709 1158 indeduos
1725 1114 1816 1160 cecos

58 1186 199 1258 praevalet
213 1200 273 1242 non
293 1184 400 1241 divina
412 1183 597 1250 ordinationi,
613 1183 663 1239 sed
677 1181 800 1253 propriis
817 1183 909 1240 virtu·
965 1183 1131 1240 sanaverit.
1164 1184 1219 1250 oui
1244 1183 1368 1255 prolecto
1399 1194 1557 1258 antequam
1585 1202 1636 1259 per
1665 1189 1814 1248 christum

59 1277 136 1332 tibus
155 1275 287 1332 ascribit.
302 1273 371 1331 lale
390 1273 461 1344 quid
480 1272 557 1330 etde
572 1272 633 1330 istis
653 1271 789 1328 Romanis
807 1272 913 1343 princi·
967 1278 1025 1328 tam
1040 1285 1158 1343 corpore
1179 1286 1269 1344 quam
1283 1275 1381 1331 anima
1402 1275 1649 1346 illuminarentur,
1663 1286 1691 1336 et
1711 1278 1748 1337 ob
1762 1279 1817 1338 boc

59 1366 146 1438 pibus
172 1363 325 1422 Psalmista
349 1362 529 1436 previdens,
555 1361 825 1419 exterminationem
853 1374 913 1418 ιιι
967 1374 1034 1417 cnm
1057 1369 1257 1432 sequerentur,
1283 1365 1366 1435 quasi
1389 1378 1476 1436 aqum
1500 1366 1611 1423 steriles
1625 1375 1719 1437 erant,
1743 1369 1815 1426 dnm

58 1455 155 1528 gentis
181 1453 369 1525 deplorabat,
394 1453 435 1508 sic
460 1452 495 1508 ad
517 1465 585 1508 eum
612 1464 794 1522 conquerens
825 1450 910 1521 (Psoi.
969 1448 1066 1506 adbuc
1079 1451 1157 1506 omni
1172 1458 1257 1508 vento
1272 1452 1411 1510 doctrine
1425 1454 1600 1513 lluctuantes
1616 1456 1688 1528 quid
1702 1456 1818 1517 credere

59 1558 164 1612 nxxnr,
180 1546 196 1600 3
211 1549 240 1599 ιι
254 1541 348 1613 ιιι.);
375 1540 485 1606 Quanto
498 1541 665 1609 moliqnotus
681 1545 721 1594 est
738 1541 865 1594 inimicus
883 1542 914 1595 in
931 1513 952 1568 Β
969 1535 1105 1595 deberent
1128 1547 1239 1598 certum
1260 1555 1319 1598 non
1345 1542 1501 1613 habebant,
1527 1550 1555 1602 ιι
1583 1544 1620 1602 ob
1643 1545 1698 1603 boc
1719 1544 1819 1604 lrnctu

59 1635 172 1691 smtcto!
188 1632 231 1690 Ac
244 1631 268 1688 si
282 1631 403 1688 diceret:
416 1629 439 1687 0
454 1636 580 1702 quantas
589 1628 714 1686 malitias
728 1628 914 1686 etabomina-
969 1625 1091 1696 spiritali
1106 1636 1245 1686 carentes.

60 1725 153 1781 tiones
162 1722 212 1779 ille
220 1720 419 1779 Romanorum
430 1718 556 1791 populus
568 1718 698 1775 exercuit
709 1718 740 1775 in
756 1717 817 1789 ipso
828 1719 915 1775 etiam
1006 1717 1041 1773 Ut
1054 1724 1151 1774 autem
1166 1727 1272 1776 nostrae
1286 1722 1461 1779 narrationis
1475 1728 1589 1780 textum
1608 1723 1819 1794 superioribus,

61 1812 168 1884 templo
202 1818 231 1868 et
253 1810 419 1867 sanctuario
446 1807 545 1865 divino
565 1806 571 1862 l
591 1811 627 1864 lli
648 1808 760 1876 plorimi
783 1812 848 1864 sunt
867 1813 916 1879 qni
969 1819 1036 1876 quae
1054 1806 1217 1866 intermissa
1239 1808 1365 1881 fuerant,
1386 1813 1565 1882 copulemus,
1591 1827 1668 1882 cum,
1693 1820 1728 1871 ut
1742 1812 1819 1871 dixi-

61 1903 180 1959 odcrunt
199 1905 226 1955 te
246 1913 349 1957 rernm
372 1899 475 1964 Deum,
499 1901 642 1968 tanquam
664 1896 834 1954 idololatrias
850 1897 915 1954 cul·
969 1908 1043 1961 mus,
1059 1896 1198 1955 Dominus
1220 1898 1427 1971 ierosolymam
1448 1901 1578 1969 veniens,
1599 1901 1731 1959 loturam
1744 1900 1820 1961 ciri·

63 2000 148 2057 tores,
172 1991 245 2060 quia
269 1988 427 2045 daemones.
452 1985 593 2056 Gloriari,
615 1986 748 2057 inquam,
772 1987 803 2040 in
825 1986 914 2041 medio
970 1984 1037 2040 tatis
1060 1985 1177 2042 ruinam
1199 1986 1375 2057 deplorasset
1398 1989 1643 2059 supradixisset,
1672 1990 1820 2048 civitatem

61 2080 247 2137 solemnitatis
270 2081 333 2145 tua,
347 2076 401 2132 boc
421 2084 462 2131 est
481 2075 556 2131 inter
574 2073 635 2130 dies
659 2073 816 2145 paschales,
841 2089 915 2146 quos
971 2070 1118 2143 ingressus
1149 2088 1214 2131 cnm
1239 2076 1330 2134 multo
1351 2077 1562 2135 exsultantium
1587 2078 1742 2137 turbarum
1773 2091 1821 2136 co

63 2171 180 2240 tuipse
202 2167 238 2223 ad
260 2166 397 2223 honorem
418 2164 461 2221 tui
483 2164 624 2221 solemnes
654 2163 828 2221 institueras.
860 2164 915 2221 ιι-
970 2160 1084 2231 ιιιιιιι,
1101 2163 1137 2218 ad
1153 2163 1293 2234 templum
1308 2172 1449 2237 tanquam
1460 2166 1609 2237 propriam
1622 2166 1742 2225 domum
1757 2180 1821 2239 per·

62 2268 139 2315 stum
165 2257 276 2329 quippe
301 2254 356 2311 luit
370 2261 403 2311 ιι
422 2253 513 2311 ludaei
535 2252 587 2324 qui
608 2252 638 2309 in
664 2251 842 2309 solemnitate
868 2266 915 2322 pa·
969 2248 1081 2307 venisse
1097 2251 1230 2319 retertur,
1253 2260 1281 2309 ct
1296 2253 1325 2310 in
1347 2253 1410 2325 ipso
1429 2254 1645 2326 tamjustitiam
1660 2269 1751 2327 qnam
1769 2254 1822 2315 ml·

63 2347 156 2405 scbali
189 2345 336 2402 Christum
359 2343 533 2411 occiderant,
555 2342 651 2399 locum
678 2348 706 2398 et
732 2348 846 2414 gentem
865 2355 915 2412 per
969 2336 1156 2397 sericordiam
1169 2354 1316 2411 exercens,
1339 2356 1405 2399 cum
1429 2343 1496 2400 inde
1516 2344 1709 2416 negotiatores
1722 2349 1821 2415 poten·

63 2452 130 2494 eum
164 2435 298 2493 amittere
335 2440 513 2502 metuentes,
545 2432 575 2488 in
602 2431 702 2489 eadem
736 2431 916 2488 solemnitate
970 2433 1013 2483 ter
1025 2428 1194 2499 expulisset,
1217 2445 1365 2503 caecosque
1383 2431 1489 2489 ibidem
1504 2441 1531 2490 ιι
1555 2432 1675 2490 claudos
1694 2437 1819 2501 sanaret,

63 2525 151 2598 capri,
167 2539 220 2597 per
242 2525 310 2581 istos
333 2523 363 2579 in
386 2529 558 2594 perpetuum
576 2521 852 2588 exterminarentur,
870 2518 915 2577 ιιι
970 2513 1062 2586 ipsam
1092 2519 1207 2576 Domini
1237 2519 1356 2579 domum
1380 2522 1586 2580 reconciliarit.
1612 2522 1742 2594 Ejecerat
1759 2522 1821 2594 jam

63 2616 185 2673 omnino
205 2614 411 2684 perderentnr3
435 2625 487 2682 per
510 2610 589 2677 istos,
609 2610 741 2681 inquam,
762 2608 915 2680 Vespasia·
970 2606 1027 2661 alia
1039 2606 1101 2664 rice
1112 2607 1183 2665 tales
1198 2609 1233 2665 de
1248 2610 1365 2680 templo,
1376 2612 1454 2683 qnod
1470 2610 1549 2668 solus
1562 2612 1688 2669 loannes
1697 2624 1820 2670 comme-

64 2718 135 2762 num
160 2702 269 2759 scilieet
292 2708 413 2772 patrem,
441 2707 469 2757 et
491 2699 601 2768 Titum,
624 2698 689 2769 ejus
712 2699 815 2766 illium,
832 2698 917 2768 puni·
971 2701 1064 2751 morat
1087 2696 1183 2767 (blora
1207 2711 1238 2765 ιι,
1257 2697 1319 2769 ιι).
1343 2699 1397 2755 Sed
1420 2698 1456 2755 de
1479 2698 1534 2755 hac
1556 2698 1659 2756 ultima
1682 2699 1821 2771 ejectione

64 2800 169 2850 rentur
184 2789 236 2858 illi,
252 2789 304 2861 qui
322 2789 352 2845 in
374 2789 466 2845 Deum
487 2787 599 2844 Patrem
614 2795 641 2844 et
660 2787 723 2858 ejns
738 2785 841 2843 Filium
858 2794 917 2842 tam
971 2783 1103 2842 scribunt
1115 2786 1174 2856 alii,
1195 2787 1313 2858 quando
1330 2787 1459 2844 videlicet
1474 2786 1549 2845 iacto
1564 2787 1678 2860 llagello
1692 2787 1728 2845 de
1740 2785 1822 2846 iuni·

65 2881 195 2954 graviter
215 2879 410 2950 deliquerunt.
426 2876 544 2934 Gloriati
559 2883 628 2932 sunt
642 2875 677 2932 de
692 2875 813 2933 victoria
828 2888 919 2946 quam
934 2844 956 2902 ὓ
973 2873 1047 2931 culis
1066 2889 1164 2933 omnes
1177 2875 1269 2946 ejecit.
1292 2877 1409 2934 Marcus
1432 2891 1501 2934 vero
1521 2877 1607 2935 relcrt
1621 2876 1694 2948 (cup.
1715 2891 1757 2947 ιι,
1775 2876 1821 2950 ιι)

64 2971 268 3036 ιιιιιιιιιιι,
291 2967 449 3024 nescientes
473 2965 551 3038 quod
571 2972 686 3036 propter
706 2971 822 3036 peccata
841 2963 918 3022 illius
972 2963 1047 3020 banc
1065 2963 1233 3035 eiectionem
1248 2979 1307 3023 non
1330 2966 1360 3023 in
1383 2966 1481 3023 llamis
1502 2966 1679 3036 Palmarum,
1705 2967 1755 3025 sed
1779 2980 1821 3025 sc·

63 3059 163 3132 populi
181 3059 245 3115 brec
264 3057 341 3115 Deus
354 3055 514 3128 permiserit
536 3055 608 3112 lieri.
630 3054 711 3111 Unde
724 3062 752 3111 et
766 3053 916 3124 seqnitur:
972 3054 1072 3126 quenti
1094 3054 1140 3111 die
1165 3069 1232 3112 oum
1257 3056 1363 3114 rediret
1385 3056 1525 3113 Dominus
1546 3056 1761 3127 lerosolymam,
1780 3057 1822 3116 la·

62 3152 219 3205 Presserunt
239 3151 321 3216 sipno
342 3162 412 3216 sne,
438 3146 492 3202 boc
513 3151 564 3208 cst,
597 3142 706 3200 vexilla
740 3149 914 3212 erexerunt,
971 3151 1047 3201 ctam
1069 3142 1173 3202 inisse.
1189 3146 1223 3202 ln
1246 3145 1343 3203 llamis
1365 3153 1461 3203 tamen
1483 3147 1650 3204 Palmarum
1664 3144 1726 3218 ipse
1748 3161 1821 3218 qno·

63 3245 209 3311 tanquam
233 3236 361 3294 victoria
388 3237 491 3304 sipno.
513 3234 589 3290 Sicut
618 3237 648 3288 in
671 3234 766 3303 ιιιιι,
799 3234 853 3290 boe
875 3238 917 3290 est
971 3247 1029 3304 que
1049 3232 1204 3290 Dominum
1227 3241 1432 3291 commemorat
1452 3234 1573 3291 intrasse
1595 3234 1745 3305 templum,
1770 3232 1822 3292 sed

63 3326 406 3398 moretriumpbantium,
414 3323 503 3397 quiin
510 3323 599 3395 portis
607 3322 916 3393 captarnmciritatum
971 3321 1001 3378 in
1017 3335 1050 3378 co
1064 3321 1137 3378 nibil
1151 3321 1290 3394 exegisse,
1302 3321 1359 3379 nisi
1374 3322 1587 3395 circumspectis
1606 3322 1741 3382 omnibns
1755 3337 1823 3396 que

62 3419 183 3490 erigunt
207 3429 261 3473 sna
282 3423 391 3486 tropaea
409 3429 492 3484 snper
511 3428 657 3479 semmam,
681 3412 736 3469 boc
758 3419 800 3469 ιιι
824 3410 853 3468 ιι
874 3411 915 3467 al·
970 3411 1101 3480 aderant,
1118 3425 1184 3468 cum
1201 3410 1262 3482 jem
1279 3425 1399 3482 vespera
1412 3420 1496 3480 esset,
1519 3413 1548 3469 in
1564 3412 1733 3470 Bethaniam
1751 3425 1821 3470 cum

62 3510 135 3565 licre
149 3506 215 3563 loco
228 3505 362 3573 civitatis,
379 3504 457 3561 unde
471 3502 566 3575 magis
581 3502 618 3558 ab
640 3501 856 3560 introeuntibus
870 3501 917 3558 ιιι
969 3498 1120 3557 duodecim
1142 3498 1257 3558 redisse.
1271 3500 1354 3567 Quod
1377 3501 1468 3572 igitur
1480 3500 1530 3557 alii
1544 3501 1741 3574 evangeliste,
1755 3501 1822 3560 llat-

61 3595 242 3654 exeuntibus
263 3592 391 3664 conspici
421 3591 545 3664 possint.
578 3592 613 3647 ιιι
643 3605 710 3647 curn
733 3597 834 3659 ιιιιι,
859 3590 917 3647 Deo
970 3588 1064 3645 thaeus
1088 3589 1197 3660 (llottb.
1215 3603 1277 3658 xxi,
1304 3589 1348 3660 ιι)
1371 3589 1480 3646 ιιιιιιιι
1502 3601 1536 3646 ac
1552 3592 1642 3647 Lucas
1665 3590 1742 3663 (Luc.
1757 3603 1820 3660 xlx,

62 3684 260 3757 permittente,
276 3688 405 3756 agerent,
431 3696 486 3737 non
505 3689 601 3738 tamen
622 3682 820 3750 cognoverunt,
846 3677 917 3750 quid
969 3676 1026 3748 45),
1038 3677 1093 3733 boc
1107 3678 1297 3748 praetermisso
1311 3677 1478 3749 ejectionem
1491 3677 1570 3735 illam
1585 3684 1820 3749 commemorent,
1889 3698 1899 3707 ·

63 3775 174 3832 scilicet
196 3779 325 3845 agerent,
353 3770 424 3842 qnia
444 3770 538 3842 [suam
558 3775 671 3827 tantum
703 3767 841 3841 iniuriam
868 3767 918 3824 ιι-
970 3764 1115 3822 succincte
1136 3780 1188 3837 per
1201 3766 1438 3838 anticipationem
1450 3767 1558 3824 dixisse
1572 3768 1719 3838 ridentur,
1734 3775 1762 3827 et
1784 3767 1823 3826 ad

65 3864 134 3921 cisci
149 3861 345 3930 crediderunt,
365 3859 416 3917 sed
436 3873 495 3916 non
516 3858 657 3923 divinam,
680 3865 709 3914 et
730 3857 791 3927 suis
804 3855 919 3913 viribus
970 3869 1079 3926 eaquae
1094 3856 1294 3926 praemiserant
1307 3870 1437 3927 congrue
1452 3857 1653 3914 connexuisse.
1669 3857 1823 3916 llattbaeus

66 3953 122 4011 boc
146 3951 241 4025 magis
263 3950 399 4022 potuisse,
423 3962 513 4021 quam
537 3947 723 4020 promissione
738 3945 839 4004 divina
858 3960 919 4018 qua
972 3944 1081 4015 quippe
1109 3958 1176 4001 cum
1206 3944 1389 4015 praemisisset
1421 3944 1576 4001 Dominum
1600 3945 1707 4004 dixisse
1740 3946 1824 4004 disci·

67 4042 190 4100 tradidit
204 4040 317 4112 impios.
973 4032 1068 4103 pulis:
1090 4034 1132 4088 lte
1162 4037 1192 4088 in
1219 4032 1360 4089 casalium
1385 4033 1458 4105 quod
1489 4039 1587 4089 contro
1616 4049 1663 4090 cos
1694 4038 1744 4104 est,
1765 4042 1821 4093 etc.

102 4131 193 4189 Pueri
218 4131 316 4201 itaque
339 4127 456 4200 parvuli
478 4141 553 4199 quos
577 4125 706 4197 predicti
732 4122 920 4197 perdiderunt
935 4124 958 4179 D
975 4121 1085 4193 (ιιιιιι.
1110 4137 1170 4193 ιιι,
1194 4122 1240 4194 ι),
1265 4129 1293 4179 ιι
1316 4124 1407 4180 Lucas
1428 4123 1571 4182 retulisset
1593 4125 1685 4182 Deum
1705 4123 1824 4184 ruinam

68 4222 146 4292 ursi,
164 4219 236 4292 quia
258 4218 413 4277 illuserunt
434 4216 548 4284 Elisaeo,
575 4213 627 4286 ipsi
650 4220 720 4272 sunt
742 4213 835 4271 iudai
858 4221 921 4271 ian·
975 4212 1098 4270 civitatis
1113 4212 1260 4271 dellerisse
1283 4213 1358 4284 (buc.
1382 4227 1445 4284 xrx,
1470 4214 1526 4286 ll),
1549 4223 1758 4286 consequenter
1771 4229 1824 4275 ex·

69 4325 163 4384 qnam
184 4322 272 4367 sensu
294 4314 433 4377 carentes,
449 4320 544 4378 neque
568 4318 619 4376 per
633 4303 736 4376 legem,
756 4316 851 4374 neque
871 4317 922 4374 per
977 4301 1101 4371 primere
1126 4308 1321 4372 curaverunt,
1346 4316 1474 4374 quorum
1496 4304 1583 4376 culpa
1605 4306 1752 4378 precipue
1775 4304 1826 4364 illa

69 4408 110 4459 tot
134 4399 221 4471 signa
239 4396 386 4456 Christum
404 4401 618 4469 cognoscentes,
641 4401 668 4450 et
689 4394 730 4450 sic
754 4406 856 4450 avers
879 4405 923 4449 sa·
975 4390 1163 4449 contrarietas
1185 4390 1232 4449 rel
1247 4390 1302 4449 ista
1323 4391 1410 4449 ruina
1434 4393 1624 4465 contingeret,
1649 4395 1705 4452 boc
1721 4401 1764 4453 est
1782 4406 1827 4453 sa·

70 4488 192 4562 pientia,
208 4501 275 4560 qnae
290 4486 350 4559 ipse
368 4493 421 4555 est,
435 4484 522 4542 alieni
536 4490 564 4541 et
583 4484 613 4540 in
628 4482 783 4553 reprobum
804 4495 923 4539 sensum
974 4480 1123 4538 cerdotum
1141 4480 1186 4537 ιιι
1210 4488 1380 4539 ceterorum
1395 4482 1497 4551 templl
1512 4482 1721 4542 ministrorum.
1744 4483 1827 4543 Unde

70 4578 181 4638 traditi.
196 4576 261 4635 Non
274 4576 351 4634 enim
368 4575 464 4633 taliter
475 4573 588 4632 Christo
603 4570 757 4630 illuderent
771 4578 838 4629 ante
852 4585 922 4629 crn-
975 4568 1005 4625 in
1022 4569 1084 4641 ipso
1106 4569 1211 4641 templo
1235 4570 1311 4627 banc
1326 4570 1356 4627 in
1381 4584 1429 4628 eos
1453 4572 1591 4629 ultionem
1607 4573 1732 4631 decrevit
1745 4585 1827 4632 exer·

67 4668 247 4738 cifixioncm,
265 4680 319 4723 nec
332 4663 422 4722 Pilato
433 4664 622 4722 inclamarent
637 4678 644 4718 :
660 4663 796 4732 ιιιιιιιι,
814 4663 923 4734 crump-
975 4673 1048 4728 cere,
1074 4667 1215 4731 tanquam
1236 4674 1289 4731 per
1312 4660 1367 4717 boc
1391 4667 1522 4730 palenier
1549 4660 1704 4720 insinuans
1725 4675 1827 4721 eornm

68 4756 258 4830 pceumssatc.
269 4768 364 4822 xxnr,
377 4755 438 4824 ill:
450 4752 528 4824 quod
539 4752 677 4825 estquasi
688 4751 782 4808 dicere
793 4751 920 4808 Christo:
976 4748 1127 4818 malitiam,
1143 4757 1171 4808 ιι
1185 4749 1262 4807 circa
1277 4751 1368 4807 Deum
1390 4749 1609 4823 negligentiam,
1633 4751 1739 4810 borum
1760 4766 1827 4825 que

68 4847 206 4916 maenae,
223 4842 438 4914 calceamento
456 4841 530 4898 coloe
542 4840 600 4912 (IV
611 4843 677 4911 llep.
694 4855 725 4909 ιι,
739 4838 805 4911 24))
823 4839 924 4898 Cruci·
977 4839 1107 4897 diximus
1120 4853 1239 4897 causam
1253 4839 1385 4898 existere.

68 4938 137 4997 fixio
160 4935 271 5009 quippe
291 4934 397 4994 cbristi
427 4931 556 4990 ascensio
584 4938 626 4989 est
653 4929 766 4989 crucis.
801 4929 924 4989 calvum
1011 4928 1109 4986 Primo
1123 4929 1223 5001 itaque
1241 4943 1309 4986 cum
1324 4942 1430 5001 magno
1442 4926 1581 4986 comitatu
1594 4929 1749 4989 turbarum
1762 4930 1828 4991 lau·

67 5034 192 5095 rocani,
216 5038 305 5096 quem
327 5021 449 5082 terrenis
470 5020 590 5079 auxiliis
611 5020 657 5078 rel
680 5020 784 5091 opibus
805 5019 924 5077 destitu·
978 5019 1027 5075 des
1052 5018 1278 5075 acclamantium
1295 5018 1434 5089 templum
1458 5017 1623 5089 ingressus,
1643 5025 1671 5077 et
1692 5021 1830 5080 omnibus

69 5124 130 5176 tum
146 5114 259 5173 rident.
276 5112 343 5170 lale
357 5120 399 5169 est
422 5125 506 5183 ergo:
523 5110 658 5178 Ascende,
678 5109 764 5165 coloci
783 5116 924 5181 tanquam
978 5107 1194 5178 circumspectis
1215 5107 1283 5164 binc
1304 5120 1457 5178 egressus,
1490 5105 1658 5165 Bethaniam
1682 5110 1777 5179 rediit,
1800 5117 1830 5169 et

69 5208 91 5264 si
104 5207 264 5265 dicerent:
288 5203 334 5261 l'u
355 5202 460 5267 miser,
489 5201 626 5258 omnibus
655 5199 738 5257 bonis
770 5199 922 5269 destitute,
978 5196 1194 5264 incrastinum,
1211 5195 1396 5264 utdiximus,
1419 5196 1495 5251 banc
1514 5203 1681 5266 potestatem
1695 5212 1831 5259 exercere

71 5296 119 5370 qni
144 5303 214 5353 tea
239 5292 323 5351 nobis
345 5291 533 5350 exaltandum
561 5303 623 5347 esse
646 5288 834 5360 praedixeras,
858 5288 925 5346 reni
979 5283 1101 5342 distulit.
1125 5286 1240 5356 inquo
1264 5284 1383 5355 quidem
1406 5298 1461 5342 nos
1484 5285 1632 5344 moraliter
1654 5287 1782 5354 instruit,
1801 5294 1832 5349 ιι

72 5384 139 5456 bue,
165 5382 328 5442 ascendens
342 5395 458 5440 crucem
475 5379 613 5439 exaltare.
630 5379 689 5437 lloc
707 5377 785 5435 enirn
799 5392 851 5450 per
868 5377 927 5435 iro·
979 5373 1114 5446 porentia
1135 5388 1195 5432 sua
1222 5371 1455 5445 magnitudinem
1477 5374 1617 5435 ostendit.
1644 5377 1729 5436 Prius
1750 5388 1831 5443 enm

71 5477 149 5538 mam
164 5473 324 5536 illudentes
347 5470 501 5539 dicebant,
525 5468 606 5542 qnod
627 5467 657 5528 in
675 5467 797 5528 veritate
816 5466 852 5526 de
877 5480 928 5527 ex·
979 5464 1058 5524 mala
1072 5478 1140 5539 quae
1158 5463 1340 5538 corrigamus
1361 5462 1514 5540 dibgenter
1533 5464 1692 5540 inquirere,
1707 5475 1736 5527 et
1752 5480 1837 5542 prn-⁴

255 5570 385 5644 Ptraon.
411 5564 592 5642 unatim
1611 5567 1652 5632 lli
