3804 5962
1441 48 1459 81 l

113 244 166 303 ’730
379 239 482 297 PETRI
501 238 687 298 ABAELARDI
706 238 781 300 OPP.
802 240 893 298 etus
910 238 1245 303 1tt.-ruuol.oulca
1264 243 1308 301 ΕΤ
1327 242 1594 303 efflbosoeluca.
1811 247 1862 302 tto

112 368 148 427 de
163 380 222 439 quo
237 363 377 436 scriptum
396 372 461 421 est:
485 367 552 420 lieet
567 365 615 420 luc
640 380 704 420 aero
732 380 793 435 pua
818 365 959 422 illuminat
973 367 997 422 ll
1013 366 1122 425 lactum
1145 369 1221 440 qnod
1236 371 1272 427 sit
1296 369 1512 442 corrigendum,
1527 370 1614 427 etiam
1639 368 1754 442 aliquid
1782 385 1860 428 coat-

112 471 217 515 omnem
239 455 464 521 bominem,etc.
489 456 567 522 (loon
592 453 960 526 1,o).1tcnatuncprtrno
1014 457 1165 530 paratione
1205 459 1393 530 precedentis
1426 458 1649 528 imperfectionis
1685 473 1745 516 csse
1770 459 1860 531 perle·
1899 530 1901 541 Ι

112 546 251 620 propbeta
291 542 508 610 demonstravit,
547 557 613 600 cum
644 543 680 601 ad
714 544 807 601 lucem
836 558 959 616 operum
1014 555 1094 604 otum
1122 547 1266 604 innuitur.
1298 549 1370 605 Bene
1397 548 1502 614 lucem,
1531 549 1558 604 id
1588 556 1630 605 est
1649 549 1862 607 distinctionem
1900 546 1901 553 ’

111 637 159 693 liei
176 632 360 705 pervenisset,
391 646 440 701 per
463 645 552 703 quam
578 632 697 704 quidem
723 632 815 690 lucem
838 647 959 704 operum
1012 649 1143 707 opernm,
1160 637 1235 694 [teus
1263 637 1412 708 approbat,
1434 639 1503 709 quia
1520 651 1570 708 per
1591 651 1654 694 eam
1679 639 1860 696 excellentiae

112 723 189 779 lieres
202 716 312 776 homiui
332 718 545 790 quodammodo
569 719 647 791 loqui
664 726 692 777 et
713 720 840 792 seipsum
865 723 958 778 mani·
1013 739 1074 781 suae
1089 723 1205 782 laudem
1220 727 1486 795 nobismanilestat,
1514 727 1652 797 quoniam
1678 727 1743 783 laus
1765 731 1861 798 operis

112 809 216 868 lestare
234 809 327 879 primo
344 808 470 878 incoepit,
499 807 574 866 sicut
598 817 626 866 et
651 808 805 881 Apostolus
831 818 961 881 patenter
1013 812 1044 870 in
1063 813 1206 871 artillcem
1222 815 1375 872 redundat.
1393 816 1474 873 Unde
1492 818 1579 872 etiam
1595 817 1629 872 de
1643 815 1688 873 bis
1710 831 1777 889 qliae
1794 831 1860 888 pro·

89 897 237 969 ¹edocuit,
266 896 382 954 diceus:
399 897 557 953 invisibilia
579 899 652 953 enim
675 903 809 970 ipsius,o
834 907 961 955 creottoo
1014 911 1076 974 pter
1100 903 1245 960 bominem
1274 905 1354 973 tacit,
1380 919 1445 961 cum
1464 905 1571 962 dicitur
1588 905 1648 975 ipse
1672 905 1771 962 ridere
1791 906 1861 977 qttia

110 997 208 1055 maadi
220 1011 270 1066 pet·
289 1011 321 1051 eo
344 997 564 1064 pcasoetcsuat
577 996 716 1053 intellecto
740 1001 954 1068 conspiciuntur,
1014 991 1090 1049 berna
1108 991 1177 1053 sint.
1193 993 1274 1049 nullo
1293 995 1376 1050 modo
1392 992 1497 1050 rectius
1526 993 1646 1065 intelligi
1678 1003 1748 1065 puto
1771 1009 1861 1066 quam

24 1152 27 1156 ¹
112 1091 167 1145 ete.
202 1086 288 1158 (Rom.
306 1101 325 1152 ι,
340 1089 397 1153 20).
428 1086 503 1143 itum
527 1086 618 1158 igitur
647 1085 696 1144 illa
721 1087 818 1145 adbuc
839 1087 960 1146 mulusa
1013 1081 1090 1152 quod
1105 1096 1139 1137 ea
1153 1081 1194 1138 sic
1209 1082 1333 1150 ordinat,
1355 1091 1386 1140 ut
1406 1085 1556 1140 uosetiam
1576 1082 1625 1140 illa
1640 1083 1714 1141 bona
1741 1099 1803 1141 esse
1822 1084 1862 1138 ti-

113 1174 261 1248 congeries
285 1188 338 1231 nec
372 1174 447 1230 visui
473 1188 525 1230 nec
549 1173 656 1231 notitia
677 1189 708 1232 se
741 1177 881 1245 preberet
904 1176 958 1233 bu·
1012 1170 1080 1227 dere
1104 1169 1200 1237 iaciat,
1217 1172 1292 1229 sicut
1307 1180 1334 1229 et
1363 1173 1509 1229 Abrabam
1530 1172 1620 1229 dicit:
1643 1173 1721 1230 Nunc
1749 1176 1863 1242 copones·

91 1332 93 1336 ,
114 1281 220 1336 mauae,
249 1281 302 1324 nec
322 1266 409 1324 alicui
424 1274 492 1338 apta
519 1267 597 1332 usui,
611 1268 658 1324 vel
673 1267 775 1339 angelo
790 1268 833 1326 vel
849 1267 960 1344 bomini
1013 1259 1086 1331 quod
1101 1263 1196 1316 timeos
1213 1263 1357 1318 Dominum
1378 1264 1454 1330 (Gen.
1472 1276 1544 1327 xxn,
1565 1263 1618 1334 la),
1639 1263 1728 1320 idest
1751 1278 1862 1336 cogno-

112 1356 205 1429 sijam
221 1364 295 1413 esset
317 1362 441 1423 creatus,
458 1364 624 1427 appareret,
640 1357 724 1426 quasi
741 1356 863 1413 tacuisse
883 1358 960 1415 lteus
1013 1349 1053 1405 sel
1072 1348 1136 1406 lesi.
1154 1350 1226 1406 ilua
1247 1360 1289 1407 est
1308 1351 1387 1421 quod
1414 1351 1548 1407 secunda
1565 1350 1619 1407 diei
1635 1365 1722 1422 opera
1742 1351 1772 1407 in
1798 1366 1860 1408 sus-

110 1446 291 1516 ostenditur3
308 1444 378 1516 quia
408 1445 537 1501 nondum
550 1443 607 1501 tale
627 1444 698 1515 quid
718 1445 747 1501 in
772 1444 821 1500 illa
847 1453 957 1516 egerat,
1014 1437 1151 1508 pensione
1172 1439 1280 1496 scilicet
1295 1438 1477 1508 superiorum
1494 1451 1640 1510 aquarum
1664 1438 1785 1495 minime
1809 1453 1859 1510 ap·

109 1535 188 1593 uude
202 1533 314 1604 aliquid
331 1533 390 1605 ipse
414 1532 494 1604 loqui
518 1531 638 1601 valeret,
654 1533 709 1588 boc
734 1542 777 1589 est
799 1533 958 1589 humanam
1014 1527 1136 1596 probare
1164 1528 1280 1596 dicitur,
1306 1542 1374 1585 cum
1398 1543 1450 1584 uos
1470 1528 1499 1585 id
1518 1527 1636 1584 minime
1667 1527 1787 1584 laudare
1815 1529 1862 1584 la·

110 1622 255 1680 instruere
274 1622 415 1679 rationem
432 1631 520 1693 atque
544 1621 673 1694 aliquam
695 1621 869 1679 excellentie
898 1634 959 1678 sua
976 1655 997 1710 B
1014 1619 1081 1684 ciat,
1106 1616 1191 1688 eujus
1215 1620 1309 1688 operis
1335 1618 1475 1674 rationem
1506 1618 1552 1675 vel
1570 1618 1722 1675 utilitatem
1747 1632 1861 1691 nequa-

108 1711 393 1784 prebereuotitiam.
1015 1720 1105 1777 qnam
1122 1706 1306 1777 percipimus.
1390 1783 1394 1786 ἡ

144 1801 309 1858 Notandum
324 1797 435 1856 veroin
451 1798 505 1857 boc
529 1799 589 1870 ipso
612 1798 728 1857 Genesis
752 1799 871 1857 exordio
893 1800 957 1857 fidei
1049 1797 1083 1850 Ει
1110 1796 1205 1851 divisit
1230 1797 1353 1851 lacerto
1379 1796 1505 1851 tenebris.
1541 1797 1600 1853 lioc
1626 1802 1668 1853 est
1695 1795 1862 1867 operatione

109 1900 215 1947 nostrae
241 1889 464 1946 laudamentum
488 1888 566 1944 eirea
581 1887 722 1944 unitatem
737 1887 785 1944 Dei
814 1901 847 1944 ac
862 1888 956 1944 Trint·
1011 1899 1065 1942 sua
1081 1885 1238 1956 perlectum
1250 1887 1385 1942 discrevit
1401 1888 1437 1943 ab
1459 1885 1623 1955 imperleeto
1645 1894 1673 1942 et
1692 1884 1862 1941 distinctum

107 1987 196 2037 tatem
222 1976 390 2049 prophetam
405 1976 559 2048 diligenter
574 1977 759 2047 expressisse.
781 1976 854 2034 Cum
880 1977 957 2033 enirn
1011 1988 1029 2031 a
1053 1974 1182 2031 coriluso.
1203 1973 1448 2045 Superiusautem
1470 1973 1522 2031 ubi
1537 1974 1576 2030 ait
1592 1990 1599 2029 :
1618 1975 1750 2045 Dicitque
1766 1977 1859 2030 Deos:

110 2068 216 2124 dixerit
232 2067 352 2136 Spiritus
371 2068 489 2133 Domini,
503 2065 592 2122 simul
610 2073 638 2122 et
653 2079 807 2136 personam
834 2065 958 2137 Spiritus
1013 2050 1073 2118 Fiu't
1088 2064 1147 2130 loa,
1165 2069 1189 2119 et
1213 2065 1292 2131 (ueto
1306 2068 1346 2118 est
1362 2064 1420 2131 luo,
1435 2063 1469 2118 ad
1495 2062 1649 2136 imperium
1678 2064 1796 2135 quidem
1810 2057 1861 2119 bei

107 2158 199 2216 sancti
222 2165 249 2213 et
278 2156 378 2224 Patris,
395 2170 411 2212 a
427 2169 486 2226 quo
499 2156 557 2227 ipse
586 2153 719 2225 Spiritus,
733 2165 764 2212 ut
783 2155 884 2212 beatus
900 2170 958 2213 me·
1012 2151 1106 2209 lucem
1127 2168 1187 2209 esse
1209 2152 1314 2209 laetam
1332 2152 1518 2209 monstravit.
1543 2151 1592 2208 llic
1614 2166 1682 2208 vero
1696 2166 1763 2208 eum
1792 2154 1857 2208 ait:

108 2247 192 2303 munit
218 2246 411 2316 Augustinus,
428 2243 623 2314 principaliter
649 2245 784 2314 procedit,
809 2244 957 2302 manileste
1013 2244 1046 2299 ut
1060 2243 1155 2297 divisit
1170 2241 1254 2297 locem
1277 2242 1432 2310 clenodiis,
1452 2255 1502 2312 per
1526 2242 1622 2312 ipsum
1645 2257 1762 2313 qnoque
1781 2241 1860 2299 banc

108 2333 250 2390 distinxit.
275 2334 308 2388 lu
348 2347 381 2388 eo
410 2346 479 2388 vero
503 2333 581 2402 quod
618 2331 748 2387 addidit:
770 2333 849 2387 llicit
875 2335 955 2399 Deos,
1011 2331 1220 2388 distinctionem
1236 2346 1367 2402 operum,
1386 2345 1475 2403 quant
1494 2331 1735 2402 lucemappellat‚
1752 2329 1859 2388 iactam

109 2422 218 2479 dictum
248 2421 337 2492 ipsius
357 2420 417 2488 Dei,
444 2420 472 2476 itl
499 2429 541 2477 est
565 2419 692 2477 Verbum
718 2419 791 2491 ejus,
817 2422 895 2492 quod
915 2430 957 2479 est
1009 2434 1070 2477 esse
1093 2422 1279 2490 demonstrat,
1304 2431 1336 2478 ut
1353 2420 1500 2492 idemipse
1522 2421 1650 2478 materiae
1671 2421 1788 2478 Creator
1809 2435 1859 2491 pa·

109 2511 209 2576 Filius,
230 2523 298 2566 eum
319 2508 380 2580 ipso
407 2511 514 2579 pariter
543 2509 626 2565 Patre
650 2515 780 2579 patenter
801 2511 953 2580 expressit.
1011 2510 1118 2568 riteret
1133 2507 1273 2567 formator
1287 2510 1477 2583 intelligatur,
1494 2510 1579 2582 eique
1597 2519 1653 2567 ota
1670 2511 1734 2567 laus
1749 2518 1807 2566 tam
1822 2511 1859 2567 de

43 2622 47 2627 ·
93 2599 198 2677 ⁴Nemo
212 2599 317 2658 etenim
333 2599 398 2655 sani
412 2600 514 2669 eapitis
527 2598 568 2655 ita
591 2599 719 2668 desipere
736 2608 837 2670 potest,
853 2609 886 2657 ut
903 2600 955 2656 boc
1010 2603 1153 2657 creatione
1168 2601 1294 2658 materiae
1319 2615 1408 2672 quam
1424 2600 1459 2657 de
1481 2614 1601 2672 operum
1615 2601 1786 2658 formatione
1803 2601 1858 2657 tri·

107 2688 218 2747 dictum
245 2694 393 2760 corporale
415 2689 628 2755 aestimet,eum
661 2703 714 2745 nec
733 2688 892 2760 corporalis
920 2688 955 2745 sit
1010 2689 1130 2747 buatur.

105 2778 253 2845 divinitas,
271 2792 323 2834 nec
341 2778 419 2849 loqui
433 2777 621 2847 corporaliter
644 2776 759 2842 habeat,
775 2793 828 2834 nec
861 2778 957 2835 adbuc
1049 2777 1263 2849 appellavitque
1278 2779 1361 2833 lucem
1377 2778 1457 2846 diem,
1483 2783 1509 2834 et
1531 2778 1652 2834 terebros
1664 2783 1778 2835 nectent.
1797 2779 1856 2836 lloc

106 2868 155 2926 cui
168 2867 325 2939 eumloqui
340 2867 526 2939 corporaliter
547 2876 700 2938 oporteret,
723 2869 874 2924 assisteret.
902 2867 954 2925 Ubi
1009 2876 1052 2925 est
1067 2867 1132 2925 lecit
1147 2882 1210 2924 eam
1226 2868 1280 2923 bae
1298 2867 1487 2938 appellatione
1512 2869 1641 2940 dignam,
1664 2875 1696 2925 ut
1724 2867 1858 2925 videlicet

105 2966 203 3016 autem
221 2973 274 3015 nos
294 2958 441 3014 dicimus:
470 2958 579 3015 creauit
594 2960 673 3025 beas,
689 2971 743 3028 pro
756 2971 788 3013 eo
808 2957 887 3028 quod
911 2965 952 3015 est
974 2946 994 3004 C
1012 2955 1074 3026 ipsa
1104 2952 1228 3028 'operum
1258 2957 1332 3014 lacta
1360 2957 1504 3014 distinctio
1541 2971 1592 3028 per
1633 2955 1855 3013 similitudinem

104 3049 186 3117 Deus,
219 3048 246 3103 in
272 3047 391 3103 Hebraeo
407 3046 531 3102 babetur
549 3047 648 3111 Eloim,
678 3045 756 3116 quod
785 3046 953 3102 divinarum
1007 3046 1067 3102 dies
1090 3044 1262 3116 appelletur,
1297 3054 1325 3102 et
1363 3045 1411 3102 illa
1441 3061 1507 3118 qttae
1542 3046 1684 3118 praecessit
1723 3046 1854 3103 conlusio

104 3149 295 3208 personarum
330 3134 523 3205 pluralitatem
543 3133 676 3190 ostendit.
700 3135 734 3190 Ει
759 3135 866 3205 quippe
889 3137 953 3192 sin·
1006 3149 1065 3192 nox
1089 3134 1214 3204 dicatur,
1244 3135 1409 3207 quaetiam
1424 3136 1559 3206 superius
1583 3135 1716 3193 tenebras
1735 3135 1854 3193 diceba-

104 3226 207 3298 gulare
228 3232 270 3282 est
299 3223 377 3294 quod
414 3223 622 3293 iuterpretatur
645 3225 739 3291 brou
760 3224 852 3280 Eloim
886 3238 952 3281 vero
1006 3231 1065 3281 tur.

104 3315 216 3386 plurale
241 3320 293 3380 est,
326 3326 376 3382 per
401 3312 479 3382 quod
511 3312 707 3369 diversitatem
746 3327 950 3384 personarum,
1055 3314 1210 3380 Eisoctom
1238 3318 1278 3368 est
1298 3328 1407 3383 uespere
1435 3318 1556 3369 etmone
1574 3312 1633 3369 dies
1656 3329 1737 3369 unus.
1774 3313 1854 3369 iticm

102 3415 231 3474 quarum
259 3415 446 3473 unaquaeque
465 3400 539 3457 lleus
559 3409 611 3467 est,
641 3401 843 3474 intelligimus.
871 3402 951 3459 Unde
1006 3417 1099 3465 unum
1115 3403 1162 3459 bic
1183 3412 1263 3459 vocat
1279 3411 1367 3460 totam
1381 3403 1496 3460 illorum
1517 3417 1637 3474 operum
1658 3404 1703 3459 Dei
1719 3417 1854 3460 eonsum-

103 3498 201 3547 auteru
223 3490 333 3546 dietum
353 3498 418 3544 est:
441 3490 529 3544 Eloim
543 3492 656 3556 creavit,
672 3505 729 3547 non
754 3492 951 3551 creaverunt?
1006 3493 1172 3558 mationem,
1189 3492 1269 3561 prius
1288 3495 1315 3548 in
1332 3502 1425 3549 mente
1445 3491 1611 3548 babitamet
1626 3506 1653 3547 tn
1669 3506 1755 3561 opere
1781 3500 1854 3562 post·

102 3586 136 3636 ut
168 3578 300 3636 videlicet
326 3579 362 3635 ad
388 3578 500 3649 plurale
519 3593 624 3635 nomen
652 3579 801 3651 singulare
828 3581 951 3638 verbum
1005 3581 1124 3637 modum
1147 3590 1228 3637 sexta
1251 3580 1297 3637 die
1315 3582 1495 3652 completam.
1520 3581 1668 3651 Vesperam
1685 3585 1782 3637 auum
1802 3580 1855 3637 hu·

101 3664 282 3737 mlerretur3
312 3677 458 3741 quatenus
495 3667 693 3726 insinuaretur
716 3668 746 3725 iu
770 3670 864 3726 tribus
896 3670 951 3727 illis
1002 3669 1154 3743 justotius
1176 3671 1312 3741 temporis
1334 3671 1410 3742 qtrod
1432 3670 1589 3726 biennum
1614 3670 1690 3727 diem
1718 3671 1853 3742 appellat,

101 3757 232 3829 personis
254 3772 312 3814 uon
341 3766 397 3815 tres
411 3766 564 3816 creatores.
581 3758 628 3814 sed
646 3773 739 3814 unum
765 3766 879 3816 tantum
902 3760 950 3817 de·
1005 3767 1092 3817 totam
1106 3760 1184 3815 illam
1197 3761 1390 3830 operationem
1408 3760 1458 3815 liei
1483 3768 1578 3826 vocat,
1595 3761 1754 3816 seeundum
1777 3760 1855 3832 quod

102 3845 169 3905 bere
188 3837 322 3917 intellipi.
341 3846 414 3905 Cum
430 3847 703 3917 igiturdixitliloint
717 3849 830 3916 creavit,
852 3849 879 3904 in
891 3864 951 3920 quo
1005 3852 1086 3920 prius
1112 3848 1141 3904 in
1159 3850 1223 3919 eius
1237 3856 1330 3905 niente
1345 3849 1461 3918 latebat,
1484 3856 1640 3920 antequam
1653 3863 1703 3920 per
1721 3847 1855 3906 ellectum

100 3936 216 3994 divinas
234 3950 369 4008 personas
389 3936 496 4006 pariter
526 3939 673 4006 cooperari
693 3938 799 4003 docuit,
819 3938 945 4008 prolecto
1004 3938 1040 3994 ad
1065 3937 1157 3994 lucem
1175 3939 1310 4009 prodiret.
1327 3941 1367 3994 lle
1390 3953 1493 3995 rursus
1519 3938 1609 4008 ipsam
1632 3938 1761 3994 eamdem
1787 3953 1854 4008 ope-

101 4024 224 4083 indivisa
248 4041 310 4083 esse
334 4040 421 4097 opera
436 4022 587 4082 Trinitatis
602 4025 734 4097 praefixit.
753 4027 826 4083 Cum
852 4039 949 4083 autem
1002 4026 1143 4084 rationem
1177 4041 1261 4083 mane
1284 4033 1435 4097 nuncupat
1465 4026 1625 4081 seeundum
1659 4026 1737 4096 quiid
1765 4040 1849 4095 opere

100 4116 293 4186 postmodum,
309 4114 491 4181 utdiximus,
516 4115 607 4171 Patris
620 4123 647 4171 et
673 4114 798 4185 Spiritus
821 4124 848 4171 et
863 4115 949 4173 Verbi
1004 4116 1188 4187 postmodum
1207 4116 1348 4186 octupleta
1362 4130 1423 4171 sese
1450 4112 1593 4171 visibilem
1614 4115 1750 4186 praebuit.
1775 4114 1854 4171 Dri-

100 4216 237 4275 persouas
260 4202 402 4271 distinxit,
425 4203 458 4269 in
479 4217 538 4276 quo
566 4203 615 4260 illa
638 4204 804 4262 consisteret
816 4204 950 4276 „Trinitas
1004 4204 1164 4275 naitanus
1187 4205 1290 4260 mentis
1313 4213 1483 4275 conceptum
1504 4204 1534 4258 in
1558 4204 1745 4275 dispositione
1759 4203 1854 4261 luturi

99 4290 312 4349 determinavit.
769 4285 776 4296 ’
965 4257 1097 4364 ”operis
1131 4306 1280 4365 vesperam
1299 4292 1377 4362 dicit,
1402 4307 1487 4349 mane
1516 4307 1587 4351 vero
1608 4292 1733 4365 appellat
1759 4294 1855 4365 ipsam

132 4379 299 4437 Notandum
315 4394 384 4438 vero
409 4394 461 4452 pro
484 4394 517 4437 eo
535 4382 613 4453 quod
629 4379 775 4439 dicimus:
799 4383 864 4439 Fiet
891 4385 947 4449 lua,
1003 4389 1158 4454 conceptus
1178 4382 1256 4439 illius
1281 4382 1474 4454 operationem
1486 4391 1513 4440 et
1536 4383 1642 4440 divinae
1657 4383 1852 4454 dispositionis

97 4466 126 4526 ‘et
141 4469 220 4537 sacto
238 4475 279 4526 est
294 4471 354 4538 loo,
379 4470 410 4527 in
424 4469 544 4529 Hebraeo
559 4469 660 4529 baberi
679 4486 686 4527 :
714 4470 758 4526 Sit
774 4471 834 4540 luc,
850 4477 877 4528 et
891 4475 950 4542 satit
1002 4469 1135 4530 ellectum
1162 4471 1190 4528 iu
1215 4485 1267 4528 sex
1277 4473 1378 4530 diebus
1396 4481 1638 4537 consummatum.
1660 4473 1733 4529 Cum
1755 4472 1856 4545 itaque

100 4556 170 4625 loa:
187 4567 214 4616 et
229 4557 362 4616 similiter
386 4559 414 4615 iu
433 4558 543 4615 ceteris
556 4573 623 4630 quae
637 4566 803 4630 sequuntur
824 4558 947 4617 ubieuu·
1002 4560 1131 4618 dieitur:
1158 4562 1195 4615 Et
1220 4561 1326 4629 suctum
1354 4566 1513 4633 estsespere
1528 4566 1553 4618 et
1583 4577 1663 4617 mooe
1688 4562 1745 4617 dies
1767 4577 1852 4630 anus,

99 4660 223 4720 queuos
252 4649 411 4706 babemus:
430 4651 508 4704 Dicit
534 4647 948 4717 benedictinensium
1002 4650 1059 4707 tale
1072 4657 1116 4706 est
1142 4663 1177 4707 ae
1190 4649 1214 4706 si
1237 4650 1403 4707 diceretur:
1424 4653 1531 4709 Eadem
1564 4652 1753 4720 estoperatio,
1784 4665 1852 4722 quas

99 4741 206 4803 ostile,
233 4738 470 4795 inliebraeoest:
488 4738 610 4805 Sitboc,
633 4739 727 4806 etfacit
751 4741 802 4794 ilo.
836 4737 947 4803 Quibus
1002 4738 1032 4796 iu
1061 4745 1155 4797 mente
1179 4739 1229 4796 liei
1248 4748 1388 4812 tanquam
1417 4741 1444 4797 in
1465 4740 1679 4812 vespereprius
1700 4739 1806 4797 latebat
1826 4750 1855 4799 et

83 4825 219 4884 ‘tortasse
247 4826 343 4882 verbis
363 4825 490 4881 maxima
517 4824 647 4881 celeritas
677 4824 783 4882 divinae
807 4825 946 4896 operatio·
1001 4842 1068 4901 quae
1095 4828 1278 4901 postmodum
1300 4843 1350 4900 per
1384 4828 1518 4886 effectum
1542 4843 1661 4900 operum
1684 4827 1720 4884 ad
1758 4826 1853 4883 lucem

96 4915 145 4974 uis
170 4914 356 4988 exprimitur.
373 4913 485 4985 Quippe
502 4914 572 4971 dutu
595 4913 706 4984 aliquio
720 4912 751 4969 ut
776 4914 855 4985 quod
873 4928 945 4971 non·
974 4976 978 4982 ,
1000 4919 1095 4989 erupit
1109 4935 1117 4987 ;
1131 4917 1210 4989 quod
1240 4924 1284 4977 est
1306 4918 1418 4975 dicere:
1431 4917 1511 4974 Sicut
1528 4918 1608 4987 prius
1634 4924 1728 4973 mente
1749 4928 1852 4970 ronce-

96 5003 168 5062 dum
183 5013 237 5072 est,
251 5003 363 5076 aliquid
378 5017 460 5060 mora
482 5003 512 5059 in
533 5002 663 5061 iaciendo
676 5017 737 5060 esse
752 5011 853 5074 potest.
870 5002 942 5062 Cum
1000 5006 1053 5079 pit,
1095 5007 1339 5079 impostmodum
1373 5021 1459 5078 opere
1500 5004 1725 5072 consummavit,
1764 5003 1853 5075 juxta

97 5091 568 5162 veredicitur,sitetluit,nulla
594 5093 765 5165 interposita
783 5106 864 5150 mora
883 5107 946 5165 per·
1000 5096 1079 5166 quod
1109 5099 1249 5167 scriptum
1279 5095 1437 5163 est:ocod
1467 5095 1683 5164 reclametis
1715 5093 1852 5163 ipsooito

96 5180 183 5238 lectio
198 5182 239 5238 rei
256 5182 426 5239 ostenditur.
1000 5190 1060 5239 erm
1084 5182 1173 5255 (lona.
1194 5202 1213 5254 r,
1242 5187 1278 5257 3).
1306 5185 1393 5251 Quasi
1406 5185 1481 5241 enim
1505 5184 1540 5240 de
1568 5185 1635 5239 sinu
1661 5185 1788 5253 quodam
1807 5197 1850 5239 se·

131 5273 168 5326 at
191 5271 264 5326 uidit
291 5273 478 5335 Deusaltteem,
493 5271 649 5339 candescet
668 5271 748 5328 bono.
776 5270 850 5330 Cum
874 5271 944 5329 dici·
999 5273 1068 5330 oreti
1083 5271 1129 5330 sui
1145 5271 1261 5342 singula
1287 5271 1361 5328 bens
1375 5271 1516 5340 producit,
1531 5269 1602 5325 dum
1621 5269 1739 5325 exbibet
1763 5282 1852 5338 opere
1894 5326 1899 5335 ,

97 5359 192 5416 turin
226 5359 348 5416 diversis
366 5362 501 5431 operibus
528 5362 577 5418 liei
603 5368 664 5432 post
681 5375 783 5418 eurum
805 5375 944 5419 consum·
999 5361 1077 5434 quod
1096 5371 1163 5418 ante
1186 5370 1357 5431 conceperat
1368 5367 1462 5419 ruente
1480 5375 1489 5430 ;
1504 5374 1556 5415 nee
1572 5367 1744 5428 acouceptu
1766 5357 1850 5413 dissi.

95 5446 263 5517 mationem,
277 5448 349 5520 quia
366 5448 441 5507 vidit
456 5449 531 5507 bens
549 5449 629 5523 quod
645 5457 719 5508 esset
742 5450 863 5522 bonum,
886 5449 943 5508 tale
998 5449 1045 5508 det
1077 5464 1172 5523 opus,
1200 5450 1272 5508 dum
1312 5456 1407 5508 moute
1441 5446 1606 5521 disponitur
1645 5460 1732 5520 opere
1772 5459 1850 5502 eom·

95 5535 219 5597 ”tacti
244 5535 408 5597 diceretur:
429 5537 573 5598 Intellexlt
594 5537 668 5598 nibil
685 5537 726 5596 lbi
748 5538 942 5612 pererr'orem
997 5536 1103 5612 pietur.
1122 5539 1196 5599 cum
1218 5532 1329 5613 ‘ioque
1361 5545 1422 5597 tam
1444 5549 1563 5610 vespere
1587 5547 1678 5608 quatu
1706 5547 1793 5593 mans
1809 5541 1851 5592 to·
