3804 5962
54 245 103 300 tls
826 236 939 296 EPIST.
960 238 1021 298 vll.
1753 236 1807 294 ιιι

53 382 133 427 eausa
174 363 317 435 martyrio
344 364 405 434 jam
443 367 597 419 coronatus
633 360 721 418 luisse
759 360 1084 420 reseraturauttmnc
1104 359 1443 433 singularemvirginum
1460 373 1540 416 nunc
1560 358 1690 416 omittam
1711 360 1804 418 hono·

54 458 195 529 ιιιιιαιιι.
214 471 253 523 ιι,
280 453 334 526 lii).
373 452 427 508 Sed
448 452 528 523 quia,
557 459 589 507 ut
610 450 748 519 diximus,
773 466 832 522 quo
854 465 903 506 na·
959 466 1030 520 rem,
1058 454 1126 509 libet
1150 453 1185 508 ad
1209 459 1326 507 caeteras
1356 449 1477 507 laminas
1501 450 1576 506 sicut
1602 448 1805 520 proposuimus

54 547 180 605 ruraliter
199 546 345 603 femineus
360 555 449 598 sexus
472 549 513 597 est
530 538 681 608 infirmior,
698 554 731 596 eo
744 540 838 597 virtus
859 549 901 597 est
957 541 1063 613 stylum
1083 548 1258 598 convertere.
1285 539 1407 595 attende
1433 538 1531 608 itaque
1548 544 1688 608 quantam
1710 536 1805 594 statim

52 639 97 692 beo
120 635 348 707 acceptabilior,
374 638 401 687 ct
425 631 532 686 honore
554 628 683 700 dignior,
709 643 899 701 nequaquam
956 632 1078 702 gratiam
1115 630 1256 686 adventus
1290 628 1396 684 Christi
1439 625 1583 682 Elisabeth
1626 625 1804 698 conjugata,

51 725 217 795 martyrium
245 724 318 781 illud
342 721 372 776 iu
395 719 548 775 testivitate
575 718 744 776 memoriam
771 718 897 788 meruit,
955 726 1095 792 quarrtam
1120 717 1253 775 exhibuit
1278 721 1368 772 annm
1397 715 1503 771 viduae.
1530 715 1632 773 Virum
1657 715 1803 773 Elizabeth

50 814 88 870 cui
99 813 212 869 lemica
228 828 286 868 nou
301 807 441 876 interluit,
458 807 542 878 quasi
559 821 609 878 pro
634 821 739 878 magno
762 821 821 863 non
845 806 897 861 ha·
953 810 1121 865 Zachariam
1145 821 1287 879 magnum
1308 804 1422 862 Domini
1442 803 1617 860 sacerdotem
1638 803 1801 862 increduli·

50 905 141 959 beatur
155 901 181 958 si
204 901 308 958 lortior
328 912 415 956 sexus
430 896 547 953 lortiora
564 896 700 967 patiatur.
718 895 799 953 Unde
821 895 893 951 etin
954 902 1018 956 tatis
1038 898 1197 954 diltidentia
1217 903 1331 951 cnutum
1352 895 1448 950 adbuc
1468 893 1596 961 tenebat,
1617 893 1687 950 dum
1706 891 1736 950 in
1756 893 1803 950 ad·

50 992 124 1047 laude
148 990 295 1061 praedictae
314 988 428 1045 leminea
452 986 576 1056 amplius
595 985 746 1055 Scriptura
768 998 897 1055 prorum·
952 996 1041 1044 ventu
1058 995 1084 1042 et
1104 985 1276 1042 salutatione
1293 984 1389 1039 hieriae
1410 983 1473 1053 ipsa
1488 997 1556 1038 mort
1574 981 1721 1039 Elisabeth
1741 981 1803 1052 Spi-

51 1095 119 1151 ptus,
139 1080 206 1136 ait:
231 1100 246 1129 «
272 1078 365 1148 Supra
384 1076 500 1133 modum
520 1078 618 1131 aulem
639 1082 731 1130 malti
754 1073 896 1129 mirabilis
952 1077 1010 1133 ritu
1035 1084 1133 1132 saneto
1164 1075 1271 1145 repleta
1301 1072 1551 1129 etexsultantem
1575 1071 1606 1127 in
1637 1078 1719 1129 utero
1747 1085 1801 1130 sno

50 1171 231 1227 abonorum
251 1166 390 1224 memoria
410 1165 509 1236 digna,
530 1178 595 1235 quae
614 1171 765 1233 pereuntes
786 1170 894 1231 septem
951 1166 1107 1237 parvulum
1129 1165 1226 1232 sensit,
1251 1172 1278 1219 et
1298 1162 1477 1233 prophetiam
1495 1162 1556 1233 jam
1580 1160 1616 1218 de
1635 1161 1694 1233 ipsc
1725 1175 1801 1218 com·

53 1259 114 1315 ilios
147 1259 205 1316 sub
236 1257 326 1314 unius
359 1255 414 1311 diei
447 1261 573 1323 tempore
606 1252 783 1322 conspiciens
817 1252 891 1307 bono
950 1256 1023 1326 plato
1048 1255 1141 1310 itariae
1169 1258 1308 1322 conceptu
1330 1252 1424 1320 prima
1443 1250 1601 1322 prolerens,
1623 1249 1688 1320 plus
1709 1262 1800 1321 quam

52 1349 136 1404 animo
152 1347 263 1404 terebat
286 1351 403 1415 propter
426 1357 514 1412 spem,
541 1355 630 1412 quam
657 1341 685 1396 in
702 1340 824 1396 Domino
839 1340 892 1394 ha·
950 1345 1087 1417 propheta
1106 1342 1215 1398 exstitit
1236 1341 1316 1411 (iae.
1340 1355 1358 1408 ι,
1381 1341 1423 1412 5).
1446 1341 1617 1396 Praesentem
1637 1338 1746 1410 quippe
1763 1336 1800 1396 il-

52 1438 135 1503 bebat,
159 1434 292 1508 singulos
316 1433 431 1489 illorum
455 1430 627 1487 hortabatur
651 1429 769 1497 lortiter,
786 1428 892 1498 repieta
949 1436 1001 1491 rico
1016 1434 1140 1505 virginis
1160 1438 1330 1502 conceptum
1351 1428 1508 1498 nuntiavit,
1524 1435 1552 1486 et
1574 1428 1668 1500 ipsam
1682 1426 1799 1486 Domini

50 1525 192 1596 sapientia,
226 1532 253 1581 et
284 1523 396 1579 laminae
416 1519 583 1591 cogitationi
613 1519 807 1575 masculinum
829 1515 890 1571 ani·
947 1531 1068 1580 matrem
1096 1522 1132 1577 ad
1161 1520 1409 1593 magnificandum
1431 1532 1518 1590 super
1540 1519 1594 1574 hoc
1616 1516 1679 1589 ipsc
1704 1517 1800 1574 Domi.

52 1627 120 1668 num
136 1615 267 1668 inserens
290 1610 330 1681 [ll
353 1608 617 1680 decanatui.»
643 1608 711 1672 Quis
727 1607 756 1662 iu
776 1605 889 1660 laudem
947 1626 1018 1667 uum
1040 1610 1203 1666 concitavit.
1232 1608 1427 1665 Excellentlus
1452 1615 1549 1663 autem
1571 1605 1726 1677 prophetiae
1749 1604 1798 1662 do-

53 1701 186 1771 rirginum
212 1700 329 1754 vineam
357 1697 434 1752 illam
459 1697 560 1766 Jephte
584 1696 672 1751 filiam
700 1694 806 1750 assumi
832 1708 890 1748 nem
947 1716 1019 1757 num
1045 1701 1073 1756 in
1101 1699 1247 1754 Erizahetp
1274 1698 1390 1753 viderur
1414 1696 1598 1767 completum,
1627 1701 1797 1766 conceptum

51 1790 173 1846 oessfflal‘?
192 1789 353 1857 (indiam,
372 1785 438 1857 39·)·
462 1785 540 1854 Qua,
564 1800 601 1840 11ss
623 1784 681 1840 voti
703 1785 767 1840 lieet
789 1783 893 1852 imbrii·
948 1790 1043 1846 statim
1066 1790 1116 1845 Dei
1140 1789 1244 1844 Filium
1270 1801 1435 1858 agnoscere,
1461 1799 1549 1857 quam
1572 1785 1601 1840 in
1624 1784 1734 1841 ioanne
1756 1783 1797 1856 ip

56 1879 103 1933 aidi
118 1892 187 1934 reus
203 1885 284 1947 pater
308 1875 472 1955 haberetur,
497 1882 524 1930 et
546 1873 651 1930 divissae
673 1873 772 1943 graii&
788 1871 892 1928 benefi-
947 1893 1011 1935 sum
1029 1877 1204 1949 jamdudum
1224 1884 1325 1932 natum
1346 1875 1505 1931 ostendere.
1526 1874 1605 1930 Sicut
1624 1873 1715 1943 igitur
1732 1872 1796 1930 hla-

52 1967 276 2037 compromissa
296 1965 481 2022 fraudaretur
496 1964 598 2030 hostia,
621 1963 758 2018 victorem
782 1969 892 2032 patrem
947 1969 1019 2024 riam
1039 1967 1239 2037 magdalenam
1260 1966 1456 2036 apostolorum
1476 1964 1600 2020 dicimus
1619 1961 1793 2031 apostolam,

51 2057 74 2113 iu
95 2054 234 2128 jugulum
258 2053 405 2125 proprium
426 2052 576 2107 animavit·
601 2052 673 2118 Quid
698 2051 752 2117 hai,
776 2065 890 2121 duilio,
946 2057 987 2112 sie
1011 2071 1063 2112 nec
1089 2057 1172 2111 istam
1197 2055 1403 2125 prophetarum
1426 2053 1519 2109 dicere
1543 2051 1709 2108 dubitemus
1731 2064 1795 2121 pro-

52 2146 176 2217 magone
191 2152 354 2213 martyrum
380 2141 491 2198 lactura
505 2149 587 2208 esset,
611 2140 633 2196 si
650 2140 720 2196 loric
735 2140 770 2195 ab
790 2139 890 2195 iulide·
947 2145 1071 2215 pharam,
1088 2144 1148 2200 siva
1172 2144 1262 2213 ipsam
1279 2143 1391 2198 beatam
1409 2142 1528 2198 viduam
1543 2143 1668 2208 Annam,
1686 2138 1720 2196 de
1734 2152 1794 2211 qna

52 2234 117 2291 libus
143 2233 277 2304 negando
303 2233 395 2286 Deum
425 2238 586 2300 apostatare
617 2228 791 2301 cogeretur?
812 2229 892 2284 lium
946 2248 1033 2304 supra
1057 2234 1144 2289 tatius
1168 2241 1265 2288 aetum
1291 2240 1346 2288 est.
1378 2231 1507 2295 Quodsi
1536 2231 1612 2286 hanc
1637 2228 1793 2300 prophetiae

50 2324 112 2395 qnid
134 2324 314 2393 interrogata
336 2320 371 2376 dc
392 2318 503 2375 Christo
525 2334 591 2375 cum
608 2318 655 2374 illc
675 2319 734 2389 jam
755 2315 892 2386 apostole
946 2323 1067 2394 gratiam
1086 2336 1179 2392 usque
1193 2322 1228 2376 ad
1245 2321 1365 2392 gentiles
1379 2321 1465 2376 etiam
1481 2319 1680 2382 extendamus,
1696 2316 1793 2388 Sibyl-

51 2428 108 2471 rnm
122 2413 254 2484 principe
270 2410 376 2468 diceret
393 2425 400 2462 :
418 2429 432 2460 ι
447 2409 509 2463 Νοιι
524 2408 593 2463 novi
609 2407 713 2463 illumi
724 2409 800 2475 (Luc.
818 2421 888 2474 xxti,
945 2412 972 2468 ta
987 2419 1067 2468 vates
1081 2412 1111 2466 in
1127 2410 1253 2467 medium
1275 2410 1420 2479 procedat,
1441 2416 1468 2466 ιι
1493 2424 1559 2480 quea
1580 2408 1605 2463 ei
1626 2407 1660 2464 de
1680 2405 1793 2464 christo

49 2503 98 2573 ὄῖ«ι
122 2525 133 2552 ι
154 2500 280 2557 ὓιῐῐιῑὸὃὸ
299 2512 350 2569 lm
367 2498 439 2554 dss0⁵
461 2510 605 2553 mensesa
626 2504 704 2566 ι)ἓιιΓθ
725 2496 823 2558 libera,
847 2494 890 2549 ¹118
944 2501 1072 2558 revetata
1090 2508 1158 2556 sunt
1178 2499 1313 2570 proterat.
1339 2499 1409 2555 Cum
1430 2512 1490 2569 qua
1509 2497 1532 2554 si
1551 2498 1703 2554 universos
1721 2509 1792 2552 con-

46 2591 186 2663 templatis
208 2588 284 2645 redit
297 2588 335 2643 ad
354 2595 465 2658 patrem
495 2587 659 2642 occidenda.
681 2585 784 2654 Sponte
800 2583 885 2639 morti
944 2591 1072 2647 feramus
1101 2589 1268 2659 prophetas,
1301 2588 1397 2658 ipsum
1423 2590 1509 2645 ctiam
1538 2587 1656 2650 isaiam,
1685 2585 1736 2657 qui
1760 2589 1793 2642 ut

43 2696 70 2738 ιθ
89 2681 210 2753 ingeni,
233 2686 260 2734 θῑ
282 2691 346 2734 0³⁰1
370 2676 462 2748 magis
484 2682 619 2745 hs0l⁰⁰al
641 2688 729 2745 (tuam
753 2679 885 2729 veretur·
945 2681 1137 2750 Hieronymus
1156 2678 1256 2733 asserit
1276 2677 1372 2748 (epist.
1396 2676 1474 2743 ιιι),
1495 2684 1631 2732 nontam
1652 2674 1792 2746 propheta

44 2771 164 2828 Stultum
189 2768 281 2839 patris
306 2765 441 2837 plectitur
462 2772 573 2833 votum,
596 2771 623 2820 el
649 2771 800 2834 paternum
816 2761 890 2819 redi·
945 2784 1033 2840 quam
1056 2767 1234 2838 evangelista
1258 2765 1396 2823 dicendus
1418 2772 1478 2832 cst,
1503 2764 1667 2821 videbimus
1685 2763 1715 2820 in
1737 2765 1792 2821 hac

46 2858 279 2918 mitmandatum
296 2855 423 2912 amatrix
439 2854 569 2910 maxima
585 2852 724 2909 veritatis.
742 2856 887 2920 Quantum
944 2873 1062 2932 quoqne
1087 2856 1180 2929 gratia
1205 2854 1341 2912 laminam
1365 2854 1437 2911 viris
1462 2854 1546 2925 longe
1572 2860 1723 2924 praestare.
1751 2853 1791 2910 lie

46 2940 926 3018 huncinselahsufflabh⁰sr0r0bl11⁰minhalressffllsussli·G
944 2962 1003 3020 qua
1017 2945 1200 3018 Augustinus
1219 2952 1318 3001 contra
1338 2944 1461 3001 haereses
1479 2942 1677 3000 testimouium
1696 2940 1789 3013 prole·

46 3038 106 3095 net?
120 3038 256 3104 Quantus
270 3035 317 3093 hic
328 3042 370 3092 est
384 3033 507 3104 virginis
519 3033 616 3091 lcrror
627 3039 684 3088 tam
699 3032 728 3088 in
744 3030 888 3088 carnalem

42 3142 124 3201 guam
140 3127 172 3184 iu
189 3125 335 3183 coelestem
350 3121 480 3195 patrem?
494 3122 563 3190 Quae
578 3121 664 3179 simul
680 3129 770 3178 morte
793 3125 888 3176 suaet

42 3219 114 3275 hunc
126 3230 145 3273 a
159 3213 311 3273 mendacio
323 3211 457 3279 liberare,
473 3220 500 3269 et
516 3210 558 3268 illi
571 3211 745 3282 promissum
761 3206 888 3265 decrevit

40 3316 220 3362 conseruare.
244 3300 325 3360 Unde
347 3299 448 3357 merito
464 3307 543 3355 tanta
564 3298 626 3356 haec
647 3297 783 3369 puellaris
798 3293 886 3351 animi

41 3393 177 3452 lortitudo
197 3389 392 3462 prerogativa
414 3389 541 3459 quadam
563 3388 592 3444 id
612 3389 718 3444 meruit
741 3386 886 3451 obtinere,

41 3491 68 3540 ut
82 3496 132 3553 per
160 3493 255 3537 annos
275 3478 405 3550 singulos
431 3476 496 3534 stliae
520 3477 607 3534 lsrab'l
633 3477 662 3533 in
678 3490 770 3533 unum
785 3489 887 3532 conre-

41 3573 146 3628 nieutes
165 3569 252 3641 quasi
277 3566 455 3639 quibusdam
480 3567 655 3624 solemnibus
670 3565 785 3637 hymnis
808 3563 886 3620 lesti-

41 3675 87 3717 ιιι
105 3658 232 3730 virginis
252 3664 342 3729 agant
360 3655 524 3727 exsequias,
545 3665 573 3713 et
596 3655 630 3712 dc
648 3655 777 3726 passione
796 3653 886 3724 virgi-

41 3751 82 3806 nis
110 3753 294 3818 compunctae
324 3746 379 3817 piis
407 3746 570 3816 planctibus
598 3745 822 3816 compatiantur.
851 3743 887 3800 Ut

40 3846 133 3895 autern
152 3843 257 3893 caetera
271 3835 369 3892 omnia
383 3835 654 3905 praetermittamus,
672 3834 741 3905 quid
758 3842 816 3890 tam
838 3847 886 3889 ne-

39 3926 194 3984 cessarium
219 3932 324 3981 nostrae
340 3924 540 3995 redemptioni,
563 3932 590 3981 et
610 3923 697 3980 totins
722 3921 823 3978 rnundi
837 3936 886 3977 sa·

41 4015 204 4078 intimarit,
229 4028 318 4085 quam
340 4028 427 4070 sexus
446 4012 598 4082 femineus,
622 4013 673 4085 qui
690 4012 771 4068 nobis
791 4011 886 4081 ipsum

42 4103 148 4174 peperit
163 4100 363 4160 Satvatorem‘t
387 4100 477 4172 Cujus
494 4100 609 4172 quidem
625 4101 741 4157 honoris
757 4099 887 4172 singula·

42 4196 150 4249 ritatem
174 4191 278 4248 mulier
301 4191 359 4257 illa,
381 4206 446 4262 quae
471 4191 563 4260 prima
579 4191 739 4260 irrumpere
759 4204 830 4247 ausa
845 4197 886 4246 est

41 4283 75 4337 ab
102 4281 219 4337 beatum
243 4279 436 4346 hilarionem,
461 4278 503 4334 illi
534 4278 689 4335 admiranti
709 4250 924 4349 opponebat,D

42 4371 191 4426 dacusa·
216 4368 290 4435 Quid
313 4367 419 4425 avertis
442 4367 559 4424 oculos?
586 4368 659 4436 Quid
676 4377 824 4439 rogantem
849 4368 888 4423 lu·

44 4459 102 4529 gis?
115 4457 179 4515 Noli
198 4472 244 4514 me
265 4457 415 4514 mulierem
436 4457 574 4528 aspicere,
596 4458 644 4514 sed
667 4458 812 4514 miseram.
836 4456 887 4512 llic

44 4562 129 4604 sexus
150 4546 249 4619 genuit
264 4546 452 4604 salvatorem.
472 4568 486 4597 ι)
502 4547 571 4614 Quae
592 4547 682 4619 gloria
698 4548 767 4603 hiuc
787 4546 888 4616 poterit

43 4636 214 4708 comparari,
229 4651 318 4708 quam
335 4637 363 4692 in
379 4636 492 4693 homini
508 4645 599 4694 matre
614 4638 732 4707 adeptus
747 4643 788 4692 est
801 4649 888 4691 serus

43 4725 112 4783 istc?
138 4727 233 4782 Posset
255 4724 356 4796 utique
380 4727 404 4782 si
428 4726 514 4783 vellet
538 4727 709 4796 Redemptor
732 4732 829 4783 noster
855 4724 888 4780 de

43 4814 103 4871 riro
130 4827 237 4884 corpus
261 4828 424 4883 assumere,
449 4815 524 4872 sicut
548 4816 672 4886 primam
696 4815 830 4872 seminam
855 4815 889 4872 de

43 4918 159 4976 corpore
181 4901 239 4959 riri
260 4903 351 4961 voluit
368 4903 494 4961 lormare
515 4905 592 4976 (dea.
613 4920 644 4972 ιι,
665 4906 721 4978 ιι).
742 4905 795 4962 Sed
815 4906 889 4963 hanc

42 5007 99 5052 suae
130 4990 301 5049 humilitatis
321 4992 499 5064 singularem
521 4994 644 5065 gratiam
665 4995 701 5050 nd
725 4994 890 5051 infirmioris

40 5097 125 5140 mnus
145 5080 296 5140 transtulit
312 5081 460 5139 honorem.
485 5084 581 5141 Posset
601 5093 629 5140 ιι
648 5084 705 5141 alia
726 5092 807 5155 parte
829 5100 891 5141 mu-

40 5171 118 5229 lieris
130 5170 261 5242 corporis
274 5169 404 5244 digniore
426 5172 506 5229 nasci
528 5187 615 5245 quam
636 5173 731 5230 caeteri
747 5173 897 5242 homines„

39 5261 138 5318 cadem
153 5272 215 5330 qua
236 5260 438 5330 concipiuntur
451 5261 598 5331 {vilissima
616 5263 745 5333 portione
767 5277 887 5321 nascen-

41 5358 93 5408 tes.
128 5348 183 5405 Sed
214 5346 251 5405 ad
280 5346 535 5421 incomparabilem
564 5351 733 5409 intirmioris
762 5354 890 5425 corporis

41 5439 179 5497 honorem
202 5435 288 5510 longe
305 5438 430 5510 amplius
452 5450 517 5499 ortu
548 5456 601 5498 suo
623 5443 801 5500 consecravit
828 5444 891 5514 ejus

42 5528 164 5600 genitale
183 5540 276 5600 quam
290 5526 345 5585 viri
361 5525 467 5588 lecerat
489 5545 524 5588 ex
545 5531 772 5589 circumcisione.
795 5533 890 5605 Atque

944 3052 1024 3105 rens,
1045 3037 1085 3092 ait
1104 3035 1176 3106 (cap.
1196 3035 1223 3106 3)
1240 3049 1246 3089 ;
1269 3055 1284 3085 «
1303 3033 1466 3090 Audiamus
1485 3033 1557 3104 quid
1575 3031 1661 3090 etiam
1682 3030 1790 3103 Sibylla

943 3135 1021 3182 vates
1039 3138 1140 3181 eorum
1160 3124 1193 3179 ιιι
1212 3123 1311 3179 ιοιιιιιι
1332 3122 1430 3179 dicat:
1451 3122 1559 3189 hlium,
1581 3120 1690 3193 inquit,
1711 3119 1789 3177 dedit

942 3216 1079 3272 hominus
1111 3213 1277 3270 hominibus
1312 3211 1446 3269 fidelibus
1479 3211 1645 3269 colendum.
1674 3229 1689 3264 ιι
1718 3211 1787 3265 item

942 3305 1058 3376 (ibid.):
1086 3327 1096 3354 ‹
1123 3305 1184 3374 lpse
1207 3302 1256 3374 [ab
1281 3302 1387 3374 ipsum]
1417 3309 1501 3359 tuum
1530 3314 1669 3371 cognosce
1696 3297 1790 3356 Domi·

941 3410 1013 3452 uum
1033 3393 1082 3449 Dei
1099 3393 1201 3449 Filium
1223 3406 1292 3449 essc.
1308 3392 1369 3448 hlio
1384 3391 1445 3448 loco
1467 3390 1571 3447 Filium
1597 3389 1649 3447 Dei
1673 3387 1786 3460 symbo-

940 3485 1001 3543 lum
1013 3483 1148 3554 appellat,
1166 3481 1249 3539 idest
1263 3481 1470 3538 consiliarium.
1487 3482 1522 3537 Et
1546 3480 1686 3550 propheta
1702 3476 1786 3534 dicit:

940 3574 1093 3633 vocabunt
1107 3585 1211 3626 nomeu
1226 3570 1290 3641 eius
1314 3570 1472 3637 mirabilis,
1498 3567 1681 3626 consiliarius
1706 3563 1784 3636 (isc.

940 3679 980 3730 m,
995 3661 1031 3732 d).
1045 3681 1058 3713 ιι
1070 3661 1109 3716 ιιι
1119 3673 1178 3730 qua
1188 3673 1291 3715 rursus
1301 3658 1376 3715 idem
1388 3660 1471 3715 Pater
1481 3657 1663 3731 augustinus
1673 3655 1702 3711 in
1714 3653 1788 3710 libro

939 3766 1010 3809 xvm
1021 3751 1060 3805 De
1070 3748 1241 3805 civitateliei
1256 3750 1329 3818 (cap.
1343 3750 1389 3803 ιιι
1405 3749 1468 3804 «Eo
1480 3769 1505 3816 ,ιι
1519 3747 1625 3818 inquit,
1636 3767 1651 3796 ιι
1662 3751 1788 3816 tempore

941 3838 1074 3897 nonnulli
1098 3837 1230 3908 sibyllam
1257 3837 1446 3893 Erechtheam
1470 3837 1655 3894 vaticinatam
1680 3833 1787 3899 lerunt,

941 3940 1030 3998 quam
1045 3925 1164 3995 atridam
1179 3923 1271 3994 magis
1282 3924 1404 3978 credunt
1416 3936 1477 3978 csse
1491 3924 1662 3979 Cumanam.
1673 3919 1709 3975 lit
1721 3924 1789 3974 sunt

941 4015 1004 4086 eius
1019 4013 1121 4086 viginti
1137 4021 1165 4069 et
1177 4020 1283 4082 septem
1301 4025 1415 4081 versus3
1432 4011 1499 4082 qui,
1515 4010 1590 4067 siout
1604 4023 1652 4065 cos
1665 4006 1785 4080 quidam

941 4104 1050 4162 Latinis
1075 4103 1209 4160 versibus
1231 4109 1273 4158 est
1300 4100 1513 4172 interpretatus,
1540 4100 1594 4156 hoc
1617 4096 1788 4156 continent:

1011 4194 1114 4248 ludicii
1128 4195 1236 4261 signum
1253 4193 1331 4247 tellus
1345 4191 1444 4247 sudore
1459 4191 1603 4248 madescet.

1012 4285 1110 4338 Eccelo
1124 4299 1173 4338 rec
1188 4282 1313 4337 adueniat
1325 4297 1375 4352 per
1388 4283 1466 4338 sacia
1478 4283 1603 4352 suturas,

1014 4374 1122 4428 Scilicet
1135 4375 1162 4426 ia
1178 4388 1258 4426 cerne
1271 4387 1391 4441 presens
1407 4377 1437 4426 ιιι
1447 4373 1553 4444 judicet
1564 4374 1664 4430 orbem.

943 4463 1072 4528 Quorum
1094 4461 1211 4531 (puidam
1233 4475 1370 4519 versuum
1394 4462 1495 4532 primae
1519 4463 1620 4520 litterae
1643 4464 1673 4520 in
1693 4462 1790 4521 Graeco

942 4553 1119 4623 conjunctae,
1150 4551 1177 4606 id
1201 4559 1304 4608 sonant
1329 4567 1335 4605 :
1361 4552 1444 4608 iesus
1465 4552 1596 4609 Christus
1620 4549 1713 4608 Filius
1739 4552 1790 4608 Dei

944 4640 1083 4698 Salvator.
1103 4663 1113 4690 ι
1130 4641 1219 4696 lniort
1231 4641 1316 4697 etiam
1331 4635 1497 4698 Lactantius
1511 4640 1645 4712 quadarn
1658 4641 1693 4697 de
1707 4639 1790 4698 Chri·

943 4739 984 4787 sto
1001 4729 1137 4786 vaticinia
1158 4729 1267 4801 sibylla
1281 4730 1341 4794 (lib.
1359 4747 1386 4787 ιι
1403 4732 1504 4794 instit,
1531 4743 1596 4800 cap.
1623 4731 1691 4801 lbi:
1719 4750 1733 4780 ι
1757 4731 1791 4786 lu

944 4834 1057 4885 manus,
1076 4841 1089 4869 »
1107 4819 1211 4890 inquit,
1233 4842 1247 4869 «
1267 4819 1427 4876 infidelium
1441 4826 1537 4889 postea
1552 4818 1657 4876 veniet.
1674 4819 1791 4878 Dabunt

944 4909 1001 4964 Deo
1022 4907 1118 4977 alapas
1143 4907 1277 4964 manibus
1300 4907 1426 4974 incestis,
1450 4915 1477 4964 et
1500 4908 1646 4980 impurato
1665 4906 1715 4979 [ol.
1737 4907 1791 4966 im·

944 4998 1028 5070 puro]
1056 5010 1103 5053 ore
1117 5004 1245 5068 expuent
1260 5003 1416 5052 venenatos
1431 5004 1540 5067 sputos.
1567 4997 1652 5055 Dabit
1668 5012 1737 5056 vero
1751 4997 1788 5056 ad

945 5074 1065 5143 uerbera
1087 5086 1254 5156 suppliciter
1277 5092 1410 5142 sanctum
1434 5086 1569 5156 dorsum,
1597 5094 1624 5145 et
1657 5087 1792 5160 colaphos

945 5175 1088 5246 accipiens
1111 5176 1233 5236 tacebit.
1258 5189 1293 5231 ne
1318 5173 1384 5245 carris
1407 5184 1543 5248 agnoscat
1565 5178 1644 5248 quod
1668 5177 1791 5236 verbum

944 5264 990 5322 vel
1006 5263 1082 5318 urtde
1106 5264 1218 5319 venerit
1233 5262 1332 5318 inieris
1350 5263 1496 5334 loquatur,
1522 5273 1550 5323 ιι
1564 5267 1664 5337 spinea
1687 5281 1793 5327 corona

946 5351 1141 5410 coronabitur.
1168 5353 1210 5409 ad
1234 5352 1331 5409 cibum
1348 5361 1445 5410 autem
1459 5354 1504 5424 ιιι,
1521 5362 1548 5412 ιι
1577 5356 1613 5412 ad
1636 5358 1716 5423 sitim
1731 5372 1794 5417 acc·

946 5452 1006 5500 tum
1029 5441 1184 5499 dederunt.
1208 5442 1240 5497 ln
1256 5442 1480 5513 hospitalitatem
1495 5445 1571 5501 hanc
1586 5451 1798 5519 monstrabunt
1829 5485 1830 5489 ,

948 5546 1086 5589 mensam.
1106 5531 1172 5601 lpsa
1188 5531 1264 5589 euim
1289 5532 1426 5603 insipieus
1440 5547 1510 5605 gens
1530 5541 1614 5590 tuum
1631 5537 1737 5623 Dm
1747 5550 1807 5602 nou
