3804 5962
778 202 894 275 subulo
912 200 958 261 Vi.
1683 200 1738 270 Μ

79 328 217 403 quaedam
236 328 380 387 retribuit
397 328 533 400 lioeraro
546 329 618 388 nihil
638 330 663 388 ei
678 344 834 402 possumus
848 336 871 390 Δ
887 338 946 388 tam
972 328 1083 387 censuit
1103 327 1307 400 appellandam
1332 342 1402 387 esse.
1425 329 1462 388 Ut
1483 327 1562 387 enlm
1584 330 1737 403 Apostolus

79 433 116 488 re,
141 420 191 476 sed
216 419 348 477 nonnihil
374 420 545 477 retribuere.
570 421 630 490 lpse
650 421 758 492 quippe
778 427 829 491 est,
886 421 944 476 ait:
984 422 1056 475 Dum
1079 433 1174 475 sumus
1196 421 1226 473 in
1251 434 1372 488 corpore,
1395 422 1609 490 peregrinamur
1632 439 1651 476 a
1670 425 1735 491 uec,

79 516 184 565 eratur
207 508 238 564 in
252 508 335 565 nobis
358 515 385 565 et
399 508 510 565 velleet
533 509 669 580 perlicere
690 524 740 579 pro
757 510 832 566 bona
886 508 923 579 (li
947 510 1006 565 Gor.
1032 523 1060 576 r,
1078 509 1116 580 6),
1140 515 1167 565 et
1190 522 1241 578 per
1260 507 1395 565 exsilium
1419 521 1607 579 properamus
1628 512 1664 567 ad
1690 525 1738 582 pa-

78 603 138 651 ate.
161 594 226 665 lpse
247 609 301 650 nos
324 594 464 664 prevenit
485 603 517 651 ut
539 594 674 660 velimus,
701 595 760 665 ipse
780 609 832 652 nas
886 596 989 666 triam,
1014 605 1042 654 et
1058 596 1141 669 quasi
1156 610 1206 668 per
1229 605 1350 654 mortem
1375 597 1545 657 festinamus
1567 599 1604 654 ad
1630 599 1731 656 ritam.

79 682 171 752 uitur
203 688 234 739 nt
264 682 426 753 possimusj
460 689 488 738 et
524 682 616 753 ipsam
652 683 831 740 voluntalem
885 684 995 753 Quibus
1018 685 1093 742 idem
1116 684 1185 742 alibi
1210 685 1363 756 Apostolus
1387 685 1448 742 ait:
1474 687 1505 742 Si
1526 689 1737 745 consurrexistis

86 774 223 845 inspirat,
249 772 370 843 adjurat
391 787 426 829 ne
439 773 564 839 dedolat,
578 773 756 831 voluntatem
772 787 832 845 qua
885 791 946 831 cum
968 775 1085 844 cincio,
1108 790 1168 842 qua
1181 790 1291 831 sursum
1314 780 1380 830 sunt
1395 777 1516 843 querite,
1529 775 1590 831 *ubi
1605 777 1737 845 :Clusius

79 877 147 921 mur
173 862 264 934 gratis
286 862 397 929 tribuit,
431 869 459 917 et
480 861 542 932 ipsa
575 861 687 929 merita,
713 877 779 935 quae
801 863 832 920 in
886 865 975 922 estad
990 865 1131 921 mutuom
1148 865 1198 919 Dei
1217 864 1330 920 sedens:
1349 880 1410 936 qua
1425 880 1537 920 sursum
1556 870 1736 938 suntscpile,

79 951 177 1019 efficit,
202 958 367 1007 remunerat
392 949 581 1007 retributione
602 952 749 1009 mercedis.
770 953 832 1010 Non
885 970 940 1010 non
956 968 1111 1024 quasupcr
1126 957 1237 1008 terram.
1256 954 1359 1010 Mortui
1378 954 1449 1009 enim
1473 954 1547 1021 estis,
1564 959 1591 1009 et
1613 957 1673 1011 uita
1693 970 1736 1013 vc-

79 1042 108 1097 in
133 1041 217 1097 nobis
243 1047 421 1107 remunerat,
451 1039 506 1096 nisi
530 1038 606 1096 dona
629 1054 693 1103 sua,
717 1048 750 1099 nt
773 1049 831 1098 tam
885 1047 946 1098 stra
968 1041 1130 1098 abscondita
1153 1045 1193 1097 est
1209 1057 1270 1097 cum
1294 1042 1404 1100 Gbciuo
1426 1046 1456 1098 in
1477 1045 1530 1098 Deo
1551 1042 1671 1115 (coloss.
1695 1059 1737 1113 ιιι,

82 1144 115 1186 m
141 1143 231 1201 quam
249 1129 400 1186 retributio
424 1142 482 1185 non
496 1142 534 1186 ex
558 1130 641 1187 nobis
656 1131 700 1199 ιιι,
725 1131 775 1187 sed
795 1144 832 1187 ex
889 1131 922 1203 l).
940 1130 1124 1199 abscondita,
1149 1131 1254 1202 inquit,
1278 1138 1321 1188 est
1342 1131 1402 1188 rita
1426 1131 1566 1201 bdelium,
1590 1132 1664 1190 sicut
1678 1146 1738 1190 ma·

79 1217 105 1274 is
122 1217 195 1288 ipso.
211 1217 275 1288 lpse
285 1217 369 1273 nobis
383 1217 492 1274 tribuat
502 1219 643 1289 perquod
657 1231 830 1285 mereamur,
886 1220 990 1279 nilesta
1009 1222 1071 1277 rita
1091 1220 1292 1291 reproborum,
1310 1220 1362 1292 qui
1384 1222 1438 1277 boa
1461 1212 1665 1293 exsilium‘pro
1687 1235 1737 1293 pa·

79 1314 118 1364 tet
139 1305 299 1363 retribuere
312 1321 379 1363 cum
399 1307 603 1364 meruerimus.
620 1309 682 1377 lpse
697 1321 749 1364 nos
763 1305 831 1364 olie-
887 1309 942 1367 tria
964 1308 1094 1377 ducunt,
1119 1317 1147 1364 et
1175 1311 1258 1380 quasi
1282 1310 1415 1367 concives
1437 1309 1653 1382 iumentorum,
1678 1316 1738 1368 ιιιιι

79 1395 127 1453 uri
151 1410 215 1463 suo,
238 1395 286 1453 aui
310 1394 451 1453 hodierna
464 1397 509 1453 die
531 1411 598 1453 cum
613 1405 718 1453 nostrae
737 1396 833 1453 earnis
886 1412 1005 1470 corpore
1021 1411 1110 1469 quam
1135 1405 1230 1454 mente
1253 1399 1282 1455 in
1306 1406 1412 1455 terram
1434 1398 1525 1470 proni,
1551 1414 1738 1470 nequaquam

79 1485 146 1543 ntia
162 1493 352 1555 presentatus
374 1493 416 1543 est
440 1486 469 1540 in
491 1486 603 1555 templo.
623 1487 685 1555 lpse
708 1485 785 1556 quod
802 1484 833 1541 ii-
886 1503 954 1560 quae
977 1501 1095 1544 sursum
1111 1494 1180 1543 sunt
1202 1494 1349 1558 quaeruut,
1365 1501 1418 1543 nea
1433 1489 1563 1544 concives
1577 1501 1637 1544 esse
1656 1496 1732 1544 sata-

79 1589 91 1631 s
116 1575 268 1646 promisit,
293 1574 322 1631 in
341 1575 425 1631 nobis
447 1574 602 1645 compleat3
628 1575 832 1646 unusquisque
888 1585 962 1649 gunt
985 1576 1164 1649 angelorum.
1191 1577 1281 1633 Terra
1301 1577 1410 1649 quippe
1433 1576 1486 1633 ista
1512 1576 1607 1633 brutis
1629 1576 1740 1633 anima-

80 1679 112 1721 m
128 1666 181 1735 qui
198 1679 263 1721 eum
280 1672 435 1734 exspectat,
458 1678 525 1721 aum
547 1664 628 1721 beato
644 1664 773 1721 Simeone
787 1664 834 1720 di·
890 1667 966 1724 libus
987 1680 1038 1738 pro
1062 1667 1165 1737 patria,
1181 1674 1210 1722 et
1224 1666 1284 1722 vita
1305 1679 1431 1736 presens
1444 1680 1545 1723 eorum
1566 1673 1608 1723 est
1624 1665 1741 1737 propria

80 1761 176 1810 ucat:
199 1755 276 1810 Nunc
299 1754 427 1821 dimittis,
442 1756 565 1823 Domine,
579 1769 688 1811 sucum
705 1759 783 1810 tuum
804 1754 835 1808 in
889 1756 926 1812 ad
950 1769 1041 1827 quam
1063 1755 1152 1812 solam
1169 1754 1232 1825 ipsa
1253 1762 1364 1813 constat
1387 1768 1448 1812 esse
1470 1759 1567 1812 ereata
1590 1763 1649 1812 tam
1673 1770 1740 1812 aor-

79 1843 139 1899 lua.
156 1858 186 1912 ιι,
200 1843 258 1916 ie).
273 1845 373 1899 Amen.
890 1860 958 1917 pore
983 1859 1072 1916 quam
1088 1844 1247 1906 animabis
1261 1845 1399 1912 desitura,
1425 1846 1534 1902 Horum
1558 1845 1649 1917 igitur
1663 1851 1740 1903 recte

319 1931 438 1991 suuuo
453 1933 502 1992 Vl.
889 1935 1022 1992 concives
1040 1934 1154 1991 dicendi
1169 1942 1238 2015 sunt
1253 1935 1305 2006 qui
1320 1934 1454 1992 sensibus
1471 1934 1566 2007 magis
1582 1948 1671 2006 quam
1687 1948 1738 1992 ra-

280 2037 309 2080 ru
324 2037 542 2081 srrruaorsuaa.
891 2023 967 2080 tione
992 2031 1155 2096 reguntur,
1179 2030 1207 2080 et
1230 2023 1391 2080 scelestium
1420 2022 1499 2080 obliti
1524 2024 1561 2079 ad
1584 2037 1650 2095 quae
1671 2027 1741 2079 sunt

79 2110 205 2168 tesiastes
234 2111 270 2168 ad
295 2113 386 2185 buius
408 2113 475 2169 vitae
499 2111 656 2168 vanitatem
679 2118 707 2168 et
733 2111 835 2167 incon·
889 2113 1006 2183 conditi,
1023 2113 1090 2169 solis
1105 2113 1218 2170 inhiant
1233 2111 1369 2182 terrenis,
1389 2112 1512 2184 pecudes
1533 2112 1626 2185 magis
1649 2124 1740 2185 quam

79 2214 119 2257 im
135 2200 377 2258 contemnendam
400 2215 453 2257 nos
477 2200 710 2256 adbortansait:
737 2200 836 2257 Omnia
890 2201 1021 2258 homines
1046 2201 1188 2258 vocandi.
1213 2200 1266 2268 Qui
1292 2208 1370 2258 tanto
1394 2200 1542 2258 ardentius
1563 2201 1629 2257 vitae
1651 2200 1742 2274 bujus

79 2289 221 2357 sbcbent,
237 2294 262 2345 et
272 2291 330 2345 suis
348 2292 447 2358 spatiis
471 2291 614 2343 transeunt
636 2291 764 2344 uniuersa
785 2290 835 2344 sub
890 2290 1114 2348 amaritudinem
1136 2299 1285 2361 appetunt,
1307 2298 1416 2362 quanto
1435 2290 1541 2348 luturae
1560 2289 1742 2348 dulcedinem

79 2380 171 2435 Recte.
198 2393 237 2444 ur,
264 2379 299 2449 ι).
325 2380 357 2433 Et
380 2385 442 2449 post
466 2377 580 2449 aliqua,
605 2376 676 2448 quid
702 2377 785 2434 nobis
806 2379 835 2434 in
890 2379 1169 2437 minusadvertunt.
1192 2380 1235 2435 Ad
1259 2393 1347 2451 quam
1372 2379 1419 2437 ille
1437 2379 1623 2437 vehementer
1647 2377 1741 2451 suspi-

82 2468 249 2524 utabilitate
270 2475 298 2524 et
313 2467 516 2523 incertitudine
535 2467 600 2522 vitae
614 2468 649 2523 sit
673 2466 836 2524 iaciendum
891 2468 974 2525 rabat
989 2469 1064 2526 inter
1078 2469 1173 2540 regias
1185 2468 1296 2539 epulas,
1314 2469 1364 2540 qui
1380 2468 1513 2526 dicebat:
1530 2467 1616 2534 Quam
1632 2483 1743 2538 magma

79 2556 272 2626 spectandum
291 2558 447 2625 supponit,
469 2555 583 2611 diceus:
609 2558 728 2627 Tempus
741 2556 836 2625 dandi,
891 2557 1040 2611 mitititudo
1061 2557 1216 2613 dulcedinis
1231 2562 1301 2628 {tuan
1321 2559 1443 2621 Domine,
1466 2573 1547 2627 quaen
1574 2555 1744 2612 abscondisti

79 2660 138 2713 ,pus
160 2645 282 2699 fidendi.
301 2647 417 2714 Tempus
433 2645 584 2715 plangendi
608 2649 634 2699 ei
653 2650 756 2714 tempus
779 2647 836 2700 sai·
892 2646 1049 2700 timentibus
1071 2647 1123 2700 te!
1148 2645 1242 2717 (Psal.
1266 2660 1347 2713 xxx,
1370 2645 1628 2717 reprimentibus
1651 2646 1742 2703 Deum

79 2732 174 2807 libid,
189 2734 228 2804 ιι.
254 2734 361 2800 Omnia,
385 2735 490 2804 inquit,
511 2735 561 2789 sub
584 2735 649 2789 calo
665 2742 769 2805 tempus
788 2735 836 2790 ba·
892 2735 1098 2805 potiusquam
1119 2734 1273 2800 mundum,
1298 2741 1326 2789 et
1345 2733 1450 2789 anime
1464 2732 1557 2805 magis
1577 2747 1666 2804 quam
1681 2746 1743 2789 cor·

79 2823 137 2879 boc
154 2830 197 2879 est
218 2823 413 2893 temporaliter
436 2831 599 2891 mutantur,
620 2832 648 2880 et
671 2838 749 2881 more
764 2832 834 2880 um·
893 2823 971 2894 poris
1003 2822 1161 2880 damnum.
1188 2824 1253 2879 liaeo
1276 2821 1397 2878 dulcedo
1425 2821 1533 2878 dicitur
1560 2822 1740 2890 abscondita,

90 2911 270 2968 incessanter
292 2911 435 2969 deiluunt.
459 2912 514 2969 Sub
543 2913 621 2981 cato,
643 2913 748 2985 inquit,
777 2928 835 2970 non
852 2907 874 2965 C
891 2919 1031 2983 tanquam
1049 2912 1089 2968 eis
1108 2911 1175 2968 solis
1196 2910 1375 2968 inlaturum
1398 2909 1521 2982 reposita
1539 2917 1567 2968 et
1586 2917 1741 2982 reservata,

83 2999 193 3058 coeium
207 3016 215 3056 ι
230 3001 301 3072 quia
322 3000 368 3057 bia
384 3000 505 3068 vanitas,
536 3000 575 3057 ibi
591 3001 715 3057 veritas:
732 3001 777 3056 bia
791 3001 837 3057 de·
892 3015 950 3058 non
962 3014 1013 3071 pro
1026 3000 1157 3072 reprobis
1170 2998 1422 3057 communicanda.

83 3131 94 3156 ,
120 3089 163 3146 ibi
192 3090 382 3160 perennitas:
407 3090 454 3146 bio
478 3090 586 3146 ineerta
614 3090 789 3161 prosperitas
810 3093 837 3146 el
928 3090 1073 3147 Hocillud
1097 3098 1139 3147 est
1158 3103 1267 3146 manna
1280 3086 1481 3146 absconditum
1505 3088 1584 3161 quod
1608 3087 1638 3144 in
1665 3089 1741 3159 Apo·

79 3181 113 3236 im
140 3192 254 3249 semper
272 3179 371 3235 laetitia
396 3179 555 3249 permista,
581 3179 620 3235 ibi
642 3179 716 3235 siout
741 3178 838 3234 indeil·
893 3179 1003 3252 calypsi
1028 3180 1151 3252 legimus
1182 3192 1200 3236 a
1230 3178 1349 3236 Domino
1381 3176 1515 3233 fidelibus
1543 3177 1741 3248 promissum:

79 3312 81 3329 .
110 3268 151 3324 ita
174 3275 202 3323 et
222 3267 429 3325 inestimabilis
455 3268 593 3325 felicitas.
618 3269 701 3336 Suis,
724 3267 837 3339 inquit,
897 3268 1033 3331 Vincenti,
1052 3269 1165 3340 inquit,
1183 3268 1254 3323 dabo
1274 3283 1377 3323 monna
1392 3265 1582 3322 absconditum
1598 3266 1695 3338 (Apoc.
1709 3281 1742 3325 ιι.

79 3357 240 3411 anniversa
259 3361 403 3411 transeunt
422 3355 512 3425 libid,
531 3358 566 3425 l),
584 3356 654 3428 quia
669 3371 726 3427 quo
743 3358 838 3426 majus
897 3356 958 3428 ll),
984 3355 1039 3413 boa
1060 3365 1102 3413 est
1125 3355 1246 3414 coeiestis
1267 3357 1350 3427 panis
1381 3355 1577 3413 relectionem.
1601 3357 1634 3412 ln
1657 3357 1744 3428 cujus

79 3458 115 3503 ,ιιι
129 3444 197 3501 vitae
212 3445 332 3516 quilibet
356 3445 470 3515 babuit,
485 3453 565 3502 tanto
582 3445 699 3502 brevius
722 3453 763 3501 est
785 3447 840 3503 ba·
895 3452 995 3516 typum
1009 3446 1155 3516 corporale
1178 3459 1286 3502 manna
1301 3445 1398 3503 reiecit
1414 3445 1444 3500 in
1461 3445 1571 3502 deserto
1591 3444 1744 3517 populum,

79 3548 113 3602 is,
129 3541 158 3591 et
182 3533 364 3605 singulorum
380 3535 440 3591 vita
464 3542 574 3606 quanto
595 3535 706 3605 longior
719 3534 837 3604 exstitit,
893 3534 979 3604 eujus
993 3535 1152 3591 satietatem
1177 3535 1201 3591 is
1216 3549 1344 3607 quoque,
1367 3541 1399 3591 ut
1414 3532 1552 3601 diximus,
1567 3532 1745 3593 confidenter
1844 3549 1871 3579 ’-

79 3623 200 3681 brevior
215 3632 257 3680 est
271 3623 388 3688 lutura,
404 3632 432 3680 et
453 3623 514 3680 suis
529 3623 713 3680 incrementis
727 3637 840 3694 semper
893 3624 1075 3693 exspectabat
1097 3638 1164 3680 aum
1187 3623 1293 3681 diceret
1314 3639 1321 3678 :
1347 3621 1476 3679 Sutiaboc
1499 3637 1559 3676 cum
1581 3625 1744 3693 apparuerit

79 3712 183 3769 batum
208 3720 349 3782 properat.
367 3713 398 3769 ld
415 3725 533 3784 quoque
556 3712 668 3784 iqsum,
685 3713 761 3782 quod
779 3713 840 3768 vita
893 3713 984 3780 gloria
1003 3717 1052 3766 tuo
1066 3711 1150 3783 (Psoi.
1175 3726 1234 3780 xvr,
1252 3712 1306 3785 li).
1324 3710 1435 3778 Quibus
1451 3710 1551 3781 ulique
1566 3710 1614 3767 bic
1627 3726 1657 3768 se
1670 3728 1744 3769 som·

79 3815 103 3867 r,
120 3798 161 3856 ita
186 3799 308 3856 miseriis
324 3807 366 3857 est
389 3800 570 3870 implicitum,
594 3805 627 3856 ut
648 3812 725 3855 mors
746 3798 840 3869 polius
894 3815 945 3872 per
968 3801 1077 3858 esurire
1100 3800 1297 3868 demonstrat,
1327 3806 1359 3857 ut
1384 3799 1424 3854 ibi
1449 3798 1550 3854 satiari
1579 3809 1744 3867 mereatur,

89 3888 153 3944 vita
168 3888 205 3945 sit
219 3887 396 3960 dicendom3
412 3888 558 3957 delectus,
573 3902 631 3944 nou
646 3887 789 3958 proiectus
803 3887 840 3945 sit
891 3889 978 3961 juxta
998 3888 1070 3945 illud
1098 3887 1250 3958 Veritatisss:
1277 3889 1356 3942 Beati
1377 3887 1426 3953 qui
1447 3900 1521 3940 nunc
1546 3886 1657 3940 esuritis
1677 3886 1744 3954 quia

79 3977 214 4035 andum:
240 3978 316 4034 nocti
331 3977 426 4049 potius
446 3991 534 4049 quam
558 3976 623 4043 diei,
641 3977 752 4033 moerori
775 3990 840 4033 ma·
895 3977 1092 4033 saturabimini
1105 3976 1183 4047 (Luc.
1211 3989 1251 4044 rx,
1274 3974 1330 4047 ui).
1350 3974 1418 4030 cum
1441 3975 1614 4044 apparuerit,
1635 3973 1741 4044 iuquit,

79 4080 145 4125 sam
162 4065 268 4138 gaudio
283 4067 320 4123 sit
341 4066 580 4137 comparandum.
607 4064 688 4132 Quod
712 4066 840 4136 pbiloso-
895 4068 985 4136 gloria
1006 4072 1065 4134 tua,
1090 4065 1227 4133 satiabor,
1250 4064 1321 4137 quia
1335 4078 1401 4122 cum
1415 4063 1449 4120 de
1465 4063 1527 4134 ipsa
1542 4063 1663 4134 risione,
1679 4078 1745 4136 quae

79 4154 180 4220 nundi,
204 4155 347 4211 muudum
369 4153 496 4211 maxime
521 4160 744 4223 contemnentes,
770 4156 840 4212 adeo
895 4170 976 4212 nune
990 4157 1069 4226 latet,
1083 4170 1128 4212 me
1140 4154 1281 4220 refeceris,
1294 4153 1365 4210 nibil
1380 4159 1511 4223 superest
1525 4151 1745 4224 requirendum,

79 4251 184 4311 erunt,
207 4251 242 4301 ut
256 4258 323 4301 cum
344 4259 375 4301 se
398 4244 498 4300 multis
513 4246 597 4300 aunis
612 4242 718 4300 vixisse
742 4258 840 4302 eerne-
858 4253 880 4308 ι)
897 4259 1051 4315 quousque
1070 4244 1160 4300 donea
1182 4242 1363 4314 perveniam;
1380 4242 1617 4314 quantiscunque
1631 4241 1745 4300 interim

80 4348 134 4391 eos
147 4341 263 4390 tantum
281 4334 341 4390 dies
354 4332 530 4390 ascriberent
549 4334 617 4389 vilse
631 4346 709 4400 suae,
725 4347 799 4404 qnos
813 4348 842 4391 se
896 4333 1005 4392 deliciis
1019 4332 1155 4401 aldeam,
1171 4346 1282 4403 semper
1302 4332 1445 4388 medicum
1466 4346 1512 4388 me
1527 4346 1732 4404 recognoscam

79 4421 206 4479 molestia
220 4421 449 4479 recordabantur
462 4421 576 4494 egisse:
597 4422 648 4477 rix
671 4421 702 4476 in
725 4428 842 4478 centnm
896 4423 950 4491 Qui
974 4422 1044 4479 alibi
1066 4422 1103 4479 ad
1129 4422 1231 4494 patriae
1260 4436 1321 4479 sure
1347 4421 1554 4478 beatitudinem
1585 4421 1652 4478 totis
1674 4420 1747 4479 ιοιιι

88 4510 274 4569 invenientes
288 4511 361 4568 duos
374 4511 443 4580 dies,
466 4526 539 4582 quos
554 4510 608 4581 ipsi
628 4510 784 4567 morientes
799 4523 842 4566 se·
897 4512 1045 4580 anhelans,
1068 4520 1096 4568 et
1110 4512 1175 4567 vite
1195 4511 1346 4582 presentis
1366 4509 1503 4568 exsilium
1523 4508 1687 4579 deplorans,
1704 4509 1748 4566 in·

79 4614 116 4659 ro
138 4614 202 4658 suae
226 4599 308 4658 titula
331 4600 533 4670 inscriberent,
556 4615 624 4658 cum
648 4599 843 4657 diernmvitae
896 4601 1026 4674 gemiscit
1048 4601 1173 4667 dicens:
1195 4603 1255 4656 Heu
1282 4599 1378 4655 mibil
1414 4601 1480 4671 quia
1512 4598 1649 4653 incolatus
1672 4613 1747 4654 meus

79 4704 147 4749 rum
167 4688 360 4761 assignarent.
384 4691 471 4749 iacob
487 4691 661 4762 patriarcba,
684 4690 780 4746 verior
793 4686 844 4746 Dei
894 4691 1077 4763 molongatus
1106 4693 1146 4743 est
1166 4703 1174 4743 t
1198 4688 1323 4744 dubitavi
1336 4702 1397 4742 cum
1417 4684 1608 4741 babitantibus
1642 4685 1748 4756 dedan

79 4779 184 4851 upbus
199 4793 288 4851 qnam
312 4781 425 4846 mundi,
448 4780 639 4853 interrogatus
659 4793 676 4835 a
695 4780 844 4837 Pharaone
896 4779 1016 4835 multum
1041 4778 1131 4834 incolo
1161 4779 1219 4845 suit
1246 4779 1344 4842 anima
1370 4791 1431 4832 mea
1460 4773 1548 4844 (Psoi.
1574 4788 1666 4844 cxrx,
1699 4774 1747 4848 ὅ).

80 4869 154 4927 ritas
177 4867 240 4925 dies
260 4869 387 4936 baberet,
413 4884 479 4928 cum
503 4883 554 4927 rex
576 4884 644 4926 eum
668 4869 845 4940 conspiceret
897 4868 1048 4940 Tanquam
1063 4867 1086 4923 si
1107 4867 1213 4924 diceret
1229 4882 1235 4922 :
1252 4867 1300 4923 Vae
1315 4864 1385 4923 mibi
1403 4863 1598 4936 peregrinanti
1613 4863 1642 4920 in
1658 4864 1748 4938 bujus

79 4972 170 5026 icum,
187 4958 352 5029 respondit:
371 4960 439 5014 Dies
456 4949 686 5030 peregrinationis
703 4962 767 5015 uita
780 4972 845 5014 inca
897 4958 997 5015 exsilio
1011 4959 1089 5023 vilae,
1105 4964 1133 5013 et
1155 4964 1213 5013 tam
1231 4957 1311 5014 tarde
1325 4955 1361 5011 ad
1376 4954 1498 5026 patriam
1514 4952 1657 5011 venienti!
1673 4953 1749 5025 Quid

79 5065 97 5106 ιι
121 5049 244 5118 triginta
264 5064 399 5105 annocum
422 5054 488 5104 suni
509 5047 592 5121 (Gen.
611 5064 707 5118 xcvrr,
739 5049 789 5118 9).
810 5048 843 5104 ln
896 5047 973 5106 enim
989 5054 1032 5103 est
1047 5045 1197 5114 incolatus,
1215 5045 1271 5102 nisi
1286 5043 1480 5118 peregrinatio
1500 5048 1584 5099 extra
1602 5046 1751 5116 proprium

79 5137 191 5212 {uidem
213 5137 436 5210 interrogatione
458 5137 503 5194 vei
517 5138 701 5209 responsione
722 5139 843 5209 diligen·
897 5133 1013 5195 solum?
1034 5135 1116 5193 Unde
1140 5143 1167 5192 et
1191 5135 1327 5192 exsilium
1342 5133 1526 5191 meminimus
1540 5130 1659 5191 dietum.
1683 5135 1750 5195 Pro·

79 5226 135 5284 ibis
150 5225 324 5283 intuendum
345 5235 399 5297 est,
426 5226 504 5298 quod
526 5242 593 5284 cum
615 5230 700 5285 bomo
719 5227 844 5300 gentilis,
897 5226 1048 5297 longatum
1074 5225 1173 5295 itaque
1187 5238 1274 5281 suum
1297 5222 1372 5279 dolet
1388 5221 1557 5292 incolatum,
1579 5221 1650 5292 quia
1672 5239 1750 5296 prae-

87 5329 170 5376 rerae
185 5315 252 5373 ritae
268 5317 397 5388 ignarus,
419 5315 454 5374 de
467 5315 569 5375 diebus
590 5317 658 5376 rite
673 5319 843 5390 requireret,
897 5320 1006 5372 sentem
1031 5313 1130 5381 ruam,
1153 5325 1224 5383 qua,
1243 5312 1314 5368 dum
1335 5326 1438 5368 sumus
1463 5311 1493 5368 in
1516 5324 1643 5383 corpore,
1668 5327 1752 5386 pers-

79 5418 184 5480 iqnam
213 5404 298 5465 bomo
325 5412 444 5463 sanctus
474 5405 565 5465 ritam
590 5405 675 5464 istam
705 5413 844 5478 reputans
898 5404 1084 5478 grinamura
1108 5402 1177 5470 Deo,
1192 5408 1220 5460 et
1243 5408 1384 5474 tanquam
1399 5399 1514 5460 exsules
1530 5400 1655 5474 patriam
1677 5404 1752 5465 desi·

79 5506 204 5564 ,suam
223 5493 486 5569 muscinaticnem
503 5495 572 5556 rita
587 5495 787 5570 potiusquam
802 5495 846 5555 ri·
899 5495 1051 5567 decamus,
1071 5492 1141 5566 qui,
1162 5496 1196 5552 ot
1217 5489 1258 5551 ait
1281 5488 1448 5564 spostolus,
1472 5504 1528 5547 non
1552 5487 1684 5548 tolenus
1704 5492 1751 5553 bic

137 5582 268 5647 rasus.
287 5582 466 5649 minu
1372 5590 1375 5596 ·
1558 5577 1593 5632 ts
