3804 5962
99 168 152 225 tta
562 162 667 221 nutui
685 161 877 221 ABAELARDI
894 161 971 221 ΟΡΡ.
991 159 1083 219 PARS
1101 161 1124 214 l.
1147 187 1179 200 -
1196 153 1390 214 EPISTOLAE.
1799 149 1853 206 320

90 291 258 366 iudicamus
274 330 281 358 ,
303 289 327 347 si
342 295 442 359 sponte
467 288 598 347 velamen
624 287 760 360 quamvls
773 303 831 345 uon
842 301 941 345 conse-
957 289 981 342 Α
996 286 1131 353 nandas,
1151 294 1178 341 ot
1194 280 1427 340 acommuuione
1451 278 1578 336 fidelium
1594 319 1602 347 ,
1631 284 1719 350 atque
1744 275 1852 333 alimi-

96 388 208 438 cratum
223 378 275 435 sibi
304 378 483 448 imposuerit,
498 385 526 433 et
547 376 575 432 in
601 375 727 433 Ecclesia
742 376 817 434 inter
832 376 943 433 velatas
998 371 1236 433 nibus'ldcclesfce
1251 369 1391 428 arcendas
1418 368 1477 426 lore
1499 382 1672 435 censemus,
1697 381 1852 437 usquequo

95 469 268 527 oblationem
287 468 345 524 Deo
367 465 502 523 obtulerit
521 506 529 533 ,
545 464 615 522 velit
637 463 718 533 nolit,
746 466 944 523 sanctimoniae
998 465 1132 524 obediant
1160 463 1220 520 suis
1244 461 1384 532 episcopis
1400 477 1407 527 3
1423 467 1450 516 et
1472 458 1508 514 ad
1522 457 1633 515 bonum
1662 458 1739 528 quod
1755 470 1852 527 coepe-

29 594 35 603 -
95 556 229 614 habiturn
262 555 383 613 ulterius
409 553 514 609 bebere
539 552 639 620 debet,
674 553 739 609 lieet
765 559 944 610 sacramento
999 561 1078 622 runt,
1094 552 1192 609 invitae
1207 557 1258 609 aut
1278 549 1451 607 voluntariae
1464 555 1647 605 revertantur
1671 548 1734 604 .[)e
1760 545 1851 613 virgi·

95 644 266 702 eonllrmare
290 640 358 698 velit
385 654 418 695 eo
443 647 541 696 tenore
556 647 584 697 et
612 638 723 696 ratione
744 641 874 697 velamen
890 641 944 697 sibi
999 643 1089 701 uibus
1105 651 1277 698 autemnon
1305 639 1429 705 velatis,
1445 638 1468 694 si
1493 637 1692 705 deviaverint,
1712 643 1851 692 asanctm

96 732 275 802 imposuisse,
292 737 325 786 ut
341 729 447 785 iterum
463 734 557 798 posset
571 727 724 798 deponere.
1000 731 1145 788 memoriae
1168 729 1375 800 praedecessore
1403 736 1501 783 nostro
1531 739 1606 796 papa
1638 724 1733 782 taliter
1753 723 1850 781 decre-

257 821 300 874 Ec
314 819 427 873 concilio
441 818 645 885 dunelmensi,
658 833 718 887 cop.
739 819 765 872 3.
999 826 1063 878 tum
1078 818 1226 875 babemus.
1243 818 1292 872 liae
1308 830 1375 872 vero
1389 828 1454 886 quae
1470 814 1594 871 neodem
1609 827 1690 870 sacro
1704 812 1848 869 velamine

131 909 248 977 Vidua,
274 922 340 980 quae
366 908 402 964 ab
429 907 514 964 altari
535 921 616 963 sacro
639 906 770 963 velamen
798 906 946 977 accipiunt
1000 911 1104 976 tectae,
1121 907 1261 963 tamenin
1281 903 1424 976 proposito
1443 902 1579 975 virginali
1599 917 1712 974 semper
1729 901 1851 959 simula-

96 1006 254 1072 spontanea
272 998 419 1055 voluntate
442 1009 531 1053 sacrae
556 995 803 1062 conversationis,
820 995 946 1053 decrevit
1000 1003 1106 1054 verunt
1124 1010 1154 1052 se
1169 1007 1338 1066 permanere
1355 1035 1362 1062 ,
1380 993 1444 1050 licet
1465 991 1566 1049 velata
1581 1005 1638 1048 nou
1668 991 1801 1055 fuerint,
1827 991 1854 1047 si

95 1096 195 1147 sancta
221 1087 349 1157 synodus
372 1086 400 1142 in
415 1087 513 1143 eodem
538 1084 679 1156 proposito
694 1098 742 1141 eas
767 1098 946 1155 permanere.
1002 1085 1152 1157 nupserint
1177 1083 1327 1154 aliquanto
1359 1090 1485 1152 tempore
1508 1081 1676 1152 hisegenda
1705 1080 1845 1151 poeniteu-

97 1177 163 1235 Non
177 1177 253 1233 enim
280 1177 322 1234 las
339 1190 400 1233 esse
425 1174 614 1240 decernimus,
642 1179 674 1231 ut
689 1180 841 1244 postquam
858 1177 947 1231 semet
1001 1175 1041 1232 tia
1055 1181 1106 1242 est,
1118 1174 1187 1244 qnia
1197 1172 1309 1245 sponsio
1325 1185 1427 1228 earum
1455 1185 1471 1227 a
1500 1171 1620 1227 Domino
1635 1170 1805 1226 tenebatur.
1822 1167 1850 1222 Si

97 1268 156 1324 Deo
184 1267 238 1323 sub
256 1265 319 1322 velo
338 1264 589 1331 consecraverint,
617 1269 644 1318 et
658 1261 732 1318 luter
743 1262 853 1319 velatas
866 1263 946 1320 obla·
1001 1264 1076 1322 enlm
1102 1263 1178 1320 inter
1217 1262 1347 1319 homiues
1381 1260 1450 1317 solet
1489 1260 1571 1316 bonae
1599 1258 1664 1316 fldei
1687 1264 1851 1315 contractus

98 1355 204 1413 tionem
234 1353 351 1411 fecerint
368 1355 492 1423 ,iterum
516 1353 557 1409 eis
576 1350 692 1408 concedi
707 1350 826 1422 Spiritui
848 1360 947 1409 sancto
1001 1351 1083 1409 nulla
1099 1350 1208 1407 ratione
1224 1350 1341 1407 dissolvi
1363 1347 1606 1420 :quantomagis
1625 1348 1681 1403 ista
1708 1345 1851 1417 pollicita-

98 1443 226 1502 mentirl.
1003 1442 1051 1511 tio,
1070 1455 1159 1512 quam
1186 1454 1253 1497 oum
1266 1441 1323 1497 Deo
1336 1438 1462 1511 pepigit,
1476 1437 1548 1495 solvi
1570 1437 1631 1493 siue
1643 1435 1769 1492 vindicta
1792 1449 1850 1491 non

98 1534 230 1591 Nicotaus
252 1548 330 1603 popo
351 1532 553 1604 archiepiscopo
576 1530 619 1589 G.
644 1533 670 1586 et
697 1529 756 1600 ejus
784 1531 946 1601 suprapon-
1002 1531 1133 1604 poterlt‘l
1165 1529 1237 1586 Nam
1262 1529 1284 1586 si
1321 1528 1450 1599 virgines
1475 1526 1604 1583 nondum
1627 1525 1727 1582 velatae
1756 1523 1852 1580 taliter

475 1622 559 1677 tibus.
965 1615 985 1669 B
1003 1620 1170 1693 poeuitentia
1197 1619 1312 1690 publica
1331 1616 1515 1689 puniuntur,
1531 1622 1559 1672 et
1576 1629 1593 1670 a
1609 1620 1685 1670 cmtu
1700 1613 1849 1677 fidelium,

149 1710 246 1769 Vidua
270 1710 388 1782 quidem
405 1751 412 1778 ,
427 1725 494 1782 quae
523 1709 609 1780 capiti
636 1708 805 1780 imposuerit
833 1721 949 1764 sacrum
1002 1723 1156 1782 usquequo
1168 1709 1203 1765 ad
1218 1707 1442 1764 satisfactionem
1456 1705 1598 1772 veniant,
1620 1702 1849 1770 excludnmtur;

98 1800 230 1858 velamen
249 1842 257 1869 ‚
274 1800 297 1855 si
314 1799 388 1856 iuter
402 1808 520 1856 caeteras
538 1798 647 1856 velatas
677 1796 798 1854 feminas
810 1796 841 1852 in
864 1795 951 1853 eccle·
1003 1808 1112 1872 quanto
1142 1797 1236 1869 potius
1264 1797 1379 1866 viduae,
1406 1810 1471 1868 quae
1496 1793 1671 1865 perfectioris
1697 1791 1808 1857 aetatis,
1823 1797 1851 1846 et

97 1887 141 1946 ⁸¹²
160 1887 285 1945 oraverit
300 1929 307 1955 ‚
324 1896 352 1943 θῑ
378 1887 550 1944 oblationem
574 1901 641 1944 cum
671 1885 727 1941 {¹15⁸
754 1884 909 1952 obmittit,
925 1883 949 1941 Si
1003 1887 1169 1946 maturioris
1184 1886 1331 1958 sapientiae
1358 1894 1446 1956 atque
1471 1883 1582 1941 consilii
1597 1882 1749 1950 existunt,
1771 1879 1851 1936 viro·

97 1976 224 2048 professa
238 1985 281 2032 est
305 1976 335 2032 in
351 1977 450 2033 eodem
479 1976 582 2032 babitu
604 1985 774 2045 permanere
788 1973 951 2044 ,spondens
1003 1992 1129 2047 rumque
1155 1977 1299 2034 consortio
1323 1975 1468 2032 multoties
1483 1989 1542 2031 usae
1557 1980 1646 2040 sunt,
1663 1978 1690 2027 et
1718 1968 1851 2026 habitum

98 2078 253 2136 nunquam
278 2065 426 2136 religionis
451 2065 580 2121 velamen
595 2064 746 2133 deponere,
764 2076 782 2119 a
804 2062 951 2134 religionis
1004 2066 1151 2139 religionis
1169 2072 1411 2136 assumpserunt,
1428 2071 1455 2120 et
1481 2063 1599 2120 demum
1614 2065 1851 2130 apostataverunt

97 2150 281 2209 observantia
296 2152 440 2209 discedere
451 2166 509 2208 non
523 2158 688 2222 prasumat.
1003 2163 1091 2227 atque
1106 2156 1142 2213 ad
1159 2156 1282 2226 priorem
1306 2153 1448 2210 vomitum
1470 2159 1538 2209 sunt
1560 2163 1685 2208 reversae
1702 2190 1709 2215 ,
1726 2162 1743 2203 a
1768 2146 1852 2203 nobis

286 2243 463 2310 dupuslinttt
478 2240 511 2295 tie
521 2241 591 2295 dont
605 2241 759 2296 uiduitatis.
1002 2253 1030 2302 et
1047 2246 1083 2302 ab
1112 2245 1248 2302 omnibns
1275 2243 1407 2300 fidelibus
1422 2256 1439 2298 a
1458 2240 1610 2297 liminibus
1633 2237 1758 2295 ecclcsiae
1772 2277 1780 2303 ‚
1794 2242 1852 2293 eta

147 2328 271 2399 vidua,
289 2343 354 2400 tinae
369 2343 399 2385 sn
414 2343 473 2385 nnn
489 2328 634 2385 continent
649 2329 762 2385 nnbnnl
792 2333 950 2399 antennam
1003 2342 1077 2392 coetu
1091 2334 1220 2391 fidelium
1234 2332 1373 2404 usquead
1388 2330 1608 2388 satisfactionem
1619 2335 1687 2386 sunt
1701 2326 1852 2384 eliminan-

99 2416 233 2488 lll⁰f⁰⁸⁸ae
264 2418 471 2474 continentiam
498 2416 777 2488 d⁰V⁰V⁰³¹1l2fl11⁰d
808 2416 863 2473 ⁰1⁸1
887 2417 950 2473 led·
1003 2424 1046 2482 dee
1061 2431 1089 2481 et
1101 2423 1265 2481 carceribus
1282 2419 1452 2478 tradendae?
1476 2418 1604 2486 Qualiter
1629 2419 1715 2488 juxta
1733 2416 1850 2471 beatum

100 2506 444 2578 daflljllffldssmflessiuf·
1001 2513 1125 2571 Paulum
1157 2512 1265 2568 tradere
1290 2509 1447 2581 hujusmodi
1483 2507 1629 2564 hominem
1652 2507 1786 2571 Satanae,
1826 2506 1852 2557 ct

296 2598 341 2651 En
356 2596 470 2650 wntilin
487 2595 636 2662 Anaunion,
647 2610 708 2665 nnn·
725 2595 752 2650 6·
1002 2605 1117 2673 spiritus
1132 2603 1225 2657 soloas
1247 2602 1283 2655 sit
1310 2602 1340 2653 iu
1369 2598 1413 2653 dfe
1436 2599 1548 2654 Domini
1564 2597 1587 2668 (l
1603 2597 1652 2653 Cor
1671 2608 1724 2663 .v,
1741 2596 1789 2665 5).
1811 2592 1852 2649 De

147 2682 304 2742 viduitatis
340 2685 489 2743 servandae
519 2685 722 2756 professionem
761 2697 856 2742 coram
885 2684 949 2756 epi·
1002 2690 1110 2748 tatibus
1135 2696 1162 2747 et
1186 2687 1397 2757 dominusper
1424 2686 1540 2758 Moysen
1568 2684 1729 2756 loquitur:
1760 2703 1775 2734 «
1791 2682 1850 2738 Au-

100 2786 185 2844 scopo
210 2772 240 2830 in
259 2774 410 2832 secretario
433 2774 575 2843 habitam,
608 2773 739 2846 imposita
761 2788 856 2832 coram
891 2773 950 2843 epi·
1002 2777 1201 2835 reclamatum
1230 2776 1372 2833 demedio
1394 2775 1591 2848 rescriptam,
1610 2774 1691 2844 ist.»
1721 2773 1761 2828 ue
1785 2770 1851 2842 qui-

99 2876 184 2933 tnopo
200 2869 278 2919 veste
306 2863 414 2921 viduali
424 2878 482 2921 non
497 2878 556 2921 esse
583 2864 770 2934 violandam;
792 2864 882 2934 ipsam
904 2870 948 2920 ta·
965 2905 986 2963 c
1002 2867 1058 2924 bus
1071 2874 1099 2924 et
1123 2881 1173 2937 per
1187 2866 1358 2937 prophetam
1374 2865 1413 2922 ait
1429 2879 1435 2920 :
1454 2886 1468 2916 «
1494 2864 1649 2921 Laetabitur
1668 2863 1765 2934 justus
1784 2875 1851 2916 cum

100 2966 166 3009 meu
182 2952 365 3023 professionis
385 2952 566 3010 desertricem
590 2953 694 3009 merito
717 2966 778 3010 esse
806 2953 947 3009 damnan·
1003 2956 1161 3013 vindictam
1183 2955 1296 3023 viderit,
1316 2968 1423 3011 manus
1449 2968 1517 3011 suas
1531 2952 1640 3009 lavabit
1656 2951 1686 3008 in
1710 2949 1852 3023 sanguine

100 3038 166 3097 dam
180 3039 372 3097 decernimus.
1004 3044 1160 3116 peccatoris
1172 3043 1257 3115 (Psoi.
1288 3058 1356 3111 nvn,
1374 3043 1427 3114 fil.
1444 3062 1459 3097 a
1475 3043 1515 3099 De
1539 3042 1646 3099 talibus
1661 3053 1790 3111 namque
1807 3045 1852 3105 ‚et

312 3131 357 3184 En
369 3129 482 3184 coemtio
498 3130 634 3196 Toletano,
650 3144 710 3199 ΜΡ·
728 3131 755 3185 5·
1003 3148 1105 3191 eorum
1127 3134 1299 3202 similibus,
1339 3141 1427 3203 atque
1464 3132 1570 3189 eisdem
1607 3128 1853 3188 consentientibus

148 3216 253 3274 Omnes
277 3216 393 3274 feminae
418 3217 566 3274 venientes
586 3218 622 3274 ad
641 3231 753 3274 sacram
780 3216 949 3290 religionem
1004 3222 1215 3294 dicitur,t1uia
1236 3244 1247 3272 ι
1267 3237 1325 3280 nou
1343 3209 1444 3278 solum
1461 3220 1653 3293 calfaciunt,
1680 3219 1727 3275 sed
1750 3227 1777 3274 et
1799 3218 1852 3289 qui

98 3310 127 3362 et
153 3304 239 3376 pallio
259 3306 353 3375 capita
380 3313 554 3378 contegant,
570 3313 598 3363 et
620 3307 810 3377 conscriptam
836 3306 952 3363 robora·
1004 3312 1187 3368 consentiunt
1205 3310 1375 3368 facientibus
1386 3311 1426 3367 rei
1437 3317 1505 3367 sunt
1523 3310 1609 3382 (Rom.
1626 3325 1646 3373 r,
1662 3309 1718 3379 32).
1736 3328 1751 3356 »

99 3401 219 3464 tamque
243 3394 448 3464 professionem
477 3395 583 3452 faciant
605 3437 613 3464 ‚
642 3403 795 3467 postquam
829 3394 952 3452 ulterius
1199 3401 1249 3455 Ec
1267 3401 1381 3471 epistola
1396 3401 1502 3457 Nicotoi
1515 3414 1604 3469 popa,
1620 3413 1681 3467 cop.
1698 3400 1724 3452 5.

100 3483 307 3540 nonsinantur
334 3483 423 3541 relabi
452 3485 488 3541 ad
516 3485 761 3556 prevaricationis
775 3483 950 3541 audaciam.
1056 3487 1191 3546 Nicotaus
1212 3503 1313 3546 servus
1341 3502 1491 3544 servorum
1512 3486 1586 3554 Dei,
1621 3485 1851 3542 reverentissimo

101 3570 171 3640 Quae
184 3586 253 3629 vero
279 3587 316 3629 ex
343 3573 378 3630 iis
393 3573 528 3631 omuibus
555 3575 661 3631 fuerint
681 3583 801 3645 repertae
820 3573 951 3630 animum
1006 3589 1041 3633 ac
1063 3577 1241 3634 sanctissimo
1260 3576 1397 3632 confratri
1418 3582 1514 3631 nostro
1530 3574 1690 3631 adaberino
1713 3575 1768 3646 (72)
1784 3587 1851 3630 sau-

101 3667 153 3718 aut
176 3668 283 3718 vestem
307 3662 337 3719 in
360 3663 614 3734 transgressionem
643 3664 771 3732 dedisse,
787 3677 952 3720 excommu·
1006 3671 1058 3721 ctae
1071 3664 1235 3721 vivacensis
1248 3663 1373 3720 ecelesiae
1400 3663 1637 3732 archiepiscopo.
1655 3662 1735 3727 Quod
1762 3661 1851 3718 inter-

100 3749 253 3807 nicatiouis
278 3752 448 3808 sententiam
476 3751 569 3809 ferant
584 3793 592 3820 ,
605 3758 632 3810 et
655 3764 759 3809 rursus
772 3759 883 3809 mutato
897 3752 952 3808 ba·
1006 3752 1115 3822 rogasti
1128 3751 1163 3807 de
1181 3750 1308 3818 femina,
1324 3764 1391 3821 quae
1401 3757 1463 3821 post
1472 3751 1581 3806 obitum
1597 3749 1652 3806 viri
1662 3749 1707 3806 sui
1721 3749 1852 3805 velamen

103 3837 165 3895 bitu
191 3839 220 3894 in
235 3840 425 3907 monasteriis,
443 3839 535 3898 donec
556 3841 630 3898 diem
647 3841 782 3899 ultimum
803 3840 951 3908 claudant,
1007 3853 1122 3896 sacrum
1135 3852 1221 3910 super
1234 3847 1322 3910 caput
1347 3854 1433 3896 suum
1445 3838 1591 3909 imposuit,
1605 3845 1634 3894 et
1654 3838 1738 3894 linxit
1752 3853 1782 3895 se
1797 3837 1853 3894 sub

104 3927 160 3984 sub
198 3930 337 3987 crumnis
370 3929 469 3987 arduae
501 3930 670 4001 penitentiae
698 3936 886 4002 permaneant
905 3944 950 3986 re.
1007 3927 1106 3984 eodem
1133 3927 1274 3984 velamine
1306 3927 1551 3984 sanctimonialem
1571 3940 1652 3996 esse,
1667 3935 1761 3996 postea
1783 3940 1853 3983 vero

104 4015 209 4090 ligatae.
1008 4015 1044 4073 ad
1059 4016 1176 4087 nuptias
1184 4016 1283 4085 rediit,
1296 4016 1405 4074 bonum
1421 4017 1491 4073 mihi
1511 4017 1636 4085 videtur,
1651 4017 1721 4087 quia
1733 4030 1787 4089 per
1802 4015 1854 4086 by·

153 4108 198 4161 Ec
207 4105 320 4161 decretis
335 4105 440 4162 delerit
451 4120 531 4176 pope
545 4106 583 4160 od
596 4106 751 4161 Sicilienses
765 4109 903 4176 episcopos
1008 4105 1141 4176 pocrisim
1153 4105 1374 4162 ecclesiasticam
1389 4107 1519 4177 regulam
1544 4106 1717 4163 conturbare
1739 4104 1852 4173 voluit,

389 4196 496 4263 missis,
513 4210 572 4264 cop.
586 4195 613 4249 ll.
965 4170 1033 4250 Dm
1047 4208 1105 4250 non
1130 4193 1254 4266 legitime
1272 4195 1302 4251 in
1321 4202 1387 4251 voto
1407 4195 1585 4265 permansit,
1607 4202 1639 4250 ut
1656 4192 1853 4264 poenitentiam

140 4279 240 4351 Neque
255 4280 359 4338 viduas
374 4282 409 4337 ad
431 4282 548 4352 nuptias
574 4281 699 4338 transire
720 4281 867 4353 patimur,
885 4297 952 4354 quae

104 4367 134 4424 in
159 4368 291 4440 religioso
319 4369 464 4441 proposito
489 4371 630 4427 diuturna
664 4371 864 4429 observatione
888 4384 951 4441 per·

104 4464 273 4516 manserunt
294 4500 300 4515 .
318 4458 454 4516 Similiter
468 4459 595 4532 virgines
618 4460 728 4517 nubere
743 4460 951 4532 probibemus,

104 4559 178 4617 quas
198 4545 282 4604 aunis
303 4546 436 4619 plurimis
471 4547 500 4604 in
528 4549 709 4606 monasteriis
733 4556 844 4605 etatem
860 4547 952 4621 egisse

103 4634 264 4707 contigerit.

200 4725 245 4780 ffc
258 4724 375 4795 epistola
389 4726 517 4795 Gregorii
531 4740 611 4796 pope
625 4725 757 4782 merom
770 4726 852 4781 Boni-

475 4816 588 4884 socium.

22 4964 27 4977 ⁸
139 4899 249 4958 Viduas
265 4915 283 4958 a
297 4902 439 4974 proposito
464 4903 642 4961 discedentes
667 4903 838 4972 viduitatis,
862 4917 950 4974 snper

103 4989 212 5062 quibus
224 5003 278 5047 nos
289 4992 439 5050 consulere
453 4992 544 5050 voluit
564 4992 676 5050 dilectio
691 4999 765 5061 tna,
782 4991 870 5051 frater
883 4993 951 5050 cha·

104 5077 234 5147 tissime,
260 5081 344 5138 credo
359 5088 387 5138 te
411 5096 495 5140 nosse
519 5095 537 5138 a
563 5091 662 5140 sancto
676 5080 766 5140 Paulo
782 5089 831 5151 ‚ct
851 5082 950 5140 multis

103 5167 211 5224 sanctis
225 5166 376 5236 Patribus,
391 5169 446 5226 nisi
461 5178 669 5228 convertantur
689 5211 697 5239 ,
712 5169 780 5228 olirn
796 5184 857 5228 csse
871 5170 951 5229 dam·

103 5262 188 5313 natas
212 5259 298 5323 .0uas
310 5263 338 5314 et
356 5271 409 5314 nos
422 5258 576 5329 apostolica
601 5259 771 5319 auctoritate
784 5274 845 5317 esse
864 5259 950 5318 dam-

140 5396 197 5468 (ia)
223 5398 253 5454 F.
268 5398 373 5454 Albino
395 5402 653 5458 sonctaetcauensia
677 5442 685 5469 ‚
711 5403 747 5458 ad
771 5416 858 5474 quem
874 5401 947 5460 dist.

104 5467 151 5539 bi,
165 5482 190 5524 c.
209 5471 220 5523 l
238 5468 413 5529 :Adaberini
429 5469 507 5528 enirn
530 5471 559 5529 iu
573 5473 709 5533 omnibus
723 5471 832 5532 Nicolai
844 5473 949 5547 episto-

1007 4283 1120 4355 agatde
1144 4283 1275 4340 illusione
1293 4284 1436 4347 nefanda,
1454 4290 1482 4340 et
1500 4291 1663 4340 revertatur
1685 4282 1720 4339 ad
1736 4283 1761 4338 id
1773 4283 1853 4353 quod

1006 4372 1173 4441 spopondit,
1188 4380 1216 4428 et
1239 4371 1269 4429 iu
1282 4386 1363 4429 sacro
1380 4372 1537 4428 ministerio
1563 4372 1724 4428 inchoavit.
1744 4371 1818 4428 liam
1828 4373 1852 4426 si

1006 4461 1265 4531 consenserimus,
1296 4461 1374 4531 quod
1410 4460 1508 4518 omnia
1540 4459 1731 4517 ecclesiastica
1755 4474 1854 4516 sacra-

1005 4549 1236 4620 mentaquisqne
1249 4556 1335 4619 prout
1351 4549 1413 4605 vult
1427 4547 1518 4619 lingat
1533 4591 1540 4617 ,
1557 4555 1585 4605 et
1595 4563 1652 4605 nou
1663 4562 1729 4605 vere
1747 4549 1851 4616 faciat,

1005 4636 1099 4694 omnis
1113 4638 1183 4694 ordo
1192 4637 1398 4695 ecclesiasticus
1416 4637 1601 4706 turbabitur,
1617 4652 1670 4694 uec
1698 4637 1853 4695 Catholicae

1005 4725 1070 4782 fidei
1090 4726 1159 4798 jura
1177 4726 1354 4795 consistunt,
1373 4741 1426 4783 uec
1450 4740 1575 4784 canones
1592 4727 1666 4783 sacri
1686 4727 1739 4784 rite
1754 4726 1853 4785 obser·

1004 4824 1123 4874 vantur.
1154 4814 1228 4884 Quid
1252 4815 1330 4872 enim
1365 4815 1473 4886 profuit
1503 4815 1612 4874 Simoni
1641 4816 1724 4888 Mago
1753 4816 1853 4887 bapti-

1005 4919 1067 4962 sma
1095 4919 1211 4963 sacrum
1238 4904 1302 4962 sscte
1331 4905 1498 4977 suscipere,
1521 4913 1548 4962 et
1575 4905 1605 4962 in
1642 4906 1853 4963 christianitate

1005 5009 1034 5053 se
1066 5008 1290 5068 permansurum
1321 4994 1463 5060 finxisse,
1498 5008 1565 5051 cum
1601 5009 1653 5066 per
1684 4993 1852 5066 Apostolum

1004 5083 1106 5141 fraude
1117 5085 1181 5157 ejus
1189 5084 1298 5141 detecta
1313 5084 1390 5156 quod
1413 5083 1467 5140 sibi
1480 5083 1612 5140 futurum
1630 5090 1702 5140 esset
1721 5097 1853 5154 pronun-

1005 5174 1107 5263 tiatum
1126 5172 1179 5229 fnit
1200 5172 1214 5227 l
1233 5173 1280 5230 ait
1303 5171 1399 5229 enirn:
1424 5192 1436 5221 ‹
1453 5170 1622 5228 Paenitentia
1637 5178 1689 5228 tua
1701 5178 1795 5228 tecum
1815 5172 1854 5228 sit

1004 5260 1034 5318 in
1060 5252 1243 5332 perditione.
1264 5261 1319 5320 Cor
1342 5261 1420 5319 enim
1437 5266 1519 5317 tuum
1539 5273 1597 5317 non
1620 5268 1662 5317 est
1674 5267 1785 5317 rectum
1805 5274 1852 5317 co·

1005 5404 1039 5462 lis
1057 5402 1137 5460 nulla
1154 5403 1187 5460 flt
1210 5403 1326 5471 mentio,
1346 5414 1440 5474 neque
1457 5401 1625 5462 vivacensis
1646 5402 1765 5462 ecclesia
1786 5418 1853 5475 que

1004 5475 1051 5545 sit,
1062 5475 1158 5535 adhuc
1168 5475 1294 5547 reperire
1304 5473 1407 5547 potuit.
