3804 5962
543 198 742 257 l'ttnotoola
760 199 1025 259 cultissimis-
1041 197 1107 254 tlh.
1127 197 1149 252 1.
1653 197 1723 251 titt

80 332 112 390 pe
122 326 319 375 marcescunt.
335 319 431 391 Igitur
445 319 601 379 salubriter
614 322 738 392 Spiritus
753 337 817 379 san·
834 323 859 378 A
874 322 1079 395 hisassignare
1093 326 1246 388 conantur,
1259 332 1325 389 quae
1336 331 1396 374 non
1411 330 1571 375 sermonem
1589 325 1720 375 tantum·

79 405 269 476 astripturas
284 407 471 475 modificavit,
488 417 519 465 ut
540 409 611 466 locis
628 411 821 480 apertioribus
876 413 969 475 modo,
997 411 1046 468 sed
1070 407 1272 483 cogitationem
1304 421 1421 478 quoque
1452 413 1589 477 superant
1616 408 1719 464 huma·

79 501 228 562 scorreret,
244 494 467 552 obscurioribus
480 503 576 553 autern
596 497 712 554 fastidia
728 498 821 554 deter·
875 515 952 568 nam,
970 501 1007 557 ad
1022 499 1226 557 similitudines
1238 505 1265 554 et
1280 496 1412 566 exempla
1426 497 1608 567 coniugiunt.

80 603 95 633 n
117 581 203 649 Quasi
220 597 288 654 ergo
306 584 335 639 in
365 583 483 641 latebris
503 586 646 642 Dominus
675 587 821 657 quiescere
910 589 1097 647 Cassiodorus
1118 587 1148 642 in
1164 586 1272 657 psalmo
1287 601 1303 641 ι
1320 600 1326 640 :
1346 585 1467 641 «Redde
1487 587 1556 639 mibi
1584 584 1720 653 letitiam,

79 711 92 739 .,
118 680 151 727 ut
173 685 233 743 quo
262 673 357 743 magis
383 687 414 729 se
428 674 563 742 occultat,
577 675 687 747 gratior
700 677 737 732 sit
764 674 821 730 illis
873 678 975 734 etati
1010 675 1158 733 nonnullis
1192 674 1327 730 Patribus
1354 671 1551 742 corporalium
1582 679 1610 728 ιι
1634 671 1721 730 simul

79 776 82 812 t
101 773 130 815 se
144 761 317 828 manifestat,
333 768 361 817 et
382 777 441 832 quo
456 764 511 834 (53)
532 765 626 835 magis
640 779 677 821 ιιι
697 763 821 820 diihcut·
874 764 1062 821 existentium
1087 776 1185 819 rerum
1201 761 1267 818 talis
1285 760 1445 817 similitudo
1470 759 1658 831 proponitur;
1677 759 1720 816 in·

79 848 211 917 sripturae
233 848 392 915 laboratur,
409 850 544 907 meritum
558 850 698 908 lectorum
717 864 821 920 augea·
874 853 1009 908 venimus
1034 852 1064 908 in
1093 851 1151 908 scie
1172 858 1229 907 tres
1249 850 1460 920 proprietates:
1488 848 1582 919 prima
1604 855 1645 905 est
1660 848 1722 918 ipsa

79 951 160 1007 aquo
175 936 347 992 Psalmista:
363 940 469 1004 Posuit,
493 939 599 1009 inquit,
616 939 738 1002 ancoras
754 940 819 993 lati·
874 941 1037 997 substantia
1055 939 1223 1010 corporalis,
1240 939 1293 1009 qui
1312 937 1353 994 sol
1366 946 1427 1007 est;
1453 936 1558 993 deinde
1587 937 1723 1007 splendor
1767 1006 1768 1010 Ἰ

83 1040 163 1080 saum
185 1026 270 1094 (Psoi.
286 1039 359 1094 ιιιιι,
381 1027 434 1096 ιι).
451 1026 486 1082 Ει
512 1040 650 1084 rursum:
672 1026 822 1084 tenebrosa
874 1030 997 1101 ejusqui
1012 1029 1042 1085 in
1058 1029 1119 1099 ipso
1130 1035 1299 1098 pernianet;
1315 1026 1399 1083 tertia
1412 1026 1500 1096 calor,
1517 1024 1569 1098 qui
1584 1026 1620 1081 ah
1631 1025 1725 1096 splen·

79 1129 92 1167 ι
112 1113 230 1168 nubibas
248 1115 320 1168 aeris
343 1114 446 1186 (ibid),
475 1114 586 1182 «Quia,
600 1115 697 1186 inquit
716 1115 819 1186 Grego-
874 1118 943 1175 dore
959 1119 1023 1189 ejus
1041 1117 1186 1187 usquead
1203 1131 1256 1173 nos
1280 1115 1419 1187 pervenit.
1447 1114 1516 1182 Quae
1541 1113 1596 1171 hoc
1623 1115 1718 1183 modo,

81 1202 186 1258 bscura
199 1209 241 1259 est
256 1202 377 1258 scientia
398 1203 428 1259 iu
452 1203 610 1273 prophetis.
632 1225 643 1253 ι
668 1206 707 1260 he
721 1218 780 1275 quo
794 1208 822 1259 et
874 1207 898 1263 si
913 1215 1009 1263 tamen
1028 1214 1116 1262 tantae
1131 1206 1172 1261 rei
1187 1212 1278 1274 potest
1293 1203 1450 1261 similitudo
1473 1203 1573 1275 aliqua
1588 1203 1721 1274 reperiri,

79 1306 115 1348 un
144 1298 187 1348 est
210 1292 240 1347 in
255 1291 338 1362 lege:
367 1292 490 1346 Accessit
503 1287 609 1361 Mogses
623 1292 661 1347 ad
676 1293 841 1361 caliginem·
875 1294 1002 1351 arbitror
1018 1293 1199 1360 estimanda,
1223 1303 1256 1350 ut
1274 1292 1351 1363 quod
1369 1300 1412 1349 est
1433 1291 1463 1348 in
1484 1290 1542 1348 sole
1560 1290 1723 1349 substantia

79 1386 168 1435 ,erat
193 1379 379 1450 hausidaod.
404 1394 457 1447 xx,
478 1382 533 1450 ιι).
565 1382 600 1437 Et
629 1381 762 1438 Salomon
790 1381 821 1436 in
874 1381 1043 1453 corporalis,
1073 1381 1252 1451 intelligatur
1287 1381 1317 1434 in
1340 1379 1479 1436 trinitate
1507 1377 1720 1450 quodammodo

79 1483 210 1527 tomenon
237 1469 304 1524 ait:
334 1472 465 1524 Dominus
489 1469 630 1538 pollicitus
645 1475 684 1525 est
698 1475 729 1524 at
742 1468 819 1524 babi-
874 1484 996 1540 persona
1022 1469 1128 1539 Patris3
1157 1476 1184 1524 et
1199 1469 1276 1540 quod
1305 1476 1347 1524 est
1369 1467 1513 1537 splendor,
1532 1466 1721 1538 hocpersona

80 1560 226 1627 nactique
250 1558 287 1630 (ll
307 1559 399 1614 Paral.
419 1573 459 1623 vr,
486 1560 509 1612 l.
539 1558 618 1614 ldem
648 1559 676 1614 in
701 1558 819 1614 Prover·
875 1559 950 1628 Filii,
986 1559 1061 1615 sicut
1085 1557 1238 1629 apostolos
1264 1556 1343 1612 dicit.
1375 1557 1508 1626 Splendor
1535 1558 1628 1624 gloria
1661 1557 1721 1626 ejus

79 1647 162 1702 iloria
189 1649 237 1702 liei
262 1653 302 1702 est
327 1648 414 1702 celare
433 1647 554 1714 cabum,
582 1650 608 1702 ct
622 1648 710 1717 gloria
724 1662 821 1715 repam
837 1653 857 1707 Β
876 1647 953 1718 (lleb.
967 1663 989 1716 ι,
1005 1646 1048 1720 3);
1077 1646 1156 1718 quod
1182 1654 1280 1703 autem
1304 1645 1390 1712 calor,
1418 1645 1472 1701 hoc
1491 1659 1612 1716 persona
1631 1645 1717 1717 Spiri-

79 1752 142 1806 pare
163 1751 311 1791 samonem
332 1735 422 1806 (Pron.
439 1749 511 1803 xxv,
535 1735 575 1807 ι).
601 1734 655 1802 Qui
680 1735 819 1792 etiamad
872 1736 1034 1805 tussancti,
1049 1736 1125 1792 sicut
1145 1733 1251 1806 legitur
1265 1749 1272 1787 ι
1287 1733 1352 1800 Quis
1375 1748 1402 1788 se
1425 1734 1566 1789 adsccndit
1590 1751 1607 1790 a
1629 1734 1718 1791 cotom

79 1838 192 1882 irarum
207 1824 396 1880 obscuritates
409 1825 492 1894 quasi
506 1823 542 1879 ad
560 1823 694 1892 latebras,
708 1823 738 1879 in
754 1823 819 1894 qui·
872 1824 955 1894 ejas?
972 1825 1055 1896 (Psal.
1068 1837 1150 1886 ιιιιιι,
1166 1823 1205 1895 ι).
1223 1824 1314 1878 [latur
1331 1831 1358 1879 ιι
1379 1821 1459 1878 aliud
1485 1822 1650 1894 exemplum
1672 1822 1715 1879 in-

79 1912 209 1970 reniatur
238 1912 325 1979 Deus,
343 1913 566 1982 perscrutandas
585 1911 689 1969 invitat
717 1927 769 1968 nos
788 1912 818 1968 in
872 1912 1067 1985 corporalium
1088 1925 1196 1968 rerum.
1217 1912 1323 1969 Anima
1349 1920 1391 1969 est
1406 1912 1568 1969 substantia
1588 1913 1717 1983 incorpo-

81 2000 146 2069 hiis,
171 2000 288 2057 dicens:
316 2001 432 2071 sapiens
458 2001 659 2056 animadvertet
672 2000 820 2072 (stipare
873 2015 933 2069 ιιι,
948 2002 979 2058 in
994 2008 1106 2072 quaest
1132 1999 1292 2056 intellectus
1315 2008 1343 2055 ιι
1366 2001 1434 2057 vita.
1452 2000 1533 2067 Quod
1546 2013 1614 2072 ergo
1633 2007 1675 2057 est
1688 2000 1719 2056 in

79 2094 105 2145 ct
131 2092 384 2158 interpretationem
407 2088 491 2143 uerba
506 2090 672 2159 sapientium
698 2093 723 2142 et
750 2090 819 2142 mni·
873 2090 971 2146 anima
996 2088 1168 2156 substantia,
1194 2089 1247 2144 hoc
1275 2087 1465 2160 intelligatur,
1480 2089 1505 2145 si
1528 2088 1584 2145 diei
1607 2089 1649 2145 tas
1667 2097 1720 2157 est,

83 2192 176 2232 eoram
203 2179 294 2247 (Pron
310 2192 330 2244 1,
347 2175 384 2247 6).
406 2176 475 2243 Quae
499 2178 619 2248 quidem
648 2183 726 2233 tanto
750 2176 819 2232 cha·
873 2179 903 2234 in
917 2177 1056 2234 'trinitate
1070 2190 1192 2247 persona
1216 2177 1327 2233 Patris:
1353 2177 1431 2248 quod
1455 2185 1552 2234 autem
1574 2170 1604 2233 in
1623 2177 1722 2233 anima

80 2273 134 2322 unt
153 2265 304 2334 intellecta,
325 2275 436 2336 quanto
453 2266 482 2321 in
497 2266 542 2321 his
554 2264 748 2336 intelligendis
762 2278 821 2320 ma·
872 2265 967 2321 virtus
991 2273 1035 2322 est
1061 2273 1088 2321 et
1116 2264 1245 2330 scientia,
1267 2262 1323 2320 hoc
1350 2264 1523 2335 intelligitur
1544 2265 1643 2331 Filius,
1669 2264 1721 2334 qui

79 2367 129 2410 tren
143 2354 217 2410 lacta
241 2358 284 2409 est
310 2354 448 2424 impensa.
476 2355 546 2410 liinc
568 2361 596 2410 ct
625 2353 696 2410 illud
723 2353 818 2409 lliero-
872 2353 974 2410 esthei
991 2352 1083 2409 virtus
1097 2360 1125 2409 et
1147 2352 1195 2407 Dei
1215 2352 1374 2422 sapientia;
1403 2362 1431 2408 et
1457 2353 1535 2423 quod
1555 2360 1598 2409 est
1619 2351 1723 2408 inani·

79 2441 110 2498 ad
137 2442 275 2514 blagnum
308 2450 450 2499 oratorem
477 2441 628 2499 scribentis
655 2456 744 2512 super
768 2443 821 2499 hoc
874 2456 922 2499 ma
942 2440 1110 2499 vivificandi
1135 2441 1302 2511 proprietas,
1329 2441 1382 2497 hcc
1401 2440 1574 2512 intelligitur
1592 2441 1719 2511 Spiritus

84 2529 161 2602 quod
177 2531 207 2586 in
222 2530 340 2587 exordio
351 2531 572 2588 Proverbiorum
588 2530 722 2587 Salomon
736 2529 820 2586 modo
874 2538 1003 2597 sanctus,
1013 2544 1065 2601 per
1077 2544 1164 2602 quem
1176 2515 1346 2587 vi'viticandi
1361 2543 1434 2600 opus
1451 2529 1552 2585 multis
1567 2529 1635 2586 locis
1649 2543 1723 2600 prm·

79 2634 97 2674 ,:
117 2639 129 2669 a
152 2621 183 2674 ln
200 2619 331 2685 exordio,
357 2619 461 2690 iuquit,
491 2618 716 2675 Proverbtorurn
739 2632 820 2676 com·
873 2620 988 2676 dicatur
1003 2618 1128 2688 impleri,
1148 2618 1222 2674 sicut
1246 2619 1286 2674 ιιι
1302 2618 1404 2674 Petrus
1429 2617 1576 2687 apostolus
1593 2617 1624 2673 in
1651 2618 1722 2689 Epi·

79 2714 134 2763 ,ιιι
151 2706 347 2777 intelligamus
360 2721 505 2763 sermones
529 2707 699 2778 prudentie,
719 2721 818 2763 versu·
874 2708 970 2764 stola:
999 2710 1180 2776 mortificatus
1202 2722 1293 2775 carne,
1318 2707 1472 2775 vivificatas
1501 2710 1591 2760 uatem
1616 2706 1719 2776 spiritu

79 2794 272 2861 acerborum,
299 2794 457 2864 parabolas,
486 2803 514 2852 et
535 2795 693 2852 obscurum
713 2809 818 2851 sermo·
875 2797 898 2868 (Ι
918 2800 992 2852 Petr.
1019 2811 1059 2865 ιιι,
1090 2795 1144 2866 ιι).
1173 2796 1246 2851 Item
1274 2793 1447 2864 Apostolus:
1479 2794 1585 2849 Littera
1611 2794 1720 2864 occidit,

79 2883 144 2940 licta
168 2884 355 2955 sapientium,
384 2891 411 2940 et
435 2885 590 2954 {enigmata
611 2898 677 2954 quae
705 2883 820 2954 proprie
837 2922 858 2978 C
874 2887 991 2956 spiritus
1015 2890 1106 2939 auten
1133 2882 1255 2954 vivificat
1277 2884 1314 2952 til
1341 2882 1401 2938 Cor.
1420 2896 1447 2950 v,
1469 2884 1508 2951 6).
1523 2883 1558 2938 Et
1573 2881 1603 2937 iu
1626 2882 1719 2938 Evan-

80 2973 190 3029 icorum
218 2979 246 3028 et
267 2971 505 3042 philosophorum
528 2977 607 3028 sunt.
633 2989 647 3025 a
674 2970 821 3037 Quantum
876 2973 949 3046 gelio
965 2971 1103 3029 Dominus
1121 2972 1182 3030 ait:
1211 2972 1332 3041 Spiritus
1356 2975 1396 3026 est
1423 2972 1472 3039 qai
1498 2971 1627 3039 vivificat,
1657 2983 1720 3024 cara

79 3073 189 3129 semper
212 3059 392 3130 philosophia
412 3073 519 3116 arcana
538 3073 592 3115 sua
616 3059 705 3117 nudis
729 3059 820 3130 publi·
875 3066 965 3116 actem
992 3076 1047 3116 non
1072 3060 1187 3130 prodest
1217 3061 1368 3128 quidquam
1401 3058 1490 3128 (toan.
1519 3073 1560 3129 vt,
1588 3059 1643 3132 63).
1675 3058 1721 3116 Sic

79 3148 155 3206 erbis
177 3148 331 3218 dedignata
347 3147 391 3215 sit,
416 3155 443 3204 et
466 3148 594 3205 maxime
617 3148 651 3204 de
667 3149 775 3217 anima,
793 3155 821 3205 et
875 3148 953 3205 Plato
974 3161 1041 3205 cum
1057 3149 1093 3205 de
1108 3149 1258 3220 'tagathon
1281 3148 1336 3220 (56)
1358 3156 1431 3205 esset
1454 3148 1534 3219 loqui
1561 3149 1719 3213 animatus,

79 3251 99 3304 ι,
121 3250 172 3307 per
187 3236 317 3292 sabulosa
337 3237 469 3307 quasdam
496 3237 646 3294 involucra
662 3236 822 3307 loquicon·
875 3237 967 3293 dicere
995 3237 1067 3309 quid
1089 3238 1125 3294 sit
1154 3252 1213 3294 non
1236 3244 1278 3293 est
1306 3251 1406 3305 ausus,
1427 3236 1481 3293 hoc
1509 3237 1602 3294 solum
1628 3236 1664 3293 de
1687 3249 1720 3292 co

81 3325 112 3394 it,
132 3324 179 3380 ille
205 3338 263 3379 non
291 3324 443 3380 mediocris
470 3324 658 3394 philosophus
679 3332 707 3381 et
722 3323 821 3396 magni
874 3325 968 3382 sciens
982 3327 1048 3398 (57),
1065 3326 1144 3397 quod
1159 3326 1227 3382 sciri
1243 3326 1338 3397 qualis
1362 3326 1399 3382 sit
1420 3324 1456 3382 ab
1479 3324 1646 3383 hominibus
1660 3338 1720 3382 non

79 3412 137 3484 tphi
160 3411 307 3468 Ciceronis
333 3413 478 3482 expositor
506 3412 669 3469 Macrobius
697 3413 820 3484 diligen·
875 3414 971 3484 possit.
991 3413 1089 3471 Solum
1109 3429 1178 3472 vero
1197 3416 1223 3472 ei
1249 3414 1432 3471 simillimum
1450 3414 1538 3472 solem
1566 3414 1600 3471 de
1616 3411 1720 3471 vuibi-

79 3501 197 3558 idocet.
227 3501 353 3557 Remotis
380 3501 460 3557 euim
488 3500 643 3572 generibus
674 3501 822 3572 figmento
874 3502 952 3560 libus
969 3505 1083 3573 reperit,
1099 3512 1126 3560 et
1146 3518 1197 3574 per
1219 3504 1284 3575 eius
1312 3504 1533 3562 similitudinem
1559 3504 1637 3561 viam
1660 3514 1718 3559 scr·

79 3602 116 3646 re
131 3588 328 3645 fabulosorum
350 3603 416 3658 quae
433 3588 619 3659 philosophos
638 3603 696 3645 non
707 3588 818 3657 decent,
874 3591 950 3647 moni
979 3605 1032 3648 suo
1061 3591 1208 3648 attollendi
1233 3606 1263 3648 se
1291 3593 1327 3648 ad
1360 3607 1418 3649 non
1451 3591 1721 3664 comprehensibilia

79 3677 159 3736 osuit
178 3677 249 3733 illud
264 3677 342 3747 quod
371 3676 570 3733 honestissime
586 3684 750 3733 assumunt.
774 3676 821 3734 hit
876 3679 1029 3750 patefacit:
1047 3681 1109 3737 ideo
1123 3689 1150 3737 ιι
1163 3679 1220 3752 [nt]
1233 3680 1347 3737 nullum
1362 3682 1426 3752 ejus
1448 3682 1637 3739 simulacrum
1653 3695 1720 3739 cum

79 3781 103 3825 ιι
116 3767 195 3839 quod
211 3787 225 3817 a
241 3765 359 3837 quando
374 3778 524 3822 sacrarum
549 3778 647 3822 rerum
672 3767 750 3822 notio
765 3766 820 3822 sub
875 3767 929 3824 diis
944 3770 1167 3825 constitueretur
1184 3769 1246 3824 lixit
1261 3769 1319 3841 (58)
1344 3769 1513 3840 antiquitas,
1543 3770 1614 3841 quia
1639 3782 1720 3826 sum·

79 3864 251 3927 {mentorum
269 3853 422 3922 velamine,
440 3853 567 3910 honestis
585 3861 613 3910 et
629 3862 702 3910 tecta
721 3853 819 3924 rebus,
874 3870 940 3913 mus
956 3857 1030 3913 Deus
1049 3864 1077 3913 et
1092 3864 1162 3912 nata
1177 3870 1214 3912 ιιι
1233 3871 1265 3913 eo
1280 3871 1372 3927 mens,
1389 3858 1465 3914 sicut
1480 3857 1558 3914 ultra
1577 3857 1719 3926 animam,

79 3944 127 4001 lita
144 3943 311 4000 nominibus
329 3943 509 4010 enuntiatur,
526 3943 580 3999 hoo
598 3949 640 3999 est
660 3942 755 3999 solum
767 3944 818 4015 tig-
874 3944 915 4001 ita
929 3952 997 4001 sunt
1010 3959 1099 4015 supra
1113 3953 1261 4014 naturam,
1280 3960 1338 4017 quo
1352 3945 1426 4002 nihil
1448 3946 1491 4002 tas
1517 3952 1560 4002 est
1579 3946 1613 4002 de
1635 3943 1721 4002 iabu-

79 4047 172 4104 genus
195 4032 274 4103 quod
290 4032 385 4088 cautio
413 4031 448 4087 de
463 4031 571 4087 divinis
595 4031 683 4088 rebus
697 4030 821 4101 phitoso
875 4033 942 4090 lusis
956 4035 1116 4105 pervenire.
1142 4036 1181 4091 [le
1200 4035 1254 4091 diis
1268 4043 1376 4104 autem,
1392 4042 1425 4091 ut
1451 4035 1522 4104 diri,
1545 4033 1665 4102 caeteris,
1687 4040 1716 4091 et

79 4135 93 4178 s
117 4121 277 4178 admittit.»
296 4121 374 4177 ldent
399 4128 460 4191 post
491 4133 598 4190 pauca:
624 4138 638 4171 t
664 4120 820 4177 Sciendum
875 4123 910 4180 de
925 4124 1022 4180 anima
1039 4137 1096 4180 non
1110 4123 1218 4180 trustra
1232 4137 1272 4190 se,
1292 4138 1344 4179 nec
1367 4130 1400 4180 ut
1414 4123 1565 4191 oblectent,
1582 4123 1618 4179 ad
1634 4121 1719 4179 labu-

79 4210 148 4280 quit,
165 4224 225 4266 non
243 4210 272 4265 in
288 4224 402 4266 omnem
426 4209 482 4281 (55)
511 4208 734 4278 disputationem
754 4209 817 4280 phi·
835 4196 856 4250 ὓ
873 4212 934 4269 ιιιι
948 4220 1129 4282 convertunt,
1145 4212 1194 4269 sed
1216 4213 1287 4283 quia
1300 4213 1396 4268 sciunt
1422 4211 1569 4268 inimicam
1583 4225 1644 4269 esse
1669 4224 1720 4268 na-

79 4312 107 4355 os
121 4298 271 4355 admittere
286 4297 489 4366 labutosa‚sed
505 4297 551 4354 his
566 4297 610 4354 uti
629 4296 731 4364 solent,
752 4312 819 4355 cum
874 4309 946 4358 turae
975 4309 1104 4373 apertam
1138 4301 1307 4372 nudamque
1333 4300 1541 4372 expositionem
1569 4299 1625 4369 sui,
1652 4314 1719 4372 quas

82 4386 189 4454 anima,
209 4386 255 4443 vel
281 4387 314 4443 de
329 4387 462 4444 aethereis
481 4386 672 4457 potestatibus
689 4386 819 4457 loquun-
873 4391 947 4448 sicut
961 4391 1134 4463 vulgaribus
1161 4390 1312 4446 hominum
1332 4390 1466 4447 sensibus
1480 4389 1657 4447 intellectum
1674 4389 1720 4446 sui

79 4473 217 4533 ssaeururn
241 4489 310 4532 curn
331 4476 368 4532 ad
389 4490 536 4532 summum
558 4475 649 4532 Deum
666 4483 693 4532 et
713 4475 818 4545 princi·
872 4480 955 4537 vario
976 4493 1076 4536 rerum
1102 4477 1227 4550 tegmine
1252 4478 1489 4549 operimentoque
1504 4477 1660 4547 subtraxit,
1676 4477 1717 4534 ita

79 4566 207 4632 mnium,
234 4563 286 4636 qui
301 4565 379 4636 apud
403 4564 516 4621 Graecos
538 4564 699 4636 Tagathon,
716 4566 767 4636 qui
791 4572 820 4622 ct
874 4567 1098 4639 aprudentihus
1111 4579 1219 4623 arcana
1238 4580 1291 4623 sua
1306 4566 1397 4625 voluit
1424 4578 1475 4636 per
1502 4565 1634 4623 sabulosa
1655 4572 1718 4623 tra-

79 4662 166 4711 anton
188 4662 388 4725 nuncupatur,
409 4660 549 4711 tractatus
571 4668 601 4710 se
622 4653 709 4710 audet
737 4653 817 4711 attol·
874 4657 957 4713 ctari.
982 4655 1029 4713 Sic
1051 4655 1113 4726 ipsa
1133 4656 1269 4726 mysteria
1292 4654 1456 4727 figurarum
1479 4654 1623 4712 cuniculis
1650 4668 1718 4725 ope·

79 4744 151 4803 atad
178 4751 303 4800 mentem
331 4756 421 4814 quain
439 4742 530 4799 Graeci
558 4743 639 4812 ltoyn
661 4742 818 4813 appellant,
874 4745 1003 4811 riantur,
1032 4756 1068 4800 ne
1095 4743 1141 4800 uel
1166 4744 1220 4800 hoc
1247 4743 1358 4815 adeptis
1362 4783 1416 4800 .....
1443 4743 1547 4801 talium
1567 4750 1720 4801 naturase

79 4831 129 4889 ties
145 4846 243 4889 rerum
257 4832 377 4902 species,
393 4846 459 4902 quae
476 4830 546 4887 ideae
560 4829 733 4902 dictasunt,
748 4845 818 4888 con·
873 4832 1019 4903 praebeat3
1042 4831 1092 4888 sed
1117 4831 1310 4889 summatibus
1331 4839 1444 4889 tantum
1467 4831 1549 4899 viris,
1571 4830 1720 4903 Sapientia

79 4937 124 4990 im,
141 4936 306 4979 exsummo
326 4931 424 4978 natam
439 4929 467 4979 et
487 4920 643 4992 protectam
658 4920 726 4991 Deo,
751 4935 818 4978 curn
874 4921 1038 4992 interprete,
1071 4921 1118 4976 sui
1144 4920 1242 4977 arcani
1271 4920 1401 4989 consciis,
1427 4919 1551 4977 contenti
1571 4921 1630 4977 siut
1648 4917 1716 4978 reli-

103 5011 235 5081 inquam,
265 5010 435 5081 loquuntur,
464 5024 577 5066 summo
604 5010 703 5066 lleoet
725 5019 820 5069 mente
873 5008 924 5081 qui
940 5008 975 5065 ad
997 5008 1210 5066 venerationem
1231 5007 1334 5079 liguris
1361 5006 1582 5066 defendentibus
1607 5023 1625 5066 a
1653 5008 1716 5067 rili-

79 5099 224 5157 thulosum
244 5099 359 5170 penitus
382 5099 530 5172 attingunt
538 5114 548 5171 3
570 5098 620 5156 sed
640 5097 665 5155 si
688 5099 759 5171 quid
784 5100 820 5159 de
874 5101 1095 5156 tatesecretum.
1126 5096 1215 5154 Juxta
1238 5097 1314 5169 quod
1339 5097 1453 5157 Veritas
1474 5098 1535 5170 ipsa
1555 5098 1716 5170 deintegu·

79 5257 320 5326 lntrod.,eaqao.
922 5259 954 5311 ho
982 5255 1151 5327 intrudas
1165 5252 1263 5327 tynio.

84 5329 205 5397 introd,
222 5345 282 5385 cam
295 5329 428 5386 advertet.
922 5331 956 5382 57
983 5327 1106 5398 Introd,
1121 5331 1251 5382 sentiens.

85 5400 208 5466 introd.‚
224 5401 260 5457 ad
280 5401 365 5457 theol.
385 5406 414 5455 in
433 5415 538 5457 omnem
558 5399 662 5460 omisso
675 5415 730 5459 noa
750 5415 816 5461 con·
919 5399 965 5470 58)
980 5396 1099 5468 Introit„
1111 5398 1201 5468 tinsti-

79 5470 218 5530 nitestum
232 5470 359 5531 auctoris
371 5485 498 5532 tensum.
