3804 5962
673 108 809 171 ffllGA
827 107 892 167 SEU
911 108 1009 167 sciro
1026 107 1070 164 Tb
1088 106 1205 167 trsttu.

64 233 215 305 ostendam
243 246 299 291 nte
318 233 345 291 ei
367 245 482 305 poenam
505 232 643 291 eterusrb
665 231 774 299 deberi,
797 231 828 288 in
851 245 911 305 qua
925 232 952 288 tt
966 237 1059 298 tems,
1069 239 1097 291 ει
1113 245 1200 304 quem
1219 229 1248 289 in
1268 231 1324 288 boc
1337 236 1415 288 statu
1436 228 1541 287 deltae
1561 227 1624 286 vita
1633 228 1814 288 recedentem

63 323 195 381 consistit
228 323 428 379 condemnatio
452 324 569 393 peceati.
601 323 661 378 Etsi
683 322 761 379 enim
788 322 911 379 articulo

62 413 240 470 necessitatis
265 419 430 483 praeventus
452 427 511 469 non
534 412 636 468 babeat
660 411 755 468 locum
776 412 910 469 veniendi

63 503 97 558 ad
120 500 341 571 confessionem,
359 501 404 557 vel
430 500 586 573 peragendi
601 501 835 568 satisfactionem,
858 515 911 557 ne-

63 604 216 662 quaqnam
228 590 256 646 in
268 590 322 646 boc
337 591 445 661 gemitu
461 590 495 645 de
510 590 563 647 ltao
580 591 639 646 vita
653 590 786 647 recedens
804 590 912 662 gelten-

62 693 130 735 naut
149 679 292 749 incurrit;
312 678 390 750 quod
404 685 447 735 est
465 679 622 735 condonari
646 692 663 734 a
679 680 734 735 beo
750 687 909 749 peecatum,

62 768 113 824 hoc
128 775 184 837 est,
197 780 264 824 enm
281 766 366 824 talem
387 767 458 834 lieri,
480 782 569 838 quam
582 769 643 838 iam
658 782 715 825 non
738 771 774 825 sit
788 768 911 840 dignum

61 857 136 912 sicut
151 856 279 912 animant
307 865 422 925 propter
447 855 518 912 illud
541 857 619 928 quod
644 857 788 927 praecessit
809 871 911 927 pecca-

61 951 135 1013 tum,
151 944 327 1001 aeternaliter
348 959 365 1000 a
381 944 437 1001 lieo
453 945 561 1014 puniri.
582 945 645 1002 Non
661 947 739 1002 enim
755 947 830 1003 Deus
844 961 911 1003 cum

965 321 1072 378 salvari
1100 334 1213 377 neeesse
1241 327 1293 376 est.
1321 318 1403 386 Quod
1427 319 1450 374 si
1473 318 1544 375 forte
1567 325 1595 375 et
1622 317 1654 375 in
1680 317 1816 377 eumdem

965 410 1072 467 recidat
1096 417 1301 479 contemptum,
1333 408 1407 465 sicut
1429 407 1501 464 redit
1529 408 1566 463 ad
1591 410 1753 478 peecatum,
1776 405 1816 463 ita

965 501 1051 556 etiam
1075 499 1214 555 relabitur
1229 499 1265 554 ad
1293 496 1537 568 pmnaedebitum,
1568 503 1600 552 ut
1615 508 1733 551 rursum
1758 509 1816 566 pu-

965 588 1023 644 niri
1041 588 1152 655 debeat,
1181 588 1233 658 qni
1260 587 1340 657 prius
1366 584 1527 656 penitendo
1555 598 1614 640 non
1634 583 1734 655 puniri
1755 598 1816 641 mo-

965 691 1076 740 ruerat.

1000 773 1029 827 Si
1056 772 1122 842 quis
1147 771 1219 829 forte
1238 772 1331 829 dicat:
1358 774 1509 828 Peccatum
1533 771 1627 826 allen
1641 765 1811 831 condonari,

967 861 1021 918 tale
1048 875 1109 917 esse
1142 869 1281 932 tanquam
1303 862 1326 917 si
1361 861 1524 916 diceretur:
1565 860 1657 914 lleum
1696 864 1814 929 propter

966 951 1037 1007 illud
1059 951 1136 1020 quod
1160 951 1345 1007 commissum
1368 956 1421 1014 est,
1449 961 1638 1018 nequaquam
1667 946 1813 1003 bominem

60 1041 213 1104 peccatum
243 1033 447 1103 poenitentibus
475 1034 628 1101 condonat,
657 1049 770 1092 omnem
797 1048 912 1106 plenam
965 1053 1025 1095 esse
1053 1039 1283 1106 damnaturum;
1308 1037 1352 1094 vel
1384 1038 1452 1094 boc:
1481 1037 1573 1092 Deum
1598 1034 1677 1106 apud
1706 1047 1737 1090 se
1759 1039 1816 1089 sta-

60 1125 100 1180 eis
123 1122 259 1194 ignoscit,
284 1122 334 1178 sed
358 1121 538 1179 solummodo
559 1131 707 1180 aeternam.
725 1123 806 1181 llulti
830 1137 911 1180 nam·
966 1126 1054 1182 tuisse
1070 1132 1102 1182 ut
1125 1139 1194 1181 eum
1209 1132 1326 1197 propter
1340 1124 1394 1181 boc
1410 1139 1468 1181 non
1492 1123 1643 1180 damnaret
1663 1136 1670 1177 :
1687 1120 1813 1192 prolecto

59 1226 116 1282 que
132 1211 316 1282 prenitentes,
340 1211 392 1281 qul
416 1212 555 1280 praeventl
575 1220 675 1280 morte,
689 1213 912 1270 satisfactionem
965 1221 994 1271 et
1021 1222 1177 1285 antequam
1192 1214 1332 1285 poeuitens
1359 1219 1514 1283 peccasset,
1537 1209 1753 1268 concedendum
1769 1209 1814 1265 vi-

61 1299 237 1369 poenitentiae
258 1299 286 1354 iu
312 1299 436 1355 baevits
460 1314 518 1355 non
537 1308 668 1371 egerunt,
692 1301 782 1371 poenis
805 1315 911 1372 purga·
966 1302 1051 1358 detur
1073 1302 1164 1358 ileum
1192 1301 1368 1357 condonasse
1389 1300 1461 1357 illud
1488 1306 1660 1370 peccatum
1690 1298 1744 1354 boc
1771 1303 1815 1353 est

59 1389 150 1455 tortis,
164 1401 225 1443 non
242 1387 431 1444 damnatoriis
455 1387 486 1444 in
501 1388 602 1445 lutura
622 1396 814 1446 reserventur.
832 1390 913 1447 Unde
967 1391 1044 1461 apud
1066 1405 1097 1446 so
1120 1389 1264 1457 statuisse,
1294 1389 1371 1460 quod
1409 1397 1525 1460 propter
1561 1386 1633 1444 illud
1660 1400 1718 1443 non
1744 1390 1817 1442 esset

59 1489 197 1546 suprema
221 1475 324 1547 judicii
347 1477 418 1544 dies,
443 1491 504 1550 qua
532 1486 649 1548 repente
672 1478 757 1536 multi
782 1478 911 1536 fidelium
966 1492 1033 1535 enm
1059 1479 1274 1535 damnaturus:
1290 1478 1363 1534 nibil
1393 1478 1501 1548 quippe
1524 1485 1653 1534 recenter
1678 1473 1758 1546 apud
1786 1487 1817 1530 se

60 1564 200 1634 puniendi
224 1573 303 1633 sunt,
328 1574 438 1637 quanto
454 1567 547 1637 spatio
568 1568 704 1637 temporis
725 1568 909 1636 extendatur,
928 1579 949 1634 Β
968 1568 1044 1624 Deus
1058 1568 1169 1636 statuit,
1189 1567 1234 1624 rel
1250 1565 1384 1638 disponit,
1403 1566 1451 1622 sed
1482 1566 1518 1622 ab
1535 1571 1643 1622 aeterno
1671 1575 1817 1634 quaecun-

61 1650 204 1708 ineertum
227 1659 269 1708 est
283 1654 441 1723 ;quamvis
468 1654 639 1711 resurrectio
660 1657 691 1709 ta
719 1661 863 1722 momento,
884 1658 914 1711 im
969 1672 1026 1728 que
1052 1655 1185 1713 tacturus
1219 1664 1271 1723 est,
1298 1655 1330 1713 in
1355 1656 1419 1727 ejus
1449 1653 1698 1725 praedestinatione
1725 1649 1818 1708 consi·

60 1744 116 1795 tcto
136 1743 211 1796 ocati
230 1743 318 1812 ttatfi
340 1743 400 1799 Uer.
426 1756 476 1810 xv,
503 1742 569 1814 52);
597 1752 630 1800 ut
651 1743 784 1800 videlicet
809 1745 847 1801 ibi
879 1744 914 1801 de
968 1754 1048 1802 stunt
1067 1754 1094 1801 et
1118 1746 1148 1801 in
1168 1746 1231 1817 ejus
1245 1745 1427 1816 providentia
1454 1742 1574 1815 praeftxa
1603 1749 1680 1810 sunt,
1698 1749 1757 1798 tam
1781 1739 1817 1796 de

62 1827 155 1898 culpis
185 1828 372 1896 satisfaciant,
400 1839 545 1900 quantum
577 1831 654 1887 Deus
683 1831 852 1899 decreverit,
878 1832 913 1888 de
967 1834 1174 1891 condonatione
1198 1834 1401 1905 cujuscunque
1426 1832 1544 1904 peccati,
1571 1845 1659 1901 quam
1686 1829 1720 1886 de
1734 1834 1817 1886 cacte-

62 1917 172 1988 quibus
186 1917 597 1986 satisfaceredistulerint‚aut
612 1920 744 1990 permissi
760 1934 818 1976 non
833 1930 913 1978 sunt.
968 1924 1008 1979 ris
1022 1938 1088 1994 que
1104 1923 1186 1979 irunt.
1213 1922 1314 1979 Uelius
1335 1922 1434 1993 itaque
1463 1921 1546 1979 nobis
1565 1934 1626 1976 esse
1648 1916 1764 1974 videtur
1778 1915 1819 1971 ita

63 2006 128 2063 Car.
158 2005 213 2061 xx.
231 2007 329 2062 Utrum
351 2010 416 2077 qais
434 2007 468 2062 de
483 2023 537 2062 erto
548 2014 659 2077 peceato
675 2009 733 2064 siae
752 2010 838 2065 attero
857 2026 915 2082 pec·
967 2012 1186 2083 intelligendum
1213 2012 1304 2068 Deum
1338 2011 1500 2068 condonare
1524 2013 1683 2080 peccatum,
1714 2018 1817 2077 quem·

385 2098 580 2166 niteretwsst'l·
968 2102 1046 2168 libet,
1076 2108 1108 2157 ut
1143 2099 1282 2163 diximus,
1316 2114 1367 2171 per
1395 2099 1568 2170 inspiratum
1594 2097 1620 2153 ei
1640 2089 1815 2167 poenitentia

94 2182 169 2240 Sunt
193 2184 245 2254 qui
271 2192 418 2255 quaerunt,
449 2192 549 2242 utrum
575 2185 642 2256 quis
667 2186 702 2242 de
717 2201 777 2244 uno
798 2195 913 2258 peceato
968 2190 1107 2262 gemitum
1131 2189 1252 2260 dignum
1276 2188 1456 2260 indulgentia
1469 2187 1601 2256 efiicere3
1630 2185 1685 2240 boc
1704 2190 1756 2252 est,
1775 2190 1816 2240 ta·

62 2273 200 2342 penitere
224 2274 320 2343 possit,
345 2282 372 2329 et
396 2273 509 2330 nonde
533 2274 599 2341 alio,
615 2283 713 2346 utpote
735 2277 770 2333 de
794 2277 912 2333 bomlei·
967 2278 1034 2344 lem,
1049 2277 1179 2333 euitunc
1202 2277 1422 2333 damnationem
1446 2275 1596 2342 debeatur,
1617 2284 1818 2342 necunquam

61 2361 116 2427 dio,
129 2369 159 2418 ει
172 2376 231 2418 non
251 2363 285 2419 de
302 2361 499 2429 fornicatione,
519 2377 609 2434 quant
630 2365 727 2422 adbuc
748 2370 913 2436 perpetrare
967 2367 1100 2434 ulterius,
1116 2365 1140 2423 si
1161 2367 1189 2422 in
1210 2366 1259 2422 tali
1278 2365 1423 2436 proposito
1456 2369 1627 2434 perseveret.
1658 2361 1813 2418 Peccatum

62 2463 119 2505 non
143 2450 280 2507 desistit?
300 2449 353 2507 Sed
375 2451 398 2506 si
418 2451 595 2508 fructuosam
620 2453 698 2509 illam
715 2454 913 2524 poenitentiam
967 2457 1065 2526 ltaque
1087 2457 1164 2512 lleus
1193 2454 1345 2521 condonat,
1372 2467 1439 2510 oum
1455 2453 1522 2523 ipse,
1541 2465 1629 2522 aquo
1654 2445 1817 2520 poenafieri

62 2538 270 2610 intelligamus,
298 2553 387 2610 quam
414 2540 463 2596 Uei
492 2554 574 2597 amor
605 2541 744 2610 immittit,
768 2550 795 2599 ει
823 2557 913 2613 quam
966 2544 1074 2612 debuit,
1108 2544 1204 2608 faciat,
1242 2542 1440 2614 poenitentiam
1469 2539 1646 2611 inspirando,
1673 2551 1728 2595 cur
1754 2536 1819 2608 iam

62 2627 222 2697 Gregorius
243 2629 408 2686 describens
434 2628 498 2686 ait:
522 2631 683 2685 Pestilentia
705 2635 745 2686 est
771 2636 914 2687 commisso
965 2648 1024 2690 non
1039 2632 1140 2689 debeat
1155 2631 1266 2688 inferri.

62 2717 171 2786 deflere,
200 2721 228 2772 ct
248 2718 339 2787 tetdo
358 2734 412 2772 mort
436 2722 609 2787 committere,
633 2732 820 2790 nequaquam
852 2735 914 2791 poe-
965 2723 1035 2780 Car.
1061 2722 1139 2778 XXI.
1169 2723 1295 2776 inustum
1318 2736 1373 2776 nort
1397 2735 1463 2788 esse,
1488 2719 1604 2788 dignam
1618 2717 1731 2788 praemio
1748 2729 1818 2783 ¹ttort

63 2805 184 2863 nitentia
199 2806 264 2864 'diei
291 2814 392 2892 potest,
417 2807 454 2863 ad
481 2822 570 2878 quam
590 2823 644 2864 nos
667 2822 749 2864 amor
765 2809 814 2865 liei
837 2825 952 2900 com-c
1340 2810 1449 2864 donari.

64 2893 154 2966 pellit,
175 2895 290 2966 quoties
305 2909 383 2952 unus
407 2904 589 2968 contemptus
613 2898 764 2954 retinetur.
789 2897 817 2954 Si
836 2899 914 2956 enim
1005 2900 1058 2958 Sed
1072 2899 1200 2956 fortassis
1228 2899 1364 2971 requiris,
1390 2898 1414 2955 si
1436 2898 1460 2955 is
1487 2897 1538 2969 qul
1554 2894 1681 2967 poenitet,
1694 2894 1757 2967 jam
1779 2892 1822 2949 di-

64 2998 145 3042 amor
161 2985 222 3052 Dei,
238 2985 313 3042 sieut
336 2994 458 3056 oportet,
474 2987 510 3043 ad
533 2987 588 3043 boc
612 3002 656 3043 me
680 2987 801 3055 inducit,
825 2995 914 3059 atque
970 3004 1046 3061 gnus
1067 2990 1102 3045 sit
1127 2988 1314 3049 vitaaeterna.
1340 2986 1391 3058 qui
1414 2987 1600 3043 damnatione
1622 2985 1729 3057 dignus
1759 2995 1820 3038 non

65 3074 197 3130 animum
217 3073 316 3141 trabit,
332 3082 365 3131 ut
384 3074 418 3130 de
433 3075 487 3131 boc
509 3089 651 3132 consensu
674 3076 783 3132 doleam
800 3084 915 3147 propter
969 3076 1039 3133 esti
1065 3076 1193 3144 Quodsi
1227 3076 1429 3142 concedamus,
1459 3075 1596 3146 objicitur
1628 3071 1721 3141 nobis,
1751 3083 1821 3128 eum

64 3159 117 3216 boc
149 3166 266 3217 tantum
288 3160 358 3232 qula
380 3161 411 3216 in
432 3175 465 3217 eo
491 3161 583 3233 Deum
606 3161 721 3229 odiendi,
751 3175 809 3216 non
832 3161 914 3217 video
970 3180 1097 3237 qnoque,
1115 3166 1165 3236 qui
1188 3173 1251 3236 post
1277 3164 1474 3236 poenitentlam
1494 3164 1601 3235 lapsus
1627 3161 1721 3232 perlit,
1748 3159 1819 3217 dum

66 3247 194 3320 qualiter
223 3248 297 3305 idem
322 3263 404 3305 amor
431 3249 465 3305 de
490 3249 537 3305 illo
561 3256 726 3319 contemptu
752 3249 851 3306 eadem
880 3250 915 3306 de
971 3255 1128 3325 pmniteret,
1158 3254 1280 3324 dignum
1310 3255 1368 3311 vita
1394 3263 1503 3311 esterna
1530 3253 1645 3318 fuisse;
1669 3257 1698 3307 et
1727 3250 1820 3307 Deum

65 3352 153 3394 eausa
175 3338 311 3407 poenitere
327 3350 383 3393 noo
403 3346 504 3410 cogam
530 3338 584 3394 boe
602 3346 653 3405 est,
677 3340 705 3394 in
721 3353 755 3395 eo
771 3338 914 3409 proposito
969 3342 1152 3412 arguendum
1168 3341 1283 3412 iniuriae
1298 3357 1358 3398 esse
1380 3343 1483 3410 videri,
1513 3343 1562 3412 qul
1578 3339 1741 3411 praemium,
1761 3351 1823 3414 quo·

66 3435 191 3485 mentem
208 3440 300 3484 meam
319 3435 436 3494 statuat,
462 3434 493 3482 ut
520 3427 586 3498 quis
607 3441 741 3484 excessus
762 3442 845 3484 meus
860 3442 917 3483 me·
970 3428 1017 3485 ille
1033 3430 1219 3500 tunedignus
1246 3438 1317 3497 erat,
1345 3430 1369 3487 ei
1386 3439 1456 3487 tnnc
1483 3430 1583 3486 saltem
1602 3441 1659 3484 non
1683 3425 1820 3491 reddidit,

67 3517 166 3575 moriae
193 3516 361 3584 occurrerit,
387 3515 423 3572 de
446 3515 507 3587 ipso
529 3515 662 3572 similiter
683 3515 804 3584 doleam,
833 3523 860 3572 et
879 3515 917 3572 ad
971 3525 1003 3575 ut
1018 3517 1060 3575 sie
1084 3519 1148 3589 ejus
1162 3518 1378 3575 damnationem
1405 3518 1586 3589 preveniret.
1610 3515 1781 3573 Sicutenim
1796 3512 1821 3570 sl

66 3603 302 3662 satisfaciendum
328 3613 447 3675 paratus
470 3604 535 3660 sim.
551 3604 724 3675 Ubicunque
746 3604 835 3677 igitur
847 3619 917 3661 vera
970 3613 1041 3663 tuno
1054 3610 1224 3673 moreretur,
1254 3621 1291 3663 ex
1320 3606 1379 3674 illo,
1407 3607 1436 3662 in
1462 3621 1521 3676 quo
1540 3614 1611 3663 tuno
1626 3612 1699 3672 orat,
1716 3616 1820 3674 propo·

67 3703 106 3751 est
138 3693 325 3767 paenitentia,
353 3707 390 3749 er
414 3706 511 3750 amore
534 3692 641 3750 scilicet
664 3693 713 3749 liei
734 3693 793 3749 solo
816 3707 915 3763 prove·
970 3693 1034 3757 sito,
1050 3693 1158 3764 dignus
1173 3694 1233 3751 vita
1257 3692 1565 3760 aeternasalvaretur3
1584 3693 1665 3748 itaet
1680 3691 1704 3746 sl
1721 3698 1821 3761 postea

66 3783 159 3848 niens,
198 3782 300 3838 nullus
333 3781 383 3838 Dei
409 3789 592 3852 contemptus
625 3789 764 3849 remanet,
791 3782 917 3838 maxime
972 3781 1071 3852 lapsus
1083 3781 1131 3849 sit,
1166 3795 1204 3837 ex
1231 3782 1330 3837 eodem
1355 3781 1453 3837 animo
1482 3795 1570 3851 quem
1592 3780 1672 3850 prius
1700 3777 1820 3848 babuit,

67 3886 130 3928 cnm
156 3869 268 3927 Veritas
292 3869 388 3927 dicat:
418 3871 448 3926 st
476 3872 538 3941 quis
568 3870 663 3937 diligit
691 3886 742 3938 me,
768 3885 917 3925 sermonem
971 3869 1078 3941 pignus
1093 3868 1201 3927 salvari
1216 3867 1282 3926 fnit.
1308 3867 1361 3924 Sed
1376 3867 1441 3924 dico
1465 3869 1536 3938 quia
1560 3866 1634 3923 sicut
1648 3863 1732 3921 multi
1747 3877 1821 3935 saepo

67 3975 155 4016 meam
169 3959 338 4024 servabitet
357 3961 438 4014 Pater
452 3975 525 4015 meus
549 3959 645 4027 diliget
661 3974 731 4025 eam,
758 3963 784 4013 et
805 3959 842 4014 od
856 3975 917 4014 eam
972 3958 1160 4015 damnatione
1183 3957 1263 4029 digni
1285 3965 1364 4028 sunt,
1382 3972 1434 4014 nee
1454 3965 1550 4014 tamen
1578 3956 1607 4012 in
1624 3956 1678 4012 bac
1701 3966 1755 4010 sua
1769 3966 1820 4010 ne·

75 4053 224 4116 tentemus,
254 4053 279 4103 et
300 4051 468 4103 mensionem
498 4048 643 4118 operirem
666 4050 800 4114 sociemus
825 4047 915 4118 (loca.
971 4048 1066 4118 quilla
1081 4047 1255 4115 moriuntur,
1273 4053 1304 4103 ut
1326 4046 1473 4103 damnatio
1489 4059 1578 4117 quam
1594 4049 1760 4101 meruerant
1778 4040 1820 4099 eis

67 4151 123 4206 mr,
139 4137 200 4210 23).
221 4135 396 4209 Quicunque
423 4151 492 4209 ergo
506 4138 547 4208 tiu
561 4150 659 4194 amore
681 4137 731 4194 Dei
748 4137 915 4208 persistunt,
932 4119 956 4175 D
972 4151 989 4193 a
1005 4138 1062 4193 lleo
1085 4135 1248 4207 reddatur3
1275 4148 1329 4193 uec
1351 4144 1449 4193 tamen
1476 4135 1539 4193 ideo
1567 4135 1643 4193 Deus
1669 4129 1819 4204 injustitie

68 4225 174 4285 salvari
198 4239 313 4283 necesse
334 4235 394 4283 est:
419 4240 486 4298 quae
501 4226 623 4283 salvatio
641 4240 828 4297 nequaquam
851 4240 916 4282 eon·
972 4232 1014 4282 est
1033 4226 1212 4297 arguendus,
1233 4226 1304 4297 quia
1323 4240 1381 4283 non
1396 4224 1521 4283 reddidit
1541 4225 1582 4281 eis
1597 4236 1711 4296 planam
1731 4232 1821 4293 quam

69 4318 193 4389 tingeret
213 4329 273 4373 uno
295 4324 421 4385 peccato,
437 4315 523 4372 idest
548 4317 851 4388 onobeleontemptu
867 4330 913 4372 re·
971 4322 1159 4372 meruerant:
1190 4315 1230 4372 ita
1267 4315 1376 4372 necin
1413 4314 1538 4385 praemiis
1563 4312 1727 4376 reddendis,
1754 4322 1821 4382 quat

18 4460 21 4465 .
69 4412 153 4463 moto.
183 4405 257 4462 Cum
272 4412 369 4462 autem
395 4405 425 4461 in
449 4405 604 4476 poeuitente
625 4405 686 4476 iam
710 4404 824 4462 nullum
840 4406 917 4462 lleus
971 4404 1224 4475 perseverantibus
1271 4411 1385 4462 tantum
1429 4403 1647 4475 promittuntur,
1680 4398 1822 4459 <veritate

68 4494 175 4566 reperit
201 4501 362 4565 peceatum,
390 4492 503 4551 nnllam
527 4493 568 4551 lbi
584 4492 694 4551 invenit
723 4492 917 4550 damnationis
972 4500 1149 4552 attestante:
1179 4495 1232 4562 Qut
1266 4497 1482 4564 perseveraverit
1506 4506 1590 4559 esque
1616 4492 1647 4546 im
1664 4490 1760 4559 prem,
1777 4488 1823 4544 bic

68 4596 186 4641 caumm
200 4599 208 4652 ;
224 4592 253 4640 et
281 4583 343 4640 ideo
368 4598 481 4641 neccsse
511 4591 554 4641 ost
577 4590 620 4650 nt,
642 4590 757 4654 peceato
777 4589 916 4651 cessante,
971 4583 1066 4638 soloas
1082 4584 1133 4638 erit
1146 4582 1258 4652 (llattlt.
1270 4583 1319 4647 X,
1348 4581 1404 4653 tt).
1419 4581 1482 4638 Non
1496 4595 1565 4651 ergo
1597 4577 1752 4635 concedere
1771 4590 1823 4633 eo-

67 4687 124 4731 non
143 4678 236 4731 restet
257 4672 415 4739 damnatio,
436 4672 491 4731 boc
511 4681 563 4741 est,
588 4673 722 4743 perennis
746 4686 836 4742 pmnae
855 4672 918 4728 afll-
972 4672 1080 4746 gimur,
1097 4677 1129 4729 ut
1149 4671 1219 4744 qula
1233 4672 1410 4744 quandoque
1426 4684 1511 4742 prena
1533 4668 1580 4727 vel
1607 4665 1725 4739 praemio
1754 4665 1822 4736 quis

68 4763 190 4831 etio;et
213 4762 269 4820 boc
293 4770 336 4820 est
361 4770 519 4833 peceatum,
537 4763 614 4834 quod
634 4763 787 4833 praecessit,
817 4775 834 4817 a
861 4762 918 4817 lieo
972 4761 1188 4834 dignusfuerit,
1215 4761 1276 4818 ideo
1302 4761 1424 4832 dignum
1454 4759 1498 4816 vel
1520 4758 1634 4828 justum
1661 4756 1708 4823 sit,
1730 4755 1822 4812 Mum

68 4851 254 4910 contionaria
267 4860 583 4924 poenaaeterna,quam
597 4851 663 4908 inde
677 4850 870 4920 merueratei,
885 4857 918 4907 ut
972 4850 1045 4907 illud
1072 4850 1098 4908 ei
1122 4849 1261 4919 conferre,
1284 4864 1351 4907 cum
1373 4848 1525 4907 aliomodo
1551 4845 1655 4903 melius
1678 4841 1821 4912 utendum

15 4996 18 5003 .
67 4941 209 5010 diximus,
232 4955 250 4997 a
270 4942 325 4998 lieo
339 4941 493 5011 provideri.
510 4940 648 5008 Quamvis
668 4942 745 4997 enim
765 4939 916 5010 lleusjam
971 4953 1080 4996 coesse
1095 4938 1262 5010 providerit,
1287 4938 1458 5011 quiaetiam
1486 4935 1568 4993 malis
1588 4931 1823 5000 benectitur,et

68 5043 123 5087 non
141 5028 280 5086 inveniat
300 5029 330 5084 in
344 5030 508 5100 poenitente,
538 5029 616 5100 qued
637 5029 802 5099 perenniter
816 5028 917 5086 debeat
971 5041 1116 5098 quaque·
1133 5026 1256 5098 pessima
1284 5026 1390 5098 optime
1422 5025 1559 5094 disponit.
1584 5020 1666 5090 Quod
1693 5021 1718 5077 si
1747 5018 1820 5077 forte

69 5118 183 5187 punire,
206 5131 321 5188 poenam
345 5125 441 5174 tamen
467 5117 652 5188 precedentis
677 5118 785 5188 peccati
811 5116 918 5195 dieitur
972 5116 1039 5186 quis
1067 5115 1153 5183 dicat,
1180 5129 1258 5184 eum,
1284 5115 1335 5186 qul
1364 5114 1400 5171 ad
1433 5116 1533 5171 boram
1560 5114 1651 5169 licum
1684 5109 1821 5177 amando,

67 5208 241 5274 condonare,
261 5220 328 5263 cum
359 5220 408 5278 per
428 5207 491 5274 boc,
515 5206 592 5279 quod
615 5207 754 5278 gemitum
778 5205 804 5262 ei
828 5206 918 5278 poeni-
972 5218 1038 5261 vere
1068 5203 1211 5274 poeuituit,
1235 5205 1284 5260 sed
1307 5213 1402 5261 tamen
1432 5203 1461 5259 ln
1491 5204 1545 5259 bae
1580 5198 1749 5274 poenitentia
1773 5195 1821 5255 vel

69 5297 160 5355 entiae
176 5296 374 5368 inspiraverit,
395 5311 462 5353 eum
491 5295 672 5369 indulgentia
696 5295 818 5367 dignum
832 5295 915 5366 feeit;
971 5305 1069 5359 amore
1083 5307 1142 5350 non
1167 5294 1403 5364 perseveraverit,
1430 5307 1488 5350 non
1508 5293 1572 5350 ideo
1584 5290 1680 5364 ,tuisse
1702 5285 1822 5361 praemio

67 5382 118 5444 boc
140 5392 199 5453 est,
225 5383 325 5454 ιειεω,
354 5383 401 5443 cni
415 5383 497 5443 nulla
512 5392 582 5443 tunc
609 5383 748 5443 debeatur
772 5397 858 5456 poena
877 5399 915 5444 ee-
973 5383 1096 5457 dignum
1114 5382 1203 5441 vltae:
1229 5381 1355 5455 prolecto
1376 5396 1444 5443 eum
1466 5397 1521 5443 nec
1543 5389 1614 5443 tunc
1638 5377 1824 5439 damnatione
