3804 5962
112 220 182 276 {267
370 218 472 273 PETRI
490 217 679 294 nominant
697 217 774 275 OPP.
794 219 885 276 PARS
904 219 953 276 ltl.
973 247 1000 261 —·
1017 173 1243 280 rubblbdlcll
1261 223 1304 277 ΕΤ
1322 220 1586 277 PHILOSOPHICA.
1791 221 1856 279 {268

109 349 195 402 sonat
208 354 332 399 numero
347 338 478 412 diversae,
503 350 554 400 aut
578 343 677 402 multae
694 344 802 415 iormae,
819 349 873 402 etc.
899 346 958 402 Ea·
973 347 999 400 Α
1013 346 1102 419 ligno,
1117 349 1162 404 vel
1175 348 1204 404 in
1228 362 1289 405 una
1316 347 1485 419 margarita,
1508 361 1575 417 qnae
1589 347 1701 403 caeteris
1726 346 1858 416 partibus

112 431 177 488 dem
200 429 309 501 qnippe
335 430 453 505 anima,
477 445 527 488 seu
561 433 697 503 qualibet
721 435 883 491 substantia
916 440 959 490 est
1012 436 1145 493 abscissis
1169 436 1211 492 vel
1235 437 1362 504 remotis,
1388 436 1518 492 bominas
1540 436 1586 493 vel
1611 435 1694 507 ligna
1713 449 1858 494 saumar-

111 518 451 586 mnltadilfiuitionibus,
481 534 534 576 nec
562 529 659 577 tarucn
686 521 748 578 ideo
778 522 957 579 multaasub·
1013 525 1112 594 garitae
1131 524 1292 581 dicuutur:
1319 539 1445 594 quarum
1467 525 1554 582 etiam
1568 525 1696 595 partium
1713 538 1857 595 unaqua-

113 607 227 665 stantica
250 606 295 663 rel
323 615 435 664 caetera.
467 607 548 672 Quod
577 611 601 664 si
625 617 699 666 esset
720 611 811 668 multa
827 624 958 677 numero,
1012 626 1069 682 que
1084 622 1150 668 ante
1162 613 1365 669 abscissionem
1388 615 1473 670 bomo
1492 621 1565 679 erat,
1588 613 1647 669 sire
1664 612 1793 683 lignum,
1810 626 1857 669 sen

113 702 184 753 ωηο
224 694 423 751 indubitanter
458 695 604 753 conclusio
645 698 793 767 praemissa
826 697 957 768 procede·
1012 701 1181 772 margarita.
1199 704 1259 759 Nou
1282 703 1360 758 enim
1375 702 1516 772 separatio
1532 710 1630 757 nostra
1646 699 1817 771 quidquam
1831 701 1858 757 in

114 791 168 842 ret.
1013 790 1175 846 substantia
1195 791 1344 847 consertei
1376 791 1454 860 quod
1478 796 1617 857 remanet,
1647 790 1692 846 vel
1718 788 1859 859 quodre-

149 871 223 929 lllud
247 879 344 929 autem
367 872 446 942 quod
461 874 615 944 quaesitum
634 883 686 942 est,
707 888 798 945 quare
826 873 960 929 videlicet
1013 886 1185 947 motumest,
1202 880 1280 948 quod
1297 882 1378 948 prius
1401 893 1459 934 non
1484 879 1620 935 baberet:
1645 877 1860 948 quiaabscissa

113 961 207 1033 magis
226 960 333 1017 dicitur
347 962 423 1018 Deus
447 963 553 1031 trinus,
570 976 657 1033 quam
686 963 849 1020 substantia
871 962 958 1027 trina,
1013 981 1113 1034 manu,
1126 968 1154 1023 id
1169 968 1247 1038 quod
1263 975 1332 1023 tuuc
1347 968 1430 1023 boum
1444 976 1591 1036 permanet
1613 975 1641 1023 et
1668 975 1739 1022 aute
1754 967 1857 1022 abscis-

113 1049 540 1122 rationabiliterinterrogatur,
553 1053 692 1122 etmagis,
708 1060 739 1106 ut
752 1051 879 1107 arbitror
892 1050 958 1120 (92),
1013 1055 1123 1111 sionem
1149 1055 1234 1111 bomo
1251 1056 1446 1124 permanebat.
1462 1055 1598 1121 Quadam
1624 1068 1692 1124 pars
1723 1055 1819 1110 latens
1832 1054 1859 1109 in

113 1145 224 1210 oportet
252 1138 307 1195 dici
330 1140 423 1196 Deum
452 1154 513 1197 esse
540 1140 720 1206 Trinitatem,
750 1152 840 1209 quam
869 1138 960 1194 Deum
1013 1143 1139 1207 bomine,
1163 1144 1216 1213 qui
1243 1145 1352 1214 integer
1377 1150 1448 1211 erat,
1477 1142 1609 1200 similiter
1631 1150 1730 1213 postea
1748 1141 1859 1199 abscin-

113 1241 175 1286 asse
202 1227 323 1285 trinum.
352 1228 432 1294 Quod
466 1229 530 1285 licet
557 1228 669 1285 sincera
691 1236 719 1285 et
751 1241 823 1283 sana
851 1225 960 1282 intelli·
1012 1231 1111 1297 datur,
1135 1231 1285 1287 residuum
1310 1232 1464 1297 lromoest,
1492 1232 1570 1302 quod
1598 1244 1656 1286 non
1685 1231 1774 1287 bomo
1802 1237 1858 1286 etat

114 1316 213 1388 gentia
226 1330 287 1372 esse
302 1317 398 1386 possit,
430 1317 454 1372 si
478 1317 610 1373 dicamus
635 1318 724 1372 Deum
741 1316 850 1371 trinum
869 1329 962 1385 quan·
1014 1326 1080 1374 ante
1095 1318 1186 1387 ipsam
1202 1318 1417 1385 abscissionem,
1447 1333 1514 1374 cum
1531 1327 1600 1374 tunc
1623 1333 1747 1389 quoque
1772 1317 1858 1374 bomi-

114 1409 177 1460 tum
206 1402 339 1459 videlicet
372 1403 408 1459 ad
434 1404 624 1474 proprietates
661 1415 862 1474 personarum,
900 1416 960 1457 non
1014 1408 1059 1462 nis
1074 1406 1276 1462 diffinitionem
1305 1407 1433 1473 baberet,
1462 1421 1521 1477 quo
1547 1415 1615 1462 ωηο
1635 1407 1726 1462 ctiam
1755 1403 1857 1462 animal

115 1499 213 1550 tamen
229 1492 302 1548 ratio
327 1493 444 1549 videtur
471 1507 524 1550 cur
559 1491 651 1563 magis
679 1492 812 1548 dicamus
838 1491 959 1556 trinum,
1013 1500 1085 1560 erat,
1116 1508 1183 1550 cum
1209 1502 1281 1551 esset
1308 1497 1469 1551 animatum
1502 1504 1530 1552 et
1551 1495 1697 1563 sensibile,
1722 1493 1856 1552 eteodcm

116 1594 204 1652 quam
226 1580 418 1638 substantiam
437 1582 556 1638 trinam.
577 1581 667 1638 Multo
689 1581 776 1636 etiam
796 1580 894 1635 minus
910 1579 959 1635 tri·
1015 1583 1099 1638 modo
1110 1582 1249 1638 rationale
1264 1591 1292 1638 et
1304 1585 1433 1650 mortale,
1459 1598 1519 1654 quo
1534 1583 1618 1639 modo
1637 1593 1665 1638 et
1680 1597 1773 1640 nunc.
1791 1583 1856 1639 cnm

116 1669 257 1740 partitum
284 1669 342 1726 dici
375 1672 465 1727 Deum
490 1670 696 1740 approbamus,
727 1668 791 1725 licet
820 1669 850 1724 in
873 1638 998 1725 sensuB
1018 1671 1198 1740 itaqueante
1223 1686 1338 1727 omnem
1363 1672 1564 1728 abscissionem
1590 1671 1689 1726 inultae
1712 1677 1857 1741 parteses

116 1764 235 1815 sanctus
253 1758 300 1816 ille
326 1758 443 1830 quiboc
466 1759 540 1815 dixit
562 1773 620 1814 non
634 1757 821 1825 oberraverit,
837 1755 961 1812 trinita·
1017 1759 1125 1815 sentin
1143 1760 1337 1827 unobomiue,
1364 1774 1491 1829 quarum
1513 1772 1700 1829 unaquaeque
1723 1764 1798 1814 esset
1813 1757 1856 1812 bc

117 1852 174 1903 tem
187 1846 293 1905 scilicet
313 1861 504 1917 personarum
516 1845 688 1916 intelligens.
980 1840 985 1845 ’
1016 1861 1074 1915 ηηο,
1087 1862 1144 1904 ηοη
1159 1855 1255 1903 tamen
1271 1848 1343 1915 ideo,
1367 1848 1452 1903 inulti
1477 1848 1609 1903 homines
1624 1848 1655 1902 in
1673 1859 1735 1902 uno
1750 1843 1857 1902 bomine

154 1935 229 1993 lllud
239 1949 308 1993 vcro
319 1937 419 1993 multis
433 1935 527 1992 modis
542 1933 692 2000 refellitur,
711 1936 788 2006 quod
810 1949 876 1991 cum
891 1946 963 1990 una·
1017 1942 1109 2001 eraut,
1132 1937 1204 2007 quia
1230 1938 1336 1992 multos
1359 1938 1490 1993 homines
1502 1951 1560 1992 non
1575 1934 1708 2010 dicimus,
1723 1933 1779 1989 nisi
1793 1931 1856 1989 mul-

117 2038 243 2097 quaeque
258 2025 347 2082 trium
367 2038 555 2095 personarum
569 2024 607 2081 sit
625 2024 701 2081 Deus
716 2022 776 2079 sire
790 2022 962 2089 substantia,
1017 2024 1053 2080 tis
1066 2024 1219 2080 animabus
1241 2032 1396 2095 vegetatos.
1418 2024 1447 2079 Si
1467 2032 1565 2080 autem
1580 2038 1647 2078 cum
1673 2020 1858 2078 essentialiter

117 2126 214 2184 neque
235 2127 296 2171 una
319 2126 442 2183 persona
467 2114 503 2169 sit
531 2112 598 2181 alia,
616 2126 674 2168 ηοη
697 2119 792 2168 tamen
812 2110 873 2166 ideo
898 2110 962 2180 plu·
1018 2113 1137 2169 diversae
1151 2125 1195 2168 res
1223 2122 1300 2179 sunt,
1321 2126 1447 2183 quarum
1473 2126 1657 2182 unaqueque
1679 2118 1723 2167 cst
1737 2109 1857 2166 intellec·

118 2213 165 2258 ree
179 2201 219 2257 dii
242 2208 310 2257 suut
338 2201 399 2258 sive
418 2201 596 2258 substantiae.
624 2201 688 2256 Non
702 2199 778 2255 euim
794 2212 907 2255 necesse
920 2206 964 2254 est
1018 2207 1074 2266 tus,
1091 2201 1334 2265 siveb01n0,non
1359 2201 1422 2257 idco
1438 2210 1534 2257 tamen
1548 2201 1672 2256 dicimus
1696 2198 1804 2255 multos
1818 2197 1858 2252 in·

119 2295 231 2346 utcum
248 2288 283 2344 de
302 2289 451 2359 aliquibus
476 2289 624 2360 sigillatim
640 2288 756 2344 dicatur
772 2300 878 2344 nomen
900 2286 964 2342 sin·
1018 2288 1146 2344 tellectus
1166 2289 1211 2344 vel
1228 2287 1334 2344 multos
1360 2290 1510 2344 bomiues:
1545 2296 1655 2359 quanto
1684 2287 1781 2358 magis
1805 2299 1859 2341 non

120 2375 232 2448 gularls
255 2376 380 2444 numeri,
409 2376 521 2446 plurale
544 2375 579 2431 de
602 2375 710 2431 eisdem
737 2374 824 2431 simul
837 2373 963 2430 dicatur.
1019 2384 1130 2447 oportet
1153 2377 1209 2433 dici
1236 2377 1341 2433 multos
1363 2377 1439 2443 deos,
1469 2375 1513 2432 vel
1544 2376 1651 2432 multas
1674 2375 1855 2439 substantias,

120 2467 272 2521 llamcum
289 2463 368 2519 l‘lato
384 2463 504 2520 alterius
524 2463 659 2530 bominis,
690 2461 810 2519 alterius
835 2461 965 2518 Socrates
1019 2466 1354 2535 quamvisunaqmcquc
1369 2479 1558 2535 personarum
1571 2465 1647 2520 lleus
1664 2461 1858 2521 estsiresub·
1898 2524 1901 2529 ,

119 2552 210 2610 irater
230 2551 276 2619 sit,
305 2558 333 2609 ct
355 2565 405 2622 per
430 2552 482 2608 boc
498 2552 673 2626 concedatur
699 2557 727 2607 ct
742 2550 820 2607 Plato
833 2564 892 2606 esse
907 2550 963 2605 lra-
1019 2561 1135 2620 stantia,
1159 2569 1286 2624 quarum
1315 2554 1415 2609 eadem
1440 2553 1555 2623 penitus
1573 2550 1857 2608 estessentiaiCum
1898 2542 1901 2561 ²

120 2649 173 2711 ter,
194 2640 563 2709 etsocratesesseirater3
588 2653 646 2695 nou
670 2640 732 2695 ideo
759 2639 879 2695 tortasse
900 2651 967 2693 con·
1019 2644 1096 2698 euim
1124 2643 1213 2698 trium
1249 2655 1438 2711 personarum
1464 2641 1624 2697 secundum
1659 2638 1858 2711 grammaticos
1901 2642 1902 2650 ’

122 2729 185 2787 cadi
206 2729 341 2787 convenit
362 2728 511 2785 Platonem
544 2737 572 2785 et
600 2728 744 2785 Socratem
764 2742 824 2783 esse
840 2727 961 2783 iratres:
1020 2746 1086 2801 quae
1099 2731 1128 2786 in
1144 2731 1258 2786 socrate
1277 2737 1357 2800 sunl,
1381 2744 1566 2800 unaquaeqne
1591 2731 1628 2785 sit
1647 2727 1790 2794 Socrates,
1804 2726 1858 2782 sire
1901 2786 1902 2793 ,

80 2844 89 2855 ··
121 2817 403 2891 quodnequaqnam
429 2817 486 2873 dici
509 2818 589 2884 solet,
616 2816 671 2873 nisi
700 2816 736 2872 ad
756 2814 966 2872 ostendendum
1021 2819 1116 2885 bomo,
1149 2833 1216 2875 curu
1242 2816 1373 2874 videlicet
1393 2818 1452 2887 ipse
1482 2819 1603 2888 loquens
1630 2817 1668 2874 sit
1691 2816 1779 2872 bomo
1804 2814 1858 2870 sire

121 2905 201 2978 quod
216 2907 274 2963 sint
285 2905 525 2964 invicemlratres.
537 2906 628 2962 Sedet
643 2920 709 2962 cum
721 2912 778 2961 tam
790 2904 850 2959 baec
865 2901 965 2957 albedo
1021 2904 1149 2959 Socrates
1159 2918 1169 2973 ;
1180 2910 1207 2958 ct
1223 2903 1281 2971 ipsc
1304 2903 1339 2957 ad
1357 2916 1445 2972 quem
1470 2901 1576 2972 aliquis
1604 2900 1747 2972 loquitur,
1770 2896 1859 2956 reida

121 2994 363 3066 quamillecolor
388 2995 435 3059 sit,
450 3008 510 3050 ηοη
537 3002 632 3051 tamen
662 3002 811 3064 propterea
839 2991 967 3046 diversos
982 2974 1005 3032 ὓ
1022 3005 1080 3061 quo
1105 2991 1245 3060 loquitur,
1269 3005 1326 3045 non
1351 2991 1413 3045 ideo
1438 2999 1495 3046 tres
1523 2990 1655 3046 Socrates
1676 2987 1723 3045 rel
1749 2985 1859 3045 tresbc

120 3096 182 3140 essa
204 3082 311 3139 colores
330 3081 464 3149 dicimus,
489 3095 557 3137 cum
580 3095 638 3137 non
671 3079 851 3136 siutcolores
875 3075 968 3146 specie
1021 3078 1114 3135 mines
1142 3078 1277 3144 dicimus,
1300 3093 1367 3134 cum
1387 3079 1425 3134 sit
1448 3079 1537 3134 trium
1558 3090 1750 3148 personarum
1764 3074 1855 3132 eadem

122 3170 295 3230 differentes.
325 3169 446 3226 Duobus
471 3183 590 3239 quoque
619 3167 786 3224 bominibus
810 3165 965 3222 assistenti·
1021 3167 1165 3224 essentia:
1192 3167 1247 3222 boc
1269 3174 1312 3222 est
1337 3169 1400 3238 ejus
1427 3167 1476 3237 qui
1505 3166 1645 3238 loquitur,
1669 3165 1750 3221 etad
1779 3174 1857 3235 quem

121 3257 688 3326 busmibi,cumprolcrobancvocem
707 3256 967 3324 bcmc,perquam
1022 3255 1128 3325 aliquis
1151 3254 1291 3326 loquitur,
1321 3256 1366 3311 rel
1392 3254 1427 3312 de
1451 3270 1509 3326 quo
1538 3255 1677 3325 loquitur.
1704 3253 1811 3309 Eadem
1828 3251 1856 3305 de
1901 3252 1902 3263 ¹

123 3353 247 3418 uterquc
272 3344 443 3416 intelligitur
470 3346 577 3402 animal
605 3344 744 3401 rationale
772 3343 901 3408 mortale,
927 3342 969 3397 di·
1022 3357 1110 3399 causa
1137 3351 1164 3400 ct
1186 3343 1273 3399 trium
1305 3358 1494 3414 personarum
1520 3343 1631 3414 quain
1654 3336 1856 3407 Deosunt,cni
1901 3414 1902 3423 ἵ

121 3447 207 3493 versa
219 3432 338 3504 quidem
364 3440 407 3489 est
426 3433 548 3489 essentia
572 3432 661 3503 buius
681 3430 851 3498 intellectus,
874 3436 903 3486 et
924 3443 967 3485 es·
1022 3433 1058 3488 sit
1068 3445 1128 3488 una
1154 3435 1285 3492 essentia.
1308 3432 1372 3488 licet
1388 3447 1574 3503 unaquaque
1592 3432 1722 3500 ipsarum
1741 3429 1778 3485 sit
1793 3427 1857 3483 beat

121 3521 214 3580 sentia
227 3519 316 3578 illius.
337 3519 432 3589 Quare
450 3534 635 3591 unaquaeque
658 3528 701 3577 est
720 3519 893 3586 intellectus,
917 3531 969 3573 nec
1021 3521 1083 3578 sive
1108 3520 1280 3588 substantia,
1303 3535 1361 3576 non
1378 3521 1439 3577 ideo
1454 3527 1563 3590 oportet
1584 3527 1641 3576 tres
1657 3519 1726 3574 deos
1741 3514 1856 3573 dicisire

123 3616 220 3669 tamen
241 3609 305 3666 ideo
331 3609 438 3666 multos
467 3609 629 3666 intellectus
656 3609 790 3678 dicimus,
817 3622 885 3664 cum
909 3607 969 3662 baec
1022 3617 1080 3666 tres
1094 3609 1286 3665 substantias:
1309 3624 1373 3665 curu
1399 3623 1483 3678 saepe,
1512 3617 1544 3665 ut
1567 3621 1656 3678 supra
1671 3605 1853 3665 meminimus

123 3697 414 3770 dirersaconcipiant
433 3711 487 3754 nec
501 3697 614 3754 diverso
629 3698 722 3753 modo.
740 3699 775 3753 lit
794 3711 862 3753 cum
877 3696 969 3754 multa
1022 3713 1107 3756 voces
1131 3711 1166 3753 ex
1196 3698 1340 3768 adjunctis
1363 3698 1602 3769 significationem
1631 3709 1718 3751 suam
1742 3693 1854 3752 varient.

122 3787 242 3845 nomina
268 3786 314 3844 vel
333 3786 432 3843 multa
458 3786 631 3843 affinitiones
658 3787 791 3842 incidunt
821 3787 851 3841 in
879 3800 968 3842 unam
1023 3793 1121 3856 utpote
1147 3788 1209 3842 baec
1234 3786 1319 3842 dictio
1354 3794 1412 3842 tres
1439 3793 1467 3842 ct
1493 3786 1557 3842 aliae
1582 3785 1690 3841 multae.
1725 3780 1856 3839 Eumden

120 3889 231 3943 vocem,
259 3873 354 3931 omnis
381 3883 479 3932 autem
507 3875 629 3932 affinitio
650 3882 677 3931 et
701 3889 786 3930 omne
809 3888 916 3931 nomen
932 3875 969 3930 sit
1023 3877 1132 3947 quippe
1160 3874 1306 3930 bominem
1328 3880 1385 3929 tres
1407 3874 1524 3944 opifices
1544 3873 1670 3929 dicimus
1688 3885 1752 3927 csse
1770 3879 1858 3926 secun

121 3964 476 4032 voxaiveesscntia,non
505 3963 679 4020 tamenideo
701 3964 809 4019 mullas
828 3963 969 4018 vocesdi-
1024 3965 1094 4020 dum
1116 3961 1377 4020 triumolirciorum
1408 3962 1568 4031 scientiam,
1596 3975 1655 4016 non
1685 3963 1784 4016 taumn
1803 3955 1857 4012 ideo

122 4051 227 4122 cimus,
248 4053 310 4109 sire
328 4052 435 4109 multas
467 4052 617 4108 essentias.
644 4051 696 4107 Sed
724 4060 752 4107 ct
774 4066 841 4107 cum
859 4050 969 4106 dolium
1025 4058 1081 4106 tres
1106 4051 1245 4106 bomines.
1267 4050 1356 4107 Graeci
1379 4058 1486 4116 tamen,
1512 4058 1581 4106 teste
1609 4051 1787 4118 Augustino,
1808 4056 1860 4102 non

124 4141 201 4213 qnod
219 4141 250 4197 in
266 4140 351 4197 domo
365 4147 408 4196 est
431 4140 467 4196 sit
494 4140 614 4210 quidam
639 4139 719 4195 locus
734 4145 775 4218 et
790 4139 851 4208 ipsa
866 4151 970 4194 rursus
1023 4149 1193 4197 tererentur
1207 4146 1263 4195 tres
1286 4139 1464 4195 substantias
1483 4138 1578 4194 dicere
1593 4137 1687 4208 magis
1706 4149 1796 4207 quam
1811 4141 1861 4188 tres

69 4284 73 4294 ,
123 4229 226 4286 domus
258 4228 294 4286 sit
327 4229 447 4300 quidam
476 4228 567 4296 locus,
589 4242 642 4284 nec
671 4228 708 4284 sit
725 4226 807 4284 locus
828 4226 883 4294 ille,
911 4240 1169 4308 nonDpersonas.
1188 4227 1269 4283 Unde
1288 4228 1318 4283 in
1336 4241 1375 4283 vu
1397 4230 1438 4282 De
1456 4229 1598 4292 Tricttotc,
1627 4222 1863 4294 capituloque

125 4324 220 4374 tamen
240 4317 356 4376 diversa
379 4317 440 4374 loca
465 4317 588 4373 dicimus
616 4316 724 4372 dolium
751 4317 845 4386 ipsum
875 4316 968 4372 ctdo·
1024 4317 1176 4372 meminit:
1208 4337 1219 4365 ι
1248 4315 1396 4386 Loquendi
1424 4329 1514 4372 causa
1537 4315 1572 4371 de
1601 4312 1808 4378 ineffabilibus,
1836 4314 1863 4363 ut

122 4421 222 4475 mnm;
239 4406 369 4477 alioquin
384 4407 497 4473 vinum,
512 4406 590 4476 quod
613 4405 641 4461 in
668 4405 744 4461 dolio
759 4413 811 4472 est,
828 4407 858 4460 in
873 4405 967 4461 diver·

123 4496 164 4552 sis
178 4493 344 4562 essetlocis;
371 4507 436 4550 cum
453 4492 579 4562 nullum,
596 4502 628 4550 ut
655 4506 744 4563 supra
771 4492 969 4556 meminimus,

123 4597 230 4655 corpus
258 4582 287 4638 in
313 4581 436 4639 dirersis
455 4580 524 4638 locis
548 4595 609 4638 esse
641 4587 759 4637 constet.
784 4581 836 4636 Sed
858 4589 967 4637 etcum

123 4684 309 4744 unaquaque
320 4683 365 4727 res
387 4678 502 4727 tantum
520 4678 585 4742 post
609 4670 758 4740 proprium
779 4670 894 4736 babeat,
912 4672 967 4726 boc

120 4769 164 4821 est
179 4769 439 4832 quantamcunque
463 4772 571 4816 moram
587 4757 745 4815 existentiae
765 4772 837 4829 suae,
851 4773 909 4816 non
924 4766 969 4815 ta·

121 4864 188 4909 men
202 4850 325 4929 diversa
339 4857 468 4919 tempora
491 4847 661 4918 accipimus,
690 4845 747 4903 nisi
776 4861 826 4917 per
854 4862 966 4905 succes-

122 4939 243 4999 sionem.

158 5031 298 5087 Praeterea
323 5027 353 5084 in
377 5037 437 5085 ηηο
458 5025 575 5083 bomine
603 5025 702 5082 multra
725 5032 794 5081 sunt
823 5026 969 5096 partesita

121 5118 158 5176 ab
173 5116 439 5185 invicemdiversoe,
463 5122 496 5172 ut
508 5115 570 5171 baea
588 5127 647 5171 non
662 5114 700 5170 sit
715 5113 785 5183 illa;
801 5113 847 5170 vel
863 5113 893 5170 in
909 5130 967 5173 uno

156 5261 212 5334 (ot)
240 5260 348 5319 Eadem
376 5259 430 5317 luit
466 5256 608 5316 sententia
640 5257 788 5315 Hincmari
821 5258 968 5316 llemensis

121 5329 340 5460 archiepiscogosi,
370 5330 421 5458 (ξηί
449 5337 550 5388 contra
581 5328 797 5386 Getescbalcum
825 5329 966 5387 collectio·

65 5473 69 5482 '
121 5412 291 5542 ξοθηῖἷηηῧιᾱο
315 5441 373 5529 aaa
388 5475 414 5528 ct
437 5485 493 5530 coa
512 5474 585 5526 trino
604 5472 720 5527 deitate.
739 5473 775 5526 At
789 5468 967 5531 Getescbaici

1022 4403 1076 4460 lari
1091 4404 1191 4474 aliquo
1205 4418 1353 4474 possemus
1377 4404 1471 4471 morlo,
1497 4403 1575 4474 quod
1590 4402 1672 4458 ellari
1689 4400 1772 4457 uullo
1787 4398 1863 4455 modo

1023 4506 1186 4563 possumus,
1207 4493 1318 4549 dictum
1340 4502 1382 4549 cst
1405 4506 1422 4548 a
1444 4493 1549 4548 nostris
1576 4491 1758 4547 Graccisuna
1779 4501 1865 4546 essen

1023 4579 1072 4647 tia,
1090 4588 1146 4636 tres
1160 4581 1340 4649 substantia,
1362 4581 1500 4637 abatinis
1514 4594 1574 4637 una
1595 4581 1720 4636 essentia
1744 4579 1791 4634 rel
1806 4576 1866 4635 sub

1022 4669 1139 4737 stantia,
1151 4676 1208 4726 tres
1229 4684 1365 4739 personae,
1396 4670 1467 4740 quia
1486 4670 1560 4725 sicut
1573 4670 1634 4740 jam
1649 4668 1796 4734 diximus,
1813 4679 1865 4724 uon

1024 4757 1149 4814 aliterln
1172 4773 1304 4816 securene
1331 4759 1431 4815 Latino
1453 4759 1575 4814 essentia
1598 4771 1688 4827 quam
1704 4755 1867 4814 substantia

1023 4848 1093 4902 solet
1109 4846 1240 4919 intelligi.
1258 4868 1269 4896 ι
1287 4848 1379 4903 item:
1407 4867 1422 4897 η
1449 4847 1532 4910 Quod
1554 4846 1589 4902 de
1614 4844 1746 4915 personis
1772 4857 1868 4901 secun

1023 4935 1094 4991 duru
1116 4943 1254 5002 nostram,
1280 4937 1335 4992 boc
1365 4944 1408 4992 est
1436 4935 1470 4991 de
1503 4933 1672 4990 substantiis
1705 4933 1867 4990 secundum

1022 5024 1188 5082 Graecorum
1207 5024 1456 5081 consuetudinem.
1474 5022 1519 5079 Sic
1537 5023 1616 5080 enim
1632 5021 1735 5078 dicunt
1751 5023 1795 5079 illi
1815 5030 1869 5078 tres

1023 5113 1206 5178 substantias,
1232 5125 1321 5169 uuam
1350 5113 1515 5174 essentiam,
1541 5111 1793 5183 quemadmodum
1820 5123 1869 5167 nes

1022 5257 1194 5314 sententiam
1229 5256 1401 5326 approbavit
1433 5255 1561 5312 Ecclesia
1609 5254 1760 5322 universa,
1807 5269 1868 5326 qua

1022 5327 1151 5400 quotidie
1166 5333 1282 5384 resonat
1311 5327 1340 5383 in
1362 5328 1475 5396 templis
1492 5329 1527 5380 Te
1546 5328 1621 5380 trino
1638 5325 1745 5393 Deitas,
1762 5340 1869 5398 cacque

411 5399 532 5471 ripturis
569 5408 596 5457 et
627 5400 853 5457 orthodoxorum
883 5401 968 5458 dictis
1018 5401 1167 5468 poscimus.
