3804 5962
120 102 185 161 isai
635 98 683 153 AD
703 97 818 153 diuus
836 95 940 153 PETRI
960 95 1147 154 summani
1167 95 1352 156 APPENDIX.
1663 130 1667 135 -
1817 96 1873 154 itt!

120 227 231 300 (Hatita,
247 223 331 290 xxvii
345 222 484 280 dixerunt
504 222 565 285 tibi,
591 220 720 278 nonsibi
754 234 838 277 arare
855 222 971 291 pascha,
987 222 1012 276 a
1026 223 1066 278 m't
1080 238 1133 278 eos.
1160 220 1306 279 Habemus
1319 220 1350 277 in
1368 218 1545 292 Evangeliis,
1569 219 1642 277 dum
1667 220 1759 277 iesus
1780 221 1874 290 predi

122 298 200 370 quod
228 294 367 354 certificat
395 307 463 350 euru
489 291 680 348 manducasse
706 234 804 349 aigum
831 299 972 362 tempora·
1026 294 1118 350 eaudo
1139 292 1368 362 perambulasset
1389 292 1518 349 ciuitates
1539 290 1731 357 israeliticas,
1756 291 1874 349 intrabat

120 369 187 438 lem,
211 367 281 423 duiu
296 372 358 421 erat
373 378 439 420 cum
460 362 525 419 illis.
543 365 615 418 item
637 364 667 417 iri
688 363 785 418 eodeni
809 363 970 418 testimonio
1026 366 1120 433 potius
1142 364 1310 435 sinagogas
1330 362 1509 430 ludaeorum,
1531 362 1632 433 ibique
1649 363 1765 419 docens
1791 378 1872 433 popu·

120 440 199 511 quod
217 439 276 508 ipse
291 435 421 492 Christus
435 433 511 490 dixit
526 434 619 505 libid.)
635 450 642 488 ι
663 433 717 497 Qui
731 435 846 502 intingit
868 450 970 489 mecum
1024 436 1084 491 lum
1100 437 1134 490 de
1151 449 1241 506 reguo
1256 433 1317 500 liei,
1333 441 1361 490 et
1373 433 1405 490 iii
1419 433 1461 489 eis
1473 433 1565 490 inulta
1585 434 1673 505 sigua
1688 441 1718 490 st
1733 432 1873 490 mirabilia

119 525 232 566 monum
256 509 287 561 in
307 505 467 589 paropside,
495 503 538 560 bic
563 521 605 559 me
631 505 730 559 tradet.
753 504 818 561 Non
840 513 882 561 est
905 520 969 561 cre·
1024 506 1188 576 peragebat,
1206 513 1239 564 ut
1259 505 1366 561 dicitur
1387 504 1418 561 iu
1441 504 1572 562 llattbaeo
1596 504 1669 575 (cap.
1693 503 1749 574 ixl.
1774 507 1810 559 lit
1827 509 1872 561 cii·

120 581 247 637 bendum
276 577 353 647 quad
377 590 437 646 ipse
461 574 593 632 Christus
616 588 738 631 manum
763 575 793 631 in
837 576 970 645 aropside
1023 578 1116 632 coibat
1140 579 1218 632 iesus
1247 577 1372 632 ciuitates
1400 591 1490 632 omnes
1517 582 1544 631 et
1566 576 1694 642 castella,
1727 575 1873 632 muisis

120 651 285 721 intingeret,
317 647 371 703 uisi
395 647 572 703 maducaret.
604 645 663 702 Hoc
696 645 772 702 idem
828 660 914 703 arcus
941 655 969 704 et
1022 648 1175 717 spnaooois
1198 662 1289 702 mrum
1308 651 1335 701 ei
1355 647 1509 716 predicans
1518 649 1716 716 Evangelium,
1734 652 1761 702 et
1781 664 1871 704 curcei

120 722 214 778 Lucas
234 718 427 774 testificantur
452 717 481 773 in
507 716 672 788 Evangeliis
698 717 769 773 suis.
797 716 865 773 Haec
891 717 968 773 testi·
1022 735 1126 774 omnem
1158 721 1327 786 languorem,
1351 722 1377 774 et
1399 734 1506 774 omnem
1526 720 1732 788 infirmitatem.
1759 719 1829 775 item
1847 720 1871 775 ii

121 791 218 848 monia
239 796 307 846 sunt
326 789 360 846 de
386 787 492 845 Christi
518 788 691 845 comestione
712 796 870 858 autequam
888 795 966 858 pate·
1022 789 1180 862 Evangelio
1203 789 1330 846 blattbaii
1359 788 1477 860 ipsemet
1506 797 1634 853 testatur,
1664 789 1771 845 diceus
1797 789 1871 846 uobis

121 871 211 919 retur.
234 863 299 917 Post
323 860 484 930 passionem
499 874 569 917 vero
587 872 671 914 suam
686 864 807 916 testatur
829 860 921 915 Lucas
938 859 968 915 iu
1023 860 1094 933 (cap.
1120 861 1229 987 xxvig:
1254 860 1380 927 Quotidie
1402 861 1478 930 apud
1496 876 1543 916 uos
1563 860 1696 916 sedebam
1709 862 1743 914 in
1767 862 1869 930 templo,

120 932 279 1004 Evangelio
302 946 369 988 euin
393 945 489 987 coram
510 929 660 999 discipulis
683 930 743 986 suls
763 929 966 992 manducasse.
1022 933 1129 987 doeens.
1150 931 1187 987 lis
1208 945 1253 986 eiu
1270 930 1366 987 verbis
1386 938 1510 988 testatur
1532 931 1623 988 Lucas
1643 931 1678 986 iii
1706 931 1869 1003 Evangelio.

120 1004 218 1061 dicens
235 1003 307 1074 (cap.
324 1001 407 1074 xxiv)
422 1019 429 1056 ε
447 1002 559 1057 Habetis
579 1001 622 1055 bie
642 1001 751 1068 aliquid
762 1001 835 1067 quod
850 1002 967 1056 mandu-
1022 1004 1092 1059 ltem
1107 1004 1233 1059 loannes
1247 1009 1370 1058 testatur
1385 1003 1417 1059 iii
1428 1002 1586 1073 Evangelio
1605 1002 1647 1072 lca
1672 1044 1679 1058 .
1696 1002 1786 1072 xvuil
1799 1019 1807 1057 :
1822 1005 1870 1071 Hei

119 1073 214 1131 cetur?
230 1075 269 1131 At
289 1075 330 1128 itti
351 1073 506 1129 obtulerunt
521 1075 546 1127 ei
564 1077 670 1142 partem
695 1073 778 1143 piscis
792 1074 861 1139 assi,
883 1077 909 1126 et
922 1073 968 1138 sa·
1022 1089 1128 1143 semper
1150 1073 1229 1128 docui
1251 1073 1280 1126 in
1294 1073 1451 1143 Suneqoqa,
1477 1077 1502 1128 et
1519 1075 1549 1128 in
1567 1077 1680 1142 tempo,
1706 1088 1764 1142 quo
1789 1089 1869 1128 onas

118 1162 182 1202 uum
204 1145 303 1200 mellis.
323 1148 359 1201 ut
380 1160 439 1199 cum
455 1144 646 1198 manducasset
670 1159 761 1199 coram
786 1149 835 1209 eis,
860 1158 968 1198 sumens
1021 1145 1110 1200 iudei
1127 1145 1300 1212 conueniunt,
1318 1148 1343 1198 et
1363 1147 1395 1198 in
1418 1145 1521 1200 occulto
1537 1144 1639 1199 imatus
1665 1158 1732 1199 sum
1746 1144 1869 1200 nilsibii'

119 1218 252 1284 reliquias
276 1216 353 1271 dedit
376 1219 424 1270 eis.
445 1215 516 1270 item
537 1215 631 1270 Lucas
655 1213 685 1270 in
708 1214 825 1270 Actibus
850 1220 968 1284 aposto·
1021 1215 1144 1285 objicitis
1159 1214 1252 1280 uobis,
1269 1215 1348 1285 quod
1361 1215 1468 1285 sepius
1481 1215 1660 1287 predicabat
1671 1214 1705 1270 in
1720 1215 1792 1271 aliis
1810 1216 1869 1272 locis

120 1288 214 1345 lorum
240 1294 370 1350 testatur,
396 1286 495 1342 diceus
514 1284 584 1356 (cap.
602 1286 646 1353 il:
666 1287 702 1339 Ei
723 1299 879 1339 convescens
896 1299 965 1354 prae·
1021 1301 1110 1357 quam
1128 1286 1156 1341 in
1172 1286 1288 1355 templo,
1304 1285 1348 1343 vel
1370 1287 1401 1343 iu
1418 1284 1594 1357 synagogim
1611 1299 1721 1343 verum
1742 1294 1796 1342 est.
1824 1284 1868 1342 Sed

120 1361 239 1429 capitiis
257 1359 291 1412 ab
311 1355 505 1426 Hierosolymis
528 1373 562 1412 ne
582 1356 761 1410 discederent.
786 1356 821 1412 Et
842 1357 881 1411 ita
904 1368 964 1410 cer·
1020 1365 1139 1429 propter
1162 1356 1377 1413 multitudinem
1399 1358 1590 1424 venientium,
1612 1371 1651 1413 ne
1670 1365 1771 1414 esseut
1786 1357 1868 1427 impe·

120 1430 265 1487 tissimum
280 1436 307 1485 et
323 1429 439 1484 firmum
459 1435 510 1493 est,
527 1434 684 1497 antequam
709 1432 856 1497 pateretur
875 1427 967 1483 omni·
982 1458 1003 1513 B
1020 1429 1182 1484 dimentum
1197 1427 1338 1484 ministris
1356 1428 1454 1497 templi
1473 1436 1502 1486 et
1515 1426 1756 1499 synagogarum,
1771 1441 1809 1484 ne
1823 1428 1867 1483 mi

120 1501 176 1558 bus
199 1500 311 1556 actibus
326 1499 473 1564 humanis,
490 1499 543 1565 uti,
561 1504 680 1567 excepto
695 1504 820 1568 peccato,
837 1504 865 1553 et
889 1496 967 1553 Pau·
1021 1513 1078 1556 nus
1101 1499 1254 1555 redderent
1274 1506 1341 1555 rota
1369 1511 1435 1564 sua,
1458 1505 1486 1554 et
1507 1511 1542 1554 ea
1565 1512 1633 1569 quae
1656 1497 1715 1554 sibi
1741 1498 1868 1567 injuncta

119 1571 166 1629 lus
193 1571 224 1628 in
252 1570 381 1640 Epistola
409 1569 445 1625 ad
475 1568 672 1638 Philippenses
706 1575 838 1634 testatur,
869 1567 967 1623 dicens
1020 1577 1113 1636 eraut,
1129 1570 1158 1625 iii
1172 1568 1319 1626 montibus
1332 1574 1360 1625 et
1375 1569 1405 1625 iu
1420 1568 1483 1625 aliis
1497 1568 1567 1626 locis
1581 1568 1764 1625 discedebat.

118 1641 236 1714 (capul
252 1657 260 1696 t
276 1644 332 1696 Hoc
348 1641 419 1697 enim
438 1643 537 1695 sentite
555 1639 671 1694 iacebis
698 1639 771 1708 quod
785 1643 811 1694 et
837 1639 868 1692 in
882 1638 964 1692 Obri-
1056 1643 1121 1698 Post
1152 1640 1347 1696 ascensionem
1373 1653 1441 1697 vero
1470 1638 1535 1710 ejus
1562 1638 1705 1709 discipuli
1727 1637 1867 1698 corbium

119 1719 161 1770 sto
187 1713 266 1768 Jesu.
289 1714 343 1778 Qui
358 1728 418 1767 eum
433 1714 463 1764 in
482 1711 573 1777 torma
592 1713 642 1764 liei
658 1716 736 1778 esset,
760 1725 815 1764 non
838 1710 967 1779 rapinam
1019 1712 1185 1783 Magistrum
1209 1724 1297 1767 suum
1324 1715 1351 1766 et
1373 1709 1548 1767 salvatorem
1569 1710 1685 1767 imitari
1714 1711 1865 1780 cupientes,

119 1785 272 1839 urbinates
303 1789 344 1839 est
362 1799 389 1837 se
410 1797 466 1837 esse
490 1781 623 1851 aqualem
637 1783 705 1848 Hem
721 1780 770 1836 sed
790 1783 967 1849 semetipsum
1020 1782 1153 1853 quandiu
1182 1782 1212 1837 iii
1244 1779 1424 1838 Hierusalem
1451 1788 1646 1849 morarentur,
1683 1781 1816 1852 quotidie
1840 1783 1865 1836 lii

119 1859 283 1919 cainanivit,
298 1857 416 1921 formam
430 1856 501 1907 servi
526 1852 672 1921 couniens,
687 1856 713 1907 et
737 1855 862 1906 inuentus
880 1856 921 1907 est
935 1855 966 1905 ut
1020 1853 1160 1925 templum
1182 1866 1265 1909 orare
1287 1852 1451 1920 veniebant,
1471 1859 1504 1909 ut
1529 1852 1559 1907 in
1580 1852 1710 1909 Actibus
1735 1849 1863 1922 apostolo

119 1927 206 1982 bomo.
229 1927 391 1981 Humitioiiit
412 1925 587 1992 semetipsum
607 1938 693 1992 usque
717 1923 754 1978 ad
776 1926 901 1977 mortem.
928 1923 964 1979 Et
1019 1938 1086 1980 rum
1108 1923 1268 1990 iuvenitur,
1283 1922 1381 1979 diceris
1398 1924 1473 1994 (cap.
1489 1923 1540 1995 ul:
1556 1923 1693 1990 Quotidie
1712 1927 1792 1979 eram
1805 1937 1864 1991 opo-

119 1998 180 2055 biec
194 1998 229 2054 de
243 1994 543 2054 Christibuiuanitate
562 1992 716 2050 siilllciant.
1018 1997 1083 2050 stoli
1105 1995 1300 2064 perdurantes,
1328 1999 1353 2047 et
1379 1998 1486 2049 oronim
1512 1995 1688 2049 unanimiter
1711 1998 1743 2048 in
1767 1993 1865 2061 temple

436 2064 550 2123 CAPUT
574 2064 645 2119 Vlll.
1018 2067 1055 2123 Et
1077 2067 1182 2122 iterum
1206 2066 1279 2135 (cap.
1303 2063 1367 2135 iul:
1388 2067 1484 2121 Petrus
1503 2069 1529 2120 et
1544 2066 1667 2121 ioannes
1690 2064 1864 2121 ascendebant

154 2140 195 2196 Do
213 2138 399 2195 ecclesiarum
418 2134 653 2193 institutionibus
673 2133 788 2206 legitur,
813 2132 890 2204 quod
906 2134 965 2189 Do·
1017 2139 1047 2192 in
1071 2136 1199 2206 tenplum
1224 2140 1378 2192 utararent
1409 2136 1448 2192 ad
1469 2136 1564 2191 boram
1591 2139 1736 2191 matianis
1763 2150 1863 2191 isonam

119 2209 217 2267 minus
242 2209 328 2280 Hoysi
363 2206 584 2265 tabernaculum
615 2221 674 2262 uon
706 2203 906 2260 mauulactum
934 2205 965 2260 in
1018 2209 1087 2265 item
1109 2207 1259 2264 incudem
1283 2206 1426 2278 (cap.vl:
1452 2205 1523 2263 Cum
1547 2206 1653 2264 Annas
1677 2207 1862 2277 princepssa·

122 2289 220 2337 moute
243 2279 378 2346 ostendit,
400 2279 522 2334 diceus:
545 2277 630 2344 Vade,
651 2281 678 2331 et
691 2277 738 2343 tae
759 2275 964 2330 tabernaculum
1018 2280 1176 2345 cordatum,
1201 2285 1229 2334 et
1252 2291 1351 2334 omncs
1374 2276 1513 2349 quicum
1536 2276 1587 2335 illc
1608 2286 1701 2335 eraut
1721 2279 1862 2348 inienuus

119 2367 173 2406 non
192 2353 382 2417 mauseolum
409 2350 497 2403 simite
523 2349 596 2413 buia,
620 2350 650 2400 in
678 2363 731 2416 quo
752 2345 872 2400 liabitem
891 2349 964 2400 inter
1017 2364 1114 2405 monos
1136 2352 1167 2403 in
1192 2348 1339 2418 apostolos,
1364 2353 1390 2403 et
1416 2352 1567 2418 poenineat
1592 2349 1658 2404 iilos
1690 2350 1724 2404 in
1750 2347 1863 2404 eristodia

118 2424 182 2478 illes
197 2422 307 2487 quando
330 2420 428 2489 loquar
448 2419 486 2473 od
508 2422 542 2481 te,
563 2421 594 2472 in
616 2433 669 2487 quo
697 2418 887 2497 educatura
914 2431 961 2471 sa·
1014 2421 1139 2492 publica,
1163 2420 1285 2487 Angelus
1307 2425 1398 2474 autem
1417 2421 1526 2475 Domini
1563 2435 1595 2475 er
1611 2423 1726 2475 mcum
1750 2420 1861 2489 eqierieus

118 2492 272 2548 cerdotibus
289 2492 371 2558 dona,
387 2495 412 2544 et
428 2491 571 2554 libamina,
592 2494 617 2542 et
642 2490 789 2557 sompnia,
809 2493 835 2542 et
856 2489 961 2555 nostia,
1012 2493 1118 2561 ianuas
1141 2494 1259 2547 carceris
1279 2494 1304 2545 ei
1327 2490 1440 2547 edacem
1465 2506 1508 2545 ecs
1553 2492 1628 2546 ‘uitz
1653 2491 1698 2546 lte
1719 2494 1747 2546 et
1772 2493 1861 2545 simtu

118 2569 144 2619 et
170 2564 317 2620 oblationes
348 2561 439 2616 obuiae
467 2576 527 2615 eum
554 2559 658 2629 populo
685 2558 836 2613 israelitico
865 2558 961 2638 ⁸(Hebr.
1016 2563 1160 2629 loquimini
1183 2564 1214 2616 in
1237 2561 1337 2643 templo
1366 2560 1441 2632 plebi
1462 2565 1553 2617 omnia
1576 2561 1667 2617 uerba
1690 2563 1757 2617 uitas
1780 2560 1860 2628 isias.

118 2634 169 2705 ixl.
185 2635 266 2692 'lunc
284 2633 394 2714 Hoyses
419 2631 579 2688 secuudum
601 2638 776 2700 praeceptum
790 2629 905 2685 Domini
929 2627 961 2684 si·
1016 2634 1097 2690 Unde
1125 2632 1230 2690 babuit
1256 2632 1372 2690 initium
1399 2632 1503 2689 doinus
1520 2632 1671 2690 orationis
1694 2631 1860 2694 manufesti,

118 2706 219 2762 deliter
245 2712 363 2784 peregit,
388 2709 416 2760 et
441 2710 503 2772 post
531 2702 669 2783 Hoys'en,¹
693 2700 811 2781 quaudo
831 2698 961 2780 ‚populus
1017 2702 1488 2776 quamuosvocamusecclesiam.

118 2777 206 2833 lsrael
226 2777 345 2832 intravit
361 2781 467 2830 terram
491 2785 687 2844 promissionis
707 2769 811 2828 detulit
829 2770 900 2853 illud
918 2785 959 2827 se·
978 2743 998 2798 C
1351 2807 1467 2867 CAPUT
1483 2792 1519 2863 fx

118 2862 185 2904 curu
210 2846 240 2904 ln
266 2845 335 2913 Silo,
357 2845 387 2901 iu
409 2859 467 2916 quo
494 2850 556 2900 erat
584 2857 653 2900 arca
680 2849 851 2911 testamenti,
886 2841 963 2898 iulia
1521 2847 1528 2863 ·

118 2933 207 2989 quam
228 2925 289 2975 erat
305 2930 381 2974 urna
400 2927 490 2972 aurea
507 2914 659 2971 continens
674 2927 791 2980 manna,
805 2920 833 2968 et
856 2912 963 2968 tabulae
1053 2915 1126 2973 Cum
1147 2913 1322 2986 apostolici
1344 2927 1444 2972 eorum
1466 2911 1605 2983 discipuli
1628 2911 1670 2970 ab
1693 2912 1859 2971 Hierusalem

119 2989 292 3051 testamenti,
308 2996 335 3045 ei
354 2986 438 3058 virga
455 2987 552 3042 Aaron
573 3000 640 3056 quae
661 2982 840 3041 fronduerat.
856 2983 964 3039 Deinde
1017 2995 1110 3046 essent
1123 2986 1247 3057 expulsi,
1267 2994 1296 3043 et
1314 2999 1365 3056 per
1384 2985 1511 3042 diversas
1525 2982 1633 3040 mnudi
1647 2991 1752 3053 partes
1769 2983 1859 3041 volun

117 3060 328 3130 postmultum
354 3065 478 3128 tempus,
504 3055 637 3113 Salomon
661 3055 738 3111 lilius
767 3054 963 3179 Davlddussu
1020 3066 1075 3115 tate
1089 3058 1141 3114 Dei
1159 3065 1253 3115 essent
1274 3055 1405 3126 dispersi,
1425 3063 1453 3113 et
1478 3054 1509 3111 in
1533 3053 1710 3112 ciuitatibus
1729 3056 1860 3111 universis

117 3131 232 3187 bomini
252 3130 404 3186 aedificavit
427 3127 567 3197 templum
590 3125 789 3182 manulactnm
807 3124 839 3181 iii

116 3202 215 3269 salem,
242 3202 270 3256 in
295 3215 353 3270 quo
367 3201 461 3255 omnis
482 3198 607 3268 populus
620 3196 796 3254 israeliticus
813 3195 849 3250 ad
872 3209 961 3251 oran·
1016 3209 1119 3257 eunus
1134 3201 1284 3270 adgentes
1302 3198 1484 3254 diversorum
1505 3196 1615 3266 templa
1632 3196 1782 3253 idolorum
1795 3196 1860 3251 iutra

116 3272 187 3327 dum
209 3278 236 3326 et
257 3270 480 3327 sacrificandum
503 3267 701 3324 conveniebat.
723 3266 802 3323 Sicut
816 3272 844 3321 et
867 3274 962 3334 patres
1017 3271 1147 3327 civitates
1168 3283 1270 3327 eorum
1288 3269 1476 3336 invenientes,
1498 3266 1660 3348 inquibus
1678 3281 1738 3324 sua
1758 3273 1821 3324 vota
1836 3272 1860 3321 et

114 3355 215 3398 eorum
241 3340 272 3395 in
294 3341 385 3408 priori
409 3338 595 3394 tabernaculo
623 3337 721 3393 venire
740 3344 960 3416 consueverant,
1016 3356 1071 3399 sua
1094 3340 1235 3398 sacriticia
1258 3339 1465 3397 demoniorum
1492 3337 1577 3395 idolis
1601 3337 1770 3406 offerentes,
1784 3344 1812 3394 et
1828 3335 1860 3392 ad

116 3412 154 3468 ita
180 3412 365 3467 observantes
397 3407 500 3480 legalia
527 3417 669 3479 praecepta
691 3406 843 3464 Dominica
867 3422 962 3478 usque
1016 3412 1079 3470 iiaee
1093 3410 1282 3482 persolvenda
1296 3410 1412 3466 assidue
1427 3409 1749 3475 erantcouvenieutes,
1764 3408 1860 3465 babae

114 3483 151 3538 ad
176 3482 334 3537 adveutum
354 3479 472 3538 Christi.
493 3479 615 3536 Veniens
635 3487 732 3536 autem
752 3477 893 3546 Christus,
909 3494 961 3536 no·
1017 3491 1087 3541 runt
1100 3482 1227 3554 apostoli
1246 3481 1433 3539 consiliuma
1452 3480 1561 3550 spiritu
1575 3488 1691 3547 sancto,
1715 3487 1778 3536 uta
1791 3485 1859 3535 tanto

114 3552 176 3609 leus
201 3553 348 3608 destruere
366 3552 469 3622 legem,
495 3551 543 3607 sed
558 3550 727 3620 adimplere,
747 3549 840 3606 asuis
859 3563 961 3620 paren·
1016 3568 1113 3612 errore
1132 3563 1161 3611 et
1184 3552 1295 3610 malitia
1309 3553 1423 3610 laeillus
1437 3557 1550 3622 possent
1569 3549 1711 3618 euellere,
1723 3557 1752 3606 et
1771 3562 1789 3605 a
1807 3549 1860 3604 dia·

115 3622 194 3680 tibus
218 3622 309 3680 uoluit
331 3621 360 3677 in
376 3636 408 3678 eo
429 3622 609 3692 praescutari,
628 3629 657 3678 et
680 3621 840 3678 secuudum
868 3621 962 3691 legem
1017 3625 1117 3682 bolicls
1140 3624 1265 3682 vinculis
1279 3638 1327 3681 eos
1347 3637 1459 3689 eruere,
1483 3628 1517 3680 ut
1536 3621 1567 3677 iii
1585 3621 1709 3678 nomine
1729 3621 1860 3698 patriast

114 3694 211 3750 datam
239 3706 257 3749 a
284 3693 354 3762 lieo,
383 3693 458 3750 sicut
485 3707 547 3750 mos
573 3702 645 3760 erat,
672 3690 781 3749 oderit.
812 3691 962 3748 invenitur
1016 3696 1091 3764 Filii,
1106 3703 1135 3752 et
1155 3695 1280 3764 Spiritus
1293 3693 1386 3751 saneti
1404 3695 1507 3750 domus
1521 3691 1713 3749 manniaetas
1736 3690 1861 3747 edilium

116 3773 179 3836 post
201 3765 261 3821 liaec
284 3779 350 3821 eum
369 3765 483 3820 venisse
512 3765 542 3821 in
563 3763 702 3833 templum
719 3763 748 3820 iu
770 3760 962 3819 adolescentia
1014 3766 1159 3839 iuberent,
1172 3774 1201 3823 et
1216 3766 1253 3823 ad
1272 3766 1364 3823 instar
1383 3763 1479 3835 templi
1500 3775 1549 3820 eas
1563 3761 1715 3819 aedilicare
1737 3760 1861 3819 ostende

116 3850 182 3893 curii
200 3835 371 3907 parentibus
385 3835 456 3903 suis,
480 3849 548 3892 cuin
569 3849 612 3891 xii
629 3841 702 3891 esset
716 3846 872 3890 annorum.
895 3833 962 3891 Post
1017 3844 1081 3895 reiit
1097 3853 1105 3894 i
1121 3838 1151 3894 iii
1168 3837 1277 3907 quibus
1295 3836 1387 3893 fidelis
1405 3833 1531 3906 populus
1545 3834 1583 3890 ad
1604 3833 1862 3902 baptizandumet

116 3907 234 3979 triginta
252 3922 322 3964 vero
337 3920 428 3963 annos
442 3920 502 3962 suae
515 3904 607 3962 utatis
622 3905 746 3962 venitin
770 3903 960 3972 Hierusalem,
1016 3908 1051 3967 ad
1068 3908 1211 3967 orandum
1225 3907 1533 3970 eisaerllicandumet
1546 3903 1583 3961 ad
1598 3905 1730 3962 verbum
1748 3903 1799 3961 Dei
1812 3915 1864 3960 aii·

114 3980 189 4036 sicut
213 3977 363 4036 invenitur
378 3978 408 4033 in
424 3977 581 4047 Evangelio
596 3975 757 4033 sccunduiu
780 3974 958 4044 llattbaeum,
1016 3979 1167 4048 diendum,
1194 3987 1222 4037 et
1250 3979 1286 4035 ad
1313 3979 1412 4036 omnia
1435 3974 1664 4034 Christianitatis
1688 3980 1865 4032 sacramenta

114 4057 142 4106 et
170 4049 289 4106 intravit
321 4047 470 4118 templum,
499 4056 528 4104 et
559 4061 659 4105 omnes
684 4052 809 4103 ementes
831 4055 861 4103 et
889 4059 960 4103 ven·
1016 4049 1202 4122 percipienda
1226 4049 1349 4107 ildeliter
1373 4062 1407 4105 ac
1430 4048 1531 4105 devote
1552 4045 1765 4114 convenirent;
1785 4051 1814 4102 et
1838 4044 1865 4100 in

114 4121 212 4177 dentes
257 4120 340 4190 ejecit
390 4119 424 4176 de
461 4116 577 4187 templo,
614 4117 712 4174 dicens
759 4118 830 4185 (cap.
868 4116 958 4188 xiil:
1015 4120 1186 4188 easdomos,
1210 4135 1285 4193 quas
1302 4127 1417 4190 propter
1438 4115 1703 4188 ccuuregatiouem
1725 4115 1865 4188 populiis

114 4191 256 4261 Scriptum
282 4197 332 4260 est,
362 4189 456 4244 domus
485 4204 545 4244 mea
572 4189 665 4244 domis
694 4190 826 4243 orationis
856 4188 997 4264 cacabi-1)
1014 4193 1056 4249 eis
1070 4191 1204 4248 ecclesias
1226 4205 1377 4258 vocamus,
1401 4188 1522 4260 apostoli
1544 4187 1712 4255 ministros,
1737 4186 1866 4243 videlicet

115 4267 170 4319 tur.
190 4263 262 4318 Nam
284 4270 313 4318 et
335 4263 393 4330 ipse
412 4260 544 4317 Christus
567 4259 735 4317 testificatus
755 4266 799 4339 est
821 4260 960 4330 templum
1014 4264 1171 4332 episcopos,
1190 4263 1390 4333 presbyteros,
1421 4261 1557 4317 diaconos
1572 4259 1610 4314 ad
1624 4256 1741 4338 Christi
1766 4266 1865 4330 m5ste·

115 4335 233 4391 domum
253 4330 628 4389 liei·esseoraiioiiis.1tem
649 4331 765 4387 Marcus
791 4329 866 4386 idem
882 4331 960 4386 testi·
1014 4329 1866 4402 riumperficiendumconstituerunt,sicutiniictibusape

114 4403 244 4461 monium
273 4404 375 4460 iisdem
398 4402 495 4458 verbis
519 4401 638 4470 protulit
658 4401 689 4456 in
718 4400 878 4471 Evangelio
907 4416 959 4457 suo
1018 4404 1155 4460 stolorum
1167 4403 1272 4474 legitur
1286 4405 1359 4475 (cop.
1374 4402 1435 4473 ιιι)
1452 4416 1459 4457 :
1474 4402 1508 4458 Et
1521 4416 1584 4456 eum
1594 4403 1812 4456 constituissent
1822 4413 1868 4471 ps·

115 4475 187 4546 (cap.
202 4477 263 4546 xil:
277 4477 312 4529 Et
329 4475 411 4528 etiam
429 4472 592 4543 prohibebat
615 4477 645 4526 ut
667 4475 813 4542 quisquam
835 4487 889 4526 non
903 4475 961 4538 ter·
1019 4474 1142 4542 singulas
1169 4476 1294 4530 ecclosias
1317 4475 1537 4545 presbyterumet
1557 4477 1690 4526 orassent
1711 4488 1777 4528 cum
1795 4472 1868 4542 jeju·

114 4553 156 4601 ret
170 4561 217 4601 uas
230 4561 280 4615 per
303 4545 440 4613 temptum.
458 4544 528 4599 Item
550 4545 642 4600 Lucas
660 4544 704 4599 bis
719 4542 816 4598 verbis
841 4549 963 4601 testatur
1019 4546 1187 4612 nationibus,
1208 4546 1464 4602 commendaverunt
1478 4558 1521 4599 eos
1536 4543 1650 4597 domino
1668 4544 1701 4597 in
1719 4559 1801 4613 queni
1819 4557 1867 4597 cre

113 4619 144 4673 iu
165 4615 324 4688 Evangelio
344 4630 405 4672 suo.
432 4617 501 4671 ltem
525 4614 651 4672 ioannes
671 4613 702 4669 in
727 4613 884 4684 Evangelio
910 4628 963 4671 suo
1018 4617 1155 4672 dide-unt.
1179 4618 1212 4673 Et
1235 4618 1288 4673 boe
1309 4617 1460 4682 babemus,
1483 4615 1560 4684 quod
1576 4613 1612 4670 ab
1635 4617 1786 4684 apostolis
1811 4626 1870 4691 pref

114 4687 237 4758 scripsit,
260 4687 358 4743 diceus
384 4688 454 4756 (cap.
479 4685 533 4755 ll):
559 4689 593 4740 di
614 4687 690 4740 lesus
714 4685 819 4740 incenit
839 4687 870 4738 in
893 4692 962 4740 tun-
1017 4688 1123 4759 sbyteri
1155 4689 1290 4757 primitus
1313 4690 1342 4744 in
1370 4687 1495 4744 Ecclesia
1516 4683 1567 4741 liei
1588 4683 1718 4742 luerunt
1747 4685 1871 4743 ordinati

134 4758 319 4814 incendentes
345 4759 422 4813 boues
438 4763 464 4811 et
478 4772 548 4822 oues,
564 4764 589 4811 et
612 4756 759 4823 cotumbas,
785 4761 810 4810 et
834 4771 963 4811 numinu-
1017 4759 1162 4816 diacones.
1188 4760 1334 4815 Habemus
1358 4759 1387 4815 in
1408 4755 1535 4828 Epistola
1555 4755 1593 4811 ad
1616 4752 1795 4813 Corinthios
1822 4755 1872 4826 pri-

142 4832 197 4884 rios
220 4831 355 4884 sedentes.
378 4832 414 4885 ut
438 4845 498 4884 cum
526 4830 633 4895 fecisset
656 4829 738 4898 quasi
762 4827 900 4896 flagellum
930 4828 964 4883 de
1017 4830 1164 4900 ma,quod
1179 4830 1332 4900 Apostolus
1350 4845 1398 4886 eos
1417 4829 1606 4900 redarguens,
1619 4826 1753 4883 domum
1765 4829 1797 4884 iii
1820 4837 1872 4897 qua

112 4902 256 4968 pinnulis,
271 4915 360 4956 omnes
385 4902 464 4970 ejecit
482 4900 515 4953 de
532 4899 643 4968 templo.
668 4899 735 4954 Ooes
751 4915 857 4968 quoque
872 4904 897 4953 et
914 4899 964 4953 bo·
1017 4909 1100 4957 erant
1120 4901 1215 4957 lideles
1238 4900 1404 4973 cougregati
1434 4898 1549 4956 vocavit
1574 4896 1747 4966 ecelesiam,
1780 4900 1871 4956 dicem

113 4988 169 5040 ves,
184 4977 210 5026 el
223 4974 469 5026 numerata-riorum
491 4969 588 5039 effudit
604 4986 651 5037 aes,
672 4975 698 5024 et
721 4985 828 5024 mensas
851 4971 962 5025 subum-
1018 4972 1090 5043 (cap.
1107 4971 1148 5042 xi)
1164 4988 1171 5026 ε
1188 4974 1322 5038 Nunqutd
1334 4989 1388 5028 non
1404 4971 1508 5026 bebetis
1521 4969 1615 5024 domos
1635 4969 1679 5023 aii
1698 4971 1871 5026 mandueat-

116 5046 165 5106 tia·
180 5048 205 5096 el
220 5042 262 5097 liis
278 5046 327 5109 qui
343 5042 480 5098 columbas
496 5041 650 5097 vendebant
666 5041 741 5096 dian
756 5057 762 5095 :
780 5042 895 5110 Auferte
909 5044 965 5096 isia
1018 5045 1082 5099 dum
1106 5047 1131 5096 et
1157 5043 1312 5112 bibendum,
1333 5049 1382 5098 aut
1405 5044 1542 5099 secusiam
1562 5040 1611 5094 liet
1634 5042 1870 5105 contaminasti

113 5116 185 5181 liiiio,
201 5119 227 5168 et
247 5114 330 5169 nolite
350 5118 441 5181 faeere
458 5112 569 5168 domim
596 5116 688 5168 Patris
709 5115 773 5180 mei,
793 5113 903 5168 domum
919 5128 965 5167 ne·
1018 5113 1189 5180 contunditis
1211 5130 1253 5170 eos
1273 5117 1322 5180 qui
1344 5130 1399 5169 non
1420 5110 1537 5168 babenti
1556 5109 1630 5175 Quid
1650 5111 1755 5170 dicam
1782 5107 1871 5169 nobiti

112 5187 279 5253 uitiationis.
303 5185 449 5241 Recordati
470 5192 534 5240 sunt
557 5184 687 5253 discipuli
713 5184 783 5253 ejus,
808 5187 876 5253 quia
896 5187 964 5238 scri·
1018 5186 1113 5241 Laudo
1131 5184 1198 5241 cosi
1222 5188 1254 5240 ln
1273 5186 1320 5241 boc
1339 5201 1393 5240 non
1417 5185 1508 5240 laudo.
1524 5184 1597 5238 Item
1611 5180 1735 5241 Paulus
1756 5185 1788 5240 in
1812 5182 1870 5253 upi-

132 5261 242 5311 tamesi
260 5273 267 5313 :
282 5257 359 5311 Zetus
376 5257 471 5312 domus
492 5261 544 5311 tiiae
559 5256 739 5311 comeditme.
762 5257 915 5312 invenitur
933 5253 964 5311 iu
1018 5257 1091 5313 stola
1113 5257 1207 5325 prima
1232 5256 1269 5312 ad
1292 5255 1456 5313 Corinthios
1480 5255 1551 5327 (cap.
1575 5253 1635 5322 xii)
1657 5269 1666 5309 :
1691 5257 1828 5312 Mulieres
1847 5255 1870 5307 ἰ

110 5271 280 5399 sslvaugelils
302 5328 380 5398 quod
410 5326 542 5384 Christus
569 5326 715 5384 multoties
737 5327 816 5384 venit
838 5327 869 5384 iu
892 5334 963 5382 tem·
1018 5329 1136 5382 ecelesiis
1156 5331 1271 5383 taceam.
1292 5329 1354 5386 lton
1371 5329 1443 5383 enim
1460 5326 1633 5397 pennittitiir
1656 5325 1701 5382 eis
1727 5327 1819 5393 boeti,
1833 5319 1869 5380 ui

114 5395 205 5465 plum,
222 5398 260 5454 ibi
283 5412 320 5454 ue
340 5398 458 5454 docebat
474 5397 626 5469 populum,
641 5406 669 5455 et
682 5399 712 5455 iii
724 5412 758 5455 eo
771 5397 863 5454 multa
879 5397 964 5468 signa
1017 5398 1144 5454 subditos
1165 5413 1220 5454 esse
1233 5400 1304 5454 sicat
1322 5399 1367 5455 lae
1384 5398 1461 5454 dicit.
1476 5397 1508 5453 si
1524 5394 1593 5467 quid
1606 5400 1713 5453 autern
1727 5393 1869 5454 salutii·

112 5413 298 5525 etmiiacuffa
312 5467 559 5527 indurationibus
579 5468 764 5526 infirmorum
782 5467 915 5533 iaciebat,
931 5475 965 5525 ut
1018 5483 1087 5537 cere,
1102 5469 1176 5525 desid
1190 5471 1263 5527 mres
1275 5483 1340 5526 suas
1360 5470 1536 5537 intumuerit.
1552 5467 1648 5547 inape
1664 5473 1712 5522 est
1731 5474 1807 5525 enisi
1823 5477 1868 5522 η

112 5533 266 5595 Hattlium
287 5539 467 5611 evangelista
485 5545 587 5599 narrat
605 5537 679 5612 (cap.
699 5539 788 5611 xxili
811 5540 847 5595 di
875 5551 963 5594 meas·
1019 5539 1083 5595 liert
1103 5540 1177 5622 toqui
1196 5542 1227 5597 in
1238 5539 1357 5597 eedesia
1372 5539 1407 5596 lii
1421 5538 1475 5597 lice
1487 5544 1516 5596 et
1529 5535 1634 5595 multis
1650 5537 1726 5596 aliis
1738 5538 1867 5609 datam

110 5610 209 5666 immi
221 5606 260 5667 ad
280 5607 374 5667 iunia
396 5611 427 5668 ia
446 5610 545 5684 impio
564 5611 640 5682 aad,
661 5613 687 5668 et
704 5608 811 5685 caudi,
832 5612 859 5667 et
879 5621 962 5667 suia
1020 5609 1112 5675 stolus
1127 5610 1355 5687 intellgendum,
1373 5609 1579 5685 embolum
1592 5604 1727 5675 domum
1736 5610 1795 5674 ubi
1811 5607 1865 5671 tii·

888 3126 961 3180 ieru-
981 3131 991 3143 ’
1015 3130 1183 3186 ludaeorum
1210 3127 1351 3185 vidissent
1371 3126 1491 3183 edificia
1513 3124 1755 3206 synagogarum,
1776 3134 1860 3182 uana·
