3804 5962
477 189 717 261 inmonucrio
734 202 782 256 en
800 198 1033 258 rmonaamu.
1049 228 1085 242 -
1099 199 1164 258 uie.
1184 201 1218 258 n.
1496 171 1499 181 ’
1662 201 1729 265 rore

75 327 217 391 nitantur,
232 327 310 384 sicut
323 333 365 385 est
387 326 459 385 illud
484 328 519 386 de
541 327 708 399 virginitate
729 327 829 384 lintris
842 324 868 380 Α
882 327 1066 400 Augustinus
1081 326 1155 384 libro
1167 327 1362 395 Quaestionum
1376 326 1413 384 ad
1428 327 1570 397 orosium,
1589 341 1651 400 cap.
1671 333 1700 385 tl
1717 348 1725 387 ι

75 417 94 473 li
107 417 194 474 otiam
210 423 273 486 post
289 423 406 487 partum
425 417 535 489 jugiter
549 424 727 484 conservata,
750 423 777 472 et
793 416 828 472 de
883 417 1005 487 Spiritus
1027 419 1157 472 Dominus
1184 422 1276 472 noster
1298 417 1345 472 itte
1374 416 1498 473 christus
1517 424 1580 488 post
1601 434 1733 475 resurre-

75 513 177 563 >rtasse
190 505 298 562 multis.
881 512 995 563 ctionem
1009 523 1099 575 suom,
1114 512 1146 563 ut
1167 508 1317 562 ostenderet
1339 523 1358 562 a
1380 522 1408 563 se
1430 508 1573 576 procedere
1590 509 1727 579 Spiritum

79 602 176 651 autem
192 578 332 652 adversus
356 594 521 651 Graecorum
537 594 727 666 abiectionem
742 593 829 664 Spiri·
881 604 1006 654 sanctum
1020 602 1091 652 sicut
1109 612 1127 651 o
1142 598 1235 664 Putre,
1251 599 1350 665 inpane
1362 599 1392 650 in
1413 597 1562 666 discipulos
1584 613 1647 655 suos
1661 605 1703 655 cit
1715 620 1727 657 .·

75 683 210 754 esponsis,
239 683 308 740 libet
339 684 426 740 etiam
448 697 484 738 en
511 684 637 753 ipsorum
661 683 828 739 doctoribus
883 688 1036 757 «Accipite
1052 685 1188 756 Spiritum
1207 691 1331 740 sonetum
1354 685 1441 756 (loon.
1459 698 1510 751 xx,
1534 685 1590 756 ii).
1607 706 1618 734 ι
1636 685 1725 754 Idem,

77 773 147 828 onia
169 772 296 843 prolerre
314 773 424 842 quinus
439 787 456 829 a
471 772 540 828 Filio
556 786 673 843 quoquc
687 771 826 842 Spiritum
881 778 931 833 lib.
948 790 978 833 rr
998 775 1173 838 licinium:
1190 777 1242 831 Nee
1263 790 1407 845 possumus
1429 774 1518 828 dicere
1544 774 1617 843 quod
1640 775 1728 842 Spiri-

75 874 116 917 im
132 861 284 930 procedere
303 861 435 918 doceant.
463 860 638 917 Athanasius
653 860 682 916 in
699 860 827 930 symbolo
881 872 923 921 tus
939 870 1049 921 sanctus
1072 881 1089 919 a
1113 866 1181 920 Filio
1206 880 1259 919 non
1280 864 1424 933 macedon
1448 879 1496 918 nec
1524 867 1595 918 euim
1619 865 1727 929 trustra

84 951 215 1020 Spiritus,
232 949 336 1020 inquii,
353 957 506 1018 conctusa
528 952 610 1005 Patre
634 955 659 1004 et
681 950 827 1005 Filiorum
880 954 951 1007 idem
975 955 1090 1022 spiritus
1117 957 1143 1006 et
1166 954 1261 1006 Patris
1284 957 1309 1005 et
1332 952 1396 1006 Filii
1417 957 1443 1006 et
1466 953 1587 1022 Spiritus
1612 952 1724 1019 dicitur,

77 1055 154 1102 ,non
173 1044 290 1107 creatus,
312 1055 359 1093 nec
383 1041 502 1108 penitus,
528 1039 576 1093 sed
597 1038 754 1109 procedens.
771 1039 826 1096 Ubi
880 1060 928 1098 nec
942 1042 1021 1097 uideo
1038 1042 1106 1111 quid
1121 1041 1200 1095 aliud
1213 1042 1369 1110 sipnificare
1391 1040 1507 1096 coluerit
1528 1056 1587 1096 cum
1608 1044 1726 1109 sufflans

75 1141 99 1183 m
118 1141 184 1183 cum
199 1128 368 1197 praemiserit
384 1128 521 1197 Spiritum
543 1136 676 1183 sanctum
703 1141 720 1182 a
744 1128 827 1184 Patre
881 1137 920 1186 uit
942 1149 949 1186 :
967 1151 980 1181 o
995 1131 1265 1202 Accipitespiritum
1279 1134 1411 1183 sanctum.
1427 1151 1437 1178 ι
1452 1131 1545 1199 Neque
1559 1132 1631 1184 enim
1644 1132 1726 1199 rictus

75 1217 97 1273 lo
112 1230 173 1273 esse
188 1224 277 1288 atque
291 1217 489 1287 subjunxerit,
504 1217 663 1287 procedens,
678 1215 827 1272 nieniteste
880 1222 928 1278 itte
941 1235 1086 1290 corporeus
1101 1220 1257 1273 substantio
1270 1218 1391 1288 Spiritus
1415 1221 1505 1273 sancti
1527 1220 1594 1285 fuit,
1616 1220 1665 1275 sed
1678 1221 1726 1275 de·

75 1320 157 1362 ‚eum
179 1306 215 1362 ab
231 1314 357 1377 utroque
374 1305 535 1377 procedere,
557 1307 631 1362 sicut
653 1312 681 1362 et
703 1319 763 1361 esse
785 1318 827 1361 rc
879 1311 1041 1367 monstratio
1079 1313 1104 1364 et
1143 1325 1160 1363 a
1201 1308 1269 1363 Filio
1303 1308 1447 1379 procedere
1488 1308 1624 1376 Spiritum
1659 1297 1725 1365 san-

75 1411 88 1463 .‚
104 1395 262 1465 praesertim
287 1410 355 1452 cum
380 1395 538 1451 usualiter
559 1409 576 1450 a
597 1395 679 1450 Patre
701 1394 827 1464 Spiritus
880 1406 964 1458 ctum.
985 1399 1055 1455 item
1076 1399 1105 1453 in
1127 1397 1200 1453 libro
1223 1398 1263 1452 lie
1286 1397 1411 1452 Triuia:
1438 1398 1515 1454 simet
1537 1400 1649 1454 unicum
1674 1403 1725 1456 liei

75 1484 164 1540 libeat
188 1497 276 1553 (luam
300 1484 488 1554 lls0oed0fld0·
512 1483 645 1539 Didifflllss
667 1484 752 1540 eiiam
779 1497 824 1539 00·
883 1492 1001 1549 Verium
1032 1489 1145 1558 proprie
1180 1501 1305 1541 uocemue
1338 1488 1445 1541 nomine
1476 1490 1630 1556 sapientie,
1663 1505 1725 1545 cum

75 1572 208 1630 casinus
227 1573 334 1640 doctor,
351 1573 522 1629 inrisione
548 1572 656 1643 Spiritu
681 1579 791 1639 sancio,
807 1585 824 1627 a
839 1596 862 1653 p
879 1584 917 1637 se
930 1563 1132 1643 uetuerimne,
1158 1581 1184 1630 er
1206 1576 1340 1645 eperum,
1362 1580 1484 1644 sonoros,
1511 1581 1537 1631 er
1560 1579 1643 1632 ecce
1663 1581 1727 1650 spec
1774 1573 1776 1576 ‘

75 1676 191 1733 quoque
212 1663 364 1733 procedere
384 1670 515 1732 Ρόῑθῦῑθῐ
537 1663 686 1732 profitetur
701 1661 822 1717 dioesssss
878 1671 1027 1740 sapientia,
1042 1669 1084 1722 ito
1102 1667 1223 1736 Spiritus
1246 1667 1357 1735 proprie
1377 1671 1491 1720 uocatur
1507 1667 1637 1722 uocabulo
1661 1669 1723 1723 olra-

75 1766 115 1819 Ψ,
131 1752 179 1818 qui
193 1756 219 1805 ti
245 1753 364 1819 Venisti,
389 1752 428 1806 aii
452 1767 458 1804 ²
484 1771 497 1800 i
522 1752 584 1807 NOS
607 1752 677 1804 enim
701 1749 825 1816 willemi
878 1761 982 1824 ritulis,
1003 1759 1120 1812 sumsit
1142 1761 1168 1811 et
1189 1757 1271 1810 Pater
1295 1759 1320 1809 et
1341 1756 1425 1809 Filius
1451 1755 1643 1811 uniuersaliter
1663 1757 1725 1812 elta-

75 1842 151 1910 liiP⁸⁰
171 1840 260 1910 (ioan.
278 1853 339 1906 ΠΙ,
368 1839 420 1910 ii),
448 1861 459 1888 ²
488 1838 624 1908 loquetur,
645 1839 693 1893 '¹⁰⁶
717 1842 757 1893 iii
770 1852 825 1891 '1⁰5²
879 1853 959 1904 ritas.
977 1849 1016 1903 lie
1030 1853 1155 1917 utroque
1170 1852 1266 1900 autem
1284 1843 1437 1913 procedere
1449 1844 1490 1899 sic
1510 1844 1639 1913 docetur,
1656 1846 1726 1917 quia

75 1928 824 1998 wrli⁰²²⁵i⁷10me⁰eil³airi⁸atbiilwciuissiniiiiss·
878 1936 940 2007 ipse
959 1935 1051 1991 Filius
1073 1935 1113 1990 ait
1135 1934 1168 1988 de
1189 1935 1272 1988 Patre
1290 1933 1425 2002 procedit,
1450 1940 1478 1988 et
1500 1932 1650 2003 discipulis
1664 1934 1727 1991 suis

89 2023 129 2073 Μ
145 2032 236 2072 amm
251 2021 276 2071 ei
297 2018 390 2072 Pastis
412 2018 561 2084 ”dimittier
579 2018 646 2086 <luia
664 2032 699 2071 ΒΦ
720 2031 747 2070 ⁸⁸
770 2031 825 2069 '²⁰⁷⁸
880 2023 1050 2089 insufflavit,
1067 2030 1095 2078 et
1109 2022 1149 2078 ait
1166 2022 1309 2091 :Accipite
1321 2023 1456 2091 Spiritum
1469 2027 1605 2091 sanctum,
1618 2031 1726 2080 uteum

75 2107 142 2162 dec
164 2107 247 2160 Putre
269 2111 294 2160 ti
320 2122 392 2161 ame
412 2112 460 2161 θεῖ·
475 2109 532 2161 1¹⁰⁰
555 2110 626 2160 enim
647 2108 738 2174 ipsum
754 2103 826 2175 ΨΜ
878 2115 964 2172 etiam
986 2112 1023 2170 de
1046 2127 1076 2169 se
1100 2112 1250 2183 procedere
1274 2111 1445 2177 ostenderet,
1461 2119 1488 2168 et
1505 2113 1568 2182 ipsa
1582 2119 1622 2168 est
1636 2115 1724 2169 uirtus

75 2197 105 2250 iii
118 2201 144 2250 02
160 2197 318 2264 millitia
341 2196 425 2250 Patri
447 2202 473 2250 ti
496 2212 513 2249 α
536 2210 578 2249 me
600 2200 640 2249 0⁸²
663 2194 715 2248 illi.
735 2211 750 2245 i
772 2195 825 2260 39⁰
879 2220 939 2272 cuae
953 2204 986 2257 de
1005 2204 1053 2257 illo
1067 2202 1160 2256 enicat
1179 2205 1205 2254 et
1225 2201 1343 2255 sonabat
1357 2215 1457 2268 omncs,
1483 2183 1558 2256 sicut
1573 2200 1680 2271 legitur
1695 2202 1725 2258 in

75 2289 121 2339 lem
136 2285 230 2350 liquor
246 2284 338 2353 (ibid,
361 2286 400 2356 7),
426 2306 440 2333 ’³
463 2284 493 2338 id
515 2289 554 2339 eii
577 2285 683 2352 illiciti
705 2298 765 2351 9¹²ae
788 2283 825 2336 1⁰·
879 2291 1037 2364 Evangelio
1053 2290 1128 2360 (luc.
1155 2304 1194 2357 vr,
1215 2291 1267 2357 li).
1282 2289 1392 2358 Quippe
1412 2288 1620 2358 cum'Spirltus
1639 2291 1725 2360 quasi

82 2373 224 2440 Sipuidem
251 2374 367 2442 spiritus
390 2375 514 2426 ueritatis
534 2373 633 2438 dicere,
657 2376 683 2428 ei
706 2373 782 2441 iiiiii
795 2372 827 2426 in
879 2381 1026 2452 spiramen
1039 2378 1193 2449 aspirando
1207 2379 1301 2434 dictus
1315 2378 1362 2444 sit,
1373 2385 1401 2433 et
1413 2391 1496 2449 aeque
1507 2380 1564 2448 ipse
1577 2386 1634 2435 tam
1647 2378 1725 2435 Patri

75 2468 115 2518 ute
139 2478 194 2516 non
217 2462 367 2517 secundum
387 2461 608 2517 coniuctudincm
631 2466 753 2516 nostrum
776 2475 827 2515 αῦ-
880 2483 969 2541 quam
986 2469 1048 2526 iiiiii
1065 2468 1188 2539 Spiritus
1203 2467 1372 2537 appelletur,
1388 2467 1456 2538 quis
1469 2471 1545 2524 recte
1555 2468 1678 2539 abneget
1689 2469 1725 2524 ab

75 2552 142 2619 ium,
155 2550 204 2607 scd
222 2552 309 2620 jueta
333 2553 451 2618 turmam
472 2551 687 2619 incorporalium
709 2556 826 2604 attivia-
879 2557 1022 2613 ambobus
1040 2569 1105 2611 eum
1123 2554 1286 2624 procedere,
1303 2555 1444 2625 aquilius
1465 2562 1605 2625 tanquam
1621 2555 1723 2611 ambo·
1783 2604 1788 2610 .

75 2645 84 2695 l
106 2642 227 2696 maxime
252 2642 480 2706 nescientesque
497 2641 663 2694 uoluntatem
684 2655 763 2694 suam
785 2640 827 2692 in·
879 2640 1724 2713 rumSpiritusessenabet.atquespirareiProprietameu

75 2729 188 2786 ncorda
200 2730 379 2785 credentium.
399 2731 471 2784 item
487 2744 494 2783 :
511 2730 632 2798 spiritus
647 2734 759 2784 sanctus
778 2731 827 2797 qui
880 2749 930 2790 seu
946 2729 1144 2803 principaliter
1158 2743 1257 2786 euma
1281 2730 1364 2786 Patre
1388 2730 1539 2799 procedere
1562 2745 1620 2786 non
1636 2745 1724 2802 nega·

75 2820 153 2874 iiiiii
167 2821 303 2885 ueritatis,
320 2819 490 2888 Similique
503 2820 656 2887 sapiencie,
671 2821 828 2885 ²1⁰²1il⁰ii³i
880 2838 953 2880 mus.
969 2820 1050 2879 Unde
1067 2820 1259 2889 Hieronymus
1274 2818 1475 2875 dittlnitionem
1490 2819 1637 2876 catholicae
1659 2819 1723 2877 fidei

88 2909 158 2964 Pilio
182 2908 308 2975 loquente
333 2923 393 2976 qua
407 2909 502 2974 nescit,
525 2924 586 2962 cum
608 2907 656 2962 icc
676 2911 767 2976 ipsum
786 2907 823 2961 sit
837 2888 862 2950 ὓ
877 2911 1044 2981 Nicaenique
1069 2907 1192 2979 symboli
1215 2921 1363 2978 exponens
1377 2908 1426 2964 ait
1451 2923 1458 2963 :
1482 2908 1622 2964 Credimus
1646 2915 1672 2965 et
1694 2913 1724 2966 in

75 3000 238 3067 >refectura
259 2997 339 3064 Filio,
357 2997 440 3052 idest
457 2997 605 3067 procedens
624 2999 694 3051 Deus
709 2996 821 3060 deiieo,
878 2999 1016 3070 Spiritum
1043 3002 1167 3051 sancctum
1195 2997 1246 3066 qui
1271 2997 1305 3050 de
1331 2997 1414 3051 Patre
1444 2997 1569 3066 procedit
1600 3001 1722 3067 proprie.

75 3104 98 3146 ts
125 3091 248 3143 ueritatis
283 3087 430 3157 procedens
471 3103 489 3142 a
524 3087 648 3153 ueritate,
674 3086 825 3140 consolator
878 3089 947 3145 item
969 3103 975 3141 :
994 3087 1130 3157 Spiritum
1149 3089 1274 3140 sunctum
1297 3099 1390 3139 uerum
1413 3087 1498 3140 Deum
1517 3087 1671 3143 invertimus
1694 3089 1724 3143 in

76 3178 137 3235 sae
149 3179 323 3234 consolatore.
342 3176 411 3243 Quae
432 3175 550 3246 quidem
573 3175 681 3231 veritas
696 3175 823 3246 quaesit,
878 3178 1033 3246 Scriptura,
1051 3181 1076 3230 et
1092 3174 1125 3228 de
1147 3175 1230 3230 Putre
1251 3175 1363 3243 proprie
1386 3189 1452 3229 esse.
1481 3175 1515 3230 Et
1540 3175 1644 3231 iterum
1661 3191 1668 3231 :
1686 3180 1724 3232 ile

75 3266 163 3338 cipes
191 3265 330 3337 procedit,
355 3264 519 3336 symbolum
542 3264 680 3334 Ephesini
712 3263 824 3320 concilii
878 3268 959 3322 Patre
981 3270 1008 3319 et
1031 3263 1104 3318 liiiio
1128 3267 1154 3318 et
1175 3263 1298 3332 Spiritus
1320 3264 1433 3334 proprie
1458 3267 1482 3317 et
1503 3277 1564 3340 uere
1586 3266 1721 3334 procedit.

83 3355 171 3414 etiam
187 3355 353 3412 Graecorum
373 3354 599 3424 luissecanstat)
616 3352 766 3409 maniieste
782 3353 825 3409 his
880 3356 1009 3412 Primum
1034 3352 1123 3424 igitur
1150 3351 1247 3422 accipe
1277 3350 1356 3422 quod
1382 3351 1416 3408 de
1440 3351 1522 3409 Patre
1546 3359 1588 3409 est
1611 3354 1724 3424 propria

97 3444 296 3502 determinat:
322 3444 450 3511 Quomms
473 3445 503 3497 in
530 3457 581 3498 suo
603 3441 760 3497 substantia
788 3444 825 3496 sit
880 3442 1002 3514 Spiritus
1017 3450 1144 3507 sanctus,
1161 3440 1272 3496 dicente
1295 3439 1445 3509 Scriptura
1470 3456 1477 3496 :
1503 3442 1590 3498 Verbo
1616 3444 1725 3498 Domini

75 3549 100 3590 us
123 3535 198 3601 Filii,
224 3538 250 3588 et
273 3533 449 3602 iutellipotur
472 3536 502 3586 in
524 3546 641 3601 persam
657 3532 825 3599 proprietas,
880 3534 940 3589 coeli
964 3534 1067 3602 firmati
1090 3535 1154 3584 sunt
1183 3529 1266 3598 (Psoi.
1289 3542 1385 3596 xxxii,
1412 3529 1456 3601 6);
1481 3535 1507 3585 et
1532 3532 1639 3600 Spiritu
1665 3532 1723 3600 eius

75 3622 188 3694 idpuod
201 3623 323 3693 Spiritus
342 3626 391 3690 est,
408 3627 433 3676 et
456 3636 511 3676 non
525 3622 624 3686 Filius,
645 3624 754 3675 nonest
779 3624 825 3673 ta·
879 3623 966 3676 connis
979 3622 1067 3675 uirtus
1083 3634 1175 3673 eorum
1191 3618 1279 3689 [ioan.
1297 3631 1348 3684 xv,
1367 3619 1423 3688 itii.
1447 3621 1481 3675 Et
1505 3620 1636 3677 Salvator
1657 3620 1720 3676 ait:

75 3712 156 3768 ienus
171 3712 204 3768 ab
222 3715 281 3781 ipso
295 3730 306 3767 .·
325 3727 390 3766 nom
404 3711 526 3780 Spiritus
541 3709 698 3780 appellatur
720 3709 825 3763 uerita-
879 3711 1000 3780 Spiritus
1012 3710 1138 3763 veritatis
1153 3707 1232 3777 quia
1258 3708 1338 3761 Putre
1359 3708 1494 3776 procedit.
1518 3708 1555 3763 Et
1570 3708 1600 3764 B.
1622 3709 1722 3781 Augu·

82 3803 186 3857 veiim
208 3800 331 3857 Christus
355 3804 404 3855 est.
431 3802 500 3855 item
524 3798 651 3869 Cyrilius
673 3797 827 3867 episcopus
880 3800 972 3856 stinus
986 3797 1016 3853 in
1031 3810 1071 3852 xv
1087 3797 1125 3851 lie
1143 3795 1258 3862 Triuia,
1275 3809 1338 3865 cap.
1357 3798 1410 3850 l8:
1433 3797 1492 3852 Non
1506 3797 1615 3863 trustra
1629 3800 1659 3853 in
1674 3799 1724 3853 linc

75 3890 193 3947 ndrinus
208 3892 236 3946 in
258 3890 341 3960 epist.
358 3893 385 3959 8,
410 3888 539 3946 Nestorio
563 3889 763 3956 directaque
784 3886 827 3942 sic
882 3887 1018 3944 trinitate
1033 3886 1137 3940 dicitur
1155 3884 1272 3940 Verium
1294 3887 1340 3939 iiei
1360 3887 1416 3939 nisi
1437 3885 1599 3951 Silicense
1624 3886 1724 3941 donum

75 3985 102 4036 i:
124 3981 354 4035 Reuerendissimo
373 3985 398 4034 et
421 3980 530 4034 domino
551 3980 748 4044 amantissimo,
770 3983 824 4032 ete.
879 3980 929 4032 liei
955 3976 1011 4030 nisi
1040 3975 1163 4044 Spiritus
1186 3977 1308 4028 sanctus.
1331 3975 1383 4030 Nec
1408 3974 1442 4028 de
1465 3988 1517 4044 quo
1541 3977 1663 4042 penitam
1686 3981 1726 4031 est

88 4067 194 4139 inquit,
212 4073 241 4123 in
255 4069 412 4124 substantia
427 4069 548 4138 Spiritus
559 4068 680 4137 speciali,
701 4065 747 4120 uei
756 4070 826 4120 certe
883 4065 1010 4130 Verbum,
1037 4069 1063 4118 et
1095 4063 1128 4118 de
1155 4077 1209 4129 quo
1233 4063 1355 4132 procedit
1380 4063 1576 4132 principaliter
1603 4063 1725 4133 Spiritus

75 4171 105 4213 cr
120 4157 306 4213 sesecundum
326 4158 400 4228 quod
414 4158 535 4223 Spiritus
550 4160 601 4221 est,
621 4159 646 4209 et
660 4171 714 4210 non
728 4154 824 4223 Filius,
839 4176 865 4239 ῃ
880 4159 1001 4222 sauctus,
1027 4155 1083 4208 nisi
1106 4155 1177 4207 lieres
1201 4153 1293 4209 Pater.
1317 4151 1395 4207 ldem
1421 4150 1456 4207 de
1479 4151 1574 4207 verbis
1597 4152 1724 4217 Domini,

75 4251 183 4302 menest
200 4262 254 4301 non
270 4246 375 4301 olianus
391 4247 425 4300 ai
440 4261 479 4301 eo.
502 4245 627 4316 Spiritus
650 4244 726 4301 enim
749 4242 823 4300 veri·
880 4244 1042 4303 sermonetl
1065 4256 1072 4296 :
1095 4244 1131 4297 lit
1154 4241 1275 4311 Spiritus
1290 4245 1400 4295 sanctus
1413 4241 1606 4310 principaliter
1629 4241 1662 4297 de
1678 4244 1726 4299 illo

75 4333 228 4391 nominatur
242 4345 269 4391 et
284 4335 403 4405 protluit
422 4334 458 4390 ab
478 4348 521 4402 eo,
545 4334 619 4390 sicut
641 4332 766 4403 denique
789 4347 825 4390 ex
879 4333 1004 4408 procedit
1019 4332 1052 4387 de
1074 4346 1126 4398 quo
1151 4335 1233 4384 nutus
1257 4333 1297 4385 est
1312 4331 1410 4385 Filius.
1429 4330 1493 4384 ideo
1511 4335 1604 4386 autem
1628 4331 1727 4388 addidi

75 4426 156 4480 latre.
182 4424 305 4480 loannes
329 4423 551 4492 tlnrysostomus
575 4421 694 4478 homilia
719 4423 763 4490 27,
785 4421 826 4476 ile
879 4423 1082 4496 principaliter,
1098 4421 1165 4490 quic
1185 4425 1212 4476 et
1231 4418 1264 4475 de
1289 4419 1360 4474 liiiio
1387 4419 1509 4489 Spiritus
1532 4425 1641 4474 sanctus
1662 4436 1725 4491 pro·

75 4512 159 4570 itione
183 4513 306 4583 symboli
330 4526 397 4583 quae
423 4512 467 4568 sic
496 4511 596 4581 incipit
620 4527 627 4566 :
659 4512 826 4567 Universalis
880 4513 973 4570 cedere
988 4511 1134 4582 reperitur.
1152 4508 1206 4566 Sed
1228 4510 1276 4564 icoc
1302 4524 1408 4579 quoque
1428 4509 1472 4563 itti
1494 4509 1571 4564 dedit
1594 4524 1649 4565 non
1665 4510 1727 4579 jam

75 4601 103 4656 ia
118 4602 269 4670 conpaudet
282 4618 292 4656 :
305 4629 336 4641 -
350 4601 405 4657 Iste
426 4606 465 4656 est
481 4602 602 4670 Spiritus
625 4600 774 4670 procedens
793 4600 827 4655 de
881 4603 1021 4665 existenti,
1037 4600 1099 4653 licet
1114 4597 1235 4653 nondum
1254 4596 1375 4652 labenti.
1394 4597 1448 4653 Sed
1473 4597 1609 4667 priorprior
1629 4599 1727 4666 unipe-

75 4691 191 4755 ciritio,
204 4691 366 4760 quidiuidit
380 4693 496 4760 proprio
512 4689 585 4745 dona
605 4694 636 4744 ut
649 4691 719 4744 uult.
743 4689 825 4758 lieni,
882 4694 940 4746 nita
958 4689 1044 4746 Verbo
1063 4687 1151 4755 dedit,
1177 4685 1312 4755 premendo
1336 4684 1423 4740 dedit.
1445 4684 1491 4741 Sic
1514 4700 1578 4754 erpo
1596 4700 1656 4740 eum
1679 4700 1727 4754 pe-

75 4778 100 4835 la
113 4779 176 4847 288,
189 4780 218 4836 in
231 4780 287 4836 alia
302 4781 479 4849 expositione
492 4778 555 4850 ejus
569 4777 692 4847 symboli
708 4765 828 4848 que'sic
882 4783 954 4847 nuit,
980 4784 1011 4834 ut
1033 4782 1116 4833 etiam
1139 4777 1172 4831 de
1197 4776 1246 4831 itio
1273 4775 1373 4831 ionum
1398 4790 1536 4830 commune
1558 4774 1726 4844 procederet.

75 4873 106 4924 t:
123 4867 212 4937 Super
225 4868 361 4935 (sirmam
374 4870 456 4923 totins
469 4868 611 4923 Ecclesiae:
622 4895 656 4907 -
667 4867 827 4936 ltcouecrc·
882 4869 924 4927 Ac
946 4870 971 4925 si
986 4875 1084 4939 aperte
1107 4868 1288 4938 Augustinus
1303 4865 1349 4922 his
1370 4865 1468 4921 verbis
1492 4864 1663 4921 determinet
1676 4877 1728 4934 per

75 4970 99 5010 m
126 4960 166 5011 est
189 4958 325 5026 Spiritum
346 4961 471 5012 sonetum
496 4957 588 5011 Patris
609 4969 666 5010 esse
699 4959 725 5010 ei
750 4956 825 5010 Filii.
882 4959 937 5016 hoc
950 4957 1090 5029 Spiritum
1104 4962 1237 5012 sanctum
1252 4953 1451 5026 principaliter
1464 4967 1500 5010 ex
1514 4954 1607 5021 Patre,
1627 4960 1656 5010 et
1670 4966 1730 5009 non

89 5045 177 5100 istum
194 5046 328 5116 Spiritum
343 5050 468 5100 sanctum
482 5046 598 5100 dicimus
616 5045 697 5099 Patri
717 5049 743 5099 et
757 5044 828 5100 Filio
883 5045 1079 5118 principaliter
1090 5059 1127 5101 ex
1149 5044 1228 5113 Filia,
1253 5045 1325 5115 quia
1352 5045 1393 5100 sic
1415 5056 1452 5100 cx
1479 5042 1565 5099 Patre
1590 5041 1728 5114 procedit.

75 5133 221 5201 nonaum,
244 5138 270 5189 et
285 5133 471 5203 procedentem
487 5132 521 5186 de
536 5133 617 5186 Putre
635 5137 660 5186 et
675 5131 757 5187 Filio.
777 5134 828 5188 lloc
883 5134 967 5206 quasi
981 5134 1073 5204 primo
1087 5133 1158 5202 luco,
1176 5148 1243 5190 cum
1267 5147 1334 5190 eum
1351 5135 1432 5190 Pater
1456 5133 1492 5190 ab
1517 5131 1574 5189 alio
1596 5146 1654 5189 non
1679 5131 1728 5187 lia·

75 5236 137 5277 ine
157 5223 294 5293 colloquia
318 5222 392 5277 mala
414 5224 592 5291 corrumpant
616 5236 704 5276 mores
726 5227 828 5278 uestros
884 5224 959 5291 licat,
983 5222 1032 5278 sed
1058 5235 1076 5278 a
1107 5223 1200 5292 seipso
1226 5222 1301 5279 sicut
1324 5228 1351 5278 et
1374 5235 1392 5278 a
1417 5223 1509 5294 seipso
1531 5230 1584 5287 est,
1612 5221 1668 5277 hoa
1687 5226 1730 5278 est

96 5310 188 5367 item:
209 5311 302 5367 Videte
324 5311 425 5380 ulique
448 5313 650 5365 sacramentum
672 5311 827 5378 Trinitatis,
883 5326 942 5370 non
956 5311 993 5368 ab
1012 5310 1080 5368 elio.
1096 5310 1189 5368 Filius
1210 5325 1279 5367 voro
1303 5325 1370 5368 cum
1396 5324 1464 5369 ase
1487 5324 1546 5368 non
1569 5311 1616 5379 sit,
1639 5309 1689 5367 sed
1713 5323 1731 5366 a

75 5403 85 5453 t
107 5400 138 5455 in
159 5402 294 5471 Spiritum
318 5405 443 5457 sanctum
465 5396 612 5467 mocimus,
636 5401 686 5471 qui
707 5399 830 5472 Spiritus
884 5400 978 5467 Patro,
993 5399 1080 5458 etiam
1095 5400 1191 5472 ipsum
1210 5399 1349 5473 Spiritum
1364 5416 1384 5459 a
1402 5401 1497 5470 Patre,
1517 5400 1647 5471 habena
1669 5414 1731 5472 quo

75 5487 127 5545 bno
159 5490 193 5546 de
219 5492 301 5547 Patre
326 5493 353 5545 ot
377 5491 446 5547 liiiio
475 5487 609 5545 claritate
640 5489 829 5559 coruunpitur.
885 5504 937 5564 per
950 5488 1165 5563 generationem
1180 5490 1350 5551 mmhabet.
