3804 5962
58 219 108 275 lte
840 217 957 277 SERMO
976 217 1027 277 Ν.
1758 224 1813 281 etl

55 343 203 415 signabat,
229 356 321 415 quam
350 341 543 399 Christianam
575 340 737 400 libertatem
769 341 909 400 luteram.
926 345 950 400 h
965 357 1029 408 sno,
1042 343 1186 402 etmultos
1201 341 1383 401 erudierunt.
1401 364 1416 394 s
1440 343 1575 416 Legimus
1603 353 1724 405 mortem
1752 355 1812 407 ter·

17 438 21 517 l
56 441 80 489 et
97 432 272 490 servitutem
287 439 345 489 tam
368 430 439 503 legis
454 445 544 503 qnam
559 431 667 503 peccati
690 446 740 502 per
764 432 910 490 Christum
965 448 1103 491 renerum
1122 431 1292 504 regum,vel
1307 435 1547 491 commutationes
1567 450 1726 508 regnorum
1748 439 1813 498 stel-

57 522 275 588 removendam,
301 521 351 592 qui
386 521 427 578 alt
447 524 528 577 :lom
554 537 608 576 nort
622 522 713 577 dicem
733 537 780 576 eos
808 537 910 590 servos,

58 611 101 666 ted
119 613 226 666 amicos
240 611 334 682 (loco.
355 624 402 676 xv,
421 610 465 673 le,
485 611 505 681 ).
518 610 553 666 et
567 610 637 666 alibi
653 626 660 666 ι
676 611 707 666 Si
721 625 780 676 cos,
803 610 910 682 inquit,

57 701 144 755 Filius
168 701 338 767 liberum,
371 715 431 754 uere
457 700 537 755 liberi
563 703 641 754 eritis
670 699 760 770 (loon.
775 714 836 767 vrri,
853 701 910 773 36).

58 790 171 846 llincet
186 789 343 860 Apostolus
359 796 472 859 tempus
494 789 606 844 timeris
630 788 686 844 snb
710 789 771 859 lege
794 803 812 844 a
837 797 911 845 tem·

58 892 124 948 pore
153 878 259 949 gratiae
280 877 472 948 distinguens,
503 879 649 934 conversis
674 877 748 934 inter
767 879 912 934 Romanos

57 967 169 1023 iudaeis
186 966 311 1023 scribit:
327 958 389 1023 Non
412 968 484 1020 enim
498 965 604 1020 subditi
631 967 810 1020 solicitorum
825 969 855 1020 ιἰι
873 969 911 1020 tt-

56 1072 139 1122 more,
158 1064 213 1111 etc.
239 1053 327 1125 (Rom,
354 1069 415 1121 otri,
449 1053 502 1123 ld).
524 1054 601 1110 ldcrn
624 1053 662 1108 ad
685 1052 820 1110 Galatas:
847 1055 911 1119 Vos,

59 1144 166 1214 inquit,
180 1146 212 1198 io
231 1144 383 1198 libertatem
410 1144 499 1197 vocati
528 1144 592 1197 estis
607 1142 732 1207 fratres:
758 1147 866 1198 tontum
880 1159 913 1197 ne

59 1233 219 1288 libertatem
242 1234 271 1286 irt
297 1237 464 1287 occasionem
482 1232 554 1287 detis
578 1236 681 1300 cumis,
697 1231 746 1286 scd
767 1247 821 1302 per
846 1232 912 1286 clec-

59 1327 171 1377 ritclem
185 1323 286 1376 semite
300 1323 416 1376 inuicem
431 1321 504 1392 (Gal.
520 1335 549 1389 v,
565 1322 619 1393 te).

91 1409 170 1466 Sunt
189 1409 241 1480 qni
265 1409 417 1479 praedictus
438 1423 538 1479 magos
561 1423 620 1465 nen
647 1409 689 1466 sic
700 1407 839 1480 appellari
862 1421 914 1464 au·

60 1504 187 1565 tnmant,
204 1496 274 1568 quia
301 1495 409 1553 luerint
437 1495 571 1566 maledci,
599 1497 649 1553 sed
674 1498 752 1568 qnod
768 1503 913 1553 astrorum

965 524 1001 580 lis
1026 523 1211 595 quibusdam,
1241 536 1316 594 quas
1346 531 1471 579 cometas
1497 524 1642 594 appellant
1669 527 1814 601 designari

966 611 1055 668 solere
1070 627 1078 665 ι
1095 626 1152 667 ιιοιι
1171 619 1266 667 tamen
1296 610 1390 678 nuris,
1417 611 1466 666 sed
1487 611 1600 668 noviter
1615 611 1649 669 do
1673 629 1704 672 se
1727 617 1813 688 qnasi

966 701 1122 773 quemdam
1142 701 1250 756 crinem
1280 699 1514 769 producentibus.
1539 701 1620 758 Unde
1640 710 1668 758 ot
1684 714 1812 776 cometae,

967 790 1049 862 quasi
1063 804 1080 846 a
1094 803 1187 855 corna,
1202 789 1312 845 crinitae
1335 795 1404 845 suut
1431 789 1592 860 appellate.
1620 790 1731 848 Summi
1746 808 1814 852 vero

966 880 1051 951 Regis
1066 878 1342 936 nitrumnatiritatis
1354 879 1484 944 medum,
1500 881 1575 935 siout
1589 882 1618 936 cl
1631 890 1812 953 conceptum,

967 982 1043 1024 nova
1055 967 1136 1024 stella
1156 976 1184 1024 et
1210 967 1428 1038 incomparabili
1454 967 1604 1037 splendore
1638 972 1815 1042 presignare

966 1056 1073 1113 debuit.
1089 1057 1179 1127 Cujus
1193 1063 1221 1113 et
1234 1064 1352 1113 mortem
1370 1065 1509 1127 tauquam
1528 1066 1731 1128 expavescens,
1762 1061 1807 1118 vel

967 1145 1002 1201 de
1037 1145 1151 1202 sceleris
1187 1144 1387 1217 magnitudine
1421 1145 1520 1202 delens
1553 1148 1593 1203 sol
1631 1147 1813 1218 obscuratus,

967 1235 1077 1291 mundo
1102 1234 1241 1290 indicarit
1273 1234 1410 1291 universe
1437 1243 1499 1305 ;ut
1515 1243 1572 1291 tam
1602 1244 1700 1294 ortum
1724 1251 1815 1308 quam

967 1339 1100 1380 occasum
1116 1324 1257 1381 vcriSolis
1281 1333 1309 1380 et
1333 1324 1454 1382 coelestis
1469 1324 1564 1396 ¹Regis
1585 1325 1707 1397 gloriam
1727 1325 1815 1384 etele-

967 1413 1022 1470 stia
1036 1422 1263 1483 protestarentur
1278 1413 1370 1486 sigua.

1004 1503 1076 1559 Sunt
1109 1502 1242 1574 quinon
1272 1502 1409 1559 mediocri
1438 1501 1627 1559 admiratione
1650 1511 1814 1573 moventur,

59 1585 155 1656 periti,
180 1584 265 1656 qnasi
294 1584 490 1648 astronomici.
518 1585 564 1641 rel
588 1600 767 1657 quacunque
797 1584 854 1641 alla
877 1586 913 1642 de
968 1606 1026 1663 quo
1042 1592 1124 1647 modo
1141 1598 1200 1648 tam
1217 1592 1316 1662 paucis
1334 1590 1445 1659 diebus,
1465 1605 1483 1646 a
1502 1591 1596 1649 Natali
1622 1591 1729 1650 scilicet
1756 1593 1815 1650 De-

59 1687 148 1731 causa
172 1672 332 1730 sicrocatl.
362 1673 403 1729 be
428 1673 540 1744 quibus
562 1674 633 1745 quid
660 1674 823 1745 antiquitus
845 1675 950 1745 scri-13
968 1682 1038 1738 mini
1054 1683 1197 1751 usquead
1221 1681 1448 1751 Theophaniam,
1468 1682 1545 1751 magi
1573 1682 1610 1738 ab
1631 1681 1740 1739 oriente
1768 1696 1816 1739 us·

60 1772 141 1834 ptum
157 1760 248 1818 luisse
266 1762 487 1832 chrysostomos
518 1762 632 1829 celerat,
662 1771 785 1820 nonest
810 1764 912 1820 incon·
967 1782 1025 1839 que
1038 1768 1203 1831 Bethlehem
1228 1768 1380 1839 pervenire
1399 1775 1566 1839 potueruut.
1592 1768 1673 1836 Quod
1697 1768 1815 1839 quidem

60 1866 168 1924 guum
185 1851 241 1906 hoe
263 1849 324 1906 luco
339 1851 489 1921 subjicere.
509 1850 558 1907 Ait
575 1852 683 1921 quippe
698 1853 740 1908 sic
760 1853 915 1923 praedictus
967 1867 1029 1915 tum
1046 1866 1120 1915 recte
1142 1859 1327 1926 mirarentur,
1342 1859 1365 1914 si
1389 1865 1416 1915 et
1437 1867 1610 1929 quererent,
1635 1859 1658 1915 si
1673 1864 1816 1916 constaret

60 1941 173 2007 doctor,
191 1954 259 1996 cnm
274 1939 439 1996 Matthaeum
450 1947 609 2010 exponeret
627 1955 634 1995 2
654 1962 665 1990 ‹
687 1941 755 2012 hegl
774 1942 850 2011 apud
863 1941 915 1996 ali·
968 1948 1043 2004 hauc
1057 1947 1168 2003 stellam
1189 1960 1377 2017 nequaquam
1405 1954 1471 2003 ante
1484 1947 1661 2004 dominicam
1676 1948 1815 2004 nativita-

60 2044 149 2100 quem
177 2042 279 2100 magos
303 2030 380 2097 istos,
418 2043 455 2084 er
481 2028 563 2085 libris
594 2028 713 2084 Balaam
745 2029 916 2087 divinatoris
969 2044 1024 2093 tem
1038 2037 1217 2106 apparuisse,
1248 2042 1342 2091 necet
1368 2049 1467 2106 magos
1495 2037 1547 2092 iter
1565 2036 1618 2091 hec
1647 2035 1815 2108 arripuisse.

60 2118 241 2190 appariturae
265 2117 342 2173 illius
364 2117 452 2173 stellae
476 2117 624 2174 scientiam
651 2118 802 2188 accepisse,
830 2119 915 2189 cujns
968 2126 1040 2180 Cum
1069 2137 1137 2179 vero
1160 2123 1379 2193 chrysostomus
1406 2138 1442 2180 ex
1476 2124 1642 2194 supradicta
1671 2124 1816 2195 scriptura

60 2207 201 2263 divinatio
217 2207 309 2276 posita
336 2213 418 2262 estet
446 2205 476 2260 in
498 2205 593 2262 Veteri
618 2206 798 2263 Testameutu
814 2222 821 2260 ι
837 2208 913 2264 oee-
968 2219 1232 2268 commemeretees
1254 2225 1304 2282 per
1323 2211 1472 2269 biennium
1499 2212 1709 2283 proficiscentes
1726 2213 1815 2271 stelle

62 2304 107 2352 tur
130 2297 217 2352 stello
249 2312 283 2351 ea
310 2295 471 2362 locob,etc.
497 2296 587 2360 (ll'cut.
617 2309 697 2362 xxiv,
722 2295 775 2366 li).
807 2296 842 2352 Et
864 2310 916 2351 eu·
968 2299 1133 2369 apparentis
1162 2299 1300 2355 ducatum
1329 2299 1473 2366 babuisse,
1497 2308 1526 2356 et
1548 2301 1664 2359 tandem
1695 2302 1816 2359 [lumino

63 2385 118 2442 divi
149 2385 268 2455 aliquos
293 2384 449 2440 relerentes
472 2382 507 2439 de
532 2384 660 2454 quadam
688 2385 842 2454 scriptura,
864 2384 914 2440 etsi
964 2390 1025 2460 jam
1045 2396 1112 2445 nato
1145 2388 1369 2458 hierosolymam
1393 2389 1567 2458 pervenisse,
1594 2390 1816 2461 nihilquestio

61 2482 225 2542 concerta,
251 2488 309 2530 uun
331 2481 426 2530 tartren
450 2473 615 2529 destruente
639 2472 734 2539 fidem,
757 2473 804 2529 sed
822 2474 916 2544 potius
969 2480 1014 2534 nis
1045 2477 1230 2548 relinquitur.
1256 2477 1330 2533 lllud
1359 2486 1457 2534 antem
1496 2478 1624 2535 luctassis
1656 2479 1816 2549 plurimum

62 2565 256 2621 delectante:
282 2562 508 2633 quoniamerat
544 2562 677 2632 quadam
707 2577 777 2634 gens
809 2562 864 2618 sita
886 2564 916 2618 in
969 2573 1073 2633 movet,
1099 2565 1244 2635 quomodo
1262 2572 1370 2633 tantus,
1397 2573 1429 2621 ιιι
1444 2565 1559 2632 dicitur,
1580 2566 1714 2635 splendor
1728 2567 1817 2625 stelle

63 2655 124 2723 lpse
141 2651 287 2722 principio
304 2651 428 2708 Orientis
449 2652 537 2722 juxta
566 2650 723 2718 Oceanum,
749 2651 828 2721 apud
844 2666 917 2722 qnos
968 2655 1043 2710 soles
1066 2653 1252 2708 commoverit
1280 2667 1387 2723 mages,
1404 2667 1455 2708 nec
1477 2653 1514 2708 ab
1549 2653 1658 2709 Herode
1674 2654 1718 2711 vel
1737 2660 1818 2713 cete

63 2741 360 2813 lerebatnrquaedam
375 2741 520 2810 scriptura
544 2740 682 2810 iuscripta
699 2742 816 2797 nornine
839 2741 916 2808 Seth,
970 2740 1009 2797 ris
1027 2740 1175 2810 comperiri
1201 2743 1334 2809 potnerit,
1365 2740 1491 2795 maxime
1516 2756 1582 2796 cum
1607 2756 1671 2798 eam
1698 2743 1816 2813 propin-

64 2830 95 2886 de
133 2832 310 2903 apparitura
332 2829 387 2886 hac
408 2829 499 2895 stella,
528 2836 556 2885 et
584 2829 756 2886 muneribus
773 2830 917 2900 ejusmodi
970 2830 1100 2901 quierem
1116 2828 1225 2885 caeteris
1238 2828 1378 2885 exstitisse
1393 2829 1524 2899 plerique
1538 2830 1729 2898 arbitrentur,
1757 2846 1816 2902 quc

64 2919 229 2986 offerendis,
259 2933 325 2988 quae
348 2932 397 2988 per
428 2918 628 2989 generationes
654 2917 850 2975 studiosorum
867 2919 916 2974 ho·
971 2918 1075 2975 melius
1095 2931 1182 2988 snper
1211 2931 1333 2987 puerum
1364 2917 1481 2974 veniens
1505 2917 1600 2975 lucum
1631 2920 1722 2992 magis
1743 2920 1817 2979 desi-

65 3009 177 3066 ninum
197 3006 331 3078 patribus
355 3005 545 3063 referentibus
578 3006 644 3062 liliis
670 3006 732 3063 suis
755 3007 916 3064 habebatur
933 2986 953 3041 ὓ
971 3014 1082 3080 gnaret.
1098 3006 1161 3074 Sed,
1178 3021 1244 3062 cum
1264 3005 1337 3061 nihil
1361 3005 1535 3076 impossibile
1562 3008 1693 3065 Decesse
1718 3010 1818 3066 creda·

64 3097 199 3155 deducta.
225 3097 336 3167 ltaque,
359 3093 509 3167 elegerunt
532 3094 608 3151 inter
630 3094 737 3166 seipsos
766 3095 915 3153 duodecim
971 3105 1029 3164 tur,
1046 3110 1103 3152 non
1119 3094 1366 3152 estdubitandurn
1385 3109 1452 3152 eum
1473 3095 1581 3166 quibus
1604 3096 1728 3155 vuluerit
1742 3098 1819 3156 hanc

66 3186 212 3258 quosdam
239 3198 276 3240 er
299 3183 367 3253 ipsis
391 3183 585 3248 studiosiores,
613 3192 642 3239 et
661 3190 802 3240 amatores
816 3195 918 3255 myste
971 3184 1082 3241 stellam
1096 3184 1264 3250 occultasse,
1280 3191 1308 3240 et
1322 3184 1363 3240 eis
1392 3191 1506 3241 tanturn
1530 3183 1581 3255 qui
1596 3184 1677 3256 digni
1704 3185 1819 3245 lucrant

65 3277 179 3333 riorum
203 3272 377 3338 coelcstium,
402 3280 430 3329 et
453 3280 614 3342 pesuerunt
628 3273 738 3343 scipsos
761 3272 798 3328 ad
812 3287 917 3342 exspe-
971 3273 1121 3330 revolasse.
1148 3275 1306 3330 Potuerunt
1325 3280 1353 3329 et
1380 3273 1423 3330 isti
1448 3273 1524 3345 megi
1548 3281 1664 3331 tautam
1685 3288 1744 3345 prce
1767 3289 1820 3331 cce·

65 3366 223 3421 clationem
241 3361 331 3418 stellas
360 3361 461 3417 illius:
488 3361 563 3417 etsi
588 3361 655 3432 quis
680 3361 858 3418 moriebatur
881 3375 918 3417 ex

11 3466 13 3473 ·
65 3456 110 3520 tis,
129 3453 214 3510 lilius
227 3451 299 3521 ejus,
321 3456 372 3506 aut
386 3449 493 3520 aliquis
518 3448 761 3521 propinquorum,
774 3451 827 3522 qui
841 3449 917 3520 ejus-

65 3543 127 3599 dem
148 3539 310 3597 voluntatis
337 3538 550 3605 inveniebatur,
579 3537 609 3593 in
638 3539 700 3595 loco
728 3539 920 3595 constitueba-

67 3638 110 3688 tur
141 3627 480 3686 deiuncti.1)icebautur
509 3634 607 3683 aulem
630 3628 734 3698 magici
759 3627 859 3698 lingua
874 3642 919 3683 ec·

66 3733 143 3785 rum,
163 3717 238 3789 quia
257 3716 287 3771 in
299 3715 412 3771 silentio
425 3724 453 3771 ot
467 3729 537 3772 voce
553 3715 640 3771 tacita
657 3716 746 3772 licum
775 3716 918 3787 glorifica·

68 3807 145 3864 bant.
177 3807 214 3863 lli
252 3818 322 3875 ergo
352 3817 401 3874 per
434 3803 566 3875 singulos
588 3817 680 3860 annos
710 3812 772 3873 post
798 3818 919 3861 messem

67 3893 280 3953 trituratoriam
305 3892 498 3949 ascendebant
515 3892 546 3948 in
571 3903 696 3949 mentem
722 3894 849 3964 aliquem
866 3911 918 3967 po-

68 3985 156 4042 situm
172 3983 226 4050 ibi,
242 3982 294 4054 qui
313 3982 473 4038 vocabatur
489 3979 590 4052 lingua
603 3996 703 4038 sorum
734 3984 810 4038 Mons
827 3986 918 4040 Victo-

67 4076 158 4141 riolis,
175 4071 286 4129 habens
311 4072 340 4127 in
363 4086 393 4129 se
417 4070 575 4141 quamdam
596 4070 763 4141 speluncam
792 4072 822 4127 in
836 4085 918 4139 saro,

69 4164 199 4221 lontibus
212 4170 241 4219 et
255 4161 352 4219 clectis
362 4160 516 4218 arboribus
528 4159 751 4230 amenissimus,
778 4161 807 4216 in
831 4176 919 4232 quem

973 3362 1041 3419 teris
1068 3370 1212 3418 astrorum
1241 3362 1375 3418 habuisse
1400 3362 1542 3429 notitiam,
1572 3370 1603 3419 ut
1631 3362 1684 3419 soli
1713 3376 1818 3420 novam

972 3451 1232 3507 animadverterent
1248 3450 1370 3512 stellam,
1396 3459 1423 3505 ct
1462 3451 1490 3506 iu
1514 3451 1576 3521 eius
1599 3465 1753 3523 progressu
1775 3451 1820 3508 vel

971 3541 1092 3596 statione
1107 3553 1166 3594 non
1191 3539 1370 3595 oberrarent.
1397 3539 1436 3595 lle
1451 3539 1559 3610 quibus
1587 3555 1654 3596 cum
1679 3540 1819 3610 scriptum

972 3629 1009 3683 sit
1029 3629 1099 3696 quia
1121 3627 1252 3681 uiderunt
1274 3642 1333 3681 oum
1355 3628 1384 3680 in
1411 3629 1515 3682 oriente
1537 3629 1648 3698 (Molle.
1674 3643 1705 3693 ιι,
1733 3629 1760 3696 ii)
1778 3633 1821 3683 :el

964 3729 1090 3773 rursum
1106 3716 1176 3786 quia
1199 3716 1372 3771 antecedebat
1396 3731 1439 3771 ecs
1466 3716 1662 3783 stetimusque
1691 3717 1756 3773 dum
1779 3731 1822 3772 ee-

972 3808 1050 3859 rtiens
1065 3811 1151 3858 steret
1164 3820 1251 3875 supro
1265 3805 1312 3857 ubi
1326 3809 1384 3858 erut
1391 3819 1463 3873 puer
1484 3804 1588 3874 (ibid),
1605 3812 1681 3874 patet
1695 3805 1822 3875 prolecto

972 3906 1053 3947 cosa
1075 3899 1152 3948 terra
1168 3905 1222 3947 sua
1237 3906 1332 3962 nsque
1356 3892 1593 3962 Hierosolymam,
1608 3900 1636 3947 et
1661 3906 1779 3949 rursum
1804 3906 1823 3949 a

974 3980 1171 4049 llierusolyma
1201 3994 1294 4050 usque
1323 3979 1497 4044 Bethlehem,
1523 3979 1709 4048 precedentis
1734 3980 1823 4039 stelle

972 4068 1111 4125 ducatum
1137 4068 1281 4125 habuisse.
1305 4068 1385 4133 Quod
1409 4081 1477 4138 ergo
1504 4067 1561 4123 illis
1582 4067 1619 4123 ab
1639 4066 1750 4125 llerude
1777 4083 1822 4125 re-

972 4157 1139 4215 cedentibus
1153 4158 1291 4228 scriptum
1315 4166 1375 4213 est:
1395 4161 1430 4213 nt
1449 4173 1505 4212 ecce
1530 4157 1610 4212 stello
1634 4172 1717 4228 quom
1746 4157 1822 4212 cide-

69 4252 257 4310 asoendentes
282 4257 311 4306 et
338 4251 469 4306 lavantes
490 4264 520 4306 se
549 4247 673 4305 orabant
707 4257 735 4306 et
760 4249 919 4321 laudabant
973 4253 1039 4302 runt
1066 4250 1096 4303 ln
1121 4251 1223 4303 emente
1248 4247 1423 4302 antecedebat
1456 4263 1498 4303 eos
1535 4247 1645 4316 (Multi.
1669 4263 1699 4314 ιι,
1721 4245 1761 4317 el.
1788 4246 1824 4303 lot

70 4342 160 4399 mum
173 4341 205 4397 iu
226 4339 338 4396 silentio
360 4338 454 4396 trihus
467 4338 579 4407 diebus,
601 4346 629 4395 et
653 4338 694 4394 sic
713 4338 854 4395 iaciebant
871 4352 920 4408 per
936 4307 957 4363 ⁰
975 4338 1080 4394 iterum
1096 4353 1102 4392 :
1120 4337 1249 4394 videntes
1264 4341 1356 4391 cotem
1372 4338 1490 4404 stellam,
1514 4339 1604 4407 occisi
1631 4341 1695 4393 seut
1720 4336 1824 4406 gaudio

71 4429 202 4502 singulas
224 4429 422 4500 generationes
442 4434 641 4497 exspectantes
655 4440 767 4498 semper
791 4442 827 4484 ne
849 4427 921 4483 lerte
975 4441 1073 4493 magno
1087 4426 1165 4480 eclde
1180 4426 1271 4493 libid,
1291 4423 1345 4498 li),
1357 4426 1428 4482 satis
1449 4427 1583 4483 innuitur
1608 4425 1685 4497 quod
1700 4439 1738 4482 ex
1752 4439 1825 4482 con·

73 4520 170 4576 meua
191 4517 378 4589 generatione
405 4515 486 4572 stella
507 4515 558 4572 illa
575 4515 760 4573 beatitudinis
783 4517 918 4586 oriretur,
975 4517 1062 4571 sortio
1079 4515 1208 4579 llercdis,
1230 4515 1273 4572 vel
1294 4515 1388 4585 tropis
1415 4515 1494 4572 urbis
1521 4516 1557 4571 ad
1582 4529 1671 4585 qnam
1699 4514 1825 4571 diverte·

72 4608 160 4665 denec
188 4605 326 4676 apparuit
343 4604 386 4663 eis
400 4604 575 4661 descendens
588 4619 675 4675 super
697 4612 822 4663 montem
839 4605 920 4661 illum
975 4602 1142 4660 runtstellae
1156 4603 1377 4673 apparitionem,
1391 4604 1525 4674 quandiu
1541 4603 1581 4659 ibi
1602 4602 1730 4668 luerunt,
1751 4601 1824 4659 emi·

73 4692 268 4760 victorialem,
279 4692 388 4749 habens
404 4692 433 4748 in
447 4706 477 4749 se
492 4691 577 4763 quasi
593 4692 714 4748 lormam
739 4693 822 4763 puori
838 4691 919 4764 parri
975 4701 1084 4749 serunt.
1118 4690 1198 4760 Quod
1225 4706 1258 4749 eo
1289 4692 1415 4749 maxime
1435 4690 1543 4748 iactum
1572 4705 1633 4748 esse
1669 4690 1824 4757 credimus,

73 4793 97 4841 et
109 4797 203 4855 super
227 4796 258 4838 se
272 4780 491 4839 similitudinem
515 4781 611 4838 crucis
627 4797 635 4848 ;
649 4788 677 4838 et
701 4781 797 4841 locuta
809 4791 853 4838 cst
868 4783 919 4848 eis,

73 4879 98 4929 ot
122 4871 226 4928 docuit
248 4883 306 4938 eos,
335 4877 363 4927 et
389 4867 522 4939 praecepit
551 4876 584 4926 ut
608 4869 857 4941 proficiscerentur
889 4871 920 4929 iu

73 4960 214 5018 iudaeam.
229 4958 478 5016 Proficiscentibus
502 4965 600 5015 antem
615 4958 666 5027 eis,
697 4973 747 5029 per
770 4959 919 5017 biennium

975 4789 1008 4838 nt
1024 4795 1074 4850 per
1096 4781 1149 4836 hoc
1175 4780 1217 4837 eis
1245 4780 1385 4836 Dominus
1413 4778 1567 4844 intimaret,
1593 4791 1780 4848 nequaquam
1795 4791 1826 4834 ae

975 4869 1011 4925 ab
1037 4869 1147 4927 Herode
1174 4877 1202 4925 et
1229 4868 1376 4925 sceleratis
1404 4867 1460 4923 illis
1498 4866 1665 4923 bominibus
1691 4865 1825 4938 cognosci

976 4959 1114 5016 voluisse.

75 5049 253 5121 praecedebat
269 5048 403 5115 stella,et
417 5062 513 5119 neque
529 5062 594 5106 esca
614 5064 709 5121 neque
737 5058 823 5121 pctus
846 5049 921 5106 dole·
1009 5046 1148 5106 Nonnulli
1182 5045 1234 5103 hos
1266 5059 1366 5116 magos
1394 5059 1475 5116 reges
1505 5043 1687 5100 arbitrantur
1726 5042 1825 5112 luisse,
1874 5079 1878 5087 »

74 5139 108 5195 cit
127 5140 159 5196 iu
174 5139 251 5209 peris
272 5151 384 5196 eorum.
409 5137 639 5208 eeterajaotem,
664 5145 834 5209 quaegesta
860 5153 921 5195 csse
973 5138 1059 5209 juxta
1090 5136 1168 5192 illam
1195 5135 1374 5206 prophetiam
1403 5132 1560 5190 Psalmistee
1584 5135 1678 5203 :Reges
1700 5133 1826 5190 Arabum

75 5228 294 5285 releruntnrab
310 5227 361 5296 eis,
375 5227 404 5284 in
426 5225 585 5296 Evangelio
607 5227 808 5298 compendiose
833 5228 923 5297 posita
975 5233 999 5280 et
1018 5226 1090 5281 sobo
1117 5225 1190 5279 donc
1218 5224 1354 5279 adducent
1381 5223 1467 5294 (Psoi.
1491 5238 1568 5290 cxxi,
1592 5224 1625 5277 ιο
1650 5223 1671 5294 ).
1698 5222 1780 5280 Unde
1796 5229 1827 5279 et

73 5325 146 5374 cunt
171 5316 299 5373 Tandem
330 5330 398 5374 cum
440 5315 549 5374 reversi
577 5314 708 5386 luissent,
752 5324 922 5375 manserunt
976 5314 1103 5371 isidorus
1115 5317 1211 5369 contre
1231 5313 1338 5368 thducs
1351 5326 1415 5383 cap.
1435 5314 1465 5368 ts
1483 5312 1522 5369 ita
1538 5311 1692 5369 meminit:
1714 5328 1729 5360 α
1753 5309 1827 5379 linia

74 5405 199 5462 colentes
227 5413 255 5462 et
282 5405 474 5479 glorificantes
506 5406 601 5463 Deum
636 5405 795 5463 studiosius
824 5404 922 5477 magis
976 5403 1001 5460 ei
1018 5403 1094 5475 megi
1110 5415 1233 5459 munera
1258 5400 1427 5459 obtulerunt
1442 5418 1479 5474 3·
1508 5400 1673 5460 lsaiasait:
1703 5402 1737 5458 ιιι
1760 5405 1827 5456 tem·

73 5510 162 5569 qnam
177 5494 317 5567 primum,
332 5500 361 5552 et
370 5495 601 5568 predicaverunt
612 5494 748 5553 omnihus
762 5494 793 5554 in
817 5507 922 5567 genere
976 5508 1043 5566 pora
1056 5494 1105 5549 illo
1120 5492 1259 5562 detester
1286 5506 1385 5548 munus
1407 5494 1522 5550 bomem
1541 5509 1559 5547 o
1577 5490 1679 5564 popule
1707 5488 1829 5547 erecte
