3804 5962
133 190 203 244 titia

399 187 504 244 PETRI
521 186 706 242 eumaem
725 187 802 243 OPP.
824 184 912 246 PARS
931 185 980 242 til.
995 211 1033 227 -
1044 183 1265 242 reuoluenda
1284 185 1326 239 ΕΤ
1344 181 1607 240 PHILOSOPHICA.

1819 180 1878 232 titt

130 317 279 383 sumptum
297 308 514 381 formatumque
533 323 651 378 corpus;
679 307 784 365 debinc
805 322 923 365 rursum
943 307 974 364 in
988 308 1013 364 A
1029 309 1119 365 uteris
1147 315 1283 370 matrum,
1307 314 1339 363 ιιι
1368 307 1510 361 ιιιιιιιι.
1530 306 1673 372 Remigius
1705 318 1793 371 super
1811 302 1876 372 psol-

130 400 258 457 animam
273 399 417 455 viventem
434 412 484 468 per
499 397 715 467 inspirationem
727 398 774 453 Dei
787 398 905 466 lactum,
922 410 975 452 na·

130 497 227 547 turam
251 489 335 556 banc,
359 489 386 542 id
402 496 444 543 est
460 495 601 543 terrenam
626 496 713 557 atque
732 485 882 552 caelestem,
904 500 973 556 quo-

130 577 195 634 dam
215 576 411 646 inspirationis
429 576 533 632 lredere
556 575 730 644 copulatam,
753 576 923 643 Augustinus
941 579 975 630 lie

128 665 184 736 ιιι
203 665 240 720 od
253 667 382 719 Petrum:
404 662 557 721 Credimus
569 664 629 735 jam
646 663 765 720 lormato
782 678 901 734 corpore
915 663 976 719 ani-

128 751 324 819 mammeam,
343 761 371 805 et
386 749 510 816 inlundi,
528 759 559 805 nt
574 751 655 805 vivat
665 749 694 804 in
711 758 792 806 utero
809 750 893 805 bomo
906 764 975 805 cou-

128 848 208 895 stans
235 838 391 894 exanima
418 846 445 893 ιι
461 852 591 908 corpore.
613 838 691 892 Idem
706 840 736 891 io
759 839 827 893 libro
845 841 974 908 quastio-

127 942 193 982 mtm
222 930 275 982 oet.
305 932 331 981 et
360 943 423 982 noo.
455 927 531 995 lepis,
560 942 620 996 cop.
650 928 753 983 liiiltl:
788 927 975 983 inhonestum

126 1022 195 1086 puto
208 1016 319 1072 animas
338 1016 481 1087 generari,
498 1024 529 1072 nt
548 1029 646 1071 anima
663 1024 798 1072 nascatur
817 1016 973 1071 exanima.

126 1103 200 1162 Nam
218 1105 243 1161 si
264 1119 332 1163 cum
354 1105 461 1161 semine
475 1111 503 1160 et
522 1103 620 1159 anima
635 1105 741 1168 existit,
758 1104 856 1161 multae
871 1104 975 1160 animae

127 1192 257 1264 quotidie
283 1200 405 1263 pereunt
430 1207 495 1248 cum
524 1191 605 1248 lluxo
630 1191 747 1248 semine.
774 1193 861 1246 ltem:
892 1191 974 1256 Quod

125 1280 306 1339 manifestius
329 1281 456 1338 declarat
479 1281 589 1351 Moyses
611 1280 728 1337 dicens:
760 1280 788 1336 Si
813 1282 879 1351 quis
911 1295 975 1337 mu·

126 1370 224 1427 lierem
246 1371 399 1427 habentem
414 1371 444 1426 in
461 1377 540 1426 utero
560 1371 731 1440 percusserit
746 1377 772 1425 et
787 1368 972 1437 abortaverit,

125 1458 151 1515 si
165 1459 284 1530 quidem
295 1460 451 1518 formatum
475 1459 572 1526 inerit,
589 1459 687 1516 reddet
706 1460 832 1514 animam
847 1472 898 1528 pro
913 1458 974 1514 ani-

1031 413 1105 452 mum
1133 397 1242 468 (xxxiv,
1272 398 1335 466 ill:
1365 397 1486 460 Domine,
1509 394 1618 464 quondo
1646 390 1800 462 respicies?
1828 406 1875 445 rea·

1032 491 1097 541 titue
1112 489 1232 542 animam
1241 502 1332 550 meam,
1348 494 1400 541 etc.
1417 501 1424 538 :
1442 483 1531 541 Unica
1548 490 1670 539 vocatur
1686 483 1787 537 anima
1802 479 1875 538 Citri-

1030 576 1076 640 ιιι,
1092 590 1167 646 qnae,
1193 576 1277 630 unice
1292 588 1328 630 ιι
1352 573 1569 643 virginemne,
1591 571 1679 627 unice
1701 579 1872 636 conversata,

1029 663 1218 735 singulariter
1236 662 1408 726 resurrexit,
1429 660 1615 728 singulariter
1638 657 1729 715 coelos
1744 656 1872 713 ascendit.

1029 752 1152 807 isidorus
1172 751 1324 804 desummo
1343 749 1421 813 bono,
1441 747 1487 801 iio.
1508 749 1530 815 l,
1556 762 1617 816 cop.
1643 745 1719 800 xit:
1745 745 1872 802 Animam

1029 854 1087 896 non
1115 853 1186 904 esse,
1212 840 1366 909 priusqam
1392 835 1504 906 corpori
1534 834 1702 902 misceatur,
1734 833 1786 890 scd
1812 842 1873 890 tunc

1029 943 1092 986 eam
1117 927 1218 995 creari,
1240 927 1357 997 qnando
1383 934 1410 981 et
1434 938 1540 995 corpus
1567 932 1685 980 creatur
1711 924 1761 979 cui
1787 922 1872 978 admi·

1030 1018 1101 1076 sceri
1117 1018 1246 1086 videtur,
1260 1015 1404 1072 credimus

1406 1138 1503 1195 CXVI.

1028 1250 1105 1316 Quod
1125 1253 1237 1319 peccato
1256 1252 1369 1318 patrum
1383 1246 1537 1330 reddantur
1560 1242 1591 1298 in
1611 1245 1694 1314 filios,
1722 1248 1748 1298 et
1775 1248 1868 1298 contra

1064 1373 1190 1441 Οιίιιιιι
1219 1374 1248 1425 in
1274 1371 1379 1437 Erotio,
1404 1369 1495 1424 bomil.
1524 1369 1601 1424 viii:
1627 1366 1744 1424 Cuma
1767 1365 1870 1424 diabolo

1028 1463 1063 1518 ad
1081 1462 1258 1534 peccandum
1280 1460 1438 1517 suademur
1462 1459 1529 1530 (ιι),
1554 1472 1653 1515 semen
1677 1456 1745 1528 ejus
1761 1459 1869 1529 suseipi-

125 1560 190 1615 ma;
215 1549 239 1606 ai
259 1562 327 1606 vero
352 1549 538 1605 informatum
555 1549 650 1615 luerit,
676 1547 799 1617 pecunia
820 1547 970 1615 multetur,
1028 1566 1103 1608 mus.
1119 1550 1193 1607 Cum
1207 1564 1276 1606 vero
1291 1563 1375 1618 opere
1389 1548 1475 1604 etiam
1496 1548 1658 1617 implemus,
1685 1556 1760 1603 tunc
1774 1548 1870 1617 james

123 1635 274 1692 manileste
290 1637 439 1694 declarans
457 1652 515 1693 non
530 1651 590 1692 esse
610 1636 739 1691 animam
755 1643 821 1691 ante
835 1634 969 1691 formam.

123 1728 214 1783 item:
237 1725 458 1784 Consideremus
476 1724 618 1781 facturam
641 1726 721 1791 Adae,
744 1725 773 1780 in
790 1725 880 1779 Adam
895 1725 973 1780 enim

123 1814 290 1886 exemplum
308 1816 408 1871 datum
431 1821 482 1882 est,
501 1822 533 1870 ut
548 1813 737 1884 intelligatur,
754 1812 823 1882 qnia
838 1812 897 1882 iam
919 1812 973 1868 lor-

124 1911 236 1960 matum
256 1915 362 1972 corpus
385 1901 494 1971 accepit
517 1900 656 1956 animam.
682 1899 745 1956 Non
777 1907 886 1970 poterat
910 1899 971 1954 ani·

123 2003 200 2047 mam
226 1990 294 2046 limo
309 1998 393 2045 terrae
415 1987 572 2044 admiscere
591 1996 618 2043 et
637 1987 680 2043 ιιι
702 1986 827 2042 iurmare
851 2001 971 2057 corpus;

123 2079 172 2136 sed
195 2078 322 2148 primum
346 2076 496 2147 oportebat
518 2077 637 2132 domum
659 2074 857 2145 compaginari
882 2083 909 2130 et
932 2075 973 2131 sic

123 2165 313 2223 habitatorem
331 2165 428 2221 induci
444 2165 572 2221 animam
598 2165 673 2218 idem
696 2165 729 2219 de
744 2165 902 2230 Quantitote
914 2167 973 2217 oni-

122 2270 191 2310 mae:
215 2255 320 2310 Anima
344 2262 386 2311 est
407 2255 482 2310 lacta
503 2253 604 2309 similis
631 2254 697 2321 lieo,
723 2255 792 2324 quia
810 2254 886 2308 Deus
906 2251 972 2308 lecit

123 2357 186 2399 eam
217 2342 418 2409 immortalem,
452 2340 690 2408 indissolubilem,
723 2356 789 2412 quae
816 2342 851 2397 de
881 2339 971 2396 nihilo

123 2429 200 2487 lacta
220 2439 272 2487 ιιι.
300 2431 388 2484 item:
417 2428 496 2485 Sicut
516 2430 658 2485 elementa
684 2443 759 2499 pura
782 2444 841 2485 non
865 2427 971 2485 babent

122 2519 223 2590 aliqua
246 2517 431 2590 praejacentia
454 2518 498 2574 vel
520 2527 586 2574 actu
607 2517 651 2574 vel
674 2525 790 2585 natura,
811 2518 971 2587 exquibus

122 2605 294 2664 naturaliter
317 2613 536 2676 componantur,
566 2604 605 2660 ita
628 2619 679 2661 nec
703 2606 810 2660 anima.
839 2605 915 2659 idem
940 2606 971 2659 ia

123 2695 192 2750 libro
214 2696 250 2750 lie
271 2695 375 2763 origine
394 2695 510 2748 animae:
526 2692 628 2748 anima
645 2707 702 2748 non
722 2693 756 2748 de
780 2693 837 2748 Deo
853 2700 905 2760 est,
921 2692 970 2748 ιιι

121 2784 158 2840 ab
173 2784 234 2854 ipso
246 2783 281 2838 de
295 2783 385 2839 nihilo
397 2791 439 2839 est
454 2790 559 2838 creata.
577 2783 662 2838 item:
679 2782 706 2837 Si
727 2790 823 2838 autem
839 2781 873 2836 do
888 2781 970 2837 nulla

1027 1640 1126 1710 genuit
1141 1653 1202 1694 nos.
1227 1637 1334 1693 Verum
1357 1635 1495 1706 qnoniam
1514 1643 1663 1704 peccantes
1679 1635 1733 1689 vix
1749 1635 1807 1691 lere
1828 1648 1866 1691 ac·

1026 1729 1095 1783 cidit
1110 1735 1141 1782 ut
1164 1726 1227 1781 sine
1241 1724 1372 1795 adjutore
1392 1737 1551 1790 peccemus,
1577 1737 1678 1779 omnes
1694 1723 1778 1781 velut
1802 1736 1868 1779 unns

1025 1830 1062 1872 ιιι
1077 1816 1166 1872 ιιιιιι
1189 1814 1350 1870 secundum
1376 1812 1569 1883 persuasionis
1583 1812 1719 1868 ordinem
1750 1810 1866 1883 generati

1025 1918 1062 1960 ert
1087 1912 1167 1974 patre
1194 1902 1307 1958 diabolo
1331 1903 1425 1957 noxiae
1449 1901 1607 1956 nativitatis
1632 1900 1803 1972 progeniem
1823 1900 1866 1956 dn·

1026 1999 1106 2047 cunt.
1135 1991 1219 2046 Nunc
1241 2005 1309 2058 ergo
1324 1989 1476 2045 videamus
1501 1989 1664 2045 secundum
1690 1989 1768 2044 hanc
1790 2001 1866 2058 quam

1026 2080 1156 2136 diximus
1171 2079 1347 2150 progeniem,
1364 2077 1507 2148 quomodo
1523 2077 1598 2133 Deus
1622 2086 1743 2146 peccata
1764 2086 1864 2147 patrum

1026 2169 1127 2224 reddat
1142 2170 1171 2222 in
1188 2167 1262 2223 filios
1284 2174 1311 2222 et
1328 2167 1358 2220 in
1373 2174 1507 2236 quartam
1523 2173 1550 2221 et
1565 2165 1680 2220 tertiam
1699 2165 1865 2236 progeniem,

1025 2263 1052 2311 et
1068 2255 1098 2310 in
1114 2256 1190 2325 ipsos
1214 2269 1272 2310 non
1294 2254 1394 2309 reddat
1410 2261 1514 2323 patres.
1540 2251 1618 2308 Nrbil
1633 2253 1716 2308 enim
1731 2252 1767 2309 de
1789 2251 1864 2323 patri·

1026 2344 1080 2400 bus
1096 2345 1168 2399 dixit
1180 2342 1289 2415 [ιιιιι]ι
1314 2343 1451 2401 Diabolus
1475 2356 1532 2397 nou
1547 2343 1601 2397 erit
1618 2340 1751 2397 mundns
1771 2341 1800 2396 in
1822 2341 1865 2397 bot

1024 2432 1138 2500 seculo,
1160 2447 1254 2503 neque
1269 2432 1426 2501 corripitur
1447 2444 1498 2501 pro
1514 2438 1638 2500 peccato,
1659 2444 1758 2500 neque
1780 2428 1863 2501 liagel·

1025 2521 1111 2577 latur.
1129 2520 1233 2577 Omnia
1254 2534 1381 2590 namque
1404 2519 1428 2575 ei
1446 2518 1476 2574 in
1504 2519 1637 2574 luturum
1662 2526 1781 2575 servata
1797 2523 1861 2574 sunt.

1026 2610 1106 2666 Unde
1125 2611 1229 2679 etipse
1251 2609 1343 2664 sciens
1367 2607 1420 2663 sibi
1436 2606 1506 2662 illud
1530 2614 1673 2662 statutum
1699 2621 1762 2663 esse
1783 2617 1864 2677 ptena-

1024 2712 1089 2755 rum
1109 2705 1224 2767 tempus
1248 2696 1361 2752 dicebat
1384 2695 1420 2751 ad
1443 2695 1639 2751 salvatorem:
1660 2693 1755 2760 Qraore
1777 2695 1864 2750 ιιιιιιι

1024 2792 1087 2841 cate
1102 2793 1206 2856 tempus
1225 2783 1432 2852 torqueremus?
1452 2784 1563 2856 (liniti.
1584 2796 1646 2850 virt,
1664 2785 1725 2854 30.)
1740 2784 1863 2842 Reddun-

120 2886 153 2930 re
167 2872 224 2928 alia
238 2872 313 2927 iacta
336 2879 387 2932 est.
413 2872 447 2928 de
463 2870 556 2927 nibilo
575 2872 649 2927 lacta
672 2880 724 2938 est,
750 2870 850 2942 procui
867 2868 967 2939 dubio,
985 2886 1006 2944 g
1024 2884 1074 2932 tur
1088 2884 1182 2932 antem
1210 2883 1325 2945 peccata
1346 2874 1374 2929 in
1391 2873 1474 2939 filios,
1502 2873 1529 2928 iti
1548 2880 1590 2928 ιιι
1606 2873 1635 2928 ιι
1660 2887 1711 2929 ιιι
1734 2887 1805 2944 quos
1820 2885 1861 2944 ge

121 2961 170 3018 sed
193 2960 229 3016 ab
253 2960 324 3030 ipso.
347 2961 424 3016 idem
443 2960 481 3013 ad
494 2962 706 3028 Hieronymum:
735 2962 794 3015 Hoe
818 2966 893 3014 certe
908 2973 969 3013 sen-

120 3048 158 3106 tis
170 3049 248 3119 quod
261 3047 393 3119 singulas
407 3047 520 3103 animas
541 3046 663 3118 singulis
677 3045 866 3102 nascentibus
886 3046 968 3101 modo

120 3137 198 3195 Deus
214 3136 310 3206 iaciat,
333 3136 411 3191 Idem
432 3136 469 3190 od
492 3140 620 3206 optatum
633 3135 717 3206 [Opp.
742 3135 778 3198 il,
802 3133 883 3205 liiii:
900 3134 968 3190 Bea-

120 3232 168 3283 tus
191 3226 393 3295 Hieronymus,
419 3231 478 3279 tam
501 3232 633 3279 sanctum
660 3223 835 3278 Victorinum
862 3230 968 3292 marty-

119 3327 182 3371 rem
205 3326 294 3383 quam
318 3312 470 3382 plerosque
493 3319 610 3367 secutus
638 3310 807 3377 Catholicae
829 3324 859 3365 se
874 3310 968 3380 potius

120 3401 184 3459 lieri
217 3415 306 3471 quam
330 3401 485 3471 propagari
511 3402 625 3455 animas
647 3399 761 3456 eredere
782 3398 966 3470 signilieavit,

119 3489 192 3548 illud
206 3488 292 3546 etiam
316 3490 480 3561 adjungens
494 3488 659 3545 animarum
684 3489 870 3559 propaginem
894 3487 965 3543 ιιιι-

119 3579 262 3637 dentalem
285 3593 314 3635 se
336 3585 431 3634 tenere
451 3579 551 3635 solere.
576 3579 655 3634 Idem
681 3577 718 3632 od
742 3578 884 3633 eumaem:
912 3576 968 3640 Qui

118 3669 283 3727 animarum
299 3668 486 3738 propaginem
511 3668 720 3724 inconsiderata
745 3669 903 3724 temeritate
920 3667 965 3722 de·

118 3759 250 3818 lendunt.
274 3759 353 3812 ldem
367 3758 404 3812 ad
418 3758 560 3813 eumdem:
587 3757 658 3821 Ouis
673 3758 734 3812 baec
748 3757 788 3811 ita
809 3756 968 3826 intelligere

117 3847 221 3906 malit:
246 3860 345 3904 omnes
368 3847 472 3903 animae
496 3861 598 3904 eorum
626 3847 677 3916 qni
707 3847 843 3902 exierunt
866 3859 903 3901 ex
927 3845 966 3901 le-

117 3937 249 3995 muribus
263 3936 336 4008 eJ‘us,
354 3943 386 3993 ut
404 3937 491 3993 etiam
507 3938 547 3991 sic
563 3937 649 4006 possit
670 3934 792 4005 intelligi
806 3934 967 3990 secundum

118 4040 225 4098 corpus
253 4032 367 4082 tantum
391 4025 495 4081 exiisse
520 4023 651 4081 homiues
674 4024 709 4081 de
734 4023 888 4079 lemuribus
915 4037 966 4093 pa-

116 4114 192 4172 tris?
217 4116 295 4170 Idem
319 4129 417 4170 rursus
444 4116 473 4169 in
502 4115 616 4183 epistola
641 4113 677 4167 ιιι
702 4114 907 4183 Hieronymum,
932 4112 966 4167 de

1024 2962 1090 3017 nuit
1104 2976 1154 3032 per
1179 2971 1338 3033 peccatum,
1363 2963 1471 3017 Etenim
1493 2961 1625 3017 homines
1640 2960 1671 3016 in
1687 2975 1776 3018 carne
1791 2960 1862 3032 positi

1022 3052 1219 3121 corripiuntur
1235 3065 1252 3106 a
1267 3051 1397 3118 Domino,
1414 3058 1445 3106 ut
1460 3058 1655 3107 revertantur.
1671 3050 1709 3106 Et
1727 3059 1862 3122 propterea

1022 3138 1168 3211 benignus
1184 3141 1323 3196 [lominus
1349 3139 1441 3196 reddit
1456 3145 1572 3210 peccata
1596 3147 1714 3208 patrum
1745 3139 1859 3204 inditos,
1901 3159 1902 3182 ι

1022 3235 1055 3285 ut
1071 3229 1209 3299 quoniam
1224 3238 1328 3299 patres,
1349 3228 1378 3284 id
1393 3236 1434 3284 est
1449 3227 1581 3284 diabolus
1596 3235 1623 3283 ct
1639 3227 1740 3299 angeli
1753 3229 1813 3300 ejus
1826 3227 1858 3282 in·

1022 3317 1102 3386 digni
1113 3324 1191 3383 sunt,
1206 3317 1296 3388 quiin
1312 3316 1477 3372 bocsaeculo
1489 3315 1697 3386 corripiantur,
1715 3316 1857 3372 iiliieoruu
1897 3322 1900 3327 '

1022 3405 1067 3461 bic
1087 3406 1235 3476 recipiant,
1252 3421 1318 3476 quae
1338 3412 1502 3476 geaneruun
1518 3413 1551 3461 ut
1565 3405 1752 3475 purgatiores
1772 3404 1805 3461 ad
1817 3400 1856 3458 lu·
1897 3448 1900 3475 ‚

1022 3498 1121 3547 turum
1141 3492 1279 3548 saeculum
1300 3500 1421 3562 pergant
1434 3497 1462 3546 et
1488 3491 1565 3547 ultra
1580 3491 1697 3548 diabolo
1721 3493 1790 3549 socii
1811 3502 1855 3546 ιιι
1896 3478 1900 3545 ἵ

1021 3580 1185 3637 ιιιιιιιιιι
1200 3581 1229 3636 ιι
1250 3594 1342 3650 poena.
1366 3581 1520 3650 Propterea
1533 3580 1602 3637 dicit
1625 3581 1716 3650 (Psoi.
1733 3592 1854 3642 ιιιιιιι,
1896 3560 1900 3653 ξ

1022 3672 1085 3734 33l:
1120 3670 1242 3728 visitabo
1269 3673 1300 3725 in
1323 3671 1438 3738 flagellis
1455 3676 1566 3739 peccatu
1592 3686 1697 3724 eorum.
1723 3670 1854 3725 iirserioor·
1898 3656 1901 3683 ¹

1022 3760 1098 3814 diam
1118 3765 1209 3814 antem
1230 3776 1317 3814 mcum
1335 3775 1389 3814 non
1413 3761 1537 3826 cosmum
1551 3760 1585 3813 ub
1604 3763 1655 3815 eis.
1673 3760 1855 3828 uzmmtpro
1901 3762 1902 3766 ’

1020 3848 1104 3919 picto
1129 3848 1218 3920 (xvru,
1240 3849 1283 3919 ll:
1308 3848 1344 3903 iit
1365 3846 1458 3904 iactus
1472 3858 1513 3904 est
1528 3861 1622 3905 sermo
1645 3849 1763 3905 Domini
1778 3848 1811 3905 ad
1823 3857 1857 3902 ιιι

1021 3937 1132 3993 ιιιιιι;
1148 3936 1221 4004 Quid
1241 3943 1284 3992 est
1307 3937 1386 4006 quod
1407 3936 1547 3993 intervos
1571 3936 1742 4006 parabolam
1763 3932 1859 3994 vertitis

1021 4026 1051 4081 iu
1074 4026 1261 4099 proverbium
1283 4025 1369 4092 istud,
1387 4026 1513 4081 dicentes
1529 4042 1535 4079 :
1553 4026 1650 4080 Patres
1670 4026 1761 4083 nostri
1777 4036 1861 4082 comc-

1021 4116 1125 4171 derunt
1151 4129 1240 4171 uvam
1265 4115 1409 4182 acerbam,
1438 4122 1465 4171 et
1494 4114 1592 4170 dentes
1620 4113 1752 4171 liliorum
1778 4115 1864 4172 obstu-

118 4204 218 4261 eodem
243 4203 385 4276 loquens:
410 4203 553 4273 Optarem,
586 4209 618 4258 ut
647 4203 707 4258 baec
732 4208 873 4257 sententia
897 4214 967 4257 vera
983 4213 1006 4267 1)
1023 4211 1151 4274 pascunt.
1178 4207 1359 4273 Hieronymus
1388 4219 1470 4272 super
1498 4205 1568 4258 luae
1592 4203 1700 4258 locum:
1727 4201 1863 4262 Henetii·

116 4299 202 4360 essem
231 4292 253 4349 si
273 4306 344 4349 vera
365 4299 418 4358 est,
441 4298 473 4346 ut
498 4297 557 4347 ate
579 4290 767 4346 invictissime
783 4290 963 4346 defendatur.
1021 4294 1070 4350 lud
1096 4292 1173 4363 quod
1200 4293 1230 4347 in
1250 4293 1347 4348 Exodo
1372 4291 1434 4362 (xx,
1461 4290 1487 4364 ι)
1513 4293 1706 4348 dictumest:
1732 4294 1790 4359 ligo
1812 4305 1864 4346 san

114 4382 181 4439 Non
200 4381 277 4438 euim
299 4381 376 4451 quod
398 4379 507 4436 dictum
530 4387 590 4434 est:
616 4380 737 4448 Spiritus
760 4381 908 4434 reuertitur
928 4379 967 4434 od
1020 4385 1089 4437 Dens
1114 4382 1264 4451 aemulmor,
1285 4383 1336 4450 qui
1358 4382 1442 4435 reddo
1465 4387 1576 4450 peccota
1595 4384 1709 4450 patrum
1731 4395 1814 4451 super
1840 4381 1865 4448 l·

114 4472 328 4537 Dominamque
344 4466 420 4524 dedit
443 4469 531 4537 illum,
557 4468 641 4524 istam
665 4469 836 4524 sententiam
860 4469 963 4524 constr·
1020 4472 1071 4526 iios
1094 4485 1179 4538 usque
1203 4472 1240 4525 od
1263 4475 1373 4526 tertiam
1395 4476 1420 4525 et
1449 4475 1577 4540 quartam
1600 4474 1806 4536 promotionem
1829 4468 1864 4522 lis

114 4568 184 4630 mat,
200 4573 290 4631 quam
304 4558 452 4615 voluimus
466 4571 526 4613 osse
541 4563 679 4612 nostram.
691 4557 765 4611 idem
781 4557 818 4611 ud
830 4557 963 4625 eumdem,
1020 4562 1067 4630 qui
1088 4559 1205 4613 oderunt
1226 4575 1278 4625 me,
1296 4565 1321 4613 ιι
1335 4561 1408 4628 socio
1428 4559 1645 4613 misericordiam
1662 4562 1691 4612 in
1716 4559 1808 4615 miliia
1828 4557 1863 4610 lis

114 4647 150 4705 do
164 4662 197 4705 eo
212 4649 289 4719 quod
304 4647 410 4703 dicitur
430 4646 506 4701 Deus
520 4645 697 4716 requievisse
720 4644 841 4714 septimo
861 4645 907 4700 die
926 4645 963 4701 ab
1019 4652 1068 4716 qui
1082 4649 1203 4715 diliguat
1222 4664 1272 4701 me.
1298 4649 1330 4704 Et
1345 4649 1412 4703 item
1438 4648 1523 4717 (Psoi.
1547 4663 1647 4715 cxxxv,
1672 4649 1738 4709 idi:
1764 4648 1864 4703 Donum

113 4737 193 4794 omni
208 4750 309 4808 opere:
332 4735 436 4804 Novas,
455 4733 559 4806 inquit,
582 4734 706 4790 creando
728 4735 841 4789 animas
863 4732 964 4804 singu-

112 4823 150 4883 lis
164 4824 306 4896 singulas,
326 4837 411 4879 suam
434 4821 540 4892 cuique
561 4823 699 4888 nascenti,
717 4836 775 4878 ιιι
795 4822 906 4892 aliquid
922 4821 961 4876 ia-

111 4928 175 4973 cere
188 4915 303 4982 dicitur,
321 4911 398 4984 quod
423 4922 489 4967 ante
511 4925 569 4967 non
584 4910 698 4966 lecerat.
715 4913 778 4967 laur
794 4910 872 4966 enim
887 4908 962 4966 iece-

110 5012 157 5062 rat
183 5005 329 5061 bominem
351 5003 438 5068 bunc,
459 5009 486 5058 et
509 5015 589 5058 nnnc
611 5001 678 5057 lacit
703 5016 762 5058 non
787 5000 962 5057 instituendo

111 5094 189 5166 quod
212 5109 270 5150 non
285 5101 356 5160 erat,
380 5091 428 5148 sed
453 5090 672 5160 multiplicando
687 5090 765 5161 quud
789 5098 860 5146 erat.
883 5090 962 5143 idem

110 5197 194 5253 super
217 5183 340 5239 Genesim
355 5181 393 5236 aa
412 5183 550 5235 litteram:
568 5177 601 5256 Si
618 5185 769 5250 quaeratur
788 5179 865 5234 unde
879 5176 961 5234 Cbri·

110 5277 174 5329 stus
192 5275 320 5329 animam
343 5271 488 5339 babuerit,
515 5268 614 5325 malim
641 5268 735 5325 dicere
763 5268 840 5324 unde
867 5266 960 5323 adam

111 5371 201 5430 quam
215 5361 250 5418 de
268 5360 370 5418 Adam.
394 5360 490 5415 Item:
512 5356 568 5421 Qui
591 5355 701 5414 animat
729 5354 784 5427 (li)
805 5369 906 5413 earnes
929 5353 960 5412 in

146 5482 204 5556 (il)
219 5483 303 5545 Cous
312 5499 320 5540 :
330 5487 416 5541 amat.

1017 4740 1098 4800 Deras,
1116 4738 1260 4791 miserator
1277 4741 1303 4790 et
1316 4738 1479 4801 misericors,
1500 4737 1607 4805 potiens
1631 4741 1658 4791 et
1679 4738 1776 4792 multae
1789 4739 1863 4791 ιιιιι·

1016 4825 1155 4889 ricerdis,
1170 4831 1198 4880 et
1210 4840 1257 4893 ego
1271 4839 1332 4878 sum
1352 4824 1467 4879 reddens
1482 4827 1643 4892 iniquitates
1663 4831 1779 4893 patrum
1797 4825 1863 4893 ιιι

1017 4914 1068 4968 lios
1083 4917 1108 4968 et
1119 4928 1201 4982 super
1223 4915 1295 4982 filios
1314 4914 1434 4982 filiorum
1455 4916 1610 4969 intertium
1633 4919 1659 4967 ιι
1675 4920 1808 4980 quartam
1824 4926 1861 4981 ge·

1015 5005 1194 5069 amotionem,
1223 5004 1263 5058 sic
1288 5003 1379 5073 accipi
1413 5003 1516 5058 debere
1541 5003 1624 5072 quasi
1651 5005 1820 5073 parabolam
1839 5005 1862 5056 et

1016 5092 1211 5162 proverbium,
1229 5094 1261 5147 ut
1279 5091 1358 5147 aliud
1375 5093 1403 5146 in
1419 5090 1515 5148 verbis
1530 5100 1621 5158 sonet,
1638 5092 1720 5147 aliud
1737 5091 1767 5147 ιι
1781 5101 1860 5147 sensu

1017 5187 1119 5235 teneat.
1144 5179 1178 5234 Et
1207 5194 1258 5235 nos
1286 5178 1432 5250 usquein
1458 5184 1628 5250 presentem
1652 5180 1729 5236 diem
1751 5177 1861 5250 putaba-

1015 5280 1081 5324 mus
1104 5282 1162 5323 ιιι
1179 5281 1239 5324 ιιιι
1265 5268 1444 5338 parabolam,
1468 5269 1517 5324 sed
1533 5268 1694 5339 simplicem
1721 5267 1859 5339 explicare

1014 5358 1196 5427 sententiam,
1221 5367 1248 5416 et
1267 5366 1362 5416 tamen
1387 5359 1559 5418 scandalum
1584 5358 1750 5431 patiebatur
1770 5354 1857 5416 occul·

1050 5479 1109 5552 (li)
1121 5467 1249 5540 blanau:
1265 5480 1451 5540 exhortemur.
