3804 5962
120 166 189 225 lato
367 160 470 218 PETRI
497 161 686 219 summunt
717 161 794 222 0PP.
820 164 912 222 elus
930 162 977 221 lll.
998 193 1033 208 -
1051 164 1271 224 iuholoctuit
1290 165 1332 221 ΕΤ
1350 161 1620 222 Philosophum.
1811 162 1867 218 itit

153 287 382 358 Cousiniumque
412 286 441 342 iii
471 292 551 343 textu
576 286 666 344 secuti
694 301 816 355 snmus;
847 294 973 358 quatuor
1003 296 1140 358 preterea
1167 287 1349 360 questiones,
1379 302 1396 343 a
1426 289 1474 342 {³9
1515 300 1610 358 usque
1639 284 1675 342 ad
1718 285 1782 353 tls,
1813 299 1865 356 qua

119 363 150 420 in
165 361 261 418 codiee
275 371 394 428 prorsus
409 358 536 424 deerant,
552 371 568 413 e
583 356 717 415 cousinio
730 359 897 429 adjecimus.
909 358 999 430 Magis
1011 367 1108 416 autem
1124 374 1182 430 quo
1196 366 1269 415 esset
1292 359 1376 415 modo
1403 358 1589 415 scribendum
1612 355 1698 413 dubii
1725 356 1864 421 haesimus

120 432 233 506 quoties
249 429 364 509 optimae
382 428 499 508 l‘atrum
516 428 665 496 editiones,
681 443 721 485 eae
735 431 862 486 maxime
881 444 947 500 quae
968 430 1168 487 Mauriuorum
1183 430 1392 486 monachorum
1416 429 1526 500 insigni
1545 427 1697 485 industriae
1722 427 1865 493 debentur,

119 503 267 562 rectiorem
291 506 475 568 scriptionem
499 499 627 556 iudicare
650 499 827 567 viderentur,
853 515 940 572 quain
960 508 1010 557 aut
1025 501 1103 558 solus
1130 501 1308 557 Monacensis
1328 508 1425 557 textus
1455 508 1506 557 aut
1531 505 1634 569 praeter
1657 497 1746 554 illum
1776 497 1865 554 Consi·
1896 534 1899 547 ι

120 574 228 631 iiiauus
242 583 360 641 quoque
375 570 550 650 ostenderem
566 577 698 641 poterant
725 572 842 641 quidem
858 572 928 627 vitia
947 571 991 627 liis
1006 586 1123 642 quoque
1137 572 1283 640 irrepsisse
1307 579 1335 626 et
1359 570 1468 628 medela
1481 584 1582 642 egere3
1611 574 1749 639 poteraut
1779 575 1864 624 auten

119 642 271 702 commissa
286 653 345 697 esse
365 639 524 696 alibrariis
539 647 590 697 aut
616 650 681 697 aute
696 649 746 698 aut
773 650 835 713 post
862 642 1048 699 Abalardum
1073 643 1256 710 viventibus;
1278 657 1345 699 cuiii
1373 649 1470 699 autem
1497 655 1554 702 riou
1582 647 1718 697 temtum
1746 641 1864 707 Patron,

122 715 171 773 sed
194 710 344 769 llbaelaidi
368 717 462 767 textus
483 712 681 769 restituendus
705 721 788 780 esset,
815 713 850 769 de
876 713 937 785 lege
959 713 1086 784 quidem,
1109 713 1269 770 seeundum
1290 727 1379 783 quam
1405 711 1550 840 agendum
1574 717 1656 773 esset,
1680 710 1738 766 vix
1768 717 1867 781 poterat
1897 750 1900 761 .

126 784 247 855 ambigi,
265 782 405 838 nimirum
419 784 562 851 posterius
576 782 631 838 lion
651 783 790 839 vitiorum
813 799 915 855 genus,
934 784 958 839 si
977 784 1039 841 fleri
1061 785 1158 855 possit,
1170 783 1393 851 emendandum,
1410 784 1429 838 il
1444 784 1482 840 ud
1510 782 1593 854 prius
1614 789 1717 837 autem
1746 781 1867 837 consulu

123 855 308 914 retinendum
318 867 383 933 ⁸esso
396 852 471 933 ;·ubi
486 867 555 909 vero
570 854 604 909 de
618 854 741 923 singulis
755 854 968 911 decernendum
981 862 1052 922 erat,
1068 856 1121 911 vix
1136 869 1268 925 unquam
1295 855 1358 910 erui
1380 860 1501 925 poterat,
1523 860 1621 909 utrum
1637 858 1778 923 suspecta
1794 865 1867 922 qua·

123 927 190 983 dam
206 923 289 981 lectio
305 923 432 979 librariis
456 923 682 994 antiquioribus,
699 938 736 980 an
755 926 856 995 paucis
881 925 916 981 iis
939 926 1055 985 domum
1079 925 1241 992 deberetur,
1252 937 1303 995 per
1324 939 1398 996 quos
1421 924 1561 981 hbaelardi
1589 926 1688 979 textus
1720 934 1759 978 ex
1785 922 1868 992 ipsiu

123 996 307 1120 autographo
336 994 372 1050 ad
399 995 575 1050 Monacensis
590 996 695 1051 codicis
715 996 865 1052 librarium
890 1010 984 1067 usquc
1007 996 1131 1053 traditus
1158 1005 1185 1052 et
1208 997 1366 1053 translatus
1395 1003 1477 1053 esset.
1508 994 1583 1062 Quid
1613 994 1746 1064 igitura
1786 995 1867 1051 ndum

123 1074 186 1125 erat
232 1067 305 1122 Cum
320 1065 357 1120 ad
372 1065 412 1132 id,
431 1065 508 1134 quod
524 1066 669 1121 Abalardi
685 1067 830 1133 intererat,
847 1066 916 1122 dum
944 1067 1053 1124 dietum
1077 1068 1230 1139 cujusdam
1251 1067 1398 1136 scriptoris
1422 1067 1509 1123 alicui
1537 1064 1692 1135 quaestioni
1708 1064 1747 1119 ad
1771 1064 1804 1130 it,
1820 1063 1867 1133 ple

122 1151 250 1208 rumque
266 1135 340 1192 nibil
355 1136 460 1215 referat
474 1137 621 1192 dissensus
636 1137 710 1192 iuter
734 1137 865 1192 vitiosam
893 1137 982 1208 hujiis
1004 1137 1083 1194 effati
1102 1138 1296 1208 scriptionem,
1313 1148 1340 1193 et
1363 1152 1427 1193 eam
1452 1151 1517 1208 qum
1540 1135 1646 1191 rectior
1668 1134 1738 1190 visa
1756 1134 1866 1201 est,le

123 1218 257 1280 unquam
283 1206 410 1283 dubitari
440 1213 540 1275 potest,
570 1208 665 1276 ipsum
695 1208 890 1274 bbaelardum,
915 1210 939 1264 si
964 1208 1039 1264 bane
1063 1209 1213 1265 rectiorem
1241 1208 1376 1275 novisset,
1396 1222 1459 1264 eam
1484 1220 1542 1263 nou
1561 1204 1867 1275 improbaturumsel

123 1280 246 1337 libenter
262 1278 416 1356 intextum
432 1291 519 1333 suum
543 1286 726 1346 recepturum
754 1278 852 1334 fuisse.
876 1277 912 1334 Ut
939 1278 1030 1349 igitur
1053 1279 1120 1334 boui
1144 1279 1308 1349 interpretis
1336 1288 1387 1347 est,
1404 1293 1462 1335 non
1490 1277 1583 1333 solum
1607 1276 1700 1333 verba
1726 1275 1867 1345 scriptoris

123 1347 291 1421 singulatim
305 1360 447 1417 respicere
462 1355 489 1403 et
506 1362 556 1417 pei
570 1348 627 1403 alia
641 1349 797 1418 explicare,
813 1349 861 1405 sed
877 1348 1033 1420 quibusvis
1054 1349 1117 1405 aliis
1138 1363 1254 1419 quoque
1279 1349 1465 1406 adminiculis
1479 1347 1649 1404 seutentiam
1672 1345 1744 1418 ejus
1767 1360 1866 1417 cogno

123 1435 212 1487 scere,
228 1419 258 1475 iii
273 1432 332 1490 qua
344 1417 441 1474 verbis
455 1419 642 1487 exprimenda
657 1420 769 1490 quotics
783 1426 883 1475 auctor
902 1420 962 1489 ipse
977 1420 1030 1476 sibi
1055 1434 1272 1490 nonuunquam
1300 1421 1398 1477 miuus
1422 1417 1592 1476 satisfecerit
1613 1431 1670 1474 uon
1688 1431 1770 1489 aegre
1793 1417 1864 1481 feret,

124 1498 157 1548 ut
171 1490 274 1546 hocab
299 1490 452 1559 interprete
475 1489 630 1545 verborum
656 1504 777 1546 suorum
806 1490 986 1561 intelligatur
1011 1497 1039 1546 et
1065 1491 1272 1561 distinguatur,
1290 1490 1328 1546 ita
1353 1491 1417 1562 ejus
1435 1498 1487 1556 est,
1504 1490 1555 1560 qui
1579 1488 1736 1558 scriptoris
1750 1486 1863 1543 alioruin

124 1562 201 1618 dicta
215 1559 375 1631 colligentis
393 1565 517 1615 menteris
533 1559 647 1631 assequi
661 1561 740 1624 velit,
756 1561 907 1631 adspersas
922 1561 992 1617 forte
1016 1561 1062 1617 bis
1088 1561 1172 1617 dictis
1199 1560 1327 1617 maculas
1351 1563 1525 1632 abstergere,
1537 1559 1601 1615 licet
1620 1557 1750 1615 dubium
1771 1556 1809 1613 sit
1832 1571 1863 1613 aii

124 1632 246 1702 scriptor
266 1631 324 1700 ipse
336 1630 453 1702 casiam
469 1629 696 1700 deprehenderit.
713 1632 771 1688 Nos
785 1639 859 1687 certe
885 1631 938 1687 boe
963 1646 1020 1688 iiou
1040 1645 1153 1701 semper
1176 1631 1296 1688 anobis
1318 1634 1471 1701 impetrare
1492 1631 1647 1701 potuimus,
1662 1637 1697 1685 ut
1718 1642 1794 1698 quas
1808 1641 1862 1684 rec·
1899 1634 1901 1641 '

123 1703 212 1763 tiores
230 1715 411 1758 censeremus
432 1700 566 1757 lectiones
593 1701 622 1756 iii
643 1709 752 1758 teritum
777 1717 835 1758 uon
858 1702 1060 1772 reciperemus,
1077 1716 1248 1772 quanquam
1274 1717 1369 1773 neque
1392 1704 1421 1757 in
1443 1702 1547 1766 codice,
1565 1713 1662 1781 neque
1686 1699 1770 1769 apud
1799 1698 1860 1755 Cou-

123 1774 241 1840 sinium,
257 1771 305 1829 sed
321 1772 350 1827 iii
368 1774 488 1827 Petrum
512 1778 624 1827 tantuin
645 1772 820 1829 editionibus
834 1785 883 1828 eas
907 1773 1119 1829 inveneramus.
1138 1774 1245 1830 Verum
1263 1772 1334 1829 boue
1356 1787 1504 1840 memores,
1520 1784 1577 1827 noii
1601 1770 1687 1827 licere
1711 1768 1797 1826 uobis
1820 1781 1859 1824 an

124 1845 208 1926 tiqua
223 1857 290 1900 cuin
306 1842 513 1899 recentioribus
543 1843 673 1909 miscere,
695 1845 783 1899 etita
812 1843 955 1900 Abalardi
983 1842 1092 1900 librum
1110 1845 1262 1900 emendare
1284 1842 1364 1912 velle,
1384 1856 1535 1913 nunquam
1565 1847 1661 1896 tamen
1685 1853 1727 1896 ex
1752 1840 1861 1896 Patron

124 1914 302 1972 editionibus
314 1921 413 1970 contra
423 1913 623 1970 auctoritatem
643 1913 773 1970 codicum
789 1919 847 1969 tam
863 1914 1042 1970 Monacensis
1056 1928 1145 1984 quam
1169 1913 1344 1970 Gallicorum
1371 1914 1400 1969 iii
1427 1920 1538 1970 textum
1565 1912 1731 1982 quidquam
1753 1909 1859 1966 admisi·

124 1985 290 2056 mus,quod
303 1998 363 2040 noii
386 1984 478 2051 uncis,
493 1985 550 2040 iiiio
569 1984 742 2066 plerumque
769 1984 911 2052 editionis,
927 1985 1005 2041 unde
1032 1992 1178 2054 receptum
1205 1993 1288 2051 esset,
1304 1984 1514 2055 significatione
1535 1980 1757 2053 insigniremus,
1767 1989 1795 2037 et
1822 1980 1862 2036 cui

124 2071 185 2114 iiou
198 2055 382 2126 scriptionem
409 2056 586 2111 Monacensis
615 2056 720 2111 codicis
747 2064 822 2111 certe
850 2054 880 2110 iii
902 2054 1032 2135 margine
1059 2069 1278 2125 apponeremus.
1304 2056 1507 2111 Excusaliores
1529 2053 1649 2119 erimus,
1665 2051 1747 2122 quod
1774 2051 1860 2107 ortho-

124 2126 278 2199 graphiam
293 2125 407 2193 codicis,
423 2126 593 2182 variambic
608 2126 706 2182 illicet
721 2127 794 2182 nulli
815 2132 898 2182 certae
924 2125 978 2195 legi
1004 2126 1257 2193 accommodatam,
1274 2127 1310 2182 ad
1334 2126 1457 2181 litterani
1484 2124 1602 2181 reddere
1625 2136 1722 2193 operae
1745 2123 1861 2193 pretium

125 2197 344 2263 conduximus,
365 2197 413 2252 sed
428 2210 611 2253 communem
626 2196 769 2253 scribendi
785 2210 871 2252 usuiu
897 2197 926 2251 iii
955 2197 1137 2252 commodum
1157 2196 1294 2253 lecto'rum
1323 2211 1352 2252 se
1375 2197 1406 2251 ui
1430 2195 1604 2261 maluimus;
1631 2207 1729 2264 neque
1753 2193 1810 2250 boc
1832 2192 1862 2247 ab

126 2267 225 2324 iisdem
241 2266 438 2336 improbatum
454 2267 490 2322 iri
505 2281 663 2337 speremus,
679 2268 756 2336 quod
772 2268 878 2338 quaein
898 2265 993 2323 codice
1015 2267 1109 2336 prima
1132 2274 1246 2324 tautum
1273 2212 1456 2338 singniorum
1479 2266 1636 2322 verborum
1661 2263 1762 2320 littera
1789 2262 1861 2319 indi·

125 2344 191 2394 cata
205 2338 370 2394 invenimus
395 2336 549 2405 scripturae
574 2351 662 2393 sacrae
687 2337 771 2405 dicta,
792 2352 828 2393 ex
855 2337 981 2410 Vulgata
1007 2340 1070 2409 ejus
1093 2338 1222 2395 versione
1244 2337 1358 2409 plenius
1383 2336 1629 2406 transcripsimus,
1646 2334 1744 2406 iisque
1766 2333 1861 2405 capitis

124 2421 285 2479 versusque
311 2406 547 2489 significationem
577 2408 634 2464 fero
661 2409 827 2480 adjecimus.
856 2410 918 2463 Nou
945 2422 1063 2479 prorsus
1090 2409 1207 2479 quidem
1236 2409 1422 2465 immutatum
1453 2407 1500 2464 bis
1528 2405 1665 2462 omnibus
1692 2405 1859 2475 reliquimus

125 2485 238 2536 textum
262 2477 366 2535 codicis
384 2477 568 2546 Monacensis,
585 2493 679 2549 neque
700 2479 783 2535 nobis
805 2478 1011 2548 persuasimus,
1028 2479 1073 2535 his
1093 2479 1129 2535 ad
1150 2493 1194 2546 ea,
1210 2494 1274 2550 quas
1295 2493 1349 2536 sua
1376 2493 1465 2535 mauu
1480 2477 1650 2535 Abaelardus
1664 2477 1726 2546 ipse
1742 2476 1858 2544 scripse·

125 2549 172 2618 rit,
190 2550 308 2675 proglius
332 2562 383 2605 iios
404 2548 563 2605 accessisse.
595 2550 836 2607 Existimavimus
858 2553 955 2606 autem
981 2563 1069 2607 usum
1083 2549 1151 2606 libri
1171 2551 1210 2606 ita
1229 2549 1360 2620 plurimis
1377 2550 1599 2605 commodiorem
1619 2553 1649 2604 et
1672 2544 1856 2616 acceptiorem

124 2620 192 2688 foro,
209 2626 236 2676 et
271 2634 328 2677 uiic
340 2634 427 2677 usum
440 2620 721 2691 quamplurimorum
750 2621 889 2678 lectorum
903 2621 1043 2691 adjuvare
1070 2621 1237 2689 maluimus,
1254 2633 1345 2691 quain
1371 2620 1485 2676 laudem
1509 2617 1680 2687 mereri,vel
1704 2617 1858 2673 minutissi-
1895 2632 1899 2645 ·

124 2704 173 2747 ma
187 2691 303 2763 antiqui
317 2691 451 2762 temporis
468 2691 590 2764 vestigia
605 2706 656 2748 uos
669 2706 852 2749 conservasse
881 2690 925 2747 vel
947 2692 1114 2748 restituisse.
1143 2692 1331 2749 concedimus
1351 2692 1468 2747 omniuo
1494 2703 1553 2746 noii
1576 2688 1613 2744 ab
1641 2688 1724 2745 omiii
1748 2687 1858 2758 quidem

125 2769 206 2832 parte
221 2762 402 2819 laudandum
421 2776 482 2819 esse
510 2770 632 2820 mentem
657 2771 684 2819 et
710 2761 1001 2833 eonsiliuiii,quibus
1023 2762 1265 2820 adscribendum
1288 2763 1367 2819 huuc
1395 2761 1500 2817 librum
1524 2759 1694 2816 abaelardus
1719 2766 1860 2836 permotus

125 2846 186 2890 esse
201 2833 344 2900 videatur,
360 2840 388 2888 et
402 2832 493 2890 inesse
507 2833 577 2889 huic
590 2833 751 2889 dissensum
764 2833 930 2890 inveniendi
956 2840 984 2889 et
1010 2833 1172 2903 explicandi
1196 2832 1306 2889 libidini
1335 2832 1469 2888 nonnihil
1484 2833 1602 2887 fortasse
1626 2828 1757 2899 partium
1779 2827 1859 2884 studii

123 2911 151 2960 ct
163 2903 319 2973 voluptatis
332 2917 369 2960 ex
382 2903 476 2960 alieno
490 2904 689 2973 incommod03
705 2917 763 2960 noii
784 2904 943 2961 diffitemur
985 2916 1068 2959 raves
1090 2904 1232 2961 exstitisse
1255 2916 1358 2959 causas
1380 2902 1415 2959 iis
1438 2902 1549 2974 quibus
1571 2900 1719 2958 catholiea
1738 2899 1859 2955 Ecclesia

124 2974 246 3056 ejusque
261 2977 383 3031 immota
411 2974 566 3030 auctoritas
588 2974 666 3031 cordi
691 2982 782 3042 erant,
799 2987 852 3030 eur
874 2987 940 3029 euin
964 2918 1077 3030 {ibrum
1092 2974 1235 3031 «aeternis
1262 2974 1386 3031 tenebris
1411 2974 1507 3042 potius
1535 2984 1625 3043 quam
1651 2971 1716 3027 luce
1745 2969 1859 3041 dignuiii

125 3045 323 3103 existimarent
337 3045 388 3117 (9),
401 3065 415 3092 ii
443 3045 494 3114 qui
509 3058 680 3101 consensum
709 3057 820 3111 eorum,
840 3058 913 3114 quos
941 3051 1025 3100 testes
1039 3045 1168 3100 veritatis
1193 3044 1247 3101 sibi
1269 3045 1322 3101 soli
1343 3044 1513 3100 concreditas
1538 3043 1600 3099 baee
1622 3041 1754 3098 Ecclesia
1770 3041 1856 3105 babet,

124 3130 184 3173 nou
198 3116 229 3172 iii
244 3115 358 3173 levibus
371 3114 462 3170 solum
479 3114 695 3184 questionibus,
711 3113 759 3170 sed
771 3122 798 3170 et
817 3114 848 3169 iii
862 3115 983 3171 suminis
999 3115 1176 3186 quibusdam
1197 3115 1263 3171 fidei
1286 3115 1416 3172 articulis
1442 3127 1614 3171 evanescere
1635 3111 1736 3179 faciat,
1756 3120 1784 3167 et
1807 3111 1857 3166 dis

125 3200 241 3243 sensum
254 3186 359 3243 horum
369 3185 484 3241 testium
497 3199 572 3255 sape
587 3184 704 3254 quidem
728 3198 778 3253 pei
804 3184 898 3241 fictam
918 3186 981 3255 ejus
1003 3187 1125 3255 speciem
1150 3193 1301 3256 exaggeret
1328 3193 1356 3242 et
1377 3185 1502 3253 simulet,
1517 3197 1620 3241 verum
1643 3197 1702 3240 uoii
1732 3196 1799 3239 raro
1824 3181 1856 3235 ita

148 3268 287 3326 uoquere
301 3268 368 3312 vera
383 3255 566 3321 demonstret,
583 3263 615 3311 ut
630 3254 784 3310 dubitandi
807 3256 841 3311 de
864 3269 896 3311 eo
921 3256 1003 3313 nulla
1026 3257 1146 3312 materia
1170 3259 1364 3326 relinquatur,
1377 3264 1405 3312 et
1427 3256 1471 3312 his
1494 3254 1630 3312 omuibus
1655 3253 1753 3324 ipsum
1778 3251 1856 3323 liujus

125 3271 258 3382 {eclesiae
272 3325 494 3382 fundamentum
511 3325 627 3382 concuti
643 3331 671 3380 et
684 3326 773 3383 everti
789 3325 942 3393 videatui;
959 3340 1016 3383 nou
1043 3341 1184 3408 negamus
1206 3328 1341 3398 denique,
1358 3341 1375 3382 a
1399 3326 1505 3384 seculo
1528 3325 1698 3382 duodecimo
1720 3323 1805 3395 longe
1822 3321 1856 3377 di-

126 3409 244 3454 versum
262 3410 323 3453 esse
337 3403 477 3464 nostruin,
493 3402 521 3453 et
535 3409 592 3467 quo
608 3394 729 3453 salutari
745 3397 806 3454 sive
820 3396 944 3454 remedio
959 3397 1019 3454 sire
1032 3404 1124 3454 toxico
1137 3398 1216 3454 illius
1243 3399 1297 3454 aevi
1321 3398 1444 3469 theologi
1471 3398 1599 3453 maxime
1626 3393 1751 3451 sanandi
1773 3398 1856 3455 eraut,
1896 3414 1900 3431 ·

125 3473 159 3523 ut
172 3479 189 3522 e
202 3473 321 3524 veterno
335 3466 524 3547 expergefacti
540 3466 576 3523 ab
589 3467 778 3539 antiquorum
793 3467 962 3538 placitorum
976 3467 1117 3539 languida
1131 3468 1297 3538 repetitione
1312 3469 1348 3524 ad
1363 3482 1484 3525 suarum
1508 3480 1625 3539 quoque
1653 3465 1766 3521 virium
1781 3474 1855 3520 usum
1895 3486 1900 3545 q

127 3535 280 3620 primaque
296 3537 326 3593 in
354 3537 458 3619 studiis
482 3537 648 3620 theologicis
673 3545 700 3595 et
726 3539 831 3595 criticis
857 3538 990 3595 tirocinia
1007 3545 1252 3606 converterentur,
1269 3547 1411 3595 nostrates
1433 3539 1531 3595 miuus
1551 3550 1645 3608 egem,
1661 3545 1855 3615 quorumunou
1896 3580 1899 3587 .

127 3622 214 3680 pauci
225 3621 285 3681 pam
298 3615 464 3679 oppositum
479 3616 584 3666 vitium
600 3609 785 3678 incurrerint,
802 3617 835 3667 ut
851 3610 1039 3680 pharmacum
1064 3624 1150 3680 parce
1170 3609 1283 3682 aegrotis
1304 3611 1490 3680 profuturum
1512 3610 1602 3679 ipsam
1623 3620 1746 3678 quoque
1771 3614 1855 3662 vivaci

127 3692 235 3751 aquarii
249 3678 413 3736 sitientibus
436 3679 541 3736 animis
563 3680 787 3750 satisfacturam,
803 3688 830 3737 et
851 3681 1024 3737 novaculam
1048 3681 1224 3748 criticorum,
1240 3681 1377 3752 μάχαιραν
1403 3688 1448 3732 τοῦ
1475 3680 1620 3752 πνεύματος
1648 3677 1794 3734 mnndum
1817 3686 1854 3730 su·

128 3757 295 3821 paraturam
308 3750 442 3807 babeant.
471 3752 604 3808 Attamen
631 3752 738 3808 scimus
753 3766 881 3822 quoque,
897 3753 999 3822 quovis
1027 3759 1156 3822 tempore
1178 3754 1292 3809 eosdem
1316 3750 1440 3817 morbos,
1454 3750 1518 3808 licet
1533 3749 1646 3806 variam
1671 3747 1796 3805 formam
1818 3745 1854 3800 iii·

128 3821 214 3879 dutos
228 3834 331 3879 rursus
345 3835 497 3892 erumpere
507 3829 535 3879 et
546 3836 659 3892 semper
671 3822 883 3903 impugnandos
895 3837 965 3892 esse,
981 3823 1085 3893 quovis
1100 3830 1226 3892 tempore
1250 3823 1287 3878 ad
1314 3830 1460 3893 stuporem
1475 3829 1503 3878 et
1518 3820 1674 3892 pigritiam,
1691 3818 1729 3874 ad
1748 3817 1858 3892 langue¹

128 3905 190 3949 rem
202 3891 232 3948 iii
250 3892 374 3948 amando
390 3899 418 3950 et
429 3893 586 3963 quaerendo
605 3906 682 3960 vero,
703 3893 739 3948 ad
754 3893 901 3964 ignaviam
916 3899 945 3949 et
958 3893 1160 3950 hebetudinem
1176 3893 1205 3949 iii
1221 3893 1381 3950 testimonio
1394 3892 1497 3949 animae
1516 3893 1563 3963 pie
1584 3889 1743 3955 audiendo,
1761 3888 1796 3944 ad
1820 3898 1859 3962 sui

128 3960 349 4021 admirationem
363 3968 391 4019 et
404 3963 510 4019 rectius
524 3963 708 4020 sentientium
723 3971 919 4034 contemptum
934 3964 1089 4033 proclivem
1110 3977 1171 4020 esse
1197 3963 1312 4020 turbam
1339 3963 1500 4031 hominum,
1520 3974 1612 4033 eoque
1637 3959 1761 4032 gravius
1778 3956 1861 4026 affligi

128 4039 157 4089 et
171 4033 330 4104 corrumpi,
347 4033 372 4089 si
385 4034 604 4103 superveniunt,
621 4034 671 4105 qui
686 4033 747 4090 haec
770 4034 840 4089 vitia
854 4034 941 4090 etiam
961 4034 1083 4091 virtutes
1106 4049 1167 4091 esse
1189 4042 1216 4090 et
1238 4048 1295 4090 riou
1318 4033 1496 4104 corrigenda,
1512 4032 1561 4089 sed
1585 4030 1708 4088 fovenda
1733 4042 1795 4086 esse
1816 4027 1861 4082 de·

128 4111 216 4173 cepta
231 4102 385 4175 plebecula
397 4104 607 4174 persuadeaut3
622 4118 718 4175 neque
733 4105 763 4160 iii
782 4104 885 4161 scholis
899 4104 1097 4176 theologorum
1123 4104 1265 4176 hodieque
1290 4105 1443 4160 cessavisse
1466 4104 1527 4160 lime
1551 4101 1628 4157 mala
1654 4099 1800 4166 videmus,
1811 4100 1861 4154 imo

129 4187 221 4245 erep.
242 4174 273 4231 iii
287 4174 443 4232 Ecclesiam
454 4174 583 4243 rediisse,
596 4175 715 4247 jamque
728 4175 790 4300 gaii
808 4178 903 4242 modo,
923 4190 956 4231 ac
982 4184 1062 4232 sexto
1083 4175 1130 4231 illo
1155 4176 1270 4243 saeculo,
1287 4190 1344 4245 quo
1367 4176 1523 4245 imperator
1550 4171 1656 4252 clausis
1684 4168 1861 4242 philosopho

130 4257 196 4302 rum
207 4244 312 4303 scholis
334 4245 575 4316 monasteriisque
602 4246 669 4302 solis
698 4246 803 4302 reictis
826 4245 984 4316 disciplinae
1007 4247 1172 4303 futurorum
1202 4246 1334 4302 Ecclesia
1357 4246 1557 4302 ministrorum
1584 4251 1691 4312 optime
1716 4255 1748 4298 se
1770 4253 1863 4297 consu

129 4314 218 4373 luisse
235 4316 421 4385 existimavit,
439 4330 542 4372 novam
557 4317 633 4386 apud
648 4331 701 4373 nos
715 4330 833 4387 quoque
847 4316 997 4373 imminere
1011 4317 1186 4383 barbariem,
1204 4332 1272 4373 cum
1287 4316 1317 4372 iii
1333 4315 1394 4372 dies
1408 4324 1570 4387 augeantur
1590 4313 1642 4395 qui
1667 4312 1776 4368 dociles
1796 4323 1861 4392 pra·

130 4386 223 4443 beant,
241 4400 327 4443 aures
353 4386 493 4443 lenocinio
521 4388 726 4456 profitentium,
752 4402 811 4443 uon
841 4401 891 4458 per
920 4387 1047 4444 laborem
1075 4395 1103 4443 et
1130 4386 1264 4444 sudorem
1290 4387 1498 4456 honestamque
1520 4384 1624 4443 studiis
1648 4383 1819 4455 theologicis
1842 4386 1863 4435 et

130 4457 333 4528 philosophicis
347 4457 471 4514 dicatam
495 4457 683 4528 diligentiam,
704 4458 752 4515 sed
780 4472 830 4528 per
854 4458 1030 4514 vociferandi
1056 4456 1206 4513 libidinem
1230 4466 1258 4516 et
1285 4457 1483 4515 calumniandi
1511 4455 1664 4513 audaciam
1692 4454 1729 4510 ad
1755 4464 1862 4510 merum

130 4541 239 4586 munus
254 4528 624 4600 instructioremquemque
640 4528 721 4600 sieri;
737 4529 939 4585 abstinendum
966 4543 1026 4586 esse
1053 4529 1090 4584 ab
1115 4529 1237 4598 antiqua
1265 4529 1394 4585 omnium
1418 4528 1527 4584 virium
1554 4527 1583 4584 iii
1607 4524 1778 4597 indagando
1806 4535 1863 4580 vero

130 4600 321 4666 contentione,
337 4612 403 4728 (gua
425 4599 590 4669 superbiam
614 4600 697 4655 toties
718 4598 831 4666 aluerit,
853 4613 871 4654 a
897 4599 1024 4656 discendi
1050 4606 1077 4655 et
1117 4598 1327 4669 uamplurimos
1343 4598 1480 4655 audiendi
1504 4597 1648 4667 cupidine,
1664 4609 1725 4666 qua
1745 4595 1864 4652 nimium

130 4682 229 4726 omnes
243 4678 344 4739 permr
364 4676 465 4736 cutum
482 4669 692 4741 indulgendum
710 4666 901 4739 inertiaeque
924 4685 1007 4727 nemo
1021 4685 1108 4740 super
1131 4673 1170 4726 ire
1189 4678 1216 4726 et
1236 4670 1444 4740 tranquillitate
1465 4668 1556 4726 animi
1582 4667 1693 4738 privari
1714 4666 1817 4736 possit.
1837 4676 1864 4720 nt

130 4739 223 4798 multa
242 4740 327 4798 uiiim
346 4741 483 4811 obsequio
497 4754 566 4810 erga
585 4745 728 4810 receptam
742 4741 778 4795 ab
795 4740 948 4808 imperium
965 4742 1129 4798 tenentibus
1144 4741 1297 4797 formulam
1314 4755 1382 4797 curii
1396 4740 1608 4811 inquirentium
1632 4738 1661 4793 iu
1687 4750 1753 4792 eam
1778 4735 1864 4806 despi-

132 4811 238 4868 cientia
254 4811 308 4869 boc
323 4821 365 4869 est
378 4810 518 4869 exstineto
531 4810 591 4867 veri
611 4824 709 4866 amore
723 4823 796 4880 opus
804 4824 886 4878 esse;
902 4811 956 4867 hoc
966 4813 1051 4868 unico
1067 4808 1206 4868 sacrificio
1232 4826 1283 4881 pro
1305 4812 1416 4868 caeteiis
1442 4810 1577 4866 omnibus
1604 4808 1768 4864 virtutibus
1796 4807 1867 4864 satis

130 4880 194 4940 fleri
209 4896 370 4954 earumque
384 4882 526 4940 defectum
540 4881 661 4952 expiari.
680 4882 749 4946 Ouae
761 4880 838 4938 mala
854 4880 941 4938 latius
955 4881 1073 4952 quidem
1086 4890 1253 4952 serpserunt
1266 4890 1294 4937 et
1312 4882 1438 4938 validius
1451 4883 1611 4937 etiamnum
1625 4885 1774 4941 crescunt,
1786 4890 1866 4950 quain

130 4959 163 5010 ut
177 4954 273 5010 subito
288 4954 509 5024 evelliqueaut;
526 4953 589 5009 fieri
616 4960 710 5009 tamen
726 4957 816 5022 potest
838 4965 896 5006 noii
925 4953 1022 5008 miuus
1046 4960 1143 5008 nostro
1168 4966 1257 5021 quam
1277 4953 1345 5009 olim
1360 4951 1529 5008 duodecimo
1554 4950 1670 5015 saeculo,
1687 4959 1721 5006 ut
1741 4949 1866 5021 aliquam

129 5031 205 5081 certe
224 5024 364 5082 medelam
378 5032 411 5081 ut
443 5023 592 5094 pharmaci
619 5023 710 5079 instar
739 5023 773 5079 iis
788 5020 888 5077 afferat
903 5022 984 5089 liber,
1000 5022 1053 5092 qui
1072 5022 1142 5079 duni
1158 5030 1284 5092 tempore
1299 5023 1435 5079 omuibus
1460 5021 1599 5078 subsidiis
1621 5021 1781 5089 litterariis,
1811 5020 1867 5091 qui·

130 5093 253 5153 husnos
268 5096 463 5162 abundamus,
483 5108 554 5165 pene
569 5093 704 5151 destituto
732 5094 816 5150 initia
842 5092 906 5149 lieet
931 5092 1041 5150 inculta
1062 5093 1183 5150 ostendit
1204 5093 1261 5149 fere
1289 5093 1502 5163 incognitarum
1530 5093 1683 5162 bucusque
1709 5091 1868 5163 disciplina·

128 5178 196 5223 rum
211 5167 447 5239 theologicarum,
464 5167 605 5223 nimirum
619 5165 724 5223 criticae
752 5177 849 5232 sacra,
866 5163 991 5220 historiae
1004 5164 1182 5235 dogmatum,
1198 5163 1348 5236 theologiae
1367 5164 1487 5227 biblica,
1509 5164 1609 5233 eisque
1635 5160 1866 5232 superstrueuda

55 5300 61 5306 ‚
130 5235 308 5309 dogmatice,
326 5238 503 5296 nostratibus
518 5250 577 5294 non
599 5238 692 5294 solum
710 5238 772 5293 baee
794 5234 889 5292 studia
905 5234 1041 5292 historica
1064 5242 1092 5290 et
1117 5234 1325 5305 diligentiorem
1345 5235 1429 5292 bodie
1449 5234 1485 5290 ad
1506 5247 1540 5289 ea
1563 5233 1690 5290 concessi
1717 5242 1866 5304 apparatos

129 5320 217 5364 usuin
229 5309 349 5380 gravius
363 5308 552 5375 commendat,
569 5316 597 5365 et
612 5307 759 5382 ingeniose
779 5307 942 5377 decerptam
966 5320 1003 5362 ex
1026 5305 1160 5362 Patribus
1181 5305 1376 5376 anthologiam
1399 5306 1435 5362 ad
1454 5319 1488 5360 ea
1511 5303 1601 5369 offert,
1615 5304 1664 5361 sed
1687 5319 1722 5362 eo
1750 5304 1867 5361 maxime

131 5376 250 5436 consilio
265 5380 302 5437 ab
317 5388 434 5437 auctore
445 5379 621 5449 compositus
633 5387 686 5446 est,
697 5385 729 5434 ut
744 5399 755 5428 ι
770 5376 889 5435 lectores
907 5378 944 5433 ad
957 5377 1118 5434 maximum
1142 5375 1325 5448 inquirendas
1349 5376 1479 5433 veritatis
1500 5376 1672 5433 exercitium
1693 5379 1866 5447 provocaret.

129 5454 157 5503 ct
172 5450 316 5508 acutiores
331 5463 368 5507 ex
383 5449 569 5519 inquisitione
584 5449 749 5506 redderet.»
770 5448 802 5515 Q.
813 5449 847 5505 D.
864 5448 893 5505 b.
904 5462 933 5505 v.

306 5519 377 5577 bib.
393 5519 553 5591 Marburgi,
570 5519 600 5575 in
615 5519 687 5576 bibl.
698 5518 791 5587 acad,
807 5519 853 5576 die
866 5521 896 5572 itt
911 5518 1019 5591 Aprilis
1032 5517 1101 5577 anni
1119 5520 1195 5573 leof.

163 5660 203 5734 (a)
217 5663 257 5719 lta
274 5658 305 5718 iii
320 5656 486 5733 pretatione
497 5657 624 5720 Martius
637 5668 665 5719 et
678 5659 799 5719 Durand
815 5660 895 5718 fies.
907 5674 968 5717 noo.
982 5646 1126 5732 anecdot,
1142 5666 1216 5719 tom.
1235 5659 1268 5713 v.

1365 5588 1398 5646 ii.
1418 5588 1453 5644 Η.
