3804 5962
713 210 768 267 SIC
786 209 831 266 ΕΤ
848 209 932 267 nott.
1625 210 1696 267 tunt

79 338 162 395 tentia
173 351 232 393 uon
241 334 305 392 erit.
319 335 406 391 Porro
420 334 445 391 si
459 332 613 403 prudentia
630 331 785 403 tamenldt)
801 332 827 388 Δ
844 331 919 389 bona
932 338 959 389 ot
979 331 1035 388 lide
1048 346 1108 389 non
1123 332 1190 390 licta
1204 340 1354 404 magnast
1368 346 1436 390 rora
1449 331 1543 389 virtus
1561 339 1613 400 εει,
1629 346 1695 403 εεε

79 428 91 482 i
116 425 197 484 lactis
220 432 247 481 et
263 423 344 493 justa
367 430 396 478 ει
417 429 580 491 temperans
597 420 643 488 sit,
667 421 792 490 prolecto
851 419 914 491 ipsa
943 427 985 477 εει
1013 420 1079 477 linis
1104 421 1248 492 praecepti,
1280 421 1382 478 merito
1406 421 1483 478 dicta
1511 420 1591 478 lortis
1619 421 1695 478 sicut

79 522 109 582 rt,
126 526 225 570 secum
246 511 332 567 babet
355 518 482 567 caeteras.
506 509 551 566 Sic
575 509 713 565 tortitudo
737 509 791 565 im·
848 523 935 578 mors,
953 509 1023 580 quia
1035 512 1110 566 sicat
1127 523 1206 566 mors
1220 510 1350 567 avellite
1372 510 1506 567 sensibus
1518 511 1614 566 carnis
1633 511 1694 567 ani-

91 616 152 661 essa
167 615 225 657 nou
240 607 330 670 potest
341 597 387 655 rel
402 600 599 668 intemperans
614 598 658 654 rel
673 599 791 669 injusta.
848 612 937 670 maur,
964 598 1005 655 sic
1037 598 1165 659 charitas
1193 613 1210 653 a
1240 597 1482 670 concupiscentiis
1516 597 1692 656 carnalibus.

79 689 206 763 perantia
231 701 346 745 necesse
371 695 413 743 εει
437 694 468 744 ει
494 687 632 757 prudens,
657 686 738 743 tortis
765 693 793 743 ει
847 688 914 743 item
930 703 936 741 :
952 688 998 744 lln
1024 688 1095 744 torte
1124 687 1196 757 qnia
1216 685 1364 757 plenitudo
1394 687 1467 759 legis
1490 686 1616 743 ebaritas
1641 692 1693 754 est,

82 797 90 847 ;
116 777 159 835 sic
184 777 298 848 iustitia
313 790 372 832 non
397 782 449 843 εει,
469 775 495 831 si
516 789 575 831 non
598 775 635 831 sit
654 774 791 844 prudens,
849 789 908 845 qua
922 777 999 831 Deus
1022 776 1232 846 proximasque
1247 776 1392 848 diligitur,
1409 775 1438 831 in
1460 775 1569 846 quibus
1592 786 1697 844 preca·

79 879 229 939 imperans.
250 864 293 920 lta
309 863 361 920 ubi
379 877 446 920 vera
461 871 504 920 est
524 863 622 934 aliqua
637 876 749 928 earnm,
766 869 794 918 et
850 864 906 933 ptis
930 864 1082 922 charitatis
1108 872 1166 921 tota
1180 865 1227 921 lex
1252 865 1356 935 pendet
1370 872 1398 921 ει
1412 865 1568 935 propbeta,
1593 862 1697 919 merito

78 957 164 1013 tiliter
185 962 263 1010 sunt.
293 952 346 1010 Ubi
374 960 472 1008 autem
500 952 563 1008 alim
586 952 700 1019 desunt,
724 964 795 1008 vara
848 952 880 1009 lit
893 953 1115 1023 nonsummum,
1132 953 1185 1024 qui
1208 962 1308 1011 contra
1322 953 1402 1010 illam
1416 953 1485 1009 iacit
1505 952 1536 1009 in
1552 965 1612 1023 qua
1628 964 1697 1022 pen·

83 1054 135 1113 est,
157 1043 271 1100 etiamsi
294 1041 391 1112 aliquo
414 1041 497 1096 mado
519 1039 606 1096 simul
620 1040 681 1095 esse
697 1039 792 1095 videa·
849 1042 917 1098 daut
939 1041 1061 1099 amnia?
1084 1043 1171 1100 Nemo
1193 1050 1289 1099 autem
1312 1042 1381 1099 iacit
1404 1050 1552 1113 peccatum
1576 1039 1633 1097 nisi
1647 1040 1696 1096 atl-

79 1133 215 1199 atenim,
237 1138 269 1188 ut
295 1131 361 1197 scis,
378 1129 514 1202 quaedam
539 1127 611 1185 vitia
625 1129 683 1200 (92)
700 1127 794 1198 specie
847 1142 950 1187 versus
965 1130 1044 1187 illam
1060 1131 1201 1188 iaciendo.
1225 1130 1321 1197 Quare
1345 1145 1404 1187 non
1428 1129 1617 1199 adulterabis,
1636 1143 1696 1185 nou

79 1221 178 1279 imilia.
211 1222 279 1274 liem
298 1235 307 1280 ;
326 1216 459 1284 Catilina,
486 1225 517 1273 ut
541 1217 576 1273 de
594 1215 643 1272 illo
671 1216 793 1286 scripse·
848 1219 1038 1277 homicidium
1051 1220 1147 1288 iacies,
1172 1228 1200 1277 et
1218 1221 1243 1277 si
1259 1220 1337 1291 quod
1352 1223 1396 1276 εει
1410 1219 1489 1276 aliud
1514 1218 1694 1282 mandatnm,

79 1311 94 1366 .i
124 1323 207 1366 nosse
236 1313 403 1378 potueruut,
443 1305 547 1377 lrigus,
572 1304 661 1374 sitim,
687 1305 793 1361 lamam
849 1306 879 1363 in
909 1309 962 1364 boc
983 1322 1114 1365 sermone
1139 1307 1376 1378 recapitulatur:
1400 1307 1506 1378 lliliges
1529 1304 1696 1376 proximum

79 1406 169 1467 iterat,
190 1406 311 1467 eratque
338 1395 450 1466 patiens
476 1395 587 1462 mediae,
619 1392 737 1464 algoris,
752 1391 794 1448 vi·
850 1387 1031 1455 tuurtt'sicut
1059 1398 1193 1468 teipsum.
1214 1398 1333 1454 dilectio
1356 1397 1482 1468 proximi
1502 1395 1611 1452 malum
1638 1406 1696 1451 nan
1770 1442 1773 1448 .

79 1501 137 1560 ,pra
163 1499 253 1557 quam
270 1484 377 1555 cuique
393 1482 529 1539 credibile
553 1488 612 1553 cst3
628 1496 662 1539 ac
674 1496 723 1553 per
737 1481 793 1537 boc
849 1496 996 1557 operatur.
1012 1487 1089 1544 Reus
1113 1487 1212 1558 itaque
1235 1486 1268 1543 fit
1294 1486 1424 1543 oninium
1445 1484 1575 1542 iaciendo
1596 1490 1697 1541 contra

79 1594 84 1634 t
112 1575 282 1635 tortitudine
301 1573 465 1630 videbatur.
487 1571 542 1627 Sed
563 1571 624 1628 baec
653 1570 792 1627 tortitudo
809 1616 831 1673 B
848 1590 911 1632 eant
927 1576 956 1631 in
972 1590 1031 1646 qua
1050 1577 1174 1646 pendam
1197 1576 1304 1635 omnia.
1331 1577 1460 1645 Origenes
1480 1590 1564 1645 saper
1585 1574 1695 1644 Episto-

87 1662 442 1730 nonera13malaenim
467 1675 519 1730 pra
542 1660 626 1716 bonis
645 1659 790 1731 eligebat;
849 1664 904 1721 tam
926 1664 1007 1720 Pauli
1031 1666 1068 1721 od
1106 1666 1253 1732 Romanos,
1276 1665 1324 1720 lib.
1355 1664 1441 1722 vill:
1476 1663 1591 1720 liabent
1619 1660 1695 1717 enim

79 1771 111 1812 us
129 1769 187 1810 non
205 1760 285 1819 erat;
311 1749 483 1820 corruptelis
509 1749 587 1805 eninr
616 1748 794 1819 turpissimis
847 1751 940 1809 zelum
955 1752 1017 1821 Dei,
1032 1754 1082 1809 sad
1107 1767 1166 1809 non
1189 1754 1350 1810 meandum
1364 1751 1579 1809 conscientiam.
1610 1747 1695 1807 Simi-

79 1857 126 1913 tr;
142 1844 242 1914 justus
268 1855 327 1895 uon
353 1847 424 1905 erat,
454 1851 522 1893 uam
542 1847 642 1895 contra
670 1838 793 1908 petriam
847 1837 913 1897 liter
940 1847 1030 1911 potest
1050 1841 1146 1898 dicere
1173 1840 1328 1912 Apostolus
1353 1841 1388 1897 de
1411 1840 1486 1907 aliis,
1502 1840 1579 1911 quod
1609 1837 1690 1895 timo·

79 1940 159 1999 ierat,
176 1937 204 1987 et
229 1929 293 1986 ideo
316 1941 369 1984 nec
394 1926 531 1983 lartitudo
549 1932 622 1995 erat,
650 1925 793 1983 sedduri·
847 1941 908 1983 rem
937 1929 987 1985 liei
1017 1928 1153 1999 babeant,
1183 1931 1232 1987 scd
1260 1944 1318 1988 non
1346 1929 1509 1986 secundum
1545 1926 1693 1984 couscien-

90 2029 123 2078 ut
145 2019 248 2077 stultos
271 2018 392 2083 lalleret,
415 2029 520 2071 nomen
542 2014 721 2072 tortitudinis
741 2016 792 2071 im·
848 2018 928 2081 tiam,
950 2018 1018 2090 (bl),
1043 2026 1071 2075 et
1099 2019 1134 2076 de
1160 2020 1224 2076 aliis
1249 2019 1320 2090 quia
1352 2019 1522 2076 charitatem
1558 2016 1609 2073 nei
1641 2015 1695 2073 ba·

79 2151 82 2166 .
113 2111 195 2178 liam,
221 2108 245 2164 si
266 2106 404 2163 tortitudo
432 2113 514 2172 εεεει,
539 2104 633 2159 virtus
651 2111 739 2172 essst;
768 2103 793 2160 al
847 2105 944 2174 beant,
969 2107 1018 2163 sed
1046 2121 1104 2163 uon
1132 2108 1292 2164 secundum
1320 2107 1542 2175 conscientiam
1568 2103 1594 2162 si
1616 2103 1694 2161 euim

79 2197 161 2255 rirtns
185 2205 268 2260 esset,
297 2193 444 2251 acaeteris
468 2192 627 2249 virtutibus
652 2200 793 2263 tanquam
847 2194 952 2251 babeat
967 2194 1035 2267 quis
1063 2194 1197 2252 allectam
1221 2209 1291 2267 erga
1318 2195 1421 2262 Deum,
1447 2197 1559 2268 ignoret
1585 2200 1694 2263 auteur,

79 2288 188 2345 bilibus
207 2284 362 2341 comitibus
385 2294 539 2353 uunquam
565 2279 790 2352 relinqueretur.
846 2283 919 2355 quia
933 2284 1060 2340 ebaritas
1076 2286 1187 2355 patiens
1201 2283 1285 2345 debat
1300 2298 1370 2352 essa,
1388 2283 1525 2355 benigna,
1550 2291 1618 2353 otc.;
1634 2281 1696 2339 baec

79 2386 135 2443 ter,
162 2389 231 2431 cum
254 2374 396 2445 rquaeritur
419 2370 506 2428 etiam
529 2371 564 2427 da
588 2371 674 2437 vitiis,
692 2380 792 2427 utrum
846 2373 932 2429 etbis
945 2371 1051 2429 similia
1063 2373 1087 2428 si
1102 2372 1133 2429 iu
1159 2372 1301 2429 charitate
1322 2386 1381 2427 non
1397 2370 1511 2440 babeat,
1524 2370 1573 2427 scd
1588 2370 1619 2427 iu
1635 2368 1695 2427 solo

92 2465 192 2522 omnia
217 2464 276 2520 siut
300 2463 351 2520 ubi
365 2475 459 2519 unum
478 2460 544 2528 erit,
563 2468 614 2516 aut
638 2460 720 2518 nulla
734 2461 792 2516 sint
846 2459 951 2518 ellectu
965 2459 1068 2532 diligat
1080 2461 1182 2530 Deunr,
1205 2463 1398 2531 competenter
1411 2468 1439 2516 ει
1452 2461 1489 2516 ad
1507 2461 1603 2530 ipsum
1619 2458 1696 2515 dici-

79 2569 107 2611 m
132 2569 192 2611 nou
217 2552 282 2622 erit,
314 2552 488 2609 laboriosum
508 2558 551 2606 εει
579 2549 608 2606 id
632 2549 790 2618 ostendere,
846 2549 987 2619 tur,qaia
1005 2547 1176 2606 charitatem
1190 2547 1241 2606 liei
1257 2548 1371 2619 babeat,
1396 2548 1446 2607 ssd
1460 2546 1695 2607 consecundnnt

81 2644 190 2714 equod
204 2642 256 2700 uni
275 2640 377 2698 virtuti
399 2639 456 2695 dno
472 2638 546 2696 vitia
558 2638 665 2709 opponi
688 2638 790 2708 solent,
846 2637 1062 2696 conscientiam.

89 2735 187 2797 aparte
210 2725 389 2783 contrarium
413 2731 467 2789 εει,
487 2731 517 2779 ει
536 2723 614 2794 quod
636 2722 729 2792 specie
759 2722 793 2778 si·
1180 2725 1362 2784 cxxxvlii.

79 2816 121 2873 uls
135 2815 341 2872 adumbratur.
356 2816 444 2868 item:
468 2813 606 2883 Cogimur
620 2810 704 2868 lateri
719 2811 792 2868 vitia
843 2815 921 2883 Qraad
942 2814 1064 2871 ebaritas
1081 2814 1163 2871 semel
1185 2813 1282 2869 babitu
1305 2829 1446 2883 numqaum
1474 2814 1630 2881 amittatur,
1663 2817 1690 2870 et

79 2919 108 2960 se
124 2903 292 2961 virtutibus.
319 2900 400 2959 Unde
419 2900 577 2971 aliquanda
600 2898 704 2955 vitium
721 2899 831 2973 vitice
952 2964 955 2969 Ι
1213 2892 1317 2941 contro.

83 2994 159 3048 ltcm.
189 2991 289 3050 Virtus
305 3005 371 3047 vero
395 3004 453 3060 qao
470 3002 529 3045 uua
543 2988 675 3058 ingressa
693 2987 789 3057 luerit,
881 2992 1062 3048 Salomonis
1088 2992 1254 3060 Proverbiis,
1287 3006 1346 3062 cap.
1376 2988 1480 3048 xva:
1505 2989 1589 3048 Omni
1617 2996 1688 3047 tem·

79 3098 84 3136 t
112 3094 211 3137 seeum
237 3090 356 3137 ceteras
380 3079 470 3144 ducit,
492 3078 617 3147 lis⁰¹0⁰i⁰
651 3075 719 3132 iiiia
750 3091 792 3133 99
846 3095 914 3152 pore
925 3081 1020 3153 diligit
1044 3081 1097 3152 qui
1123 3081 1234 3138 anticus
1252 3088 1304 3147 est,
1324 3087 1352 3138 et
1378 3079 1467 3137 irater
1493 3079 1523 3135 iu
1549 3079 1692 3151 angustiis

79 3183 238 3240 εεεεεεεεε
266 3169 390 3225 inerant.
407 3170 472 3224 llaec
494 3172 593 3223 utrum
619 3165 659 3221 ita
680 3180 710 3221 se
738 3165 790 3221 ha·
845 3169 1060 3240 comprobatur.
1077 3170 1145 3225 item
1169 3172 1199 3224 ia
1216 3169 1326 3226 cautim
1349 3170 1518 3223 canticorum
1546 3167 1620 3238 (ortt,
1644 3169 1691 3238 7);

79 3259 239 3330 ltligentius
264 3257 474 3328 inquirendum
498 3263 559 3325 est,
584 3269 643 3310 non
663 3254 740 3311 enim
754 3260 792 3325 ιει
843 3261 936 3330 Aquas
951 3258 1048 3315 multat
1061 3271 1121 3315 non
1144 3264 1302 3328 potuerunt
1320 3255 1378 3328 (95)
1392 3256 1579 3327 exstinguere
1598 3253 1693 3312 abaci·

79 3347 321 3405 nasententiaest
340 3360 400 3416 qua
415 3345 524 3401 dicitur
539 3359 546 3400 :
563 3344 616 3415 qui
632 3343 792 3400 unamvir·
845 3353 943 3414 tatem,
969 3359 1023 3403 nec
1051 3344 1175 3401 flumina
1199 3344 1429 3402 obruentillam.
1454 3346 1559 3401 Paulus
1580 3348 1692 3415 aposto-

79 3436 195 3503 tbuerit,
225 3450 325 3493 omnes
352 3433 448 3503 babet,
477 3434 563 3505 cique
582 3432 695 3489 unllam
717 3445 790 3499 osse,
844 3434 888 3490 lus
903 3436 933 3490 ia
951 3433 1077 3505 Epistola
1095 3433 1133 3489 aa
1145 3435 1281 3490 ιιοειεεοε
1299 3434 1374 3505 (εει,
1394 3433 1459 3506 ³5)³
1477 3433 1549 3498 Quis
1573 3447 1626 3491 uos
1643 3446 1692 3490 se·

89 3524 224 3582 deluerit.
252 3525 313 3597 Ego
334 3539 403 3583 vero
425 3522 520 3580 nestio
542 3521 790 3593 quamadmodum
845 3521 959 3594 parabit
973 3523 1141 3579 acbaritata
1153 3523 1204 3578 liei
1217 3520 1298 3594 (dati
1320 3522 1470 3580 tribulatio
1483 3518 1691 3594 anangustiai

79 3630 126 3672 tou
145 3614 208 3672 dica
229 3615 336 3682 virum,
359 3628 377 3669 a
403 3627 462 3685 quo
478 3611 663 3669 denominata
682 3611 791 3667 dicitur
843 3621 897 3669 etc.
920 3611 998 3667 idem
1028 3615 1058 3666 ia
1084 3612 1210 3682 Epistola
1237 3613 1247 3666 l
1278 3612 1315 3667 ad
1339 3611 1491 3670 Corinthios
1518 3612 1592 3683 latit,
1623 3610 1650 3681 8)
1681 3623 1689 3667 :

79 3704 117 3761 ed
140 3703 228 3761 etiam
257 3702 420 3769 mulierem,
445 3715 512 3774 quae
536 3701 599 3759 viro
614 3714 668 3757 sua
694 3708 791 3757 servat
844 3698 975 3759 Charitas
990 3714 1145 3771 nunquam
1169 3699 1288 3769 excidit,
1309 3701 1371 3757 sive
1391 3700 1546 3772 prophetias
1570 3712 1693 3758 evacua·

79 3808 117 3859 nt,
143 3794 168 3851 si
200 3795 254 3851 boc
281 3793 368 3850 iaciat
391 3799 507 3862 propter
526 3798 701 3863 preceptum
730 3788 789 3858 liei,
844 3789 966 3857 buntur,
995 3789 1055 3844 sire
1083 3788 1192 3860 lingue
1220 3790 1382 3857 cessabunt,
1411 3788 1530 3845 scientia
1557 3792 1692 3847 destrue·

79 3884 117 3956 99)
139 3884 273 3954 primitus
293 3885 330 3939 sit
352 3882 454 3949 lidelis,
475 3893 532 3936 non
553 3879 659 3936 babere
677 3878 790 3949 pudici·
845 3885 904 3936 tur.
931 3881 1112 3948 literonpmus
1144 3892 1226 3947 supter
1256 3879 1410 3948 epistotam
1444 3876 1483 3933 ad
1512 3877 1689 3933 corinthios:

79 3982 88 4029 t
103 3973 272 4044 pudicitiam
287 3971 399 4029 nullam
422 3970 468 4026 vel
484 3983 605 4041 parram
619 3983 679 4025 εεεε
695 3969 790 4026 virtu·
844 3970 971 4027 claritas
986 3982 1128 4038 numqaum
1143 3966 1256 4033 eccidit,
1273 3967 1327 4022 boc
1345 3974 1388 4023 εει
1406 3966 1468 4035 ipsa
1484 3964 1534 4021 illa
1551 3965 1612 4022 sola
1630 3977 1692 4036 pet·

93 4069 121 4119 ει
140 4062 279 4118 maritum
299 4062 350 4132 qui
365 4061 420 4116 hoc
434 4059 510 4116 idem
524 4065 621 4115 serrat
635 4057 735 4115 uxori.
754 4059 790 4114 lit
844 4067 940 4115 manet
956 4057 986 4115 iu
1000 4056 1112 4124 tuturo,
1129 4067 1181 4113 aut
1207 4065 1283 4113 certo
1298 4069 1364 4127 quae
1390 4068 1460 4111 vera
1482 4062 1524 4111 cst
1539 4068 1597 4111 nou
1626 4052 1690 4111 ilui-

79 4158 125 4207 1nt
146 4150 266 4221 plurimi
295 4149 366 4206 tales
385 4147 587 4220 quorumsine
609 4145 707 4218 aliqua
724 4160 788 4217 pec-
846 4146 991 4204 tur.ldem
1019 4147 1057 4202 ad
1074 4145 1274 4202 Heliodorum:
1302 4143 1434 4202 Cbaritas
1456 4156 1610 4214 nunquam
1638 4157 1688 4200 ex·

93 4240 238 4296 neminem
260 4238 394 4307 dixerim,
411 4244 439 4294 ct
463 4237 565 4307 utique
585 4235 657 4292 illud
685 4236 787 4305 quale-
805 4206 827 4261 ὓ
844 4236 934 4307 cidit3
959 4237 1021 4293 baec
1035 4235 1110 4293 vivit
1132 4249 1244 4306 semper
1270 4233 1299 4290 in
1324 4241 1446 4304 pectore.
1467 4232 1541 4289 laem
1557 4231 1595 4288 ad
1617 4233 1691 4304 liup-

79 4336 225 4399 peccatum
240 4342 277 4385 ex
305 4328 403 4398 aliquo
431 4325 502 4384 vitio
518 4324 609 4382 venit.
635 4324 714 4381 Unde
736 4337 788 4394 pu·
842 4342 909 4382 nam
925 4341 932 4382 ;
947 4325 1092 4393 Amicitia,
1109 4339 1176 4396 qum
1196 4323 1325 4382 desinere
1339 4330 1440 4394 potest,
1456 4337 1524 4380 tera
1536 4336 1691 4394 nunquam

79 4418 218 4490 injugalis
233 4418 262 4473 in
277 4417 349 4474 viris
367 4415 542 4487 laminisque
552 4414 704 4486 religiosis,
719 4427 788 4469 cum
842 4414 905 4472 luit.
918 4416 951 4470 lu
966 4414 1060 4471 amico
1076 4428 1134 4470 non
1150 4428 1195 4471 res
1210 4414 1363 4485 quaritur,
1376 4412 1425 4469 sad
1440 4412 1585 4469 voluntas.
1606 4410 1691 4470 Ami-

79 4502 160 4560 labio
182 4503 276 4560 virtus
303 4505 348 4566 sit,
373 4517 432 4560 uon
461 4511 557 4559 tamen
585 4514 683 4557 secum
703 4499 789 4556 babet
842 4502 910 4561 citia
924 4516 991 4575 qum
1012 4502 1092 4560 liniri
1115 4510 1215 4574 potest,
1232 4515 1386 4572 nunquam
1415 4514 1485 4558 rara
1503 4501 1575 4569 luit;
1598 4500 1691 4573 magis

79 4591 201 4662 ·ir;utes;
231 4606 310 4661 nam,
336 4592 360 4649 si
375 4605 474 4648 omnes
492 4589 532 4646 ibi
544 4595 649 4656 essent,
673 4588 788 4646 nullum
841 4593 919 4649 enim
940 4592 972 4649 in
986 4591 1100 4649 insidiis
1109 4600 1273 4649 nostrorum
1290 4589 1489 4661 periclitamur
1503 4603 1592 4662 quam
1617 4589 1689 4647 alio·

79 4678 148 4750 ium,
170 4680 285 4737 nullum
309 4680 427 4738 omnino
451 4685 611 4750 peccatum.
628 4676 699 4744 Quis
719 4691 787 4749 ergo
842 4694 920 4739 rum.
950 4680 1032 4739 Unde
1050 4680 1158 4737 dicitur
1187 4680 1270 4751 (Psoi.
1295 4693 1343 4747 xc,
1373 4679 1414 4747 ιο)
1440 4681 1580 4736 :Etenim
1607 4678 1688 4735 lamo

78 4785 114 4826 no
129 4769 211 4839 vitio,
233 4770 261 4827 id
287 4778 330 4826 εει
357 4769 453 4825 lontite
480 4768 608 4839 quodam
631 4767 677 4823 val
700 4765 786 4837 quasi
839 4771 918 4838 pacis
941 4784 1015 4836 mea,
1050 4770 1080 4824 ia
1108 4783 1169 4834 qao,
1199 4775 1253 4825 etc.
1278 4766 1417 4824 llonuulli
1445 4766 1597 4823 altioribus
1625 4780 1690 4838 gra·

79 4859 169 4927 iccati,
185 4873 252 4916 cum
267 4859 370 4915 clamet
389 4858 541 4929 quisupra
557 4862 656 4927 pectus
671 4853 788 4910 Domini
842 4857 928 4916 dibus
950 4857 1038 4916 dediti
1067 4865 1182 4915 mutant
1206 4869 1309 4923 mores,
1326 4864 1354 4913 et
1376 4870 1450 4926 quos
1474 4855 1689 4927 conglutinatos

79 4947 124 5004 bat
141 4947 165 5019 (ι
181 4951 260 5004 locta.
289 4965 308 5014 t,
329 4948 357 5020 8)
381 4947 412 5003 si
427 4949 578 5003 dixerimus
601 4946 667 5011 qaia
686 4957 786 5014 pecca·
842 4947 997 5015 babcbant,
1018 4955 1171 5018 postquam
1186 4946 1221 5002 ad
1242 4945 1356 5002 culmen
1371 4945 1488 5003 honoris
1504 4945 1688 5017 perveniunt,

86 5038 227 5107 babemus,
247 5054 295 5094 nos
325 5040 399 5108 ipsos
423 5037 589 5103 seducimus,
614 5043 668 5091 etc.
688 5035 785 5088 Item:
841 5037 949 5093 amicos
964 5035 1255 5106 babercdespiciunt.
1277 5034 1413 5092 Amicitia
1433 5033 1510 5090 cuitu
1526 5047 1596 5091 rara
1609 5035 1690 5093 nulla

109 5134 150 5183 est
179 5128 248 5197 (lac.
280 5144 320 5194 m,
350 5128 378 5199 2)
403 5143 409 5182 :
439 5128 478 5182 Ia
501 5125 595 5181 multis
623 5123 785 5195 offendimus
840 5124 868 5182 vi
884 5124 1052 5182 excluditur
1067 5130 1095 5181 ει
1110 5122 1191 5180 nullo
1203 5132 1329 5195 tempore
1343 5122 1486 5191 aboletur,
1502 5130 1540 5187 et,
1560 5122 1689 5181 ubicun-

82 5231 122 5271 cm
138 5231 145 5271 ;
162 5214 293 5274 Charitas
308 5217 343 5274 de
357 5216 442 5274 corde
465 5229 540 5287 pura
559 5222 587 5272 et
608 5213 787 5272 conscientia
840 5226 898 5285 que
914 5227 944 5270 se
965 5213 1051 5271 vertit
1067 5220 1190 5282 tempus,
1208 5212 1258 5270 illa
1280 5212 1364 5270 arna
1379 5214 1528 5284 perdurat,
1552 5212 1624 5286 quia
1639 5227 1688 5273 tte·

79 5355 129 5397 ms.
144 5355 153 5404 ς
168 5346 236 5397 tam.
876 5340 935 5412 (at)
949 5338 1033 5397 Cous.
1048 5356 1055 5395 ι
1072 5342 1226 5396 scientium.

79 5426 127 5468 ns.
145 5428 152 5467 :
168 5415 259 5468 initia
891 5411 935 5483 95)
950 5410 1032 5469 Cous.
1047 5426 1054 5467 :
1071 5415 1212 5484 poterant.

79 5496 142 5543 aur.
160 5498 169 5543 :
184 5486 269 5557 eique
891 5483 936 5556 99)
950 5482 1034 5557 llnlg.
1050 5497 1058 5540 ε
1075 5482 1186 5543 dinsa.
