<?xml version="1.0" encoding="UTF-8"?>
<!DOCTYPE html PUBLIC "-//W3C//DTD XHTML 1.0 Transitional//EN"
    "http://www.w3.org/TR/xhtml1/DTD/xhtml1-transitional.dtd">
<html xmlns="http://www.w3.org/1999/xhtml" xml:lang="en" lang="en">
 <head>
  <title>
</title>
<meta http-equiv="Content-Type" content="text/html;charset=utf-8" />
  <meta name='ocr-system' content='tesseract 3.04.00' />
  <meta name='ocr-capabilities' content='ocr_page ocr_carea ocr_par ocr_line ocrx_word'/>
</head>
<body>
  <div class='ocr_page' id='page_1' title='image "./patrologiaecurs53unkngoog_0171.png"; bbox 0 0 3804 5962; ppageno 0'>
   <div class='ocr_carea' id='block_1_1' title="bbox 142 149 1886 217">
    <p class='ocr_par' dir='ltr' id='par_1_1' title="bbox 142 149 1886 217">
     <span class='ocr_line' id='line_1_1' title="bbox 142 149 1886 217; baseline -0.001 -3"><span class='ocrx_word' id='word_1_1' title='bbox 142 160 192 216; x_wconf 79' lang='lat' dir='ltr'><strong>tel</strong></span> <span class='ocrx_word' id='word_1_2' title='bbox 603 155 706 214; x_wconf 74' lang='lat' dir='ltr'><strong>uarat</strong></span> <span class='ocrx_word' id='word_1_3' title='bbox 725 149 914 214; x_wconf 69' lang='lat' dir='ltr'><strong>summunt</strong></span> <span class='ocrx_word' id='word_1_4' title='bbox 932 154 1007 212; x_wconf 76' lang='lat' dir='ltr'><strong>ort.</strong></span> <span class='ocrx_word' id='word_1_5' title='bbox 1026 155 1118 216; x_wconf 75' lang='lat' dir='ltr'>PARS</span> <span class='ocrx_word' id='word_1_6' title='bbox 1135 157 1158 213; x_wconf 85' lang='grc' dir='ltr'><strong>Ι.</strong></span> <span class='ocrx_word' id='word_1_7' title='bbox 1180 183 1213 201; x_wconf 88' lang='grc'><strong>·-</strong></span> <span class='ocrx_word' id='word_1_8' title='bbox 1231 156 1423 217; x_wconf 77' lang='lat' dir='ltr'><strong>ttt’lsrohtb.</strong></span> <span class='ocrx_word' id='word_1_9' title='bbox 1832 159 1886 217; x_wconf 71' lang='lat'><strong>332</strong></span> 
     </span>
    </p>
   </div>
   <div class='ocr_carea' id='block_1_2' title="bbox 111 278 1884 5430">
    <p class='ocr_par' dir='ltr' id='par_1_2' title="bbox 111 278 1884 5430">
     <span class='ocr_line' id='line_1_2' title="bbox 138 278 1884 357; baseline 0.001 -16"><span class='ocrx_word' id='word_1_10' title='bbox 138 284 202 355; x_wconf 87' lang='lat' dir='ltr'><strong>ipsa</strong></span> <span class='ocrx_word' id='word_1_11' title='bbox 227 282 378 340; x_wconf 81' lang='lat' dir='ltr'><strong>dicens:‹</strong></span> <span class='ocrx_word' id='word_1_12' title='bbox 407 280 485 340; x_wconf 87' lang='lat' dir='ltr'><strong>Nihil</strong></span> <span class='ocrx_word' id='word_1_13' title='bbox 512 280 629 353; x_wconf 88' lang='lat' dir='ltr'><strong>ingenio</strong></span> <span class='ocrx_word' id='word_1_14' title='bbox 647 279 711 351; x_wconf 86' lang='lat' dir='ltr'><strong>ejus</strong></span> <span class='ocrx_word' id='word_1_15' title='bbox 738 278 868 337; x_wconf 81' lang='lat' dir='ltr'><strong>docilius.</strong></span> <span class='ocrx_word' id='word_1_16' title='bbox 888 279 984 337; x_wconf 83' lang='lat' dir='ltr'><strong>&#39;larda</strong></span> <span class='ocrx_word' id='word_1_17' title='bbox 997 278 1023 336; x_wconf 81' lang='grc' dir='ltr'><strong>Δ</strong></span> <span class='ocrx_word' id='word_1_18' title='bbox 1037 282 1147 341; x_wconf 90' lang='lat' dir='ltr'><strong>Horum</strong></span> <span class='ocrx_word' id='word_1_19' title='bbox 1162 284 1292 342; x_wconf 88' lang='lat' dir='ltr'><strong>omnium</strong></span> <span class='ocrx_word' id='word_1_20' title='bbox 1314 284 1481 357; x_wconf 87' lang='lat' dir='ltr'><strong>frequenter</strong></span> <span class='ocrx_word' id='word_1_21' title='bbox 1508 285 1538 341; x_wconf 95' lang='lat' dir='ltr'><strong>in</strong></span> <span class='ocrx_word' id='word_1_22' title='bbox 1553 284 1698 356; x_wconf 73' lang='lat' dir='ltr'><strong>opusculis</strong></span> <span class='ocrx_word' id='word_1_23' title='bbox 1716 285 1787 343; x_wconf 89' lang='lat' dir='ltr'><strong>meis</strong></span> <span class='ocrx_word' id='word_1_24' title='bbox 1810 285 1884 344; x_wconf 91' lang='lat' dir='ltr'><strong>facio</strong></span> 
     </span>
     <span class='ocr_line' id='line_1_3' title="bbox 139 367 1884 444; baseline 0.001 -14"><span class='ocrx_word' id='word_1_25' title='bbox 139 380 202 430; x_wconf 91' lang='lat' dir='ltr'><strong>erat</strong></span> <span class='ocrx_word' id='word_1_26' title='bbox 222 372 258 429; x_wconf 93' lang='lat' dir='ltr'><strong>ad</strong></span> <span class='ocrx_word' id='word_1_27' title='bbox 277 371 464 444; x_wconf 89' lang='lat' dir='ltr'><strong>loquendum,</strong></span> <span class='ocrx_word' id='word_1_28' title='bbox 479 370 563 428; x_wconf 86' lang='lat' dir='ltr'><strong>velox</strong></span> <span class='ocrx_word' id='word_1_29' title='bbox 592 369 629 426; x_wconf 89' lang='lat' dir='ltr'><strong>ad</strong></span> <span class='ocrx_word' id='word_1_30' title='bbox 655 367 843 438; x_wconf 90' lang='lat' dir='ltr'><strong>audiendum,</strong></span> <span class='ocrx_word' id='word_1_31' title='bbox 871 382 983 426; x_wconf 90' lang='lat' dir='ltr'><strong>memor</strong></span> <span class='ocrx_word' id='word_1_32' title='bbox 1035 373 1221 431; x_wconf 88' lang='lat' dir='ltr'><strong>mentionem.</strong></span> <span class='ocrx_word' id='word_1_33' title='bbox 1238 394 1252 423; x_wconf 74' lang='lat' dir='ltr'><strong>a</strong></span> <span class='ocrx_word' id='word_1_34' title='bbox 1281 375 1365 431; x_wconf 88' lang='lat' dir='ltr'><strong>Hunc</strong></span> <span class='ocrx_word' id='word_1_35' title='bbox 1383 374 1476 431; x_wconf 85' lang='lat' dir='ltr'><strong>zelum</strong></span> <span class='ocrx_word' id='word_1_36' title='bbox 1500 375 1573 432; x_wconf 90' lang='lat' dir='ltr'><strong>tanti</strong></span> <span class='ocrx_word' id='word_1_37' title='bbox 1602 375 1736 442; x_wconf 90' lang='lat' dir='ltr'><strong>doctoris,</strong></span> <span class='ocrx_word' id='word_1_38' title='bbox 1759 382 1786 431; x_wconf 90' lang='grc' dir='ltr'><strong>ιι</strong></span> <span class='ocrx_word' id='word_1_39' title='bbox 1813 389 1884 431; x_wconf 88' lang='lat' dir='ltr'><strong>san·</strong></span> 
     </span>
     <span class='ocr_line' id='line_1_4' title="bbox 136 458 1883 534; baseline 0.001 -14"><span class='ocrx_word' id='word_1_40' title='bbox 136 462 214 520; x_wconf 91' lang='lat' dir='ltr'><strong>illius</strong></span> <span class='ocrx_word' id='word_1_41' title='bbox 230 461 387 532; x_wconf 84' lang='lat' dir='ltr'><strong>praecepti:</strong></span> <span class='ocrx_word' id='word_1_42' title='bbox 420 482 435 510; x_wconf 89' lang='lat'>«</span> <span class='ocrx_word' id='word_1_43' title='bbox 456 460 543 527; x_wconf 78' lang='lat' dir='ltr'><strong>Audi,</strong></span> <span class='ocrx_word' id='word_1_44' title='bbox 571 458 633 526; x_wconf 85' lang='lat' dir='ltr'><strong>lob,</strong></span> <span class='ocrx_word' id='word_1_45' title='bbox 648 465 676 514; x_wconf 89' lang='lat' dir='ltr'><strong>et</strong></span> <span class='ocrx_word' id='word_1_46' title='bbox 704 464 765 513; x_wconf 87' lang='lat' dir='ltr'><strong>tace</strong></span> <span class='ocrx_word' id='word_1_47' title='bbox 794 458 851 524; x_wconf 84' lang='lat' dir='ltr'><strong>(Job</strong></span> <span class='ocrx_word' id='word_1_48' title='bbox 880 472 980 527; x_wconf 81' lang='lat' dir='ltr'><strong>xrxrn,</strong></span> <span class='ocrx_word' id='word_1_49' title='bbox 1034 468 1147 519; x_wconf 89' lang='lat' dir='ltr'><strong>ctarnm</strong></span> <span class='ocrx_word' id='word_1_50' title='bbox 1159 461 1333 520; x_wconf 90' lang='lat' dir='ltr'><strong>feminarum</strong></span> <span class='ocrx_word' id='word_1_51' title='bbox 1355 464 1383 520; x_wconf 93' lang='lat' dir='ltr'><strong>in</strong></span> <span class='ocrx_word' id='word_1_52' title='bbox 1399 462 1555 534; x_wconf 87' lang='lat' dir='ltr'><strong>Scriptnris</strong></span> <span class='ocrx_word' id='word_1_53' title='bbox 1570 463 1677 519; x_wconf 88' lang='lat' dir='ltr'><strong>divinis</strong></span> <span class='ocrx_word' id='word_1_54' title='bbox 1697 465 1883 522; x_wconf 75' lang='lat' dir='ltr'>considerans</span> 
     </span>
     <span class='ocr_line' id='line_1_5' title="bbox 136 546 1884 623; baseline 0.005 -23"><span class='ocrx_word' id='word_1_55' title='bbox 136 572 152 601; x_wconf 85' lang='lat'>»</span> <span class='ocrx_word' id='word_1_56' title='bbox 167 548 253 623; x_wconf 72' lang='lat' dir='ltr'><strong>all.»</strong></span> <span class='ocrx_word' id='word_1_57' title='bbox 279 549 570 619; x_wconf 84' lang='lat' dir='ltr'><strong>Scripturassanctas</strong></span> <span class='ocrx_word' id='word_1_58' title='bbox 597 546 711 604; x_wconf 92' lang='lat' dir='ltr'><strong>tenebat</strong></span> <span class='ocrx_word' id='word_1_59' title='bbox 734 549 908 603; x_wconf 76' lang='lat' dir='ltr'><strong>memoriter.</strong></span> <span class='ocrx_word' id='word_1_60' title='bbox 926 547 980 603; x_wconf 89' lang='lat' dir='ltr'><strong>De·</strong></span> <span class='ocrx_word' id='word_1_61' title='bbox 1033 549 1144 613; x_wconf 90' lang='lat' dir='ltr'><strong>monui,</strong></span> <span class='ocrx_word' id='word_1_62' title='bbox 1155 558 1183 607; x_wconf 91' lang='grc' dir='ltr'><strong>ιι</strong></span> <span class='ocrx_word' id='word_1_63' title='bbox 1197 550 1374 608; x_wconf 83' lang='lat' dir='ltr'><strong>incessanter</strong></span> <span class='ocrx_word' id='word_1_64' title='bbox 1388 551 1507 621; x_wconf 90' lang='lat' dir='ltr'><strong>implere</strong></span> <span class='ocrx_word' id='word_1_65' title='bbox 1519 553 1674 622; x_wconf 77' lang='lat' dir='ltr'><strong>sescuplo,</strong></span> <span class='ocrx_word' id='word_1_66' title='bbox 1693 560 1724 609; x_wconf 93' lang='lat' dir='ltr'><strong>ut</strong></span> <span class='ocrx_word' id='word_1_67' title='bbox 1739 552 1809 609; x_wconf 90' lang='lat' dir='ltr'><strong>dum</strong></span> <span class='ocrx_word' id='word_1_68' title='bbox 1831 567 1884 623; x_wconf 89' lang='lat' dir='ltr'><strong>po·</strong></span> 
     </span>
     <span class='ocr_line' id='line_1_6' title="bbox 134 635 1881 712; baseline 0.001 -16"><span class='ocrx_word' id='word_1_69' title='bbox 134 638 371 711; x_wconf 90' lang='lat' dir='ltr'><strong>niquecompufit</strong></span> <span class='ocrx_word' id='word_1_70' title='bbox 385 652 441 704; x_wconf 92' lang='lat' dir='ltr'><strong>me,</strong></span> <span class='ocrx_word' id='word_1_71' title='bbox 458 644 490 693; x_wconf 93' lang='lat' dir='ltr'><strong>ut</strong></span> <span class='ocrx_word' id='word_1_72' title='bbox 510 636 596 694; x_wconf 87' lang='lat' dir='ltr'><strong>lletns</strong></span> <span class='ocrx_word' id='word_1_73' title='bbox 609 643 638 693; x_wconf 91' lang='lat' dir='ltr'><strong>et</strong></span> <span class='ocrx_word' id='word_1_74' title='bbox 665 635 778 692; x_wconf 88' lang='lat' dir='ltr'><strong>Novum</strong></span> <span class='ocrx_word' id='word_1_75' title='bbox 803 635 980 692; x_wconf 88' lang='lat' dir='ltr'><strong>instrumen·</strong></span> <span class='ocrx_word' id='word_1_76' title='bbox 1032 636 1121 707; x_wconf 82' lang='lat' dir='ltr'><strong>testis,</strong></span> <span class='ocrx_word' id='word_1_77' title='bbox 1145 645 1173 694; x_wconf 91' lang='lat' dir='ltr'><strong>et</strong></span> <span class='ocrx_word' id='word_1_78' title='bbox 1202 645 1322 695; x_wconf 91' lang='lat' dir='ltr'><strong>matrem</strong></span> <span class='ocrx_word' id='word_1_79' title='bbox 1354 639 1459 696; x_wconf 89' lang='lat' dir='ltr'><strong>harum</strong></span> <span class='ocrx_word' id='word_1_80' title='bbox 1487 640 1609 711; x_wconf 87' lang='lat' dir='ltr'><strong>peritam</strong></span> <span class='ocrx_word' id='word_1_81' title='bbox 1645 640 1734 698; x_wconf 91' lang='lat' dir='ltr'><strong>trium</strong></span> <span class='ocrx_word' id='word_1_82' title='bbox 1769 640 1881 712; x_wconf 91' lang='lat' dir='ltr'><strong>lingua·</strong></span> 
     </span>
     <span class='ocr_line' id='line_1_7' title="bbox 130 723 1880 800; baseline 0.001 -15"><span class='ocrx_word' id='word_1_83' title='bbox 130 736 275 786; x_wconf 87' lang='lat' dir='ltr'><strong>tumeam</strong></span> <span class='ocrx_word' id='word_1_84' title='bbox 291 727 360 796; x_wconf 88' lang='lat' dir='ltr'><strong>filia,</strong></span> <span class='ocrx_word' id='word_1_85' title='bbox 380 741 427 783; x_wconf 90' lang='lat' dir='ltr'><strong>me</strong></span> <span class='ocrx_word' id='word_1_86' title='bbox 437 726 604 794; x_wconf 82' lang='lat' dir='ltr'><strong>disserente,</strong></span> <span class='ocrx_word' id='word_1_87' title='bbox 622 724 790 795; x_wconf 85' lang='lat' dir='ltr'><strong>perlegeret.</strong></span> <span class='ocrx_word' id='word_1_88' title='bbox 816 723 897 793; x_wconf 83' lang='lat' dir='ltr'><strong>Quod</strong></span> <span class='ocrx_word' id='word_1_89' title='bbox 907 737 979 794; x_wconf 90' lang='lat' dir='ltr'><strong>pro·</strong></span> <span class='ocrx_word' id='word_1_90' title='bbox 1032 738 1099 782; x_wconf 90' lang='lat' dir='ltr'><strong>rum</strong></span> <span class='ocrx_word' id='word_1_91' title='bbox 1114 726 1234 794; x_wconf 91' lang='lat' dir='ltr'><strong>habetis,</strong></span> <span class='ocrx_word' id='word_1_92' title='bbox 1251 727 1287 784; x_wconf 90' lang='lat' dir='ltr'><strong>ad</strong></span> <span class='ocrx_word' id='word_1_93' title='bbox 1301 727 1378 785; x_wconf 90' lang='lat' dir='ltr'><strong>hanc</strong></span> <span class='ocrx_word' id='word_1_94' title='bbox 1405 727 1492 786; x_wconf 90' lang='lat' dir='ltr'><strong>studii</strong></span> <span class='ocrx_word' id='word_1_95' title='bbox 1507 729 1708 800; x_wconf 73' lang='lat' dir='ltr'><strong>perfectionem</strong></span> <span class='ocrx_word' id='word_1_96' title='bbox 1725 730 1880 787; x_wconf 77' lang='lat' dir='ltr'><strong>feraminiz</strong></span> 
     </span>
     <span class='ocr_line' id='line_1_8' title="bbox 131 813 1883 890; baseline 0.001 -15"><span class='ocrx_word' id='word_1_97' title='bbox 131 824 195 890; x_wconf 90' lang='lat' dir='ltr'><strong>pter</strong></span> <span class='ocrx_word' id='word_1_98' title='bbox 234 816 439 874; x_wconf 86' lang='lat' dir='ltr'><strong>verecundiam</strong></span> <span class='ocrx_word' id='word_1_99' title='bbox 480 829 599 888; x_wconf 89' lang='lat' dir='ltr'><strong>negans,</strong></span> <span class='ocrx_word' id='word_1_100' title='bbox 628 822 742 885; x_wconf 92' lang='lat' dir='ltr'><strong>propter</strong></span> <span class='ocrx_word' id='word_1_101' title='bbox 780 813 977 871; x_wconf 79' lang='lat' dir='ltr'><strong>assiduitatem</strong></span> <span class='ocrx_word' id='word_1_102' title='bbox 1031 819 1064 870; x_wconf 93' lang='lat' dir='ltr'><strong>ut</strong></span> <span class='ocrx_word' id='word_1_103' title='bbox 1077 828 1261 887; x_wconf 79' lang='lat' dir='ltr'><strong>quecunque</strong></span> <span class='ocrx_word' id='word_1_104' title='bbox 1276 815 1441 874; x_wconf 89' lang='lat' dir='ltr'><strong>dedirersts</strong></span> <span class='ocrx_word' id='word_1_105' title='bbox 1454 816 1693 875; x_wconf 84' lang='lat' dir='ltr'><strong>translationibus</strong></span> <span class='ocrx_word' id='word_1_106' title='bbox 1706 818 1807 875; x_wconf 91' lang='lat' dir='ltr'><strong>oborta</strong></span> <span class='ocrx_word' id='word_1_107' title='bbox 1829 819 1883 876; x_wconf 92' lang='lat' dir='ltr'><strong>dn·</strong></span> 
     </span>
     <span class='ocr_line' id='line_1_9' title="bbox 129 901 1878 980; baseline 0.001 -16"><span class='ocrx_word' id='word_1_108' title='bbox 129 914 237 974; x_wconf 90' lang='lat' dir='ltr'><strong>tamen,</strong></span> <span class='ocrx_word' id='word_1_109' title='bbox 267 913 296 964; x_wconf 93' lang='lat' dir='ltr'><strong>et</strong></span> <span class='ocrx_word' id='word_1_110' title='bbox 325 906 441 963; x_wconf 91' lang='lat' dir='ltr'><strong>crebras</strong></span> <span class='ocrx_word' id='word_1_111' title='bbox 450 904 654 976; x_wconf 88' lang='lat' dir='ltr'><strong>postulationes</strong></span> <span class='ocrx_word' id='word_1_112' title='bbox 680 904 753 975; x_wconf 87' lang='lat' dir='ltr'><strong>ejus,</strong></span> <span class='ocrx_word' id='word_1_113' title='bbox 786 902 915 974; x_wconf 84' lang='lat' dir='ltr'><strong>praestiti,</strong></span> <span class='ocrx_word' id='word_1_114' title='bbox 944 908 977 959; x_wconf 91' lang='lat' dir='ltr'><strong>nt</strong></span> <span class='ocrx_word' id='word_1_115' title='bbox 1031 901 1133 962; x_wconf 91' lang='lat' dir='ltr'><strong>bitatio</strong></span> <span class='ocrx_word' id='word_1_116' title='bbox 1160 903 1256 973; x_wconf 90' lang='lat' dir='ltr'><strong>fuerit,</strong></span> <span class='ocrx_word' id='word_1_117' title='bbox 1282 918 1332 976; x_wconf 90' lang='lat' dir='ltr'><strong>per</strong></span> <span class='ocrx_word' id='word_1_118' title='bbox 1359 919 1411 963; x_wconf 86' lang='lat' dir='ltr'><strong>vos</strong></span> <span class='ocrx_word' id='word_1_119' title='bbox 1439 906 1571 978; x_wconf 91' lang='lat' dir='ltr'><strong>probatio</strong></span> <span class='ocrx_word' id='word_1_120' title='bbox 1596 907 1745 963; x_wconf 88' lang='lat' dir='ltr'><strong>terminari</strong></span> <span class='ocrx_word' id='word_1_121' title='bbox 1774 910 1878 980; x_wconf 88' lang='lat' dir='ltr'><strong>possit.</strong></span> 
     </span>
     <span class='ocr_line' id='line_1_10' title="bbox 130 990 1878 1067; baseline -0.002 -12"><span class='ocrx_word' id='word_1_122' title='bbox 130 997 260 1055; x_wconf 91' lang='lat' dir='ltr'><strong>docerem</strong></span> <span class='ocrx_word' id='word_1_123' title='bbox 285 995 364 1067; x_wconf 91' lang='lat' dir='ltr'><strong>quod</strong></span> <span class='ocrx_word' id='word_1_124' title='bbox 398 995 565 1051; x_wconf 87' lang='lat' dir='ltr'><strong>didiceram.</strong></span> <span class='ocrx_word' id='word_1_125' title='bbox 597 992 695 1050; x_wconf 86' lang='lat' dir='ltr'><strong>Sicubi</strong></span> <span class='ocrx_word' id='word_1_126' title='bbox 733 991 912 1059; x_wconf 70' lang='lat' dir='ltr'><strong>musitanam,</strong></span> <span class='ocrx_word' id='word_1_127' title='bbox 948 998 977 1047; x_wconf 94' lang='lat' dir='ltr'><strong>et</strong></span> <span class='ocrx_word' id='word_1_128' title='bbox 1030 990 1111 1058; x_wconf 84' lang='lat' dir='ltr'><strong>Quod</strong></span> <span class='ocrx_word' id='word_1_129' title='bbox 1137 1000 1165 1051; x_wconf 93' lang='lat' dir='ltr'><strong>et</strong></span> <span class='ocrx_word' id='word_1_130' title='bbox 1191 992 1251 1064; x_wconf 88' lang='lat' dir='ltr'><strong>ipse</strong></span> <span class='ocrx_word' id='word_1_131' title='bbox 1289 994 1446 1052; x_wconf 80' lang='lat' dir='ltr'><strong>bominicae</strong></span> <span class='ocrx_word' id='word_1_132' title='bbox 1472 996 1567 1053; x_wconf 91' lang='lat' dir='ltr'><strong>crucis</strong></span> <span class='ocrx_word' id='word_1_133' title='bbox 1590 995 1692 1052; x_wconf 90' lang='lat' dir='ltr'><strong>titulus</strong></span> <span class='ocrx_word' id='word_1_134' title='bbox 1728 993 1878 1063; x_wconf 86' lang='lat' dir='ltr'><strong>Hebraice,</strong></span> 
     </span>
     <span class='ocr_line' id='line_1_11' title="bbox 129 1077 1878 1156; baseline -0.002 -13"><span class='ocrx_word' id='word_1_135' title='bbox 129 1085 240 1143; x_wconf 89' lang='lat' dir='ltr'><strong>nescire</strong></span> <span class='ocrx_word' id='word_1_136' title='bbox 255 1098 301 1141; x_wconf 92' lang='lat' dir='ltr'><strong>me</strong></span> <span class='ocrx_word' id='word_1_137' title='bbox 324 1084 449 1155; x_wconf 88' lang='lat' dir='ltr'><strong>ingenue</strong></span> <span class='ocrx_word' id='word_1_138' title='bbox 476 1081 657 1138; x_wconf 85' lang='lat' dir='ltr'><strong>confitebar:</strong></span> <span class='ocrx_word' id='word_1_139' title='bbox 682 1092 870 1151; x_wconf 92' lang='lat' dir='ltr'><strong>nequaquam</strong></span> <span class='ocrx_word' id='word_1_140' title='bbox 904 1077 976 1133; x_wconf 92' lang='lat' dir='ltr'><strong>mihi</strong></span> <span class='ocrx_word' id='word_1_141' title='bbox 1028 1079 1136 1151; x_wconf 80' lang='lat' dir='ltr'><strong>Graeee,</strong></span> <span class='ocrx_word' id='word_1_142' title='bbox 1151 1090 1179 1139; x_wconf 91' lang='lat' dir='ltr'><strong>et</strong></span> <span class='ocrx_word' id='word_1_143' title='bbox 1196 1082 1296 1140; x_wconf 80' lang='lat' dir='ltr'><strong>Latine</strong></span> <span class='ocrx_word' id='word_1_144' title='bbox 1317 1083 1442 1155; x_wconf 88' lang='lat' dir='ltr'><strong>scriptus</strong></span> <span class='ocrx_word' id='word_1_145' title='bbox 1469 1097 1530 1141; x_wconf 93' lang='lat' dir='ltr'><strong>non</strong></span> <span class='ocrx_word' id='word_1_146' title='bbox 1556 1085 1715 1156; x_wconf 82' lang='lat' dir='ltr'><strong>incongrue</strong></span> <span class='ocrx_word' id='word_1_147' title='bbox 1740 1083 1878 1155; x_wconf 79' lang='lat' dir='ltr'><strong>praetigu-</strong></span> 
     </span>
     <span class='ocr_line' id='line_1_12' title="bbox 128 1168 1879 1244; baseline -0.002 -12"><span class='ocrx_word' id='word_1_148' title='bbox 128 1174 243 1234; x_wconf 83' lang='lat' dir='ltr'><strong>volebat</strong></span> <span class='ocrx_word' id='word_1_149' title='bbox 259 1173 465 1244; x_wconf 86' lang='lat' dir='ltr'><strong>acquiescere:</strong></span> <span class='ocrx_word' id='word_1_150' title='bbox 486 1171 534 1227; x_wconf 93' lang='lat' dir='ltr'><strong>sed</strong></span> <span class='ocrx_word' id='word_1_151' title='bbox 548 1170 612 1242; x_wconf 82' lang='lat' dir='ltr'><strong>jugi</strong></span> <span class='ocrx_word' id='word_1_152' title='bbox 641 1168 866 1241; x_wconf 80' lang='lat' dir='ltr'><strong>interrogatione</strong></span> <span class='ocrx_word' id='word_1_153' title='bbox 889 1181 976 1238; x_wconf 89' lang='lat' dir='ltr'><strong>coge·</strong></span> <span class='ocrx_word' id='word_1_154' title='bbox 1029 1183 1107 1227; x_wconf 90' lang='lat' dir='ltr'><strong>rasse</strong></span> <span class='ocrx_word' id='word_1_155' title='bbox 1127 1171 1260 1228; x_wconf 85' lang='lat' dir='ltr'><strong>videtur:</strong></span> <span class='ocrx_word' id='word_1_156' title='bbox 1277 1178 1309 1229; x_wconf 92' lang='lat' dir='ltr'><strong>ut</strong></span> <span class='ocrx_word' id='word_1_157' title='bbox 1324 1172 1354 1228; x_wconf 91' lang='lat' dir='ltr'><strong>in</strong></span> <span class='ocrx_word' id='word_1_158' title='bbox 1369 1173 1433 1243; x_wconf 88' lang='lat' dir='ltr'><strong>ey&#39;us</strong></span> <span class='ocrx_word' id='word_1_159' title='bbox 1458 1171 1583 1230; x_wconf 85' lang='lat' dir='ltr'><strong>Ecclesia</strong></span> <span class='ocrx_word' id='word_1_160' title='bbox 1597 1173 1708 1244; x_wconf 92' lang='lat' dir='ltr'><strong>ubique</strong></span> <span class='ocrx_word' id='word_1_161' title='bbox 1732 1180 1879 1230; x_wconf 88' lang='lat' dir='ltr'><strong>terrarum</strong></span> 
     </span>
     <span class='ocr_line' id='line_1_13' title="bbox 128 1254 1880 1334; baseline -0.002 -13"><span class='ocrx_word' id='word_1_162' title='bbox 128 1264 187 1332; x_wconf 91' lang='lat' dir='ltr'><strong>bat,</strong></span> <span class='ocrx_word' id='word_1_163' title='bbox 218 1270 251 1321; x_wconf 93' lang='lat' dir='ltr'><strong>ut</strong></span> <span class='ocrx_word' id='word_1_164' title='bbox 277 1278 293 1319; x_wconf 91' lang='lat' dir='ltr'><strong>e</strong></span> <span class='ocrx_word' id='word_1_165' title='bbox 321 1261 420 1319; x_wconf 90' lang='lat' dir='ltr'><strong>multis</strong></span> <span class='ocrx_word' id='word_1_166' title='bbox 446 1259 596 1330; x_wconf 80' lang='lat' dir='ltr'><strong>variisque</strong></span> <span class='ocrx_word' id='word_1_167' title='bbox 623 1256 781 1325; x_wconf 86' lang='lat' dir='ltr'><strong>sententiis,</strong></span> <span class='ocrx_word' id='word_1_168' title='bbox 812 1270 878 1328; x_wconf 84' lang='lat' dir='ltr'><strong>quae</strong></span> <span class='ocrx_word' id='word_1_169' title='bbox 902 1254 976 1312; x_wconf 92' lang='lat' dir='ltr'><strong>mihi</strong></span> <span class='ocrx_word' id='word_1_170' title='bbox 1020 1258 1156 1331; x_wconf 90' lang='lat' dir='ltr'><strong>dilatata,</strong></span> <span class='ocrx_word' id='word_1_171' title='bbox 1173 1260 1278 1318; x_wconf 89' lang='lat' dir='ltr'><strong>harum</strong></span> <span class='ocrx_word' id='word_1_172' title='bbox 1294 1260 1473 1334; x_wconf 90' lang='lat' dir='ltr'><strong>linguarum,</strong></span> <span class='ocrx_word' id='word_1_173' title='bbox 1490 1276 1556 1333; x_wconf 82' lang='lat' dir='ltr'><strong>quae</strong></span> <span class='ocrx_word' id='word_1_174' title='bbox 1582 1261 1761 1333; x_wconf 85' lang='lat' dir='ltr'><strong>praeminent,</strong></span> <span class='ocrx_word' id='word_1_175' title='bbox 1787 1262 1880 1318; x_wconf 94' lang='lat' dir='ltr'><strong>abun·</strong></span> 
     </span>
     <span class='ocr_line' id='line_1_14' title="bbox 126 1344 1879 1422; baseline -0.002 -12"><span class='ocrx_word' id='word_1_176' title='bbox 126 1353 275 1410; x_wconf 83' lang='lat' dir='ltr'><strong>rideretur</strong></span> <span class='ocrx_word' id='word_1_177' title='bbox 299 1349 483 1422; x_wconf 80' lang='lat' dir='ltr'><strong>probabilior,</strong></span> <span class='ocrx_word' id='word_1_178' title='bbox 501 1348 668 1404; x_wconf 80' lang='lat' dir='ltr'><strong>indicarem.</strong></span> <span class='ocrx_word' id='word_1_179' title='bbox 696 1347 812 1417; x_wconf 84' lang='lat' dir='ltr'><strong>Loquar</strong></span> <span class='ocrx_word' id='word_1_180' title='bbox 836 1352 864 1401; x_wconf 93' lang='grc' dir='ltr'><strong>ιι</strong></span> <span class='ocrx_word' id='word_1_181' title='bbox 883 1344 972 1410; x_wconf 92' lang='lat' dir='ltr'><strong>alind,</strong></span> <span class='ocrx_word' id='word_1_182' title='bbox 1027 1346 1108 1406; x_wconf 91' lang='lat' dir='ltr'><strong>daret</strong></span> <span class='ocrx_word' id='word_1_183' title='bbox 1134 1348 1266 1406; x_wconf 90' lang='lat' dir='ltr'><strong>doctrina</strong></span> <span class='ocrx_word' id='word_1_184' title='bbox 1292 1367 1300 1418; x_wconf 77' lang='lat'>3</span> <span class='ocrx_word' id='word_1_185' title='bbox 1323 1363 1451 1421; x_wconf 90' lang='lat' dir='ltr'><strong>quarum</strong></span> <span class='ocrx_word' id='word_1_186' title='bbox 1477 1350 1580 1408; x_wconf 91' lang='lat' dir='ltr'><strong>litteris</strong></span> <span class='ocrx_word' id='word_1_187' title='bbox 1606 1351 1758 1422; x_wconf 91' lang='lat' dir='ltr'><strong>utrinsqne</strong></span> <span class='ocrx_word' id='word_1_188' title='bbox 1782 1352 1879 1407; x_wconf 82' lang='lat' dir='ltr'><strong>Testa·</strong></span> 
     </span>
     <span class='ocr_line' id='line_1_15' title="bbox 127 1433 1880 1513; baseline -0.001 -14"><span class='ocrx_word' id='word_1_189' title='bbox 127 1442 206 1513; x_wconf 92' lang='lat' dir='ltr'><strong>quod</strong></span> <span class='ocrx_word' id='word_1_190' title='bbox 216 1440 335 1498; x_wconf 91' lang='lat' dir='ltr'><strong>forsitan</strong></span> <span class='ocrx_word' id='word_1_191' title='bbox 350 1438 463 1495; x_wconf 76' lang='lat' dir='ltr'><strong>aemulis</strong></span> <span class='ocrx_word' id='word_1_192' title='bbox 481 1437 616 1494; x_wconf 84' lang='lat' dir='ltr'><strong>rideatur</strong></span> <span class='ocrx_word' id='word_1_193' title='bbox 630 1433 806 1492; x_wconf 88' lang='lat' dir='ltr'><strong>incredibile.</strong></span> <span class='ocrx_word' id='word_1_194' title='bbox 824 1433 974 1491; x_wconf 81' lang='lat' dir='ltr'><strong>Hebraeam</strong></span> <span class='ocrx_word' id='word_1_195' title='bbox 1027 1437 1117 1494; x_wconf 90' lang='lat' dir='ltr'><strong>menti</strong></span> <span class='ocrx_word' id='word_1_196' title='bbox 1138 1438 1347 1508; x_wconf 91' lang='lat' dir='ltr'><strong>comprehensa</strong></span> <span class='ocrx_word' id='word_1_197' title='bbox 1357 1447 1400 1495; x_wconf 92' lang='lat' dir='ltr'><strong>est</strong></span> <span class='ocrx_word' id='word_1_198' title='bbox 1421 1437 1580 1510; x_wconf 87' lang='lat' dir='ltr'><strong>Scriptura.</strong></span> <span class='ocrx_word' id='word_1_199' title='bbox 1606 1441 1668 1497; x_wconf 88' lang='lat' dir='ltr'><strong>Non</strong></span> <span class='ocrx_word' id='word_1_200' title='bbox 1695 1439 1782 1511; x_wconf 90' lang='lat' dir='ltr'><strong>longa</strong></span> <span class='ocrx_word' id='word_1_201' title='bbox 1796 1453 1880 1510; x_wconf 87' lang='lat' dir='ltr'><strong>pere·</strong></span> 
     </span>
     <span class='ocr_line' id='line_1_16' title="bbox 124 1521 1876 1602; baseline 0 -16"><span class='ocrx_word' id='word_1_202' title='bbox 124 1529 270 1602; x_wconf 85' lang='lat' dir='ltr'><strong>linguam,</strong></span> <span class='ocrx_word' id='word_1_203' title='bbox 285 1542 373 1600; x_wconf 93' lang='lat' dir='ltr'><strong>quam</strong></span> <span class='ocrx_word' id='word_1_204' title='bbox 389 1542 442 1600; x_wconf 87' lang='lat' dir='ltr'><strong>ego</strong></span> <span class='ocrx_word' id='word_1_205' title='bbox 471 1526 507 1583; x_wconf 93' lang='lat' dir='ltr'><strong>ab</strong></span> <span class='ocrx_word' id='word_1_206' title='bbox 536 1525 729 1582; x_wconf 90' lang='lat' dir='ltr'><strong>adolescentia</strong></span> <span class='ocrx_word' id='word_1_207' title='bbox 754 1521 845 1580; x_wconf 92' lang='lat' dir='ltr'><strong>multo</strong></span> <span class='ocrx_word' id='word_1_208' title='bbox 876 1522 974 1579; x_wconf 89' lang='lat' dir='ltr'><strong>labore</strong></span> <span class='ocrx_word' id='word_1_209' title='bbox 1029 1525 1219 1597; x_wconf 88' lang='lat' dir='ltr'><strong>grinaatione,</strong></span> <span class='ocrx_word' id='word_1_210' title='bbox 1249 1541 1307 1584; x_wconf 94' lang='lat' dir='ltr'><strong>non</strong></span> <span class='ocrx_word' id='word_1_211' title='bbox 1318 1528 1452 1598; x_wconf 86' lang='lat' dir='ltr'><strong>expensis</strong></span> <span class='ocrx_word' id='word_1_212' title='bbox 1477 1528 1620 1600; x_wconf 92' lang='lat' dir='ltr'><strong>plurimis,</strong></span> <span class='ocrx_word' id='word_1_213' title='bbox 1640 1529 1750 1599; x_wconf 90' lang='lat' dir='ltr'><strong>probis</strong></span> <span class='ocrx_word' id='word_1_214' title='bbox 1767 1528 1876 1600; x_wconf 87' lang='lat' dir='ltr'><strong>linguis</strong></span> 
     </span>
     <span class='ocr_line' id='line_1_17' title="bbox 125 1610 1877 1688; baseline 0 -13"><span class='ocrx_word' id='word_1_215' title='bbox 125 1634 159 1676; x_wconf 88' lang='lat' dir='ltr'><strong>ac</strong></span> <span class='ocrx_word' id='word_1_216' title='bbox 188 1618 292 1675; x_wconf 91' lang='lat' dir='ltr'><strong>sudore</strong></span> <span class='ocrx_word' id='word_1_217' title='bbox 312 1631 349 1674; x_wconf 89' lang='lat' dir='ltr'><strong>ex</strong></span> <span class='ocrx_word' id='word_1_218' title='bbox 372 1624 451 1688; x_wconf 88' lang='lat' dir='ltr'><strong>parte</strong></span> <span class='ocrx_word' id='word_1_219' title='bbox 475 1613 572 1684; x_wconf 90' lang='lat' dir='ltr'><strong>didici,</strong></span> <span class='ocrx_word' id='word_1_220' title='bbox 601 1621 629 1671; x_wconf 91' lang='lat' dir='ltr'><strong>et</strong></span> <span class='ocrx_word' id='word_1_221' title='bbox 656 1610 830 1685; x_wconf 74' lang='lat' dir='ltr'><strong>infatigabili</strong></span> <span class='ocrx_word' id='word_1_222' title='bbox 851 1610 972 1667; x_wconf 91' lang='lat' dir='ltr'><strong>medita·</strong></span> <span class='ocrx_word' id='word_1_223' title='bbox 1028 1613 1219 1680; x_wconf 85' lang='lat' dir='ltr'><strong>addiscendis,</strong></span> <span class='ocrx_word' id='word_1_224' title='bbox 1241 1630 1315 1688; x_wconf 89' lang='lat' dir='ltr'><strong>opus</strong></span> <span class='ocrx_word' id='word_1_225' title='bbox 1335 1616 1417 1675; x_wconf 86' lang='lat' dir='ltr'><strong>vobis</strong></span> <span class='ocrx_word' id='word_1_226' title='bbox 1446 1625 1498 1685; x_wconf 91' lang='lat' dir='ltr'><strong>est,</strong></span> <span class='ocrx_word' id='word_1_227' title='bbox 1525 1626 1557 1675; x_wconf 90' lang='lat' dir='ltr'><strong>ut</strong></span> <span class='ocrx_word' id='word_1_228' title='bbox 1578 1619 1660 1676; x_wconf 89' lang='lat' dir='ltr'><strong>beato</strong></span> <span class='ocrx_word' id='word_1_229' title='bbox 1687 1618 1790 1675; x_wconf 90' lang='lat' dir='ltr'><strong>accidit</strong></span> <span class='ocrx_word' id='word_1_230' title='bbox 1811 1618 1877 1675; x_wconf 86' lang='lat' dir='ltr'><strong>lile-</strong></span> 
     </span>
     <span class='ocr_line' id='line_1_18' title="bbox 123 1699 1874 1776; baseline -0.001 -11"><span class='ocrx_word' id='word_1_231' title='bbox 123 1709 201 1766; x_wconf 90' lang='lat' dir='ltr'><strong>tione</strong></span> <span class='ocrx_word' id='word_1_232' title='bbox 226 1721 285 1764; x_wconf 88' lang='lat' dir='ltr'><strong>nou</strong></span> <span class='ocrx_word' id='word_1_233' title='bbox 304 1706 412 1773; x_wconf 90' lang='lat' dir='ltr'><strong>desero,</strong></span> <span class='ocrx_word' id='word_1_234' title='bbox 445 1718 481 1761; x_wconf 95' lang='lat' dir='ltr'><strong>ne</strong></span> <span class='ocrx_word' id='word_1_235' title='bbox 500 1703 558 1774; x_wconf 91' lang='lat' dir='ltr'><strong>ipse</strong></span> <span class='ocrx_word' id='word_1_236' title='bbox 577 1703 614 1760; x_wconf 92' lang='lat' dir='ltr'><strong>ab</strong></span> <span class='ocrx_word' id='word_1_237' title='bbox 646 1716 681 1759; x_wconf 91' lang='lat' dir='ltr'><strong>ea</strong></span> <span class='ocrx_word' id='word_1_238' title='bbox 707 1700 833 1770; x_wconf 91' lang='lat' dir='ltr'><strong>deserar,</strong></span> <span class='ocrx_word' id='word_1_239' title='bbox 864 1699 973 1758; x_wconf 84' lang='lat' dir='ltr'><strong>discere</strong></span> <span class='ocrx_word' id='word_1_240' title='bbox 1027 1717 1165 1776; x_wconf 89' lang='lat' dir='ltr'><strong>ronymo:</strong></span> <span class='ocrx_word' id='word_1_241' title='bbox 1185 1719 1253 1764; x_wconf 90' lang='lat' dir='ltr'><strong>curn</strong></span> <span class='ocrx_word' id='word_1_242' title='bbox 1267 1714 1399 1775; x_wconf 90' lang='lat' dir='ltr'><strong>matrem,</strong></span> <span class='ocrx_word' id='word_1_243' title='bbox 1429 1714 1462 1764; x_wconf 90' lang='lat' dir='ltr'><strong>ut</strong></span> <span class='ocrx_word' id='word_1_244' title='bbox 1478 1707 1589 1764; x_wconf 92' lang='lat' dir='ltr'><strong>dictum</strong></span> <span class='ocrx_word' id='word_1_245' title='bbox 1612 1714 1664 1770; x_wconf 88' lang='lat' dir='ltr'><strong>est,</strong></span> <span class='ocrx_word' id='word_1_246' title='bbox 1689 1706 1821 1763; x_wconf 91' lang='lat' dir='ltr'><strong>habeatis</strong></span> <span class='ocrx_word' id='word_1_247' title='bbox 1836 1707 1874 1763; x_wconf 94' lang='lat' dir='ltr'><strong>ad</strong></span> 
     </span>
     <span class='ocr_line' id='line_1_19' title="bbox 123 1788 1877 1867; baseline -0.002 -13"><span class='ocrx_word' id='word_1_248' title='bbox 123 1796 225 1865; x_wconf 87' lang='lat' dir='ltr'><strong>voluit,</strong></span> <span class='ocrx_word' id='word_1_249' title='bbox 240 1803 267 1853; x_wconf 90' lang='lat' dir='ltr'><strong>et</strong></span> <span class='ocrx_word' id='word_1_250' title='bbox 295 1796 451 1852; x_wconf 86' lang='lat' dir='ltr'><strong>consecuta</strong></span> <span class='ocrx_word' id='word_1_251' title='bbox 479 1801 545 1851; x_wconf 90' lang='lat' dir='ltr'><strong>est:</strong></span> <span class='ocrx_word' id='word_1_252' title='bbox 570 1792 610 1848; x_wconf 91' lang='lat' dir='ltr'><strong>ita</strong></span> <span class='ocrx_word' id='word_1_253' title='bbox 635 1798 668 1848; x_wconf 92' lang='lat' dir='ltr'><strong>ut</strong></span> <span class='ocrx_word' id='word_1_254' title='bbox 690 1789 815 1862; x_wconf 91' lang='lat' dir='ltr'><strong>psalmos</strong></span> <span class='ocrx_word' id='word_1_255' title='bbox 837 1788 973 1846; x_wconf 89' lang='lat' dir='ltr'><strong>Hebraiee</strong></span> <span class='ocrx_word' id='word_1_256' title='bbox 1026 1790 1081 1848; x_wconf 90' lang='lat' dir='ltr'><strong>hoe</strong></span> <span class='ocrx_word' id='word_1_257' title='bbox 1102 1792 1232 1850; x_wconf 84' lang='lat' dir='ltr'><strong>studium</strong></span> <span class='ocrx_word' id='word_1_258' title='bbox 1247 1794 1448 1852; x_wconf 90' lang='lat' dir='ltr'><strong>sufficientem.</strong></span> <span class='ocrx_word' id='word_1_259' title='bbox 1477 1795 1543 1852; x_wconf 89' lang='lat' dir='ltr'><strong>Post</strong></span> <span class='ocrx_word' id='word_1_260' title='bbox 1568 1793 1695 1867; x_wconf 84' lang='lat' dir='ltr'><strong>virgines</strong></span> <span class='ocrx_word' id='word_1_261' title='bbox 1711 1808 1877 1866; x_wconf 91' lang='lat' dir='ltr'><strong>quoqueac</strong></span> 
     </span>
     <span class='ocr_line' id='line_1_20' title="bbox 123 1877 1875 1956; baseline -0.001 -13"><span class='ocrx_word' id='word_1_262' title='bbox 123 1894 247 1952; x_wconf 87' lang='lat' dir='ltr'><strong>caneret,</strong></span> <span class='ocrx_word' id='word_1_263' title='bbox 263 1892 291 1942; x_wconf 90' lang='grc' dir='ltr'><strong>ιι</strong></span> <span class='ocrx_word' id='word_1_264' title='bbox 318 1897 480 1940; x_wconf 90' lang='lat' dir='ltr'><strong>sermonem</strong></span> <span class='ocrx_word' id='word_1_265' title='bbox 506 1881 615 1953; x_wconf 88' lang='lat' dir='ltr'><strong>absque</strong></span> <span class='ocrx_word' id='word_1_266' title='bbox 642 1880 702 1938; x_wconf 89' lang='lat' dir='ltr'><strong>ulla</strong></span> <span class='ocrx_word' id='word_1_267' title='bbox 727 1879 837 1936; x_wconf 83' lang='lat' dir='ltr'><strong>Latine</strong></span> <span class='ocrx_word' id='word_1_268' title='bbox 863 1877 971 1949; x_wconf 79' lang='lat' dir='ltr'><strong>lingue</strong></span> <span class='ocrx_word' id='word_1_269' title='bbox 1025 1879 1139 1951; x_wconf 77' lang='lat' dir='ltr'><strong>viduas,</strong></span> <span class='ocrx_word' id='word_1_270' title='bbox 1169 1882 1266 1940; x_wconf 86' lang='lat' dir='ltr'><strong>fideles</strong></span> <span class='ocrx_word' id='word_1_271' title='bbox 1293 1884 1456 1956; x_wconf 77' lang='lat' dir='ltr'><strong>conjugatae</strong></span> <span class='ocrx_word' id='word_1_272' title='bbox 1481 1883 1700 1942; x_wconf 90' lang='lat' dir='ltr'><strong>incitamentum</strong></span> <span class='ocrx_word' id='word_1_273' title='bbox 1728 1885 1875 1955; x_wconf 74' lang='lat' dir='ltr'><strong>prebeant</strong></span> 
     </span>
     <span class='ocr_line' id='line_1_21' title="bbox 122 1967 1876 2047; baseline -0.001 -15"><span class='ocrx_word' id='word_1_274' title='bbox 122 1975 297 2047; x_wconf 87' lang='lat' dir='ltr'><strong>proprietate</strong></span> <span class='ocrx_word' id='word_1_275' title='bbox 321 1980 497 2044; x_wconf 90' lang='lat' dir='ltr'><strong>personaret.</strong></span> <span class='ocrx_word' id='word_1_276' title='bbox 528 1971 609 2039; x_wconf 84' lang='lat' dir='ltr'><strong>Quod</strong></span> <span class='ocrx_word' id='word_1_277' title='bbox 633 1969 751 2042; x_wconf 87' lang='lat' dir='ltr'><strong>quidem</strong></span> <span class='ocrx_word' id='word_1_278' title='bbox 765 1982 860 2040; x_wconf 91' lang='lat' dir='ltr'><strong>nsque</strong></span> <span class='ocrx_word' id='word_1_279' title='bbox 888 1967 972 2024; x_wconf 90' lang='lat' dir='ltr'><strong>hodie</strong></span> <span class='ocrx_word' id='word_1_280' title='bbox 1024 1970 1109 2027; x_wconf 82' lang='lat' dir='ltr'><strong>robis</strong></span> <span class='ocrx_word' id='word_1_281' title='bbox 1122 1970 1272 2040; x_wconf 80' lang='lat' dir='ltr'><strong>doctrine,</strong></span> <span class='ocrx_word' id='word_1_282' title='bbox 1287 1981 1319 2030; x_wconf 91' lang='lat' dir='ltr'><strong>nt</strong></span> <span class='ocrx_word' id='word_1_283' title='bbox 1333 1973 1377 2031; x_wconf 86' lang='lat' dir='ltr'><strong>rel</strong></span> <span class='ocrx_word' id='word_1_284' title='bbox 1391 1973 1597 2046; x_wconf 90' lang='lat' dir='ltr'><strong>negligentiam</strong></span> <span class='ocrx_word' id='word_1_285' title='bbox 1609 1980 1735 2031; x_wconf 83' lang='lat' dir='ltr'><strong>vestram</strong></span> <span class='ocrx_word' id='word_1_286' title='bbox 1746 1980 1876 2046; x_wconf 89' lang='lat' dir='ltr'><strong>arguant</strong></span> 
     </span>
     <span class='ocr_line' id='line_1_22' title="bbox 122 2056 1875 2134; baseline -0.001 -13"><span class='ocrx_word' id='word_1_287' title='bbox 122 2064 153 2121; x_wconf 96' lang='lat' dir='ltr'><strong>in</strong></span> <span class='ocrx_word' id='word_1_288' title='bbox 168 2071 268 2122; x_wconf 92' lang='lat' dir='ltr'><strong>sancta</strong></span> <span class='ocrx_word' id='word_1_289' title='bbox 290 2061 349 2118; x_wconf 89' lang='lat' dir='ltr'><strong>filia</strong></span> <span class='ocrx_word' id='word_1_290' title='bbox 376 2061 440 2132; x_wconf 74' lang='lat' dir='ltr'><strong>eius</strong></span> <span class='ocrx_word' id='word_1_291' title='bbox 467 2060 622 2117; x_wconf 85' lang='lat' dir='ltr'><strong>Eustochio</strong></span> <span class='ocrx_word' id='word_1_292' title='bbox 651 2057 807 2115; x_wconf 91' lang='lat' dir='ltr'><strong>cernimus.</strong></span> <span class='ocrx_word' id='word_1_293' title='bbox 837 2056 971 2113; x_wconf 86' lang='lat' dir='ltr'><strong>Sciebant</strong></span> <span class='ocrx_word' id='word_1_294' title='bbox 1025 2059 1071 2116; x_wconf 85' lang='lat' dir='ltr'><strong>rel</strong></span> <span class='ocrx_word' id='word_1_295' title='bbox 1089 2062 1220 2118; x_wconf 89' lang='lat' dir='ltr'><strong>ardorem</strong></span> <span class='ocrx_word' id='word_1_296' title='bbox 1236 2070 1374 2134; x_wconf 88' lang='lat' dir='ltr'><strong>augeant.</strong></span> <span class='ocrx_word' id='word_1_297' title='bbox 1390 2065 1507 2120; x_wconf 83' lang='lat' dir='ltr'><strong>Praestat</strong></span> <span class='ocrx_word' id='word_1_298' title='bbox 1533 2064 1698 2134; x_wconf 88' lang='lat' dir='ltr'><strong>exemplum</strong></span> <span class='ocrx_word' id='word_1_299' title='bbox 1718 2062 1804 2120; x_wconf 91' lang='lat' dir='ltr'><strong>etiam</strong></span> <span class='ocrx_word' id='word_1_300' title='bbox 1823 2076 1875 2121; x_wconf 86' lang='lat' dir='ltr'><strong>ro·</strong></span> 
     </span>
     <span class='ocr_line' id='line_1_23' title="bbox 122 2140 1875 2224; baseline -0.001 -15"><span class='ocrx_word' id='word_1_301' title='bbox 122 2153 229 2224; x_wconf 91' lang='lat' dir='ltr'><strong>qnippe</strong></span> <span class='ocrx_word' id='word_1_302' title='bbox 248 2152 417 2209; x_wconf 86' lang='lat' dir='ltr'><strong>Latinorum</strong></span> <span class='ocrx_word' id='word_1_303' title='bbox 436 2150 566 2208; x_wconf 91' lang='lat' dir='ltr'><strong>codicum</strong></span> <span class='ocrx_word' id='word_1_304' title='bbox 592 2148 751 2206; x_wconf 88' lang='lat' dir='ltr'><strong>doctrinam</strong></span> <span class='ocrx_word' id='word_1_305' title='bbox 767 2161 804 2205; x_wconf 92' lang='lat' dir='ltr'><strong>ex</strong></span> <span class='ocrx_word' id='word_1_306' title='bbox 823 2140 971 2204; x_wconf 83' lang='lat' dir='ltr'><strong>Hebraicis</strong></span> <span class='ocrx_word' id='word_1_307' title='bbox 1025 2146 1069 2205; x_wconf 89' lang='lat' dir='ltr'><strong>bts</strong></span> <span class='ocrx_word' id='word_1_308' title='bbox 1081 2148 1208 2206; x_wconf 79' lang='lat' dir='ltr'><strong>celantia</strong></span> <span class='ocrx_word' id='word_1_309' title='bbox 1235 2151 1419 2221; x_wconf 83' lang='lat' dir='ltr'><strong>venerabilis,</strong></span> <span class='ocrx_word' id='word_1_310' title='bbox 1448 2166 1514 2223; x_wconf 83' lang='lat' dir='ltr'><strong>qnae</strong></span> <span class='ocrx_word' id='word_1_311' title='bbox 1538 2152 1567 2209; x_wconf 95' lang='lat' dir='ltr'><strong>in</strong></span> <span class='ocrx_word' id='word_1_312' title='bbox 1593 2151 1728 2224; x_wconf 84' lang='lat' dir='ltr'><strong>conjugio</strong></span> <span class='ocrx_word' id='word_1_313' title='bbox 1756 2165 1875 2224; x_wconf 91' lang='lat' dir='ltr'><strong>quoqne</strong></span> 
     </span>
     <span class='ocr_line' id='line_1_24' title="bbox 120 2236 1875 2314; baseline -0.001 -15"><span class='ocrx_word' id='word_1_314' title='bbox 120 2250 149 2299; x_wconf 90' lang='lat' dir='ltr'><strong>et</strong></span> <span class='ocrx_word' id='word_1_315' title='bbox 163 2241 268 2299; x_wconf 80' lang='lat' dir='ltr'><strong>Graecis</strong></span> <span class='ocrx_word' id='word_1_316' title='bbox 283 2239 453 2312; x_wconf 89' lang='lat' dir='ltr'><strong>processisse</strong></span> <span class='ocrx_word' id='word_1_317' title='bbox 467 2239 582 2310; x_wconf 90' lang='lat' dir='ltr'><strong>scriptis</strong></span> <span class='ocrx_word' id='word_1_318' title='bbox 598 2255 605 2294; x_wconf 92' lang='lat'>:</span> <span class='ocrx_word' id='word_1_319' title='bbox 634 2245 663 2295; x_wconf 92' lang='grc' dir='ltr'><strong>ιι</strong></span> <span class='ocrx_word' id='word_1_320' title='bbox 691 2237 798 2294; x_wconf 91' lang='lat' dir='ltr'><strong>idioma</strong></span> <span class='ocrx_word' id='word_1_321' title='bbox 809 2237 969 2307; x_wconf 86' lang='lat' dir='ltr'><strong>cujuscun·</strong></span> <span class='ocrx_word' id='word_1_322' title='bbox 1024 2236 1195 2309; x_wconf 87' lang='lat' dir='ltr'><strong>regulariter</strong></span> <span class='ocrx_word' id='word_1_323' title='bbox 1209 2240 1307 2298; x_wconf 80' lang='lat' dir='ltr'><strong>vivere</strong></span> <span class='ocrx_word' id='word_1_324' title='bbox 1331 2241 1461 2313; x_wconf 86' lang='lat' dir='ltr'><strong>cupiens,</strong></span> <span class='ocrx_word' id='word_1_325' title='bbox 1476 2241 1566 2314; x_wconf 89' lang='lat' dir='ltr'><strong>legem</strong></span> <span class='ocrx_word' id='word_1_326' title='bbox 1581 2241 1636 2299; x_wconf 90' lang='lat' dir='ltr'><strong>sibi</strong></span> <span class='ocrx_word' id='word_1_327' title='bbox 1650 2241 1778 2314; x_wconf 86' lang='lat' dir='ltr'><strong>conjugii</strong></span> <span class='ocrx_word' id='word_1_328' title='bbox 1800 2255 1875 2313; x_wconf 86' lang='lat' dir='ltr'><strong>prae·</strong></span> 
     </span>
     <span class='ocr_line' id='line_1_25' title="bbox 121 2324 1874 2404; baseline -0.001 -15"><span class='ocrx_word' id='word_1_329' title='bbox 121 2345 179 2404; x_wconf 87' lang='lat' dir='ltr'><strong>que</strong></span> <span class='ocrx_word' id='word_1_330' title='bbox 194 2331 302 2403; x_wconf 81' lang='lat' dir='ltr'><strong>lingue</strong></span> <span class='ocrx_word' id='word_1_331' title='bbox 316 2331 353 2387; x_wconf 94' lang='lat' dir='ltr'><strong>ad</strong></span> <span class='ocrx_word' id='word_1_332' title='bbox 369 2330 487 2400; x_wconf 90' lang='lat' dir='ltr'><strong>plenum</strong></span> <span class='ocrx_word' id='word_1_333' title='bbox 515 2329 544 2384; x_wconf 91' lang='lat' dir='ltr'><strong>in</strong></span> <span class='ocrx_word' id='word_1_334' title='bbox 560 2326 712 2399; x_wconf 91' lang='lat' dir='ltr'><strong>peregrina</strong></span> <span class='ocrx_word' id='word_1_335' title='bbox 732 2325 843 2382; x_wconf 85' lang='lat' dir='ltr'><strong>serrari</strong></span> <span class='ocrx_word' id='word_1_336' title='bbox 859 2324 896 2381; x_wconf 91' lang='lat' dir='ltr'><strong>ab</strong></span> <span class='ocrx_word' id='word_1_337' title='bbox 922 2324 966 2380; x_wconf 91' lang='lat' dir='ltr'><strong>in·</strong></span> <span class='ocrx_word' id='word_1_338' title='bbox 1024 2326 1110 2383; x_wconf 90' lang='lat' dir='ltr'><strong>scribi</strong></span> <span class='ocrx_word' id='word_1_339' title='bbox 1132 2328 1168 2384; x_wconf 93' lang='lat' dir='ltr'><strong>ab</strong></span> <span class='ocrx_word' id='word_1_340' title='bbox 1182 2327 1244 2399; x_wconf 92' lang='lat' dir='ltr'><strong>ipso</strong></span> <span class='ocrx_word' id='word_1_341' title='bbox 1258 2329 1345 2386; x_wconf 89' lang='lat' dir='ltr'><strong>etiam</strong></span> <span class='ocrx_word' id='word_1_342' title='bbox 1360 2329 1531 2401; x_wconf 86' lang='lat' dir='ltr'><strong>Hieronymo</strong></span> <span class='ocrx_word' id='word_1_343' title='bbox 1554 2329 1673 2386; x_wconf 90' lang='lat' dir='ltr'><strong>sollicite</strong></span> <span class='ocrx_word' id='word_1_344' title='bbox 1686 2328 1774 2400; x_wconf 88' lang='lat' dir='ltr'><strong>petiit.</strong></span> <span class='ocrx_word' id='word_1_345' title='bbox 1791 2330 1874 2387; x_wconf 86' lang='lat' dir='ltr'><strong>Unde</strong></span> 
     </span>
     <span class='ocr_line' id='line_1_26' title="bbox 120 2413 1873 2493; baseline -0.002 -15"><span class='ocrx_word' id='word_1_346' title='bbox 120 2427 243 2493; x_wconf 89' lang='lat' dir='ltr'><strong>terprete</strong></span> <span class='ocrx_word' id='word_1_347' title='bbox 258 2434 314 2476; x_wconf 93' lang='lat' dir='ltr'><strong>nen</strong></span> <span class='ocrx_word' id='word_1_348' title='bbox 331 2432 422 2490; x_wconf 93' lang='lat' dir='ltr'><strong>posse.</strong></span> <span class='ocrx_word' id='word_1_349' title='bbox 437 2417 519 2487; x_wconf 78' lang='lat' dir='ltr'><strong>Quod</strong></span> <span class='ocrx_word' id='word_1_350' title='bbox 537 2425 594 2474; x_wconf 88' lang='lat' dir='ltr'><strong>tam</strong></span> <span class='ocrx_word' id='word_1_351' title='bbox 619 2415 742 2480; x_wconf 82' lang='lat' dir='ltr'><strong>Hebraei,</strong></span> <span class='ocrx_word' id='word_1_352' title='bbox 768 2427 858 2487; x_wconf 90' lang='lat' dir='ltr'><strong>qnam</strong></span> <span class='ocrx_word' id='word_1_353' title='bbox 877 2413 968 2471; x_wconf 78' lang='lat' dir='ltr'><strong>Greci</strong></span> <span class='ocrx_word' id='word_1_354' title='bbox 1024 2420 1052 2472; x_wconf 90' lang='lat' dir='ltr'><strong>et</strong></span> <span class='ocrx_word' id='word_1_355' title='bbox 1070 2415 1128 2487; x_wconf 91' lang='lat' dir='ltr'><strong>ipse</strong></span> <span class='ocrx_word' id='word_1_356' title='bbox 1143 2417 1180 2474; x_wconf 89' lang='lat' dir='ltr'><strong>ad</strong></span> <span class='ocrx_word' id='word_1_357' title='bbox 1192 2418 1321 2476; x_wconf 91' lang='lat' dir='ltr'><strong>eamdem</strong></span> <span class='ocrx_word' id='word_1_358' title='bbox 1334 2431 1421 2490; x_wconf 91' lang='lat' dir='ltr'><strong>snper</strong></span> <span class='ocrx_word' id='word_1_359' title='bbox 1437 2418 1492 2475; x_wconf 94' lang='lat' dir='ltr'><strong>hoc</strong></span> <span class='ocrx_word' id='word_1_360' title='bbox 1503 2418 1676 2488; x_wconf 89' lang='lat' dir='ltr'><strong>rescribens,</strong></span> <span class='ocrx_word' id='word_1_361' title='bbox 1704 2419 1743 2475; x_wconf 88' lang='lat' dir='ltr'><strong>ita</strong></span> <span class='ocrx_word' id='word_1_362' title='bbox 1766 2418 1873 2476; x_wconf 90' lang='lat' dir='ltr'><strong>memi-</strong></span> 
     </span>
     <span class='ocr_line' id='line_1_27' title="bbox 119 2503 1870 2581; baseline -0.003 -12"><span class='ocrx_word' id='word_1_363' title='bbox 119 2511 155 2569; x_wconf 76' lang='grc' dir='ltr'><strong>ιιι</strong></span> <span class='ocrx_word' id='word_1_364' title='bbox 182 2508 353 2581; x_wconf 88' lang='lat' dir='ltr'><strong>perfectione</strong></span> <span class='ocrx_word' id='word_1_365' title='bbox 386 2507 552 2581; x_wconf 92' lang='lat' dir='ltr'><strong>gloriantes,</strong></span> <span class='ocrx_word' id='word_1_366' title='bbox 590 2505 696 2563; x_wconf 92' lang='lat' dir='ltr'><strong>nostris</strong></span> <span class='ocrx_word' id='word_1_367' title='bbox 732 2503 964 2574; x_wconf 89' lang='lat' dir='ltr'><strong>translatoribus,</strong></span> <span class='ocrx_word' id='word_1_368' title='bbox 1023 2505 1090 2562; x_wconf 88' lang='lat' dir='ltr'><strong>nit:</strong></span> <span class='ocrx_word' id='word_1_369' title='bbox 1107 2522 1121 2560; x_wconf 83' lang='grc' dir='ltr'><strong>ι</strong></span> <span class='ocrx_word' id='word_1_370' title='bbox 1137 2506 1313 2565; x_wconf 81' lang='lat' dir='ltr'><strong>Provocatus</strong></span> <span class='ocrx_word' id='word_1_371' title='bbox 1332 2506 1569 2566; x_wconf 91' lang='lat' dir='ltr'><strong>adscribendum</strong></span> <span class='ocrx_word' id='word_1_372' title='bbox 1598 2506 1700 2564; x_wconf 91' lang='lat' dir='ltr'><strong>litteris</strong></span> <span class='ocrx_word' id='word_1_373' title='bbox 1726 2506 1794 2575; x_wconf 90' lang='lat' dir='ltr'><strong>tuis,</strong></span> <span class='ocrx_word' id='word_1_374' title='bbox 1808 2505 1870 2576; x_wconf 92' lang='lat' dir='ltr'><strong>din,</strong></span> 
     </span>
     <span class='ocr_line' id='line_1_28' title="bbox 117 2594 1869 2670; baseline -0.003 -13"><span class='ocrx_word' id='word_1_375' title='bbox 117 2599 200 2658; x_wconf 83' lang='lat' dir='ltr'><strong>velut</strong></span> <span class='ocrx_word' id='word_1_376' title='bbox 221 2596 393 2670; x_wconf 76' lang='lat' dir='ltr'><strong>imperfectis</strong></span> <span class='ocrx_word' id='word_1_377' title='bbox 415 2608 629 2668; x_wconf 89' lang='lat' dir='ltr'><strong>nonnunquam</strong></span> <span class='ocrx_word' id='word_1_378' title='bbox 652 2594 791 2652; x_wconf 89' lang='lat' dir='ltr'><strong>insultare</strong></span> <span class='ocrx_word' id='word_1_379' title='bbox 814 2607 969 2652; x_wconf 87' lang='lat' dir='ltr'><strong>consueve-</strong></span> <span class='ocrx_word' id='word_1_380' title='bbox 1023 2594 1123 2666; x_wconf 91' lang='lat' dir='ltr'><strong>fateor,</strong></span> <span class='ocrx_word' id='word_1_381' title='bbox 1151 2595 1186 2653; x_wconf 92' lang='lat' dir='ltr'><strong>de</strong></span> <span class='ocrx_word' id='word_1_382' title='bbox 1210 2596 1393 2667; x_wconf 89' lang='lat' dir='ltr'><strong>responsione</strong></span> <span class='ocrx_word' id='word_1_383' title='bbox 1434 2595 1577 2664; x_wconf 86' lang='lat' dir='ltr'><strong>dubitavi,</strong></span> <span class='ocrx_word' id='word_1_384' title='bbox 1613 2595 1759 2654; x_wconf 89' lang='lat' dir='ltr'><strong>silentium</strong></span> <span class='ocrx_word' id='word_1_385' title='bbox 1795 2595 1869 2653; x_wconf 91' lang='lat' dir='ltr'><strong>mihi</strong></span> 
     </span>
     <span class='ocr_line' id='line_1_29' title="bbox 118 2683 1872 2759; baseline -0.003 -11"><span class='ocrx_word' id='word_1_386' title='bbox 118 2695 199 2757; x_wconf 88' lang='lat' dir='ltr'><strong>runt,</strong></span> <span class='ocrx_word' id='word_1_387' title='bbox 231 2687 318 2745; x_wconf 90' lang='lat' dir='ltr'><strong>talem</strong></span> <span class='ocrx_word' id='word_1_388' title='bbox 351 2687 382 2742; x_wconf 92' lang='lat' dir='ltr'><strong>in</strong></span> <span class='ocrx_word' id='word_1_389' title='bbox 406 2693 612 2759; x_wconf 85' lang='lat' dir='ltr'><strong>argumentum</strong></span> <span class='ocrx_word' id='word_1_390' title='bbox 643 2683 859 2741; x_wconf 87' lang='lat' dir='ltr'><strong>similitudinem</strong></span> <span class='ocrx_word' id='word_1_391' title='bbox 895 2696 969 2739; x_wconf 89' lang='lat' dir='ltr'><strong>asse·</strong></span> <span class='ocrx_word' id='word_1_392' title='bbox 1022 2684 1375 2756; x_wconf 81' lang='lat' dir='ltr'><strong>imperanteverecundia.</strong></span> <span class='ocrx_word' id='word_1_393' title='bbox 1395 2684 1470 2742; x_wconf 89' lang='lat' dir='ltr'><strong>Petis</strong></span> <span class='ocrx_word' id='word_1_394' title='bbox 1484 2698 1622 2756; x_wconf 91' lang='lat' dir='ltr'><strong>namque,</strong></span> <span class='ocrx_word' id='word_1_395' title='bbox 1646 2692 1674 2743; x_wconf 91' lang='lat' dir='ltr'><strong>et</strong></span> <span class='ocrx_word' id='word_1_396' title='bbox 1697 2683 1816 2742; x_wconf 87' lang='lat' dir='ltr'><strong>sollicite</strong></span> <span class='ocrx_word' id='word_1_397' title='bbox 1838 2698 1872 2742; x_wconf 91' lang='lat' dir='ltr'><strong>ao</strong></span> 
     </span>
     <span class='ocr_line' id='line_1_30' title="bbox 118 2771 1872 2849; baseline -0.004 -11"><span class='ocrx_word' id='word_1_398' title='bbox 118 2786 224 2846; x_wconf 76' lang='lat' dir='ltr'><strong>renes,</strong></span> <span class='ocrx_word' id='word_1_399' title='bbox 239 2776 318 2849; x_wconf 94' lang='lat' dir='ltr'><strong>quod</strong></span> <span class='ocrx_word' id='word_1_400' title='bbox 331 2774 453 2848; x_wconf 89' lang='lat' dir='ltr'><strong>quilibet</strong></span> <span class='ocrx_word' id='word_1_401' title='bbox 467 2775 563 2847; x_wconf 92' lang='lat' dir='ltr'><strong>liquor</strong></span> <span class='ocrx_word' id='word_1_402' title='bbox 578 2774 608 2830; x_wconf 91' lang='lat' dir='ltr'><strong>in</strong></span> <span class='ocrx_word' id='word_1_403' title='bbox 636 2774 722 2845; x_wconf 88' lang='lat' dir='ltr'><strong>plura</strong></span> <span class='ocrx_word' id='word_1_404' title='bbox 743 2786 815 2831; x_wconf 80' lang='lat' dir='ltr'><strong>vasa</strong></span> <span class='ocrx_word' id='word_1_405' title='bbox 842 2771 967 2831; x_wconf 83' lang='lat' dir='ltr'><strong>vicissim</strong></span> <span class='ocrx_word' id='word_1_406' title='bbox 1022 2772 1162 2831; x_wconf 81' lang='lat' dir='ltr'><strong>violenter</strong></span> <span class='ocrx_word' id='word_1_407' title='bbox 1175 2773 1257 2844; x_wconf 90' lang='lat' dir='ltr'><strong>petis,</strong></span> <span class='ocrx_word' id='word_1_408' title='bbox 1270 2780 1304 2831; x_wconf 92' lang='lat' dir='ltr'><strong>nt</strong></span> <span class='ocrx_word' id='word_1_409' title='bbox 1318 2773 1370 2831; x_wconf 92' lang='lat' dir='ltr'><strong>tibi</strong></span> <span class='ocrx_word' id='word_1_410' title='bbox 1388 2781 1495 2833; x_wconf 91' lang='lat' dir='ltr'><strong>certam</strong></span> <span class='ocrx_word' id='word_1_411' title='bbox 1521 2787 1558 2831; x_wconf 87' lang='lat' dir='ltr'><strong>ex</strong></span> <span class='ocrx_word' id='word_1_412' title='bbox 1583 2772 1739 2845; x_wconf 87' lang='lat' dir='ltr'><strong>Seriptnris</strong></span> <span class='ocrx_word' id='word_1_413' title='bbox 1763 2773 1872 2832; x_wconf 89' lang='lat' dir='ltr'><strong>sanctis</strong></span> 
     </span>
     <span class='ocr_line' id='line_1_31' title="bbox 119 2860 1867 2936; baseline -0.003 -12"><span class='ocrx_word' id='word_1_414' title='bbox 119 2866 295 2934; x_wconf 89' lang='lat' dir='ltr'><strong>transfusus,</strong></span> <span class='ocrx_word' id='word_1_415' title='bbox 329 2864 507 2936; x_wconf 89' lang='lat' dir='ltr'><strong>plenitudine</strong></span> <span class='ocrx_word' id='word_1_416' title='bbox 542 2878 597 2922; x_wconf 91' lang='lat' dir='ltr'><strong>sua</strong></span> <span class='ocrx_word' id='word_1_417' title='bbox 629 2861 790 2920; x_wconf 89' lang='lat' dir='ltr'><strong>necessario</strong></span> <span class='ocrx_word' id='word_1_418' title='bbox 814 2861 966 2930; x_wconf 92' lang='lat' dir='ltr'><strong>minuitur,</strong></span> <span class='ocrx_word' id='word_1_419' title='bbox 1022 2860 1219 2932; x_wconf 83' lang='lat' dir='ltr'><strong>praessniamns</strong></span> <span class='ocrx_word' id='word_1_420' title='bbox 1242 2862 1373 2935; x_wconf 90' lang='lat' dir='ltr'><strong>regulam</strong></span> <span class='ocrx_word' id='word_1_421' title='bbox 1394 2863 1430 2920; x_wconf 87' lang='lat' dir='ltr'><strong>ad</strong></span> <span class='ocrx_word' id='word_1_422' title='bbox 1450 2877 1540 2935; x_wconf 91' lang='lat' dir='ltr'><strong>quam</strong></span> <span class='ocrx_word' id='word_1_423' title='bbox 1563 2871 1596 2920; x_wconf 90' lang='lat' dir='ltr'><strong>tu</strong></span> <span class='ocrx_word' id='word_1_424' title='bbox 1615 2862 1731 2920; x_wconf 91' lang='lat' dir='ltr'><strong>ordines</strong></span> <span class='ocrx_word' id='word_1_425' title='bbox 1748 2876 1867 2920; x_wconf 89' lang='lat' dir='ltr'><strong>cursum</strong></span> 
     </span>
     <span class='ocr_line' id='line_1_32' title="bbox 118 2919 1867 3026; baseline -0.003 -13"><span class='ocrx_word' id='word_1_426' title='bbox 118 2969 172 3013; x_wconf 89' lang='lat' dir='ltr'><strong>nec</strong></span> <span class='ocrx_word' id='word_1_427' title='bbox 190 2955 254 3026; x_wconf 82' lang='lat' dir='ltr'><strong>eius</strong></span> <span class='ocrx_word' id='word_1_428' title='bbox 266 2955 414 3026; x_wconf 84' lang='lat' dir='ltr'><strong>quantitas</strong></span> <span class='ocrx_word' id='word_1_429' title='bbox 433 2954 462 3010; x_wconf 93' lang='lat' dir='ltr'><strong>in</strong></span> <span class='ocrx_word' id='word_1_430' title='bbox 482 2953 593 3010; x_wconf 84' lang='lat' dir='ltr'><strong>ceteris</strong></span> <span class='ocrx_word' id='word_1_431' title='bbox 619 2953 698 3010; x_wconf 83' lang='lat' dir='ltr'><strong>vasis</strong></span> <span class='ocrx_word' id='word_1_432' title='bbox 722 2958 813 3023; x_wconf 85' lang='lat' dir='ltr'><strong>potest</strong></span> <span class='ocrx_word' id='word_1_433' title='bbox 839 2950 967 3021; x_wconf 89' lang='lat' dir='ltr'><strong>reperiri,</strong></span> <span class='ocrx_word' id='word_1_434' title='bbox 984 2919 1006 2977; x_wconf 74' lang='lat'><strong>⁰</strong></span> <span class='ocrx_word' id='word_1_435' title='bbox 1022 2951 1089 3008; x_wconf 80' lang='lat' dir='ltr'><strong>rite</strong></span> <span class='ocrx_word' id='word_1_436' title='bbox 1104 2957 1160 3007; x_wconf 81' lang='lat' dir='ltr'><strong>tuat</strong></span> <span class='ocrx_word' id='word_1_437' title='bbox 1170 2966 1179 3022; x_wconf 93' lang='lat'>;</span> <span class='ocrx_word' id='word_1_438' title='bbox 1195 2958 1227 3008; x_wconf 94' lang='lat' dir='ltr'><strong>nt</strong></span> <span class='ocrx_word' id='word_1_439' title='bbox 1242 2952 1358 3025; x_wconf 90' lang='lat' dir='ltr'><strong>cognita</strong></span> <span class='ocrx_word' id='word_1_440' title='bbox 1381 2951 1496 3009; x_wconf 88' lang='lat' dir='ltr'><strong>Domini</strong></span> <span class='ocrx_word' id='word_1_441' title='bbox 1509 2952 1669 3021; x_wconf 88' lang='lat' dir='ltr'><strong>voluntate,</strong></span> <span class='ocrx_word' id='word_1_442' title='bbox 1687 2951 1762 3008; x_wconf 93' lang='lat' dir='ltr'><strong>inter</strong></span> <span class='ocrx_word' id='word_1_443' title='bbox 1774 2951 1867 3009; x_wconf 91' lang='lat' dir='ltr'><strong>hono·</strong></span> 
     </span>
     <span class='ocr_line' id='line_1_33' title="bbox 119 3038 1872 3117; baseline -0.003 -14"><span class='ocrx_word' id='word_1_444' title='bbox 119 3058 211 3117; x_wconf 88' lang='lat' dir='ltr'><strong>qnam</strong></span> <span class='ocrx_word' id='word_1_445' title='bbox 226 3044 256 3101; x_wconf 95' lang='lat' dir='ltr'><strong>in</strong></span> <span class='ocrx_word' id='word_1_446' title='bbox 271 3042 365 3115; x_wconf 90' lang='lat' dir='ltr'><strong>priore</strong></span> <span class='ocrx_word' id='word_1_447' title='bbox 381 3042 493 3100; x_wconf 90' lang='lat' dir='ltr'><strong>habuit.</strong></span> <span class='ocrx_word' id='word_1_448' title='bbox 518 3040 600 3099; x_wconf 89' lang='lat' dir='ltr'><strong>Unde</strong></span> <span class='ocrx_word' id='word_1_449' title='bbox 622 3049 651 3097; x_wconf 90' lang='lat' dir='ltr'><strong>et</strong></span> <span class='ocrx_word' id='word_1_450' title='bbox 666 3040 738 3097; x_wconf 92' lang='lat' dir='ltr'><strong>illud</strong></span> <span class='ocrx_word' id='word_1_451' title='bbox 755 3054 831 3112; x_wconf 73' lang='lat' dir='ltr'><strong>saepe</strong></span> <span class='ocrx_word' id='word_1_452' title='bbox 854 3039 967 3109; x_wconf 89' lang='lat' dir='ltr'><strong>accidit,</strong></span> <span class='ocrx_word' id='word_1_453' title='bbox 1022 3053 1068 3097; x_wconf 91' lang='lat' dir='ltr'><strong>res</strong></span> <span class='ocrx_word' id='word_1_454' title='bbox 1085 3038 1193 3108; x_wconf 82' lang='lat' dir='ltr'><strong>seculi,</strong></span> <span class='ocrx_word' id='word_1_455' title='bbox 1211 3047 1238 3097; x_wconf 92' lang='lat' dir='ltr'><strong>et</strong></span> <span class='ocrx_word' id='word_1_456' title='bbox 1257 3040 1426 3099; x_wconf 87' lang='lat' dir='ltr'><strong>divitiarum</strong></span> <span class='ocrx_word' id='word_1_457' title='bbox 1455 3041 1613 3111; x_wconf 88' lang='lat' dir='ltr'><strong>illecebras,</strong></span> <span class='ocrx_word' id='word_1_458' title='bbox 1642 3054 1757 3098; x_wconf 90' lang='lat' dir='ltr'><strong>morum</strong></span> <span class='ocrx_word' id='word_1_459' title='bbox 1777 3040 1872 3113; x_wconf 88' lang='lat' dir='ltr'><strong>magis</strong></span> 
     </span>
     <span class='ocr_line' id='line_1_34' title="bbox 120 3128 1870 3204; baseline -0.002 -15"><span class='ocrx_word' id='word_1_460' title='bbox 120 3131 199 3204; x_wconf 93' lang='lat' dir='ltr'><strong>quod</strong></span> <span class='ocrx_word' id='word_1_461' title='bbox 229 3146 296 3188; x_wconf 91' lang='lat' dir='ltr'><strong>cum</strong></span> <span class='ocrx_word' id='word_1_462' title='bbox 325 3130 475 3202; x_wconf 92' lang='lat' dir='ltr'><strong>aliquibus</strong></span> <span class='ocrx_word' id='word_1_463' title='bbox 507 3129 675 3187; x_wconf 89' lang='lat' dir='ltr'><strong>testimoniis</strong></span> <span class='ocrx_word' id='word_1_464' title='bbox 701 3129 815 3187; x_wconf 79' lang='lat' dir='ltr'><strong>ludens</strong></span> <span class='ocrx_word' id='word_1_465' title='bbox 846 3142 970 3200; x_wconf 92' lang='lat' dir='ltr'><strong>arguere</strong></span> <span class='ocrx_word' id='word_1_466' title='bbox 1021 3128 1125 3200; x_wconf 89' lang='lat' dir='ltr'><strong>diligas</strong></span> <span class='ocrx_word' id='word_1_467' title='bbox 1148 3128 1365 3200; x_wconf 89' lang='lat' dir='ltr'><strong>supellectilem,</strong></span> <span class='ocrx_word' id='word_1_468' title='bbox 1384 3138 1473 3202; x_wconf 87' lang='lat' dir='ltr'><strong>atque</strong></span> <span class='ocrx_word' id='word_1_469' title='bbox 1500 3137 1532 3188; x_wconf 85' lang='lat' dir='ltr'><strong>ut</strong></span> <span class='ocrx_word' id='word_1_470' title='bbox 1559 3129 1651 3201; x_wconf 90' lang='lat' dir='ltr'><strong>possis</strong></span> <span class='ocrx_word' id='word_1_471' title='bbox 1677 3129 1708 3185; x_wconf 91' lang='lat' dir='ltr'><strong>in</strong></span> <span class='ocrx_word' id='word_1_472' title='bbox 1732 3129 1870 3202; x_wconf 88' lang='lat' dir='ltr'><strong>conjugio</strong></span> 
     </span>
     <span class='ocr_line' id='line_1_35' title="bbox 116 3216 1870 3290; baseline -0.001 -14"><span class='ocrx_word' id='word_1_473' title='bbox 116 3219 249 3289; x_wconf 91' lang='lat' dir='ltr'><strong>nitimur,</strong></span> <span class='ocrx_word' id='word_1_474' title='bbox 265 3218 348 3277; x_wconf 89' lang='lat' dir='ltr'><strong>facile</strong></span> <span class='ocrx_word' id='word_1_475' title='bbox 366 3234 419 3277; x_wconf 93' lang='lat' dir='ltr'><strong>nos</strong></span> <span class='ocrx_word' id='word_1_476' title='bbox 447 3218 575 3276; x_wconf 91' lang='lat' dir='ltr'><strong>refellere</strong></span> <span class='ocrx_word' id='word_1_477' title='bbox 597 3219 691 3276; x_wconf 93' lang='lat' dir='ltr'><strong>solent</strong></span> <span class='ocrx_word' id='word_1_478' title='bbox 711 3218 764 3289; x_wconf 93' lang='lat' dir='ltr'><strong>qui</strong></span> <span class='ocrx_word' id='word_1_479' title='bbox 793 3216 968 3275; x_wconf 88' lang='lat' dir='ltr'><strong>Hebraicum</strong></span> <span class='ocrx_word' id='word_1_480' title='bbox 1021 3217 1187 3283; x_wconf 91' lang='lat' dir='ltr'><strong>constituta,</strong></span> <span class='ocrx_word' id='word_1_481' title='bbox 1212 3231 1271 3275; x_wconf 93' lang='lat' dir='ltr'><strong>non</strong></span> <span class='ocrx_word' id='word_1_482' title='bbox 1298 3217 1391 3276; x_wconf 90' lang='lat' dir='ltr'><strong>solnm</strong></span> <span class='ocrx_word' id='word_1_483' title='bbox 1416 3218 1534 3290; x_wconf 86' lang='lat' dir='ltr'><strong>conjugi</strong></span> <span class='ocrx_word' id='word_1_484' title='bbox 1560 3220 1683 3290; x_wconf 91' lang='lat' dir='ltr'><strong>placere,</strong></span> <span class='ocrx_word' id='word_1_485' title='bbox 1706 3218 1755 3274; x_wconf 88' lang='lat' dir='ltr'><strong>sed</strong></span> <span class='ocrx_word' id='word_1_486' title='bbox 1782 3217 1870 3276; x_wconf 90' lang='lat' dir='ltr'><strong>etiarn</strong></span> 
     </span>
     <span class='ocr_line' id='line_1_36' title="bbox 117 3305 1869 3381; baseline 0.001 -17"><span class='ocrx_word' id='word_1_487' title='bbox 117 3308 297 3381; x_wconf 86' lang='lat' dir='ltr'><strong>ignoramus,</strong></span> <span class='ocrx_word' id='word_1_488' title='bbox 315 3322 352 3366; x_wconf 84' lang='lat' dir='ltr'><strong>ex</strong></span> <span class='ocrx_word' id='word_1_489' title='bbox 381 3307 614 3376; x_wconf 89' lang='lat' dir='ltr'><strong>translationum,</strong></span> <span class='ocrx_word' id='word_1_490' title='bbox 633 3314 666 3365; x_wconf 93' lang='lat' dir='ltr'><strong>nt</strong></span> <span class='ocrx_word' id='word_1_491' title='bbox 680 3307 773 3376; x_wconf 90' lang='lat' dir='ltr'><strong>aiunt,</strong></span> <span class='ocrx_word' id='word_1_492' title='bbox 803 3313 967 3363; x_wconf 90' lang='lat' dir='ltr'><strong>nostrarum</strong></span> <span class='ocrx_word' id='word_1_493' title='bbox 1020 3306 1119 3377; x_wconf 90' lang='lat' dir='ltr'><strong>ei,qui</strong></span> <span class='ocrx_word' id='word_1_494' title='bbox 1136 3307 1230 3378; x_wconf 89' lang='lat' dir='ltr'><strong>ipsum</strong></span> <span class='ocrx_word' id='word_1_495' title='bbox 1253 3305 1375 3365; x_wconf 88' lang='lat' dir='ltr'><strong>indulsit</strong></span> <span class='ocrx_word' id='word_1_496' title='bbox 1397 3307 1577 3380; x_wconf 82' lang='lat' dir='ltr'><strong>conjugium.</strong></span> <span class='ocrx_word' id='word_1_497' title='bbox 1600 3307 1653 3364; x_wconf 85' lang='lat' dir='ltr'><strong>Cui</strong></span> <span class='ocrx_word' id='word_1_498' title='bbox 1677 3314 1735 3363; x_wconf 91' lang='lat' dir='ltr'><strong>tam</strong></span> <span class='ocrx_word' id='word_1_499' title='bbox 1760 3311 1869 3366; x_wconf 77' lang='lat' dir='ltr'><strong>sanctae</strong></span> 
     </span>
     <span class='ocr_line' id='line_1_37' title="bbox 118 3387 1870 3469; baseline 0 -15"><span class='ocrx_word' id='word_1_500' title='bbox 118 3396 283 3454; x_wconf 80' lang='lat' dir='ltr'><strong>falsitate.»</strong></span> <span class='ocrx_word' id='word_1_501' title='bbox 318 3387 400 3465; x_wconf 82' lang='lat' dir='ltr'><strong>Quod</strong></span> <span class='ocrx_word' id='word_1_502' title='bbox 426 3397 642 3469; x_wconf 77' lang='lat' dir='ltr'><strong>sapientissime</strong></span> <span class='ocrx_word' id='word_1_503' title='bbox 674 3396 809 3453; x_wconf 90' lang='lat' dir='ltr'><strong>mulieres</strong></span> <span class='ocrx_word' id='word_1_504' title='bbox 824 3395 968 3467; x_wconf 78' lang='lat' dir='ltr'><strong>praedicte</strong></span> <span class='ocrx_word' id='word_1_505' title='bbox 1021 3396 1159 3467; x_wconf 88' lang='lat' dir='ltr'><strong>petitioni,</strong></span> <span class='ocrx_word' id='word_1_506' title='bbox 1176 3404 1294 3468; x_wconf 92' lang='lat' dir='ltr'><strong>tamque</strong></span> <span class='ocrx_word' id='word_1_507' title='bbox 1307 3396 1354 3467; x_wconf 93' lang='lat' dir='ltr'><strong>pio</strong></span> <span class='ocrx_word' id='word_1_508' title='bbox 1368 3396 1508 3453; x_wconf 89' lang='lat' dir='ltr'><strong>desiderio</strong></span> <span class='ocrx_word' id='word_1_509' title='bbox 1524 3410 1582 3452; x_wconf 93' lang='lat' dir='ltr'><strong>non</strong></span> <span class='ocrx_word' id='word_1_510' title='bbox 1593 3396 1765 3466; x_wconf 87' lang='lat' dir='ltr'><strong>satisfacere,</strong></span> <span class='ocrx_word' id='word_1_511' title='bbox 1797 3396 1870 3469; x_wconf 91' lang='lat' dir='ltr'><strong>quid</strong></span> 
     </span>
     <span class='ocr_line' id='line_1_38' title="bbox 118 3484 1868 3558; baseline 0.001 -18"><span class='ocrx_word' id='word_1_512' title='bbox 118 3484 273 3556; x_wconf 85' lang='lat' dir='ltr'><strong>diligenter</strong></span> <span class='ocrx_word' id='word_1_513' title='bbox 301 3486 488 3556; x_wconf 78' lang='lat' dir='ltr'><strong>attendentes,</strong></span> <span class='ocrx_word' id='word_1_514' title='bbox 515 3499 702 3558; x_wconf 91' lang='lat' dir='ltr'><strong>nequaquam</strong></span> <span class='ocrx_word' id='word_1_515' title='bbox 716 3484 841 3556; x_wconf 82' lang='lat' dir='ltr'><strong>propria</strong></span> <span class='ocrx_word' id='word_1_516' title='bbox 861 3485 969 3556; x_wconf 78' lang='lat' dir='ltr'><strong>linguas</strong></span> <span class='ocrx_word' id='word_1_517' title='bbox 1021 3484 1163 3552; x_wconf 90' lang='lat' dir='ltr'><strong>alindest,</strong></span> <span class='ocrx_word' id='word_1_518' title='bbox 1179 3499 1266 3557; x_wconf 92' lang='lat' dir='ltr'><strong>quam</strong></span> <span class='ocrx_word' id='word_1_519' title='bbox 1284 3485 1442 3556; x_wconf 92' lang='lat' dir='ltr'><strong>profectum</strong></span> <span class='ocrx_word' id='word_1_520' title='bbox 1459 3484 1577 3542; x_wconf 90' lang='lat' dir='ltr'><strong>alterins</strong></span> <span class='ocrx_word' id='word_1_521' title='bbox 1592 3500 1650 3543; x_wconf 94' lang='lat' dir='ltr'><strong>non</strong></span> <span class='ocrx_word' id='word_1_522' title='bbox 1665 3486 1787 3543; x_wconf 80' lang='lat' dir='ltr'><strong>amaret</strong></span> <span class='ocrx_word' id='word_1_523' title='bbox 1812 3485 1868 3542; x_wconf 88' lang='lat' dir='ltr'><strong>Pa·</strong></span> 
     </span>
     <span class='ocr_line' id='line_1_39' title="bbox 118 3571 1870 3646; baseline 0.001 -17"><span class='ocrx_word' id='word_1_524' title='bbox 118 3571 250 3630; x_wconf 90' lang='lat' dir='ltr'><strong>doctrina</strong></span> <span class='ocrx_word' id='word_1_525' title='bbox 271 3580 411 3630; x_wconf 74' lang='lat' dir='ltr'><strong>contente</strong></span> <span class='ocrx_word' id='word_1_526' title='bbox 425 3571 566 3629; x_wconf 90' lang='lat' dir='ltr'><strong>fuerunt:</strong></span> <span class='ocrx_word' id='word_1_527' title='bbox 593 3575 625 3629; x_wconf 92' lang='lat' dir='ltr'><strong>nt</strong></span> <span class='ocrx_word' id='word_1_528' title='bbox 650 3586 708 3628; x_wconf 92' lang='lat' dir='ltr'><strong>non</strong></span> <span class='ocrx_word' id='word_1_529' title='bbox 734 3571 827 3629; x_wconf 91' lang='lat' dir='ltr'><strong>solnm</strong></span> <span class='ocrx_word' id='word_1_530' title='bbox 842 3584 910 3628; x_wconf 91' lang='lat' dir='ltr'><strong>suos</strong></span> <span class='ocrx_word' id='word_1_531' title='bbox 926 3572 968 3627; x_wconf 92' lang='lat' dir='ltr'><strong>in·</strong></span> <span class='ocrx_word' id='word_1_532' title='bbox 1020 3574 1089 3631; x_wconf 90' lang='lat' dir='ltr'><strong>rebo</strong></span> <span class='ocrx_word' id='word_1_533' title='bbox 1104 3573 1194 3646; x_wconf 90' lang='lat' dir='ltr'><strong>igitur</strong></span> <span class='ocrx_word' id='word_1_534' title='bbox 1208 3574 1341 3645; x_wconf 90' lang='lat' dir='ltr'><strong>precibus</strong></span> <span class='ocrx_word' id='word_1_535' title='bbox 1355 3574 1421 3643; x_wconf 90' lang='lat' dir='ltr'><strong>tuis,</strong></span> <span class='ocrx_word' id='word_1_536' title='bbox 1438 3581 1523 3646; x_wconf 91' lang='lat' dir='ltr'><strong>teque</strong></span> <span class='ocrx_word' id='word_1_537' title='bbox 1540 3582 1671 3646; x_wconf 91' lang='lat' dir='ltr'><strong>paratam</strong></span> <span class='ocrx_word' id='word_1_538' title='bbox 1688 3575 1724 3631; x_wconf 92' lang='lat' dir='ltr'><strong>ad</strong></span> <span class='ocrx_word' id='word_1_539' title='bbox 1748 3574 1870 3646; x_wconf 84' lang='lat' dir='ltr'><strong>implen·</strong></span> 
     </span>
     <span class='ocr_line' id='line_1_40' title="bbox 118 3659 1867 3736; baseline 0.002 -18"><span class='ocrx_word' id='word_1_540' title='bbox 118 3668 240 3729; x_wconf 89' lang='lat' dir='ltr'><strong>struere,</strong></span> <span class='ocrx_word' id='word_1_541' title='bbox 260 3660 464 3718; x_wconf 84' lang='lat' dir='ltr'><strong>verumetiam</strong></span> <span class='ocrx_word' id='word_1_542' title='bbox 480 3660 551 3717; x_wconf 92' lang='lat' dir='ltr'><strong>alios</strong></span> <span class='ocrx_word' id='word_1_543' title='bbox 576 3661 703 3718; x_wconf 85' lang='lat' dir='ltr'><strong>refellere</strong></span> <span class='ocrx_word' id='word_1_544' title='bbox 731 3667 856 3732; x_wconf 85' lang='lat' dir='ltr'><strong>possent,</strong></span> <span class='ocrx_word' id='word_1_545' title='bbox 885 3659 968 3716; x_wconf 91' lang='lat' dir='ltr'><strong>etde</strong></span> <span class='ocrx_word' id='word_1_546' title='bbox 1020 3663 1086 3720; x_wconf 90' lang='lat' dir='ltr'><strong>darn</strong></span> <span class='ocrx_word' id='word_1_547' title='bbox 1107 3662 1155 3720; x_wconf 78' lang='lat' dir='ltr'><strong>liei</strong></span> <span class='ocrx_word' id='word_1_548' title='bbox 1181 3663 1369 3732; x_wconf 82' lang='lat' dir='ltr'><strong>voluntatem,</strong></span> <span class='ocrx_word' id='word_1_549' title='bbox 1390 3663 1482 3736; x_wconf 92' lang='lat' dir='ltr'><strong>ipsius</strong></span> <span class='ocrx_word' id='word_1_550' title='bbox 1509 3663 1588 3721; x_wconf 87' lang='lat' dir='ltr'><strong>nitar</strong></span> <span class='ocrx_word' id='word_1_551' title='bbox 1601 3663 1721 3721; x_wconf 89' lang='lat' dir='ltr'><strong>incitare</strong></span> <span class='ocrx_word' id='word_1_552' title='bbox 1752 3671 1867 3721; x_wconf 90' lang='lat' dir='ltr'><strong>senten·</strong></span> 
     </span>
     <span class='ocr_line' id='line_1_41' title="bbox 117 3744 1868 3825; baseline 0.001 -16"><span class='ocrx_word' id='word_1_553' title='bbox 117 3749 320 3822; x_wconf 89' lang='lat' dir='ltr'><strong>limpidissima</strong></span> <span class='ocrx_word' id='word_1_554' title='bbox 349 3750 436 3808; x_wconf 92' lang='lat' dir='ltr'><strong>fontis</strong></span> <span class='ocrx_word' id='word_1_555' title='bbox 467 3764 554 3822; x_wconf 88' lang='lat' dir='ltr'><strong>aqua,</strong></span> <span class='ocrx_word' id='word_1_556' title='bbox 589 3750 664 3807; x_wconf 91' lang='lat' dir='ltr'><strong>sitim</strong></span> <span class='ocrx_word' id='word_1_557' title='bbox 694 3763 776 3807; x_wconf 89' lang='lat' dir='ltr'><strong>suam</strong></span> <span class='ocrx_word' id='word_1_558' title='bbox 806 3749 965 3807; x_wconf 85' lang='lat' dir='ltr'><strong>reficerent.</strong></span> <span class='ocrx_word' id='word_1_559' title='bbox 1020 3751 1077 3808; x_wconf 89' lang='lat' dir='ltr'><strong>tiis.</strong></span> <span class='ocrx_word' id='word_1_560' title='bbox 1094 3772 1109 3803; x_wconf 77' lang='lat' dir='ltr'><strong>e</strong></span> <span class='ocrx_word' id='word_1_561' title='bbox 1120 3744 1259 3810; x_wconf 82' lang='lat' dir='ltr'><strong>Audierat</strong></span> <span class='ocrx_word' id='word_1_562' title='bbox 1274 3752 1400 3810; x_wconf 90' lang='lat' dir='ltr'><strong>fortassis</strong></span> <span class='ocrx_word' id='word_1_563' title='bbox 1424 3752 1487 3810; x_wconf 82' lang='lat' dir='ltr'><strong>bec</strong></span> <span class='ocrx_word' id='word_1_564' title='bbox 1510 3760 1642 3810; x_wconf 92' lang='lat' dir='ltr'><strong>matrona</strong></span> <span class='ocrx_word' id='word_1_565' title='bbox 1656 3751 1734 3825; x_wconf 92' lang='lat' dir='ltr'><strong>quod</strong></span> <span class='ocrx_word' id='word_1_566' title='bbox 1750 3752 1781 3808; x_wconf 94' lang='lat' dir='ltr'><strong>in</strong></span> <span class='ocrx_word' id='word_1_567' title='bbox 1799 3751 1868 3810; x_wconf 90' lang='lat' dir='ltr'><strong>fau-</strong></span> 
     </span>
     <span class='ocr_line' id='line_1_42' title="bbox 117 3839 1865 3914; baseline 0 -16"><span class='ocrx_word' id='word_1_568' title='bbox 117 3840 163 3899; x_wconf 81' lang='lat' dir='ltr'><strong>ad</strong></span> <span class='ocrx_word' id='word_1_569' title='bbox 178 3840 256 3913; x_wconf 93' lang='lat' dir='ltr'><strong>quod</strong></span> <span class='ocrx_word' id='word_1_570' title='bbox 280 3841 416 3908; x_wconf 91' lang='lat' dir='ltr'><strong>maxime,</strong></span> <span class='ocrx_word' id='word_1_571' title='bbox 444 3839 476 3897; x_wconf 92' lang='lat' dir='ltr'><strong>ni</strong></span> <span class='ocrx_word' id='word_1_572' title='bbox 490 3839 583 3907; x_wconf 90' lang='lat' dir='ltr'><strong>failor,</strong></span> <span class='ocrx_word' id='word_1_573' title='bbox 613 3839 673 3911; x_wconf 92' lang='lat' dir='ltr'><strong>ipse</strong></span> <span class='ocrx_word' id='word_1_574' title='bbox 693 3839 886 3911; x_wconf 87' lang='lat' dir='ltr'><strong>Hieronymus</strong></span> <span class='ocrx_word' id='word_1_575' title='bbox 911 3839 965 3896; x_wconf 89' lang='lat' dir='ltr'><strong>ba·</strong></span> <span class='ocrx_word' id='word_1_576' title='bbox 1020 3839 1085 3898; x_wconf 89' lang='lat' dir='ltr'><strong>dem</strong></span> <span class='ocrx_word' id='word_1_577' title='bbox 1100 3849 1206 3899; x_wconf 77' lang='lat' dir='ltr'><strong>sancte</strong></span> <span class='ocrx_word' id='word_1_578' title='bbox 1220 3840 1360 3901; x_wconf 82' lang='lat' dir='ltr'><strong>Susannae</strong></span> <span class='ocrx_word' id='word_1_579' title='bbox 1375 3841 1523 3914; x_wconf 86' lang='lat' dir='ltr'><strong>Scriptura</strong></span> <span class='ocrx_word' id='word_1_580' title='bbox 1536 3849 1750 3899; x_wconf 90' lang='lat' dir='ltr'><strong>commemorat.</strong></span> <span class='ocrx_word' id='word_1_581' title='bbox 1772 3840 1865 3906; x_wconf 85' lang='lat' dir='ltr'><strong>Quam</strong></span> 
     </span>
     <span class='ocr_line' id='line_1_43' title="bbox 116 3927 1864 4003; baseline 0 -16"><span class='ocrx_word' id='word_1_582' title='bbox 116 3944 183 3987; x_wconf 92' lang='lat' dir='ltr'><strong>rum</strong></span> <span class='ocrx_word' id='word_1_583' title='bbox 200 3931 310 4002; x_wconf 88' lang='lat' dir='ltr'><strong>peritus</strong></span> <span class='ocrx_word' id='word_1_584' title='bbox 333 3929 513 4002; x_wconf 90' lang='lat' dir='ltr'><strong>linguarum,</strong></span> <span class='ocrx_word' id='word_1_585' title='bbox 542 3942 595 3985; x_wconf 90' lang='lat' dir='ltr'><strong>sno</strong></span> <span class='ocrx_word' id='word_1_586' title='bbox 607 3935 813 4000; x_wconf 82' lang='lat' dir='ltr'><strong>provocaverat</strong></span> <span class='ocrx_word' id='word_1_587' title='bbox 824 3927 964 3998; x_wconf 88' lang='lat' dir='ltr'><strong>exemplo.</strong></span> <span class='ocrx_word' id='word_1_588' title='bbox 1019 3944 1086 3988; x_wconf 89' lang='lat' dir='ltr'><strong>curn</strong></span> <span class='ocrx_word' id='word_1_589' title='bbox 1114 3931 1294 4003; x_wconf 82' lang='lat' dir='ltr'><strong>prantsissat</strong></span> <span class='ocrx_word' id='word_1_590' title='bbox 1327 3931 1480 4002; x_wconf 91' lang='lat' dir='ltr'><strong>pulchram</strong></span> <span class='ocrx_word' id='word_1_591' title='bbox 1513 3930 1609 3999; x_wconf 88' lang='lat' dir='ltr'><strong>nimis,</strong></span> <span class='ocrx_word' id='word_1_592' title='bbox 1648 3938 1675 3988; x_wconf 93' lang='lat' dir='ltr'><strong>et</strong></span> <span class='ocrx_word' id='word_1_593' title='bbox 1717 3931 1864 3988; x_wconf 89' lang='lat' dir='ltr'><strong>timentem</strong></span> 
     </span>
     <span class='ocr_line' id='line_1_44' title="bbox 117 4016 1867 4090; baseline 0.001 -16"><span class='ocrx_word' id='word_1_594' title='bbox 117 4018 209 4089; x_wconf 80' lang='lat' dir='ltr'><strong>cnjus</strong></span> <span class='ocrx_word' id='word_1_595' title='bbox 235 4019 353 4089; x_wconf 89' lang='lat' dir='ltr'><strong>quidem</strong></span> <span class='ocrx_word' id='word_1_596' title='bbox 379 4017 487 4089; x_wconf 83' lang='lat' dir='ltr'><strong>peritie</strong></span> <span class='ocrx_word' id='word_1_597' title='bbox 515 4016 716 4088; x_wconf 90' lang='lat' dir='ltr'><strong>perfectionem</strong></span> <span class='ocrx_word' id='word_1_598' title='bbox 731 4024 841 4088; x_wconf 91' lang='lat' dir='ltr'><strong>quanto</strong></span> <span class='ocrx_word' id='word_1_599' title='bbox 867 4016 966 4073; x_wconf 91' lang='lat' dir='ltr'><strong>labore</strong></span> <span class='ocrx_word' id='word_1_600' title='bbox 1018 4018 1121 4086; x_wconf 78' lang='lat' dir='ltr'><strong>licum,</strong></span> <span class='ocrx_word' id='word_1_601' title='bbox 1138 4020 1215 4076; x_wconf 89' lang='lat' dir='ltr'><strong>unde</strong></span> <span class='ocrx_word' id='word_1_602' title='bbox 1230 4019 1276 4077; x_wconf 93' lang='lat' dir='ltr'><strong>hic</strong></span> <span class='ocrx_word' id='word_1_603' title='bbox 1296 4019 1381 4077; x_wconf 92' lang='lat' dir='ltr'><strong>timor</strong></span> <span class='ocrx_word' id='word_1_604' title='bbox 1409 4026 1437 4078; x_wconf 91' lang='lat' dir='ltr'><strong>et</strong></span> <span class='ocrx_word' id='word_1_605' title='bbox 1464 4033 1551 4078; x_wconf 83' lang='lat' dir='ltr'><strong>verus</strong></span> <span class='ocrx_word' id='word_1_606' title='bbox 1576 4020 1680 4077; x_wconf 77' lang='lat' dir='ltr'><strong>anime</strong></span> <span class='ocrx_word' id='word_1_607' title='bbox 1703 4019 1788 4076; x_wconf 90' lang='lat' dir='ltr'><strong>decor</strong></span> <span class='ocrx_word' id='word_1_608' title='bbox 1802 4033 1867 4090; x_wconf 91' lang='lat' dir='ltr'><strong>pro·</strong></span> 
     </span>
     <span class='ocr_line' id='line_1_45' title="bbox 115 4104 1865 4180; baseline 0 -16"><span class='ocrx_word' id='word_1_609' title='bbox 115 4107 161 4164; x_wconf 85' lang='lat' dir='ltr'><strong>rel</strong></span> <span class='ocrx_word' id='word_1_610' title='bbox 180 4107 315 4180; x_wconf 79' lang='lat' dir='ltr'><strong>expensis</strong></span> <span class='ocrx_word' id='word_1_611' title='bbox 341 4106 519 4177; x_wconf 88' lang='lat' dir='ltr'><strong>acquisierit,</strong></span> <span class='ocrx_word' id='word_1_612' title='bbox 535 4105 571 4161; x_wconf 94' lang='lat' dir='ltr'><strong>ad</strong></span> <span class='ocrx_word' id='word_1_613' title='bbox 592 4105 816 4163; x_wconf 85' lang='lat' dir='ltr'><strong>Pammaebimm</strong></span> <span class='ocrx_word' id='word_1_614' title='bbox 831 4113 859 4162; x_wconf 90' lang='lat' dir='ltr'><strong>et</strong></span> <span class='ocrx_word' id='word_1_615' title='bbox 877 4104 964 4162; x_wconf 90' lang='lat' dir='ltr'><strong>Ocea·</strong></span> <span class='ocrx_word' id='word_1_616' title='bbox 1018 4107 1139 4176; x_wconf 85' lang='lat' dir='ltr'><strong>cederet,</strong></span> <span class='ocrx_word' id='word_1_617' title='bbox 1164 4108 1261 4165; x_wconf 92' lang='lat' dir='ltr'><strong>statim</strong></span> <span class='ocrx_word' id='word_1_618' title='bbox 1284 4107 1426 4165; x_wconf 87' lang='lat' dir='ltr'><strong>annexuit</strong></span> <span class='ocrx_word' id='word_1_619' title='bbox 1436 4107 1536 4166; x_wconf 91' lang='lat' dir='ltr'><strong>dicens</strong></span> <span class='ocrx_word' id='word_1_620' title='bbox 1565 4123 1571 4165; x_wconf 93' lang='lat'><strong>:</strong></span> <span class='ocrx_word' id='word_1_621' title='bbox 1601 4109 1766 4165; x_wconf 77' lang='lat' dir='ltr'><strong>«Parentes</strong></span> <span class='ocrx_word' id='word_1_622' title='bbox 1787 4107 1865 4165; x_wconf 92' lang='lat' dir='ltr'><strong>enim</strong></span> 
     </span>
     <span class='ocr_line' id='line_1_46' title="bbox 115 4194 1867 4271; baseline 0.002 -19"><span class='ocrx_word' id='word_1_623' title='bbox 115 4209 189 4253; x_wconf 90' lang='lat' dir='ltr'><strong>num</strong></span> <span class='ocrx_word' id='word_1_624' title='bbox 203 4195 303 4253; x_wconf 88' lang='lat' dir='ltr'><strong>scribit</strong></span> <span class='ocrx_word' id='word_1_625' title='bbox 317 4195 364 4251; x_wconf 88' lang='lat' dir='ltr'><strong>his</strong></span> <span class='ocrx_word' id='word_1_626' title='bbox 376 4194 496 4252; x_wconf 81' lang='lat' dir='ltr'><strong>verbis:</strong></span> <span class='ocrx_word' id='word_1_627' title='bbox 517 4216 532 4246; x_wconf 74' lang='lat' dir='ltr'><strong>e</strong></span> <span class='ocrx_word' id='word_1_628' title='bbox 543 4194 618 4252; x_wconf 86' lang='lat' dir='ltr'><strong>Dum</strong></span> <span class='ocrx_word' id='word_1_629' title='bbox 644 4208 735 4252; x_wconf 86' lang='lat' dir='ltr'><strong>essem</strong></span> <span class='ocrx_word' id='word_1_630' title='bbox 751 4194 878 4267; x_wconf 79' lang='lat' dir='ltr'><strong>juvenis,</strong></span> <span class='ocrx_word' id='word_1_631' title='bbox 890 4195 963 4251; x_wconf 91' lang='lat' dir='ltr'><strong>miro</strong></span> <span class='ocrx_word' id='word_1_632' title='bbox 979 4216 1001 4271; x_wconf 77' lang='lat' dir='ltr'><strong>y)</strong></span> <span class='ocrx_word' id='word_1_633' title='bbox 1017 4195 1105 4266; x_wconf 89' lang='lat' dir='ltr'><strong>iilius,</strong></span> <span class='ocrx_word' id='word_1_634' title='bbox 1121 4210 1189 4255; x_wconf 91' lang='lat' dir='ltr'><strong>cnm</strong></span> <span class='ocrx_word' id='word_1_635' title='bbox 1201 4204 1296 4255; x_wconf 92' lang='lat' dir='ltr'><strong>essent</strong></span> <span class='ocrx_word' id='word_1_636' title='bbox 1315 4196 1396 4268; x_wconf 88' lang='lat' dir='ltr'><strong>y&#39;usti,</strong></span> <span class='ocrx_word' id='word_1_637' title='bbox 1420 4198 1592 4256; x_wconf 89' lang='lat' dir='ltr'><strong>erudierunt</strong></span> <span class='ocrx_word' id='word_1_638' title='bbox 1606 4197 1695 4254; x_wconf 89' lang='lat' dir='ltr'><strong>filiam</strong></span> <span class='ocrx_word' id='word_1_639' title='bbox 1723 4211 1806 4254; x_wconf 91' lang='lat' dir='ltr'><strong>suam</strong></span> <span class='ocrx_word' id='word_1_640' title='bbox 1823 4211 1867 4255; x_wconf 88' lang='lat' dir='ltr'><strong>se·</strong></span> 
     </span>
     <span class='ocr_line' id='line_1_47' title="bbox 115 4282 1866 4360; baseline 0.001 -19"><span class='ocrx_word' id='word_1_641' title='bbox 115 4283 245 4341; x_wconf 85' lang='lat' dir='ltr'><strong>discendi</strong></span> <span class='ocrx_word' id='word_1_642' title='bbox 273 4283 385 4341; x_wconf 91' lang='lat' dir='ltr'><strong>ferebar</strong></span> <span class='ocrx_word' id='word_1_643' title='bbox 421 4284 534 4350; x_wconf 88' lang='lat' dir='ltr'><strong>ardere,</strong></span> <span class='ocrx_word' id='word_1_644' title='bbox 564 4297 626 4353; x_wconf 90' lang='lat' dir='ltr'><strong>nee,</strong></span> <span class='ocrx_word' id='word_1_645' title='bbox 650 4284 738 4355; x_wconf 86' lang='lat' dir='ltr'><strong>juxta</strong></span> <span class='ocrx_word' id='word_1_646' title='bbox 765 4282 960 4355; x_wconf 92' lang='lat' dir='ltr'><strong>quorumdam</strong></span> <span class='ocrx_word' id='word_1_647' title='bbox 1016 4286 1148 4344; x_wconf 88' lang='lat' dir='ltr'><strong>cundum</strong></span> <span class='ocrx_word' id='word_1_648' title='bbox 1170 4285 1261 4359; x_wconf 91' lang='lat' dir='ltr'><strong>legem</strong></span> <span class='ocrx_word' id='word_1_649' title='bbox 1285 4286 1373 4359; x_wconf 89' lang='lat' dir='ltr'><strong>lfoysi</strong></span> <span class='ocrx_word' id='word_1_650' title='bbox 1395 4286 1478 4359; x_wconf 81' lang='lat' dir='ltr'><strong>(ben.</strong></span> <span class='ocrx_word' id='word_1_651' title='bbox 1502 4302 1563 4355; x_wconf 82' lang='lat' dir='ltr'><strong>rut,</strong></span> <span class='ocrx_word' id='word_1_652' title='bbox 1593 4288 1631 4360; x_wconf 80' lang='grc'><strong>3).</strong></span> <span class='ocrx_word' id='word_1_653' title='bbox 1648 4308 1663 4339; x_wconf 74' lang='lat' dir='ltr'><strong>a</strong></span> <span class='ocrx_word' id='word_1_654' title='bbox 1690 4286 1866 4358; x_wconf 82' lang='lat' dir='ltr'><strong>Cujnseru·</strong></span> 
     </span>
     <span class='ocr_line' id='line_1_48' title="bbox 114 4372 1863 4447; baseline 0.001 -17"><span class='ocrx_word' id='word_1_655' title='bbox 114 4372 381 4444; x_wconf 79' lang='lat' dir='ltr'><strong>presumptionem,</strong></span> <span class='ocrx_word' id='word_1_656' title='bbox 407 4373 467 4444; x_wconf 90' lang='lat' dir='ltr'><strong>ipse</strong></span> <span class='ocrx_word' id='word_1_657' title='bbox 487 4387 533 4431; x_wconf 94' lang='lat' dir='ltr'><strong>me</strong></span> <span class='ocrx_word' id='word_1_658' title='bbox 547 4373 642 4430; x_wconf 90' lang='lat' dir='ltr'><strong>docui.</strong></span> <span class='ocrx_word' id='word_1_659' title='bbox 657 4372 871 4443; x_wconf 79' lang='lat' dir='ltr'><strong>Apollinarium</strong></span> <span class='ocrx_word' id='word_1_660' title='bbox 886 4372 962 4428; x_wconf 85' lang='lat' dir='ltr'><strong>hao-</strong></span> <span class='ocrx_word' id='word_1_661' title='bbox 1016 4375 1133 4435; x_wconf 92' lang='lat' dir='ltr'><strong>ditionis</strong></span> <span class='ocrx_word' id='word_1_662' title='bbox 1149 4375 1225 4434; x_wconf 90' lang='lat' dir='ltr'><strong>inter</strong></span> <span class='ocrx_word' id='word_1_663' title='bbox 1252 4375 1396 4434; x_wconf 88' lang='lat' dir='ltr'><strong>molestias</strong></span> <span class='ocrx_word' id='word_1_664' title='bbox 1422 4375 1594 4447; x_wconf 88' lang='lat' dir='ltr'><strong>nuptiarum</strong></span> <span class='ocrx_word' id='word_1_665' title='bbox 1624 4383 1652 4435; x_wconf 92' lang='grc' dir='ltr'><strong>ιι</strong></span> <span class='ocrx_word' id='word_1_666' title='bbox 1677 4375 1863 4433; x_wconf 81' lang='lat' dir='ltr'><strong>saecularium</strong></span> 
     </span>
     <span class='ocr_line' id='line_1_49' title="bbox 112 4460 1863 4536; baseline 0.001 -17"><span class='ocrx_word' id='word_1_667' title='bbox 112 4461 363 4520; x_wconf 88' lang='lat' dir='ltr'><strong>dicenumaudivi</strong></span> <span class='ocrx_word' id='word_1_668' title='bbox 385 4462 546 4520; x_wconf 76' lang='lat' dir='ltr'><strong>Antiochia</strong></span> <span class='ocrx_word' id='word_1_669' title='bbox 561 4461 737 4534; x_wconf 88' lang='lat' dir='ltr'><strong>frequenter,</strong></span> <span class='ocrx_word' id='word_1_670' title='bbox 757 4469 785 4518; x_wconf 93' lang='lat' dir='ltr'><strong>et</strong></span> <span class='ocrx_word' id='word_1_671' title='bbox 812 4460 909 4518; x_wconf 89' lang='lat' dir='ltr'><strong>colui:</strong></span> <span class='ocrx_word' id='word_1_672' title='bbox 935 4468 962 4519; x_wconf 94' lang='lat' dir='ltr'><strong>et</strong></span> <span class='ocrx_word' id='word_1_673' title='bbox 1016 4463 1247 4536; x_wconf 88' lang='lat' dir='ltr'><strong>perturbationes</strong></span> <span class='ocrx_word' id='word_1_674' title='bbox 1277 4463 1497 4534; x_wconf 90' lang='lat' dir='ltr'><strong>occupationum</strong></span> <span class='ocrx_word' id='word_1_675' title='bbox 1518 4463 1652 4523; x_wconf 87' lang='lat' dir='ltr'><strong>Susanna</strong></span> <span class='ocrx_word' id='word_1_676' title='bbox 1677 4479 1736 4522; x_wconf 89' lang='lat' dir='ltr'><strong>non</strong></span> <span class='ocrx_word' id='word_1_677' title='bbox 1762 4463 1863 4520; x_wconf 89' lang='lat' dir='ltr'><strong>imme·</strong></span> 
     </span>
     <span class='ocr_line' id='line_1_50' title="bbox 114 4549 1862 4627; baseline -0.001 -17"><span class='ocrx_word' id='word_1_678' title='bbox 114 4567 184 4610; x_wconf 88' lang='lat' dir='ltr'><strong>cum</strong></span> <span class='ocrx_word' id='word_1_679' title='bbox 205 4566 250 4610; x_wconf 91' lang='lat' dir='ltr'><strong>me</strong></span> <span class='ocrx_word' id='word_1_680' title='bbox 277 4551 308 4608; x_wconf 89' lang='lat' dir='ltr'><strong>in</strong></span> <span class='ocrx_word' id='word_1_681' title='bbox 328 4553 436 4610; x_wconf 91' lang='lat' dir='ltr'><strong>sanctis</strong></span> <span class='ocrx_word' id='word_1_682' title='bbox 462 4551 617 4622; x_wconf 82' lang='lat' dir='ltr'><strong>Scripturis</strong></span> <span class='ocrx_word' id='word_1_683' title='bbox 646 4549 783 4620; x_wconf 90' lang='lat' dir='ltr'><strong>erudiret,</strong></span> <span class='ocrx_word' id='word_1_684' title='bbox 807 4565 961 4623; x_wconf 88' lang='lat' dir='ltr'><strong>nunquam</strong></span> <span class='ocrx_word' id='word_1_685' title='bbox 1015 4566 1088 4622; x_wconf 88' lang='lat' dir='ltr'><strong>mor,</strong></span> <span class='ocrx_word' id='word_1_686' title='bbox 1104 4560 1132 4611; x_wconf 91' lang='lat' dir='ltr'><strong>et</strong></span> <span class='ocrx_word' id='word_1_687' title='bbox 1147 4551 1231 4610; x_wconf 90' lang='lat' dir='ltr'><strong>morti</strong></span> <span class='ocrx_word' id='word_1_688' title='bbox 1254 4551 1429 4624; x_wconf 85' lang='lat' dir='ltr'><strong>adjudicata.</strong></span> <span class='ocrx_word' id='word_1_689' title='bbox 1453 4553 1531 4625; x_wconf 92' lang='lat' dir='ltr'><strong>ipsos</strong></span> <span class='ocrx_word' id='word_1_690' title='bbox 1554 4567 1622 4613; x_wconf 90' lang='lat' dir='ltr'><strong>suos</strong></span> <span class='ocrx_word' id='word_1_691' title='bbox 1634 4553 1747 4627; x_wconf 83' lang='lat' dir='ltr'><strong>jndices</strong></span> <span class='ocrx_word' id='word_1_692' title='bbox 1773 4560 1862 4625; x_wconf 91' lang='lat' dir='ltr'><strong>atque</strong></span> 
     </span>
     <span class='ocr_line' id='line_1_51' title="bbox 112 4639 1863 4714; baseline -0.001 -15"><span class='ocrx_word' id='word_1_693' title='bbox 112 4641 192 4700; x_wconf 91' lang='lat' dir='ltr'><strong>illius</strong></span> <span class='ocrx_word' id='word_1_694' title='bbox 222 4642 434 4701; x_wconf 91' lang='lat' dir='ltr'><strong>contentiosum</strong></span> <span class='ocrx_word' id='word_1_695' title='bbox 460 4655 546 4712; x_wconf 92' lang='lat' dir='ltr'><strong>super</strong></span> <span class='ocrx_word' id='word_1_696' title='bbox 585 4655 673 4699; x_wconf 88' lang='lat' dir='ltr'><strong>sensu</strong></span> <span class='ocrx_word' id='word_1_697' title='bbox 700 4640 805 4714; x_wconf 84' lang='lat' dir='ltr'><strong>dogma</strong></span> <span class='ocrx_word' id='word_1_698' title='bbox 836 4641 960 4712; x_wconf 81' lang='lat' dir='ltr'><strong>suscepi,</strong></span> <span class='ocrx_word' id='word_1_699' title='bbox 1016 4640 1194 4713; x_wconf 87' lang='lat' dir='ltr'><strong>presbyteros</strong></span> <span class='ocrx_word' id='word_1_700' title='bbox 1208 4640 1348 4698; x_wconf 92' lang='lat' dir='ltr'><strong>damnare</strong></span> <span class='ocrx_word' id='word_1_701' title='bbox 1375 4641 1543 4711; x_wconf 86' lang='lat' dir='ltr'><strong>promeruit.</strong></span> <span class='ocrx_word' id='word_1_702' title='bbox 1572 4640 1662 4710; x_wconf 83' lang='lat' dir='ltr'><strong>Quem</strong></span> <span class='ocrx_word' id='word_1_703' title='bbox 1686 4639 1804 4713; x_wconf 90' lang='lat' dir='ltr'><strong>quidem</strong></span> <span class='ocrx_word' id='word_1_704' title='bbox 1832 4639 1863 4697; x_wconf 94' lang='lat' dir='ltr'><strong>in</strong></span> 
     </span>
     <span class='ocr_line' id='line_1_52' title="bbox 112 4728 1865 4805; baseline -0.001 -16"><span class='ocrx_word' id='word_1_705' title='bbox 112 4731 176 4789; x_wconf 81' lang='lat' dir='ltr'><strong>lam</strong></span> <span class='ocrx_word' id='word_1_706' title='bbox 191 4733 270 4790; x_wconf 91' lang='lat' dir='ltr'><strong>canis</strong></span> <span class='ocrx_word' id='word_1_707' title='bbox 297 4732 489 4805; x_wconf 88' lang='lat' dir='ltr'><strong>spargebatur</strong></span> <span class='ocrx_word' id='word_1_708' title='bbox 512 4738 610 4803; x_wconf 91' lang='lat' dir='ltr'><strong>caput,</strong></span> <span class='ocrx_word' id='word_1_709' title='bbox 644 4738 672 4788; x_wconf 89' lang='grc' dir='ltr'><strong>ιι</strong></span> <span class='ocrx_word' id='word_1_710' title='bbox 709 4730 880 4803; x_wconf 91' lang='lat' dir='ltr'><strong>magistrum</strong></span> <span class='ocrx_word' id='word_1_711' title='bbox 910 4745 960 4803; x_wconf 91' lang='lat' dir='ltr'><strong>po·</strong></span> <span class='ocrx_word' id='word_1_712' title='bbox 1014 4728 1132 4787; x_wconf 87' lang='lat' dir='ltr'><strong>Daniele</strong></span> <span class='ocrx_word' id='word_1_713' title='bbox 1165 4728 1263 4790; x_wconf 91' lang='lat' dir='ltr'><strong>locum</strong></span> <span class='ocrx_word' id='word_1_714' title='bbox 1289 4729 1349 4802; x_wconf 91' lang='lat' dir='ltr'><strong>ipse</strong></span> <span class='ocrx_word' id='word_1_715' title='bbox 1376 4729 1569 4803; x_wconf 85' lang='lat' dir='ltr'><strong>Hieronymus</strong></span> <span class='ocrx_word' id='word_1_716' title='bbox 1604 4743 1761 4802; x_wconf 80' lang='lat' dir='ltr'><strong>exponens,</strong></span> <span class='ocrx_word' id='word_1_717' title='bbox 1791 4728 1865 4787; x_wconf 87' lang='lat' dir='ltr'><strong>illud</strong></span> 
     </span>
     <span class='ocr_line' id='line_1_53' title="bbox 111 4817 1863 4894; baseline -0.001 -15"><span class='ocrx_word' id='word_1_718' title='bbox 111 4820 171 4879; x_wconf 91' lang='lat' dir='ltr'><strong>tius</strong></span> <span class='ocrx_word' id='word_1_719' title='bbox 208 4835 298 4894; x_wconf 92' lang='lat' dir='ltr'><strong>qoam</strong></span> <span class='ocrx_word' id='word_1_720' title='bbox 338 4821 514 4894; x_wconf 91' lang='lat' dir='ltr'><strong>discipulum</strong></span> <span class='ocrx_word' id='word_1_721' title='bbox 550 4819 679 4878; x_wconf 88' lang='lat' dir='ltr'><strong>decebat.</strong></span> <span class='ocrx_word' id='word_1_722' title='bbox 714 4819 831 4878; x_wconf 90' lang='lat' dir='ltr'><strong>Perrexi</strong></span> <span class='ocrx_word' id='word_1_723' title='bbox 863 4827 960 4878; x_wconf 89' lang='lat' dir='ltr'><strong>tamen</strong></span> <span class='ocrx_word' id='word_1_724' title='bbox 1014 4818 1093 4891; x_wconf 90' lang='lat' dir='ltr'><strong>quod</strong></span> <span class='ocrx_word' id='word_1_725' title='bbox 1107 4817 1216 4877; x_wconf 91' lang='lat' dir='ltr'><strong>dictum</strong></span> <span class='ocrx_word' id='word_1_726' title='bbox 1235 4826 1295 4877; x_wconf 89' lang='lat' dir='ltr'><strong>est:</strong></span> <span class='ocrx_word' id='word_1_727' title='bbox 1325 4841 1340 4872; x_wconf 76' lang='lat' dir='ltr'><strong>e</strong></span> <span class='ocrx_word' id='word_1_728' title='bbox 1358 4819 1493 4879; x_wconf 82' lang='lat' dir='ltr'><strong>Parentes</strong></span> <span class='ocrx_word' id='word_1_729' title='bbox 1508 4819 1603 4890; x_wconf 85' lang='lat' dir='ltr'><strong>illins„</strong></span> <span class='ocrx_word' id='word_1_730' title='bbox 1620 4834 1690 4878; x_wconf 89' lang='lat' dir='ltr'><strong>cum</strong></span> <span class='ocrx_word' id='word_1_731' title='bbox 1704 4827 1800 4878; x_wconf 87' lang='lat' dir='ltr'><strong>essent</strong></span> <span class='ocrx_word' id='word_1_732' title='bbox 1813 4820 1863 4893; x_wconf 87' lang='lat' dir='ltr'><strong>jn-</strong></span> 
     </span>
     <span class='ocr_line' id='line_1_54' title="bbox 111 4907 1862 4982; baseline 0 -15"><span class='ocrx_word' id='word_1_733' title='bbox 111 4909 329 4980; x_wconf 83' lang='lat' dir='ltr'><strong>ftlexandriam,</strong></span> <span class='ocrx_word' id='word_1_734' title='bbox 345 4911 444 4968; x_wconf 90' lang='lat' dir='ltr'><strong>audivi</strong></span> <span class='ocrx_word' id='word_1_735' title='bbox 458 4911 637 4982; x_wconf 87' lang='lat' dir='ltr'><strong>Didymum:</strong></span> <span class='ocrx_word' id='word_1_736' title='bbox 664 4909 695 4966; x_wconf 91' lang='lat' dir='ltr'><strong>in</strong></span> <span class='ocrx_word' id='word_1_737' title='bbox 715 4908 814 4967; x_wconf 89' lang='lat' dir='ltr'><strong>multis</strong></span> <span class='ocrx_word' id='word_1_738' title='bbox 846 4909 872 4966; x_wconf 92' lang='lat' dir='ltr'><strong>ei</strong></span> <span class='ocrx_word' id='word_1_739' title='bbox 892 4923 961 4982; x_wconf 89' lang='lat' dir='ltr'><strong>gra·</strong></span> <span class='ocrx_word' id='word_1_740' title='bbox 1013 4907 1060 4979; x_wconf 93' lang='lat' dir='ltr'><strong>sti,</strong></span> <span class='ocrx_word' id='word_1_741' title='bbox 1074 4908 1347 4967; x_wconf 90' lang='lat' dir='ltr'><strong>erudieruntfiliam</strong></span> <span class='ocrx_word' id='word_1_742' title='bbox 1371 4923 1465 4980; x_wconf 91' lang='lat' dir='ltr'><strong>suam,</strong></span> <span class='ocrx_word' id='word_1_743' title='bbox 1483 4930 1498 4962; x_wconf 75' lang='lat' dir='ltr'><strong>e</strong></span> <span class='ocrx_word' id='word_1_744' title='bbox 1517 4917 1582 4980; x_wconf 82' lang='lat' dir='ltr'><strong>ete,</strong></span> <span class='ocrx_word' id='word_1_745' title='bbox 1599 4909 1630 4967; x_wconf 92' lang='lat' dir='ltr'><strong>in</strong></span> <span class='ocrx_word' id='word_1_746' title='bbox 1652 4908 1862 4967; x_wconf 86' lang='lat' dir='ltr'><strong>exhortationis</strong></span> 
     </span>
     <span class='ocr_line' id='line_1_55' title="bbox 111 4997 1861 5071; baseline 0 -15"><span class='ocrx_word' id='word_1_747' title='bbox 111 4999 167 5057; x_wconf 89' lang='lat' dir='ltr'><strong>tias</strong></span> <span class='ocrx_word' id='word_1_748' title='bbox 185 5012 267 5071; x_wconf 89' lang='lat' dir='ltr'><strong>ago:</strong></span> <span class='ocrx_word' id='word_1_749' title='bbox 295 5000 373 5071; x_wconf 93' lang='lat' dir='ltr'><strong>quod</strong></span> <span class='ocrx_word' id='word_1_750' title='bbox 390 5000 507 5069; x_wconf 82' lang='lat' dir='ltr'><strong>nesciri,</strong></span> <span class='ocrx_word' id='word_1_751' title='bbox 524 4997 635 5055; x_wconf 91' lang='lat' dir='ltr'><strong>didici:</strong></span> <span class='ocrx_word' id='word_1_752' title='bbox 655 4998 734 5070; x_wconf 89' lang='lat' dir='ltr'><strong>qnod</strong></span> <span class='ocrx_word' id='word_1_753' title='bbox 749 4997 886 5067; x_wconf 90' lang='lat' dir='ltr'><strong>sciebam,</strong></span> <span class='ocrx_word' id='word_1_754' title='bbox 911 4998 959 5056; x_wconf 92' lang='lat' dir='ltr'><strong>illo</strong></span> <span class='ocrx_word' id='word_1_755' title='bbox 1013 5006 1207 5071; x_wconf 89' lang='lat' dir='ltr'><strong>competenter</strong></span> <span class='ocrx_word' id='word_1_756' title='bbox 1245 5012 1397 5057; x_wconf 88' lang='lat' dir='ltr'><strong>assumens</strong></span> <span class='ocrx_word' id='word_1_757' title='bbox 1435 4999 1622 5064; x_wconf 88' lang='lat' dir='ltr'><strong>occasionem,</strong></span> <span class='ocrx_word' id='word_1_758' title='bbox 1653 4999 1724 5057; x_wconf 88' lang='lat' dir='ltr'><strong>ait:</strong></span> <span class='ocrx_word' id='word_1_759' title='bbox 1760 5001 1861 5056; x_wconf 72' lang='lat' dir='ltr'><strong>siloe</strong></span> 
     </span>
     <span class='ocr_line' id='line_1_56' title="bbox 111 5082 1860 5160; baseline 0.004 -22"><span class='ocrx_word' id='word_1_760' title='bbox 111 5082 233 5139; x_wconf 86' lang='lat' dir='ltr'><strong>docente</strong></span> <span class='ocrx_word' id='word_1_761' title='bbox 252 5096 309 5139; x_wconf 94' lang='lat' dir='ltr'><strong>non</strong></span> <span class='ocrx_word' id='word_1_762' title='bbox 327 5083 446 5153; x_wconf 87' lang='lat' dir='ltr'><strong>perdidi.</strong></span> <span class='ocrx_word' id='word_1_763' title='bbox 468 5084 613 5142; x_wconf 81' lang='lat' dir='ltr'><strong>Putabant</strong></span> <span class='ocrx_word' id='word_1_764' title='bbox 641 5097 686 5141; x_wconf 91' lang='lat' dir='ltr'><strong>me</strong></span> <span class='ocrx_word' id='word_1_765' title='bbox 715 5085 846 5142; x_wconf 89' lang='lat' dir='ltr'><strong>homines</strong></span> <span class='ocrx_word' id='word_1_766' title='bbox 872 5085 959 5143; x_wconf 88' lang='lat' dir='ltr'><strong>finem</strong></span> <span class='ocrx_word' id='word_1_767' title='bbox 1012 5088 1154 5147; x_wconf 90' lang='lat' dir='ltr'><strong>utendum</strong></span> <span class='ocrx_word' id='word_1_768' title='bbox 1177 5096 1221 5147; x_wconf 89' lang='lat' dir='ltr'><strong>est</strong></span> <span class='ocrx_word' id='word_1_769' title='bbox 1250 5089 1413 5149; x_wconf 89' lang='lat' dir='ltr'><strong>testimonio</strong></span> <span class='ocrx_word' id='word_1_770' title='bbox 1436 5089 1473 5146; x_wconf 89' lang='lat' dir='ltr'><strong>ad</strong></span> <span class='ocrx_word' id='word_1_771' title='bbox 1491 5089 1720 5147; x_wconf 85' lang='lat' dir='ltr'><strong>exhortationem</strong></span> <span class='ocrx_word' id='word_1_772' title='bbox 1754 5102 1860 5160; x_wconf 91' lang='lat' dir='ltr'><strong>paren·</strong></span> 
     </span>
     <span class='ocr_line' id='line_1_57' title="bbox 111 5170 1860 5251; baseline 0.004 -24"><span class='ocrx_word' id='word_1_773' title='bbox 111 5170 211 5228; x_wconf 90' lang='lat' dir='ltr'><strong>fecisse</strong></span> <span class='ocrx_word' id='word_1_774' title='bbox 233 5170 384 5228; x_wconf 88' lang='lat' dir='ltr'><strong>discendi:</strong></span> <span class='ocrx_word' id='word_1_775' title='bbox 402 5173 468 5229; x_wconf 86' lang='lat' dir='ltr'><strong>veni</strong></span> <span class='ocrx_word' id='word_1_776' title='bbox 495 5187 613 5231; x_wconf 88' lang='lat' dir='ltr'><strong>rursum</strong></span> <span class='ocrx_word' id='word_1_777' title='bbox 641 5173 845 5245; x_wconf 85' lang='lat' dir='ltr'><strong>lerosolymam</strong></span> <span class='ocrx_word' id='word_1_778' title='bbox 869 5180 897 5231; x_wconf 91' lang='grc' dir='ltr'><strong>ιι</strong></span> <span class='ocrx_word' id='word_1_779' title='bbox 910 5174 960 5231; x_wconf 86' lang='lat' dir='ltr'><strong>Bc-</strong></span> <span class='ocrx_word' id='word_1_780' title='bbox 1014 5182 1086 5246; x_wconf 91' lang='lat' dir='ltr'><strong>tum,</strong></span> <span class='ocrx_word' id='word_1_781' title='bbox 1102 5182 1136 5234; x_wconf 92' lang='lat' dir='ltr'><strong>ut</strong></span> <span class='ocrx_word' id='word_1_782' title='bbox 1150 5176 1272 5236; x_wconf 87' lang='lat' dir='ltr'><strong>doceant</strong></span> <span class='ocrx_word' id='word_1_783' title='bbox 1283 5179 1370 5251; x_wconf 88' lang='lat' dir='ltr'><strong>juxta</strong></span> <span class='ocrx_word' id='word_1_784' title='bbox 1394 5179 1485 5251; x_wconf 89' lang='lat' dir='ltr'><strong>legem</strong></span> <span class='ocrx_word' id='word_1_785' title='bbox 1506 5177 1555 5235; x_wconf 84' lang='lat' dir='ltr'><strong>Dei</strong></span> <span class='ocrx_word' id='word_1_786' title='bbox 1579 5191 1800 5250; x_wconf 89' lang='lat' dir='ltr'><strong>sermonemque</strong></span> <span class='ocrx_word' id='word_1_787' title='bbox 1812 5178 1860 5235; x_wconf 91' lang='lat' dir='ltr'><strong>di-</strong></span> 
     </span>
     <span class='ocr_line' id='line_1_58' title="bbox 111 5259 1863 5340; baseline 0.004 -23"><span class='ocrx_word' id='word_1_788' title='bbox 111 5259 256 5317; x_wconf 89' lang='lat' dir='ltr'><strong>thlehem:</strong></span> <span class='ocrx_word' id='word_1_789' title='bbox 280 5260 458 5332; x_wconf 87' lang='lat' dir='ltr'><strong>quolabere,</strong></span> <span class='ocrx_word' id='word_1_790' title='bbox 490 5276 549 5334; x_wconf 93' lang='lat' dir='ltr'><strong>quo</strong></span> <span class='ocrx_word' id='word_1_791' title='bbox 572 5263 663 5334; x_wconf 91' lang='lat' dir='ltr'><strong>pretio</strong></span> <span class='ocrx_word' id='word_1_792' title='bbox 678 5262 877 5322; x_wconf 79' lang='lat' dir='ltr'><strong>barrabanum</strong></span> <span class='ocrx_word' id='word_1_793' title='bbox 903 5277 958 5321; x_wconf 92' lang='lat' dir='ltr'><strong>no-</strong></span> <span class='ocrx_word' id='word_1_794' title='bbox 1014 5266 1116 5324; x_wconf 87' lang='lat' dir='ltr'><strong>rinum</strong></span> <span class='ocrx_word' id='word_1_795' title='bbox 1131 5279 1190 5325; x_wconf 93' lang='lat' dir='ltr'><strong>non</strong></span> <span class='ocrx_word' id='word_1_796' title='bbox 1204 5267 1390 5334; x_wconf 86' lang='lat' dir='ltr'><strong>solumfifios,</strong></span> <span class='ocrx_word' id='word_1_797' title='bbox 1407 5267 1457 5324; x_wconf 88' lang='lat' dir='ltr'><strong>sed</strong></span> <span class='ocrx_word' id='word_1_798' title='bbox 1471 5273 1499 5324; x_wconf 92' lang='grc' dir='ltr'><strong>ιι</strong></span> <span class='ocrx_word' id='word_1_799' title='bbox 1527 5265 1691 5325; x_wconf 88' lang='lat' dir='ltr'><strong>filiassnas.</strong></span> <span class='ocrx_word' id='word_1_800' title='bbox 1709 5287 1724 5319; x_wconf 78' lang='lat' dir='ltr'><strong>e</strong></span> <span class='ocrx_word' id='word_1_801' title='bbox 1738 5268 1773 5326; x_wconf 84' lang='lat' dir='ltr'><strong>ttt</strong></span> <span class='ocrx_word' id='word_1_802' title='bbox 1788 5265 1863 5340; x_wconf 87' lang='lat' dir='ltr'><strong>quia</strong></span> 
     </span>
     <span class='ocr_line' id='line_1_59' title="bbox 112 5348 1859 5430; baseline 0.006 -25"><span class='ocrx_word' id='word_1_803' title='bbox 112 5354 250 5406; x_wconf 78' lang='lat' dir='ltr'><strong>murnum</strong></span> <span class='ocrx_word' id='word_1_804' title='bbox 273 5348 364 5407; x_wconf 89' lang='lat' dir='ltr'><strong>habui</strong></span> <span class='ocrx_word' id='word_1_805' title='bbox 393 5351 626 5423; x_wconf 77' lang='lat' dir='ltr'><strong>preceptorem?</strong></span> <span class='ocrx_word' id='word_1_806' title='bbox 653 5352 783 5411; x_wconf 85' lang='lat' dir='ltr'><strong>limabat</strong></span> <span class='ocrx_word' id='word_1_807' title='bbox 809 5353 887 5412; x_wconf 88' lang='lat' dir='ltr'><strong>eninr</strong></span> <span class='ocrx_word' id='word_1_808' title='bbox 910 5354 959 5412; x_wconf 82' lang='lat' dir='ltr'><strong>ln·</strong></span> <span class='ocrx_word' id='word_1_809' title='bbox 1012 5353 1065 5414; x_wconf 90' lang='lat' dir='ltr'><strong>din</strong></span> <span class='ocrx_word' id='word_1_810' title='bbox 1084 5368 1131 5415; x_wconf 91' lang='lat' dir='ltr'><strong>me</strong></span> <span class='ocrx_word' id='word_1_811' title='bbox 1157 5363 1217 5415; x_wconf 88' lang='lat' dir='ltr'><strong>taur</strong></span> <span class='ocrx_word' id='word_1_812' title='bbox 1242 5356 1405 5416; x_wconf 88' lang='lat' dir='ltr'><strong>litterarum</strong></span> <span class='ocrx_word' id='word_1_813' title='bbox 1434 5369 1524 5428; x_wconf 85' lang='lat' dir='ltr'><strong>qnam</strong></span> <span class='ocrx_word' id='word_1_814' title='bbox 1548 5355 1693 5417; x_wconf 79' lang='lat' dir='ltr'><strong>virtutum</strong></span> <span class='ocrx_word' id='word_1_815' title='bbox 1719 5355 1859 5430; x_wconf 89' lang='lat' dir='ltr'><strong>impedire</strong></span> 
     </span>
    </p>
   </div>
   <div class='ocr_carea' id='block_1_3' title="bbox 109 5433 1860 5522">
    <p class='ocr_par' dir='ltr' id='par_1_3' title="bbox 109 5433 1860 5522">
     <span class='ocr_line' id='line_1_60' title="bbox 109 5433 1860 5522; baseline 0.006 -26"><span class='ocrx_word' id='word_1_816' title='bbox 109 5433 196 5508; x_wconf 78' lang='lat' dir='ltr'><strong>deos,</strong></span> <span class='ocrx_word' id='word_1_817' title='bbox 218 5443 247 5499; x_wconf 88' lang='grc' dir='ltr'><strong>ιι</strong></span> <span class='ocrx_word' id='word_1_818' title='bbox 271 5433 345 5498; x_wconf 87' lang='lat' dir='ltr'><strong>mihi</strong></span> <span class='ocrx_word' id='word_1_819' title='bbox 380 5451 412 5497; x_wconf 88' lang='lat' dir='ltr'><strong>se</strong></span> <span class='ocrx_word' id='word_1_820' title='bbox 447 5437 572 5500; x_wconf 79' lang='lat' dir='ltr'><strong>alerem</strong></span> <span class='ocrx_word' id='word_1_821' title='bbox 595 5440 730 5503; x_wconf 84' lang='lat' dir='ltr'><strong>exibebat</strong></span> <span class='ocrx_word' id='word_1_822' title='bbox 756 5440 955 5504; x_wconf 78' lang='lat' dir='ltr'><strong>Nicodemum·</strong></span> <span class='ocrx_word' id='word_1_823' title='bbox 1013 5444 1111 5507; x_wconf 80' lang='lat' dir='ltr'><strong>studit</strong></span> <span class='ocrx_word' id='word_1_824' title='bbox 1133 5444 1296 5520; x_wconf 86' lang='lat' dir='ltr'><strong>plurimum</strong></span> <span class='ocrx_word' id='word_1_825' title='bbox 1308 5446 1411 5519; x_wconf 82' lang='lat' dir='ltr'><strong>rotant,</strong></span> <span class='ocrx_word' id='word_1_826' title='bbox 1426 5458 1544 5506; x_wconf 89' lang='lat' dir='ltr'><strong>omnem</strong></span> <span class='ocrx_word' id='word_1_827' title='bbox 1567 5445 1650 5508; x_wconf 82' lang='lat' dir='ltr'><strong>robis</strong></span> <span class='ocrx_word' id='word_1_828' title='bbox 1673 5444 1860 5522; x_wconf 78' lang='lat' dir='ltr'><strong>negligentia</strong></span> 
     </span>
    </p>
   </div>
   <div class='ocr_carea' id='block_1_4' title="bbox 0 0 1906 5962">
    <p class='ocr_par' dir='ltr' id='par_1_4' title="bbox 0 0 1906 5962">
     <span class='ocr_line' id='line_1_61' title="bbox 0 0 1906 5962; baseline 0 7"><span class='ocrx_word' id='word_1_829' title='bbox 0 0 1906 5962; x_wconf 95' lang='lat' dir='ltr'><strong> </strong></span> 
     </span>
    </p>
   </div>
  </div>
 </body>
</html>
