3804 5962
380 208 520 267 ulttod.
540 209 647 267 INTER
666 209 884 279 Puttosbett,
903 211 1049 269 JDDAEttu
1067 210 1112 267 Dr
1131 209 1325 269 cuutsrttrt.
1659 213 1729 269 toto

79 330 207 407 [uoniam
230 330 310 402 prior
329 332 457 403 peccavit
475 341 503 390 et
518 332 620 390 virum
646 334 828 405 postmodum
843 334 868 388 A
883 334 1114 392 circumcisionis
1131 334 1298 406 exemplum
1312 341 1471 402 sumerent,
1499 333 1539 392 sie
1561 340 1589 391 ct
1607 349 1658 391 vos
1673 336 1728 406 ipsi

79 429 198 478 uectum
220 420 318 490 traxit,
343 436 402 479 non
428 423 589 495 incongrue
613 423 643 479 in
663 423 719 479 hae
742 424 827 482 etiam
885 438 979 495 usque
994 424 1077 480 hodio
1091 424 1224 491 servatis,
1239 424 1290 495 aui
1306 422 1452 480 ismaelem
1469 426 1578 494 patrem
1599 432 1728 481 restrum

97 510 159 580 ipsa
186 509 339 579 precessit.
355 510 413 568 Nec
438 519 534 568 tamen
561 513 637 568 Deus
655 512 772 568 omuino
785 513 826 568 ri·
885 513 1031 569 imitantes
1043 526 1119 569 anno
1135 512 1303 569 duodecimo
1319 512 1566 569 circumcisionem
1590 513 1728 583 accipitis.

79 612 160 668 psum
173 599 277 668 punire
293 598 416 666 distulit,
436 600 484 655 cui
503 600 601 656 statim
616 601 646 655 in
661 614 744 670 poena
763 615 830 656 con·
883 601 995 659 Scimus
1013 602 1189 673 etpopulum
1205 609 1338 658 nostrrrm
1361 601 1467 658 multos
1481 615 1518 657 ex
1533 602 1669 672 gentibus
1692 604 1729 660 ad

78 702 116 743 rm
130 694 173 742 est
200 693 228 742 et
247 687 355 744 dictum
378 701 395 744 a
421 688 561 744 Domino:
582 690 729 744 Maledicta
754 694 829 745 terra
882 691 974 763 legem
1004 706 1157 748 couversos
1180 691 1315 747 babuisse
1343 690 1509 761 proselytos,
1529 705 1587 746 non
1614 698 1673 747 tam
1688 693 1729 749 vi.

79 793 107 831 re
121 780 176 842 luo,
192 777 222 829 in
237 776 373 831 laboribus
393 778 512 833 comedes
530 793 590 832 eom
615 781 719 834 cunctis
735 779 828 835 diebus
883 780 1035 837 delicatas
1058 789 1210 851 parentum
1232 780 1400 843 imitatione,
1429 794 1518 850 uuam
1545 793 1582 835 ex
1608 789 1731 852 cognata

79 883 119 922 aa.
136 867 236 935 Spinas
254 871 279 920 ei
295 865 408 920 tribulos
419 867 586 934 peimiaabit
596 867 657 935 tibi,
673 868 828 940 etc.(ibid.,
885 870 1003 937 virtute,
1020 869 1098 940 quod
1114 869 1148 925 de
1165 868 1216 924 lob
1245 883 1364 939 ottoque
1380 869 1472 939 potuit
1489 868 1628 930 accidere,
1644 883 1731 939 quem

81 956 150 1028 ).At
177 954 227 1012 ubi
242 954 421 1025 opulentiam
447 957 594 1026 promissae
622 964 707 1014 terrae
733 958 829 1028 adepti
883 960 1063 1015 etiammore
1086 967 1183 1014 nostro
1207 966 1322 1028 accepta
1342 960 1405 1014 Deo
1432 957 1573 1014 sacrificia
1601 964 1659 1013 tam
1680 972 1731 1029 pro

79 1058 158 1101 anon
169 1044 230 1113 jam
247 1044 346 1114 spinas
360 1052 388 1101 et
401 1044 522 1110 tribulos
538 1047 738 1117 germinantis,
751 1048 829 1119 qnod
884 1046 951 1103 liliis
978 1061 1067 1119 quam
1091 1046 1192 1104 enticis
1211 1047 1345 1104 videmus
1363 1047 1509 1104 obtulisse.
1539 1047 1618 1112 Quod
1645 1047 1731 1103 etiam

79 1147 124 1189 ina
143 1132 184 1188 ibi
207 1140 249 1189 est
272 1132 459 1203 diminutum,
477 1135 506 1189 in
533 1135 753 1192 circumcisione
772 1151 829 1192 non
884 1136 1028 1207 objectum
1052 1143 1093 1192 rst
1117 1150 1168 1193 nec
1188 1135 1381 1192 observationi
1405 1137 1494 1193 totius
1510 1137 1732 1207 legissemuna-

79 1237 144 1295 grue
158 1225 201 1278 est
215 1230 474 1292 recompensatum.
491 1225 559 1289 Quae
583 1232 677 1281 tamen
707 1233 770 1296 post
785 1225 830 1296 ip-
885 1227 1027 1283 rationem
1050 1225 1140 1281 luisse
1155 1225 1337 1296 promissam,
1353 1225 1407 1281 nisi
1435 1225 1620 1296 temporalem
1645 1233 1732 1297 atque

79 1325 144 1367 ura
162 1312 394 1382 promissionem,
422 1319 580 1384 antequam
600 1313 664 1384 ipsa
687 1313 830 1370 obtinere·
884 1307 1037 1381 terrenam,
1050 1329 1103 1372 nee
1128 1315 1282 1372 Dominum
1298 1316 1334 1371 ad
1350 1314 1565 1385 persuasionem
1586 1316 1647 1371 sive
1660 1330 1726 1373 con·

93 1400 268 1471 patriarchis
280 1399 377 1455 statim
406 1408 447 1457 est
463 1401 607 1469 inchoata,
624 1409 656 1459 ut
675 1401 830 1459 brutiorem
886 1404 1180 1476 demnationemlegis
1196 1404 1313 1474 provide
1330 1419 1486 1474 perorasse,
1515 1404 1541 1460 si
1566 1419 1624 1461 non
1654 1405 1728 1476 lega-

79 1497 166 1546 steros
189 1489 390 1546 auctoritatem
405 1491 620 1548 transmitteret.
638 1494 703 1548 llaec
728 1492 762 1551 de
777 1492 832 1548 cir·
886 1492 960 1550 lium
983 1501 1189 1563 praceptorum
1216 1494 1342 1564 impletio
1366 1493 1456 1551 vitam
1482 1501 1628 1551 mereatur
1653 1503 1733 1552 tater-

82 1578 163 1634 sione
179 1576 438 1648 inpraesentiarum
453 1580 523 1635 satis
538 1581 673 1638 arbitror.
693 1581 748 1649 Qui
765 1596 830 1638 vero
848 1606 868 1660 Β
887 1597 965 1652 nam,
986 1582 1118 1639 iacileest
1134 1579 1236 1651 refelli,
1257 1596 1324 1638 eum
1343 1596 1379 1638 ea
1403 1583 1463 1651 ip'sa
1479 1597 1597 1653 quoque
1611 1583 1734 1641 circnm-

79 1667 186 1737 riptnra
214 1667 386 1724 convincere
418 1669 530 1737 niteris,
560 1683 624 1726 eam
650 1671 695 1727 his
719 1678 832 1727 tantum
888 1672 1003 1739 cisione,
1024 1671 1175 1743 quamlex
1204 1671 1344 1742 praecipit,
1375 1673 1495 1727 Domina
1515 1671 1732 1742 inperpetuum

79 1756 222 1827 ajunctam
238 1756 288 1827 qui
299 1771 335 1812 ex
349 1757 457 1814 semine
466 1757 614 1815 ducuntur
629 1759 763 1824 Abrahae,
774 1774 832 1815 non
887 1760 1016 1818 ioederati
1031 1775 1142 1829 sumus,
1160 1768 1192 1817 ut
1207 1761 1277 1830 dixi.
1294 1761 1338 1817 Ad
1359 1760 1429 1832 quid
1443 1760 1528 1816 etiam
1546 1775 1599 1816 nos
1613 1775 1649 1817 ex
1665 1763 1733 1817 uni·
1767 1820 1771 1829 ,

79 1844 196 1901 ulvertis
210 1845 406 1917 quodibldcm
422 1847 563 1917 scriptum
582 1855 624 1904 est
638 1849 672 1905 de
689 1849 833 1904 bisetium
887 1850 979 1906 versis
994 1849 1128 1921 gentibus
1144 1849 1173 1904 in
1204 1848 1342 1919 populum
1372 1849 1546 1919 peculiarem
1570 1849 1622 1906 sibi
1648 1849 1732 1922 elegit

79 1934 157 2012 abac
173 1934 262 2004 stirpe
285 1948 344 1991 nan
371 1942 449 1991 sunt.
480 1938 553 1992 cum
587 1937 665 1992 enim
692 1938 833 1994 Dominus
886 1946 914 1996 et
930 1938 1021 2010 legem
1037 1952 1087 2008 per
1101 1952 1190 2009 quarn
1203 1940 1295 1995 sancti
1319 1938 1498 1995 elliceremus
1517 1938 1605 2002 dedit,
1621 1939 1642 1994 si
1658 1953 1733 2009 prae-

78 2022 193 2080 isisset:
227 2025 323 2089 infans
355 2029 412 2079 octo
436 2024 542 2079 dierum
566 2024 626 2093 (iol.
659 2028 687 2079 ll
717 2026 832 2098 ilicin-
886 2028 974 2085 seutis
1004 2034 1117 2084 tantum
1149 2027 1216 2083 vltae
1245 2027 1363 2099 gaudia,
1390 2043 1456 2098 quea
1494 2027 1587 2096 magis
1617 2026 1732 2097 reprobi

79 2113 153 2167 letor
179 2113 208 2166 in
231 2112 305 2167 cobis
335 2129 412 2167 omne
440 2115 621 2169 masculinum
638 2118 667 2169 tn
681 2118 832 2183 pannaria-
887 2114 1072 2186 quameleoti
1098 2115 1252 2185 possident,
1277 2129 1313 2172 ex
1338 2115 1521 2185 superaddita
1548 2115 1617 2186 legis
1638 2116 1732 2173 acser-

79 2203 187 2268 uestris,
202 2205 260 2255 tam
280 2201 444 2255 oemaautns
466 2216 549 2270 quum
563 2204 704 2271 emptitius
718 2204 832 2257 circum·
886 2204 986 2260 rantia
1000 2203 1198 2260 deberentur?
1219 2203 1247 2260 Si
1262 2205 1400 2260 sanctitas
1422 2204 1505 2260 vobis
1529 2204 1574 2260 vel
1590 2203 1730 2274 quibusli-

79 2305 94 2343 ι·
108 2291 184 2358 (ιιοιι.
200 2302 271 2356 xvir,
288 2289 349 2360 tal;
373 2289 470 2346 statim
499 2291 624 2361 adiecit:
656 2293 690 2345 Dt
716 2296 832 2363 quirun·
887 2294 934 2351 bet
951 2293 1118 2349 bominibus
1131 2293 1245 2349 beatam
1269 2300 1296 2349 et
1326 2293 1518 2349 immortalem
1535 2291 1730 2364 vitamacqui·

79 2394 105 2434 in
118 2380 205 2447 suant
219 2379 251 2433 de
274 2382 360 2448 stirpe
387 2384 489 2434 cestra.
517 2379 598 2444 Quod
626 2379 725 2451 itaque
752 2381 833 2438 isaac
887 2383 936 2451 rit,
949 2389 1061 2438 canstat
1080 2382 1223 2452 precipue
1241 2388 1269 2437 et
1284 2377 1359 2438 hanc
1371 2395 1408 2437 ex
1434 2381 1494 2452 lege
1520 2382 1603 2437 nobis
1625 2380 1731 2448 deberi,

79 2476 124 2525 ,et
151 2481 248 2524 semen
268 2467 332 2538 eius
361 2467 395 2523 ad
426 2467 834 2540 circumcisionempertinere
888 2472 912 2528 si
928 2470 1054 2542 roseius
1082 2471 1266 2527 observantia
1290 2469 1460 2527 sanctificat.
1492 2469 1657 2526 sanctificat
1682 2483 1734 2525 au·

80 2571 104 2623 s,
125 2556 192 2612 vide
207 2565 348 2627 quantam
380 2557 483 2613 habeat
509 2557 727 2628 dissonantiam,
750 2566 833 2616 etex
887 2566 944 2615 tem
960 2557 1086 2629 prolecto
1107 2557 1182 2614 sicut
1197 2565 1225 2614 et
1249 2558 1309 2627 ipse
1335 2557 1473 2612 Dominus
1498 2556 1579 2611 nobis
1595 2569 1645 2625 per
1659 2555 1733 2625 ιιοι-

79 2660 182 2718 ιιιοιιιιθ
207 2645 332 2701 Abrabae
348 2645 421 2701 lacto
450 2652 474 2702 te
493 2646 617 2718 corrige.
639 2650 702 2718 lpse
716 2662 833 2720 quoqne
888 2662 938 2704 sen
953 2647 1085 2720 loquitur
1104 2647 1221 2703 dicens:
1238 2647 1268 2702 Si
1280 2662 1342 2714 erpo
1372 2645 1620 2700 auctorizandum
1634 2656 1732 2709 meam,

80 2735 189 2791 minlca
207 2733 348 2804 praecepto
363 2734 514 2791 ismaelem
539 2750 657 2806 quoque
685 2751 782 2794 secum
805 2746 833 2795 et
888 2742 913 2792 et
927 2737 1112 2792 custodieritis
1131 2740 1242 2805 pactum
1255 2751 1353 2802 meum,
1381 2734 1458 2789 eritis
1472 2734 1540 2788 mibi
1553 2737 1582 2786 in
1597 2733 1734 2802 pecul-ium

79 2840 86 2880 t
105 2825 182 2881 viros
204 2823 308 2879 damus
336 2837 396 2879 suaa
414 2830 472 2879 tam
486 2825 658 2881 vernaculos
672 2839 761 2897 quam
776 2841 833 2883 ern-
888 2826 921 2882 dc
940 2828 1043 2880 cunctis
1055 2826 1176 2896 populis,
1191 2840 1250 2879 mec
1273 2830 1312 2879 est
1330 2826 1402 2878 anim
1426 2826 1513 2878 omnis
1538 2826 1624 2888 terra,
1646 2824 1672 2874 et
1687 2836 1733 2875 uos

79 2921 122 2971 tet
151 2912 329 2984 alienigenas
361 2913 469 2982 pariter
488 2915 704 2970 circumcidisse
727 2930 832 2973 memo·
849 2898 870 2956 C
887 2915 956 2970 mibi
971 2917 1001 2969 in
1029 2930 1143 2981 neoniam
1167 2913 1334 2968 sacerdotale
1362 2917 1387 2967 et
1411 2927 1477 2980 pens
1504 2913 1600 2967 sancta
1631 2909 1732 2978 (and.

86 3019 92 3058 :
110 3003 222 3070 Statim,
249 3002 289 3057 ait
317 3001 477 3072 Scriptura,
492 3006 521 3057 in
536 3005 596 3073 ipso
612 3004 666 3069 die,
678 3005 750 3060 sicut
763 3021 834 3074 prae·
888 3018 950 3072 xrs,
966 3007 993 3071 6,
1010 3004 1046 3074 7).
1059 3004 1206 3070 utromodo
1233 3002 1322 3073 igitur
1339 3016 1391 3057 uos
1408 2999 1547 3079 populum
1562 2997 1733 3069 peculiarem

79 3096 96 3148 it
125 3093 150 3146 ei
174 3092 318 3159 Dominus,
340 3098 498 3162 antequam
524 3092 620 3148 adbuc
641 3095 722 3150 isaac
747 3103 834 3151 natus
888 3092 949 3166 (iol.
981 3094 1012 3145 ta
1035 3091 1081 3163 tt.)
1114 3098 1142 3147 et
1175 3091 1328 3161 proprium
1352 3090 1408 3147 sibi
1435 3088 1556 3160 eligitet
1579 3087 1734 3157 perlegam

79 3189 105 3237 t:
123 3187 154 3237 ut
179 3194 198 3236 a
224 3180 307 3235 vobis
330 3193 394 3235 earn
418 3181 559 3250 accepisse
581 3182 688 3250 sciatis,
712 3191 739 3239 et
754 3191 833 3240 tanto
886 3181 1056 3246 sanctificat,
1073 3181 1096 3237 si
1113 3194 1162 3236 ros
1175 3179 1220 3235 vel
1240 3180 1310 3236 alios
1326 3180 1465 3236 beatiores
1480 3176 1592 3233 eliciti
1617 3176 1651 3232 lit
1671 3183 1734 3247 post

82 3283 145 3326 eam
168 3269 253 3340 quasi
269 3267 362 3340 magis
389 3269 553 3325 naturalem
577 3270 732 3328 vindicetis.
749 3274 834 3331 Nunc
887 3260 986 3341 aliqua
1010 3284 1075 3326 cum
1100 3284 1152 3326 uos
1177 3268 1212 3324 ad
1229 3269 1422 3324 obedientiam
1435 3266 1507 3337 legis
1531 3267 1735 3322 adhortaretur

82 3358 91 3414 i
111 3358 203 3428 placet
221 3357 283 3427 ipsa
301 3357 388 3412 etiam
403 3355 558 3427 Scripturas
580 3359 832 3431 verbaponamus,
888 3360 946 3415 ait:
965 3361 1021 3428 upa
1037 3360 1108 3412 anim
1123 3374 1183 3413 sum
1208 3360 1276 3412 Deus
1301 3361 1362 3412 tuus
1387 3358 1495 3423 famens
1517 3354 1735 3410 misericordiam

88 3453 156 3501 sunt
177 3443 343 3515 hujusmodi
366 3460 372 3499 :
400 3447 475 3500 Tulit
502 3452 592 3500 autem
621 3447 763 3503 Abrabam
791 3451 832 3504 is·
886 3448 917 3504 in
935 3449 1033 3515 millia,
1056 3448 1097 3503 liis
1115 3449 1164 3518 qui
1179 3447 1300 3515 dilipuni
1325 3463 1365 3501 me
1380 3448 1406 3501 et
1428 3446 1585 3501 custodiant
1598 3447 1736 3514 praecepta

79 3549 100 3588 n
122 3534 212 3604 filium
239 3549 320 3587 suum
334 3536 360 3587 et
375 3548 468 3588 omnes
482 3535 641 3589 emaculas
656 3535 750 3590 damus
765 3552 832 3603 suae,
887 3553 947 3592 mea
959 3535 1058 3602 (Daod.
1075 3550 1128 3602 xx,
1144 3536 1181 3606 bl.
1199 3534 1276 3602 Quid
1300 3544 1397 3590 autem
1425 3542 1468 3589 est
1491 3532 1597 3590 iaciens
1625 3530 1733 3588 miseri·

79 3622 197 3678 nmaidit
225 3637 334 3677 caraem
355 3625 487 3693 praeputii
501 3639 605 3689 eornm,
626 3627 718 3678 statim
733 3627 833 3696 inipso
887 3627 1013 3682 cordiam
1031 3627 1060 3680 in
1082 3624 1182 3687 millia,
1205 3624 1260 3680 nisi
1276 3623 1383 3680 taciens
1399 3623 1626 3679 misericordiam
1643 3620 1734 3692 perle-

79 3713 128 3769 'cut
143 3715 307 3780 praeeperat
331 3715 355 3765 ei
387 3713 516 3766 Dominus
534 3711 626 3784 (ibid,
653 3712 708 3783 ab).
733 3715 768 3769 ιιι
784 3714 834 3770 ite·
887 3722 961 3771 ctam
978 3721 1066 3785 atque
1075 3721 1305 3769 consummatam
1316 3725 1402 3781 super
1417 3724 1506 3781 quam
1521 3710 1604 3767 nulla
1618 3709 1734 3765 extendi

91 3800 194 3856 dudem
209 3801 253 3855 die
282 3801 457 3856 circumcisus
470 3805 510 3856 est
534 3800 677 3856 Abrabam
689 3807 714 3856 et
734 3804 835 3858 ismael
888 3802 986 3874 possit,
1002 3802 1076 3857 sicut
1092 3801 1173 3856 nulla
1191 3814 1267 3857 nava
1289 3812 1478 3855 numerorum
1501 3799 1619 3853 nomina
1638 3797 1734 3857 mille-

82 3889 153 3960 ejus,
180 3892 206 3943 et
233 3904 323 3944 omnes
350 3890 405 3942 oiri
433 3890 527 3944 domus
544 3891 602 3960 ejus
624 3895 678 3944 tam
695 3894 835 3947 vernaculi
888 3891 1003 3947 narium
1028 3889 1174 3946 excedunt
1198 3894 1226 3944 ct
1250 3886 1337 3942 alibi:
1368 3887 1467 3943 Sancti
1490 3888 1573 3939 estote
1595 3886 1661 3954 quic
1688 3899 1734 3951 epo

82 3980 220 4048 emptitii;
240 3982 267 4032 ei
289 3978 450 4047 alicnipenae
464 3980 569 4049 pariter
588 3981 742 4034 circumcisi
769 3984 834 4034 sunt
887 3984 998 4034 scitatus
1024 3993 1094 4045 sum,
1119 3980 1248 4032 Dominus
1275 3977 1348 4031 Deus
1376 3978 1465 4030 cester
1494 3972 1733 4045 (Decii.x1x,2).
1820 4042 1821 4046 Ἰ

91 4070 136 4132 ab,
159 4068 215 4138 ιι).
237 4066 320 4132 Quod
335 4066 423 4123 etiarn
440 4066 602 4124 induxisti:
631 4070 743 4123 Pactum
772 4083 833 4124 uera
888 4070 957 4123 ltem
974 4066 1050 4124 inira
1068 4082 1075 4123 :
1093 4067 1308 4134 sanctificamini
1334 4070 1360 4119 et
1386 4067 1475 4119 sancti
1497 4064 1734 4132 nicoteranae

92 4162 213 4212 statuam
228 4156 265 4211 ad
286 4157 366 4211 Isaac
383 4155 551 4228 (ibid.,·2l);
582 4157 834 4214 animadvertatur
888 4162 1070 4214 samsonalus
1085 4156 1214 4210 Dominus
1229 4157 1296 4209 Deus
1311 4158 1407 4208 uester.
1435 4151 1576 4209 custodite
1597 4156 1735 4220 precepta

79 4245 152 4302 ahoe
171 4252 285 4301 tantum
302 4246 336 4300 de
356 4253 437 4315 pacto
455 4245 683 4302 circumcisionis
697 4260 757 4302 non
773 4255 830 4302 ter·
846 4240 870 4296 D
885 4262 946 4303 maa
971 4251 995 4301 et
1025 4247 1109 4313 tacite
1133 4261 1175 4299 aa.
1202 4247 1258 4313 lico
1286 4245 1419 4299 Dominus
1449 4243 1498 4310 qui
1524 4242 1664 4309 sanctifico
1688 4253 1734 4293 aas

79 4333 320 4405 promissionibus
337 4333 515 4405 intelligere3
540 4335 614 4391 nibil
640 4336 725 4393 ctiam
742 4336 830 4406 impe·
886 4336 984 4407 (Decii.
1000 4348 1052 4403 xx,
1071 4337 1100 4401 t,
1114 4333 1151 4402 8).
1179 4333 1213 4388 lit
1243 4339 1305 4402 post
1334 4330 1451 4402 aliqua:
1467 4330 1554 4385 Dritis
1567 4329 1657 4383 sancti
1669 4329 1734 4396 mai,

79 4431 127 4480 cut
144 4423 230 4495 paulo
246 4430 313 4479 ante
329 4424 508 4492 praeriiissnm
528 4431 581 4490 est,
602 4425 679 4494 quod
699 4424 829 4480 dicitur:
886 4427 953 4496 quia
967 4439 1027 4479 sum
1047 4426 1158 4478 sancius
1183 4422 1324 4488 Dominus,
1341 4424 1367 4475 ct
1380 4420 1507 4489 separari
1533 4432 1580 4472 uos
1600 4421 1735 4472 acaeicris

79 4518 153 4568 mam
177 4518 288 4583 pactum
312 4528 401 4566 meum
426 4513 470 4567 illi
502 4515 531 4566 in
558 4513 648 4582 (ledus
687 4516 831 4583 sempiter·
884 4515 1039 4585 populisut
1058 4515 1151 4567 essetis
1174 4513 1226 4565 mei
1250 4511 1342 4580 (ibid,
1373 4513 1429 4583 at).
1461 4510 1496 4565 Et
1522 4509 1644 4565 lterum:
1675 4511 1733 4577 Epo

90 4606 116 4658 et
145 4605 244 4657 semini
269 4602 327 4671 ejus
359 4607 421 4671 posi
440 4617 510 4657 eum.
542 4601 598 4658 Etsi
626 4603 704 4658 euim
730 4601 831 4659 lsmael
886 4604 1017 4659 Dominus
1032 4604 1080 4672 qui
1090 4603 1228 4671 sanctifico
1243 4615 1289 4655 aas
1317 4604 1343 4655 et
1370 4599 1455 4654 adauct
1473 4598 1734 4667 ceremaDapprt,

78 4705 104 4747 te
125 4705 161 4746 ex
187 4697 328 4761 praecepto
354 4689 468 4746 Domini
493 4689 682 4746 circumcisus
697 4691 742 4758 sit,
769 4705 830 4746 non
885 4697 1012 4747 atessam
1025 4691 1101 4746 nobis
1116 4693 1145 4744 in
1160 4693 1244 4744 Deum
1259 4690 1359 4759 (iacit.
1380 4703 1421 4755 ιιι,
1445 4687 1489 4758 45]
1501 4707 1517 4750 ;.
1536 4695 1564 4744 et
1591 4701 1733 4743 rursum:

98 4779 239 4836 Dominus
266 4778 516 4834 circumcisionem
546 4777 659 4846 statuit,
688 4778 717 4833 in
746 4779 831 4849 cuius
884 4781 1115 4851 Siinpraeceptis
1139 4783 1205 4834 meis
1221 4779 1424 4833 ambulaveritis
1447 4793 1549 4847 ponam
1570 4776 1727 4831 tabernacu-

82 4869 148 4925 itate
177 4881 234 4924 non
258 4869 463 4938 perseverarit.
484 4867 566 4935 Qttod
592 4881 659 4923 vero
673 4866 726 4923 lab
739 4868 831 4938 genti·
885 4872 942 4926 lum
961 4885 1048 4925 meum
1063 4872 1093 4923 in
1107 4868 1194 4923 medio
1207 4869 1300 4931 castri,
1327 4872 1352 4921 et
1374 4882 1428 4921 non
1450 4865 1559 4927 obiiciat
1573 4881 1618 4920 aas
1639 4866 1733 4919 anima

79 4957 269 5028 iexemplum
287 4956 407 5024 duxisti,
427 4971 494 5012 eum
510 4971 578 5013 eum
594 4956 831 5015 incircumcisum
885 4973 944 5013 mea
960 4958 1058 5027 (benit.
1087 4969 1164 5023 xxvi,
1196 4956 1257 5025 tt);
1282 4962 1309 5011 et
1338 4953 1428 5010 alibi:
1455 4955 1520 5020 Quis
1543 4953 1598 5020 det,
1626 4953 1729 5024 inquit,

79 5047 148 5103 ossis
176 5046 348 5103 convincere
375 5052 426 5102 aut
449 5053 512 5116 post
538 5045 748 5101 iustitutionem
770 5047 828 5102 cir·
886 5046 967 5102 talem
982 5061 1027 5101 eac
1050 5043 1147 5098 babere
1165 5048 1279 5098 mentem
1306 5048 1337 5097 ut
1354 5044 1520 5097 timeantme
1538 5047 1563 5097 et
1577 5041 1734 5099 custodiant

81 5134 172 5192 sionis
201 5134 352 5200 exstitisse,
393 5134 570 5191 sicutenim
610 5133 760 5190 ismaelem
793 5134 830 5191 ab
884 5139 1012 5191 uniaersc
1038 5132 1171 5188 mandata
1194 5148 1263 5199 mea,
1289 5135 1319 5186 in
1344 5133 1417 5187 omni
1440 5131 1732 5201 temporeutbencsit

79 5237 146 5292 ianr,
161 5223 204 5280 sic
219 5223 297 5280 Esau
310 5223 347 5280 ab
374 5222 515 5289 Jacob,et
546 5221 682 5293 reprobos
710 5236 828 5294 quoque
885 5226 933 5291 eis,
960 5228 986 5278 et
1008 5223 1074 5293 filiis
1098 5236 1191 5276 eoram
1218 5222 1248 5275 in
1273 5221 1468 5290 sempiternum
1496 5223 1584 5290 (Dent.
1616 5235 1643 5283 v,
1674 5219 1731 5292 29).

79 5311 145 5369 sicut
162 5312 266 5369 eleetos
280 5314 337 5380 (ll.
353 5311 401 5384 V.)
431 5326 448 5368 a
469 5312 642 5382 patriarchis
669 5311 830 5369 secundum
884 5314 1060 5382 Evaeaperte
1075 5309 1216 5366 Dominus
1228 5309 1387 5379 profitetur,
1409 5324 1444 5366 ex
1455 5308 1617 5366 obedientia
1632 5309 1729 5382 legum

79 5409 160 5472 ptum
196 5401 311 5458 Domini
342 5409 454 5458 constat
479 5415 541 5458 esse
572 5401 769 5469 circumcisos,
797 5408 829 5460 ut
884 5401 1087 5471 sempiternam
1104 5399 1377 5467 remunerationem,
1402 5413 1461 5455 non
1488 5412 1554 5470 qnae
1579 5398 1664 5456 linem
1680 5401 1731 5456 lra-

79 5489 292 5563 tiamipsorum
309 5490 425 5563 posteri,
444 5490 469 5547 si
498 5489 619 5562 quiDeo
637 5488 828 5561 adhererent,
884 5491 943 5550 bct.
964 5491 1072 5562 lloyses
1100 5489 1188 5548 etiam
1207 5495 1270 5562 post
1296 5487 1385 5558 illam,
1412 5503 1503 5561 quam
1521 5489 1730 5560 supra-memi-
