3804 5962
72 119 124 172 tel
525 121 625 180 Parui
647 125 833 184 abatiam
852 129 928 187 OPP.
951 133 1040 190 PARS
1058 133 1081 188 Ι.
1098 160 1133 175 ·-
1159 130 1349 190 aristote.
1769 138 1819 190 lbi

71 243 179 308 aderat,
201 243 334 312 traditus,
364 244 400 302 ad
424 245 584 305 claustrum
620 251 683 321 eins
709 258 851 324 tanquam
881 255 918 313 ad
933 260 957 312 Α
972 257 1207 329 conquestionem
1234 272 1242 311 ε
1270 277 1282 307 ‹
1315 256 1382 313 iesu
1405 255 1490 323 boue,
1513 255 1566 312 ubi
1591 269 1657 313 eris
1681 257 1740 328 (ld)
1765 259 1780 313 ’ἲ
1807 279 1818 309 ’

71 345 214 390 carcerem
240 333 348 391 trabor.
386 335 546 408 Statimque
587 340 740 397 concilium
783 343 914 402 solvitur.
969 345 1480 414 Quantoautemdoloreaestuarom
1496 351 1607 416 quanta
1622 344 1821 403 erubescentia

69 421 168 479 abbas
191 430 288 479 autem
315 431 343 481 et
366 427 499 482 monachi
516 428 593 484 illius
608 431 774 488 monasterii
791 447 835 489 me
861 435 915 492 sibi
969 435 1290 507 conlauderer,qoanta
1300 433 1497 504 desperatione
1512 434 1707 505 perturbarer,
1718 434 1823 493 sentire

70 522 274 568 remansurum
300 512 420 572 ulterius
447 517 630 585 arbitrantes,
654 534 769 578 summa
795 523 917 580 exsulta·
971 532 1041 580 tune
1070 525 1160 594 potui,
1187 525 1313 594 prolerre
1328 537 1385 579 non
1400 537 1527 594 possum.
1552 522 1739 581 conterebam
1756 539 1821 581 cum

69 597 147 654 tione
166 611 362 671 susceperunt,
389 612 416 660 et
434 618 501 661 cum
527 607 606 662 omni
621 608 769 681 diligentia
786 619 917 670 tractan·
971 612 1096 684 hisquae
1126 613 1155 668 in
1183 626 1300 682 corpore
1336 625 1438 682 passus
1461 612 1529 669 olim
1554 612 1677 681 ineram,
1712 621 1824 684 quanta

70 693 113 743 tes
136 688 276 745 crinsoiari
300 690 408 749 trustra
434 694 611 752 nitebantur.
637 699 712 755 Deus
735 699 786 770 qui
804 701 918 771 judicas
972 716 1053 759 nuuc
1074 702 1270 768 sustinerem,
1294 709 1323 758 et
1350 700 1481 758 omnium
1504 700 1655 759 bominum
1677 716 1723 759 me
1746 702 1822 759 aesti-

70 776 246 846 equitatem,
268 788 377 850 quanto
392 791 462 840 tunc
477 785 568 840 animi
593 784 668 854 lello,
689 797 799 859 quanta
816 791 920 847 mentis
972 791 1088 848 mabam
1107 791 1311 847 miserrimum.
1337 789 1459 847 Parvam
1483 790 1562 847 illam
1585 790 1726 847 ducebam
1757 805 1822 862 pro-

70 866 265 925 amaritudiue
291 869 415 941 teipsum
434 871 550 930 inlamis
563 876 733 946 arguebam,
749 885 776 934 te
790 878 922 936 iuribun·
974 879 1112 937 ditionem
1134 881 1163 936 in
1185 879 1399 950 comparatione
1422 879 1512 951 hujus
1538 879 1665 951 iniuria,
1687 886 1716 937 et
1738 879 1824 952 longe

71 953 320 1026 dusaecusabam
336 959 691 1033 sapiusrepetensillam
706 965 782 1022 beati
806 968 922 1024 Antonii
975 968 1100 1039 amplius
1127 968 1210 1025 lamae
1239 982 1328 1040 quam
1354 970 1482 1039 corporis
1509 968 1712 1026 detrimentum
1740 969 1823 1040 plan·

678 1125 828 1181 ANDREAE
848 1125 1071 1191 ouebcbtattt
1091 1125 1205 1182 Nola.

72 1244 202 1370 filbertus
228 1243 305 1300 lilius
329 1245 393 1316 ejus
428 1247 555 1316 explerit
580 1256 668 1320 atque
706 1251 877 1321 composuit.
911 1272 922 1299 »
979 1250 1024 1307 vel
1054 1249 1233 1321 episcopum,
1255 1263 1344 1307 eausa
1371 1250 1525 1308 ordinandi
1558 1249 1689 1307 abbatem
1716 1257 1840 1318 vocent,

96 1314 227 1386 elertque
251 1323 368 1372 sanetus
409 1316 566 1389 Gregorius
594 1321 722 1388 pontiler
766 1323 923 1389 maximus,
980 1321 1115 1378 Similiter
1128 1321 1235 1378 iaciant
1256 1323 1290 1377 de
1319 1321 1550 1378 ordinationibus
1576 1321 1755 1377 sacerdotum
1779 1321 1827 1378 vel

73 1385 128 1443 ltoc
153 1387 360 1466 monasterium
388 1402 406 1443 a
433 1392 542 1446 toanue
566 1392 839 1461 tlt,pracdeeessore
861 1408 924 1461 suo,
979 1392 1144 1461 levitarum,
1174 1400 1202 1449 et
1236 1399 1404 1449 caeterorum
1437 1393 1593 1463 graduum,
1627 1394 1747 1463 quasin
1773 1406 1828 1449 sno

71 1465 159 1538 caput
178 1471 307 1513 omnium
332 1460 569 1517 monasteriorum
600 1469 628 1518 et
642 1463 824 1521 abbatiarum
838 1465 927 1520 Fran·
980 1465 1152 1521 monasterio
1181 1463 1334 1529 eelebrent,
1363 1462 1386 1519 si
1412 1464 1523 1530 volunt,
1555 1464 1665 1534 absque
1679 1463 1738 1520 ulla
1754 1477 1828 1519 cou-

72 1541 123 1583 erae
144 1528 442 1608 constitutumluisse.
470 1531 523 1588 Sed
548 1533 724 1603 quialitterae
752 1536 859 1606 quibus
898 1534 926 1591 id
981 1534 1150 1591 tradictione
1187 1534 1393 1604 archiepiscopi
1436 1534 1600 1600 Remorum,
1636 1541 1664 1590 et
1702 1534 1828 1604 episcopi

72 1608 222 1680 assentur,
247 1600 331 1655 valde
366 1610 505 1682 suspectae
532 1611 609 1671 sant,
640 1606 813 1662 etamultis
836 1605 1162 1700 etiotnBSuessorunt,
1185 1604 1321 1661 Praesenti
1349 1618 1466 1674 quoque
1493 1605 1600 1672 abbati,
1641 1612 1669 1661 et
1692 1606 1829 1661 omnibus

73 1669 205 1726 falsitatis
226 1681 404 1742 arguuntur,
429 1672 497 1728 libet
517 1673 565 1729 bic
588 1675 728 1746 integram
752 1677 922 1733 ioannisill
978 1676 1191 1734 successoribus
1213 1677 1274 1732 suis
1298 1676 1373 1731 inter
1399 1676 1553 1731 missarum
1579 1674 1719 1731 solemnia
1742 1675 1828 1733 bene·

73 1741 307 1822 constitutionem
329 1743 471 1813 subjicere
495 1760 502 1811 ;
527 1759 695 1816 quanquam
720 1754 748 1803 et
772 1748 834 1817 ipsa
857 1761 924 1816 sup·
978 1747 1116 1804 dictiones
1142 1747 1326 1803 concedimus
1353 1759 1448 1817 agere,
1471 1752 1498 1802 et
1528 1746 1760 1816 praedicationem
1790 1747 1828 1803 ad

74 1821 235 1894 positionis,
262 1820 314 1892 aut
333 1813 432 1892 saltem
461 1814 680 1873 adulterationis
697 1818 769 1874 vitio
792 1832 849 1874 non
879 1831 924 1873 ca·
978 1818 1119 1887 populum
1145 1819 1248 1885 lacere,
1269 1825 1296 1873 et
1323 1815 1645 1887 revereuldaelsanctte
1666 1817 1763 1874 itariae
1778 1818 1827 1874 liei

74 1891 126 1939 ret.
154 1883 281 1939 blcmtnrt
303 1898 381 1940 emm
415 1885 489 1941 inter
517 1893 620 1943 catera
641 1887 765 1944 nominis
784 1888 921 1958 arcbiepi.
979 1887 1135 1959 genitricis,
1167 1895 1194 1944 et
1212 1888 1286 1944 beati
1309 1887 1383 1944 Petri
1406 1887 1601 1957 apostolorum
1622 1888 1770 1959 principis,
1800 1896 1828 1946 et

74 1966 238 2023 scoparum,
268 1954 345 2024 quod
368 1963 434 2011 ante
458 1956 610 2025 Pippiniet
625 1958 718 2014 Caroli
742 1957 839 2030 Magni
868 1974 922 2015 sae-
979 1959 1198 2028 protomartyris
1223 1957 1329 2015 Cbristi
1355 1957 1490 2039 Stephani
1513 1965 1541 2014 et
1569 1958 1668 2013 domni
1688 1958 1826 2026 bladardi,

74 2024 175 2081 culum
190 2026 218 2080 iu
235 2037 293 2081 usu
318 2039 377 2082 noo
404 2027 466 2083 luit.
491 2027 549 2083 Nec
569 2029 661 2098 stylus
680 2044 798 2100 quoque
812 2029 924 2086 conior·
979 2043 1107 2097 quorum
1135 2030 1244 2085 bonore
1268 2037 1296 2085 et
1319 2029 1429 2085 meritis
1457 2029 1515 2098 ipse
1530 2029 1609 2084 locus
1632 2038 1762 2085 sacratos
1777 2042 1827 2085 re·

74 2097 130 2176 mis
155 2109 217 2176 esse
246 2096 361 2152 videtur
389 2096 489 2178 litteris
517 2101 679 2168 apostolicis
712 2101 789 2157 itlius
815 2101 922 2157 saeculi.
979 2100 1080 2171 luiget.
1110 2100 1296 2171 adquorum
1325 2100 1415 2156 altare
1443 2101 1642 2156 venerandum
1671 2108 1698 2156 et
1724 2099 1828 2170 prect-

76 2167 211 2232 Qutntmo
234 2180 329 2238 neque
368 2178 592 2225 monasticarum
621 2171 825 2229 fundationum
858 2186 925 2228 con·
979 2185 1200 2241 puum‚0mnes
1225 2171 1358 2227 ecclesias
1384 2179 1412 2227 et
1433 2170 1544 2238 altaria,
1566 2171 1751 2228 deomnibus
1768 2179 1829 2228 ter-

75 2237 254 2309 firmationes
291 2252 308 2292 a
337 2239 402 2295 sede
428 2239 557 2296 liomana
586 2241 705 2312 requiri,
735 2256 828 2312 neque
855 2241 924 2297 anni
978 2241 1020 2297 ris
1042 2256 1107 2312 quae
1131 2241 1240 2297 collatae
1261 2250 1329 2298 sunt
1356 2241 1403 2298 rel
1427 2241 1621 2307 conserentur,
1648 2241 1723 2297 iacta
1751 2255 1828 2311 prae-

76 2309 232 2365 Dominicn
258 2308 469 2378 incarnationis
504 2309 626 2380 publicis
648 2312 848 2368 instrumentis
875 2326 923 2381 ap.
979 2313 1107 2382 ceptione
1131 2313 1230 2380 regali,
1252 2312 1450 2382 etapostolica
1469 2313 1637 2378 auctoritate,
1664 2325 1751 2369 causa
1776 2312 1828 2368 bo·

76 2380 153 2448 poni,
178 2379 235 2435 nisi
262 2379 423 2450 longopost
451 2390 577 2450 tempore
596 2390 754 2451 eoeperunt,
775 2383 816 2438 uti
843 2382 925 2438 docet
979 2384 1058 2440 noris
1080 2383 1273 2440 concedimus.
1297 2383 1530 2440 consecrationes
1557 2396 1675 2453 quoque
1693 2383 1826 2439 lentium.

77 2451 184 2508 alieubi
208 2452 392 2508 doctissimus
414 2459 442 2507 et
466 2451 678 2510 illustrissimus
701 2452 858 2510 cardinalis
875 2454 925 2508 Ba·
978 2462 1006 2510 ot
1039 2455 1170 2510 scrutinii
1204 2455 1340 2524 mysteria
1371 2469 1483 2524 semper
1511 2454 1623 2524 inipso
1649 2454 1830 2511 celebrentur

77 2522 186 2579 ronias.
217 2522 268 2578 Est
296 2531 391 2578 autem
423 2523 588 2579 constitutio
603 2524 652 2580 illa
665 2524 724 2581 sive
741 2524 925 2596 privilegium
980 2525 1162 2581 monasterio.
1190 2524 1358 2582 chrismatis
1386 2539 1503 2595 quoque
1529 2539 1563 2580 ac
1585 2524 1639 2581 olei
1662 2525 1830 2595 ubicunque

76 2593 246 2649 loannislll
260 2591 421 2664 ejusmodi:
979 2592 1096 2652 libuerit
1122 2603 1256 2664 expetant
1286 2595 1522 2662 benedictionem,
1554 2609 1607 2651 nec
1634 2595 1723 2652 ullius
1745 2608 1829 2652 oeca-

81 2665 255 2732 Prioilepium
283 2665 397 2719 loconis
438 2667 480 2719 ili
503 2680 593 2735 popae,
630 2666 727 2721 dottam
760 2670 925 2721 monasterio
980 2667 1069 2723 sionis
1090 2678 1179 2722 causa
1209 2665 1254 2722 vel
1280 2666 1458 2722 necessitatis
1490 2680 1508 2721 a
1535 2679 1684 2737 quoquam
1716 2674 1827 2722 rectore

88 2756 92 2762 ·
272 2735 366 2790 Sancti
378 2736 503 2791 edouardi
516 2738 727 2793 Suessioneosis.
980 2745 1079 2793 tantus
1108 2737 1200 2792 bonor
1229 2737 1446 2802 intermittatur,
1461 2751 1497 2793 ne
1525 2743 1612 2793 tantae
1643 2735 1831 2794 sublimitatis

114 2829 129 2857 a
146 2806 246 2863 Totius
272 2807 349 2863 orbis
372 2808 550 2876 principibus
569 2810 734 2865 machinam
748 2808 850 2864 muudi
870 2808 925 2866 sub
979 2808 1060 2865 loeus
1085 2808 1212 2874 vilescat,
1238 2822 1325 2877 quem
1345 2816 1434 2878 capot
1455 2808 1660 2865 constituimus
1683 2814 1830 2863 monaste-

77 2878 189 2939 cbristo
204 2877 334 2948 principe
349 2879 523 2948 regentibus,
553 2881 743 2951 praesentibus
771 2880 878 2937 seilicet
898 2887 926 2936 et
981 2879 1092 2936 riorum
1129 2878 1216 2934 totius
1243 2879 1351 2945 Galliac,
1377 2878 1546 2949 nulliusque
1574 2878 1676 2934 ditioni
1704 2878 1832 2949 patimur

78 2949 195 3016 tuturis,
227 2948 360 3014 ioannes,
388 2949 557 3005 meritorum
572 2951 711 3020 qualitate
733 2950 861 3014 iniimus,
877 2951 926 3006 sed
945 2986 966 3042 c
982 2965 1042 3006 esse
1069 2948 1255 3018 subjeetum:
1287 2950 1336 3005 sed
1364 2963 1477 3019 semper
1504 2948 1672 3021 subrogati
1699 2948 1832 3006 custodia

80 3019 187 3075 Christi
201 3018 295 3090 gratia
308 3026 414 3074 sanetae
431 3019 566 3076 Rornanae
581 3022 656 3077 sedis
672 3021 818 3091 praelatus.
836 3020 927 3077 Suum
984 3021 1102 3091 positus.
1114 3021 1201 3090 buius
1224 3027 1330 3076 sanctae
1356 3021 1492 3077 Romanae
1507 3018 1580 3076 sedis
1604 3020 1764 3076 antistitum
1779 3032 1831 3074 au·

79 3104 149 3156 esse,
169 3103 243 3159 quos
264 3088 370 3144 (livinae
393 3091 458 3146 lidei
479 3101 507 3147 et
526 3093 686 3161 apostoticae
707 3093 929 3163 majestatisno·
984 3091 1115 3147 ctoritate
1138 3091 1355 3146 advocationem
1387 3091 1460 3147 beati
1478 3091 1552 3147 Petri
1575 3090 1689 3147 babeat.
1706 3090 1833 3148 caveant

78 3160 173 3217 bilitat
196 3158 308 3230 religio,
322 3169 444 3227 constat,
471 3170 503 3218 ut
521 3162 621 3219 iruetu
641 3177 763 3234 opernm
783 3173 811 3219 et
825 3163 929 3218 allecta
985 3171 1081 3218 autem
1103 3175 1201 3217 omues
1229 3170 1335 3217 sancta
1373 3161 1423 3217 liei
1451 3162 1583 3218 Ecclesiae
1606 3174 1782 3218 successores
1803 3167 1833 3216 et

79 3244 179 3287 rerum
206 3239 283 3286 certa
314 3230 510 3289 demonstrent
529 3234 676 3305 obsequia.
693 3233 813 3301 Obboc‚
830 3233 930 3289 divina
984 3233 1066 3303 regni
1092 3233 1310 3303 gubernatores,
1330 3245 1366 3287 ne
1389 3229 1833 3302 boeprivilegiumirritumla-

78 3300 237 3372 inspirante
256 3300 359 3372 gratia,
383 3309 410 3358 et
433 3304 684 3371 praecellentissimi
712 3307 795 3375 regin
818 3304 930 3362 Clotba-
984 3305 1072 3370 ciant,
1100 3302 1177 3373 quod
1203 3301 1358 3372 apostolica
1372 3304 1542 3359 auctoritate
1565 3304 1718 3367 sancitum,
1744 3309 1772 3357 et
1786 3315 1833 3357 re·

79 3387 117 3430 ru
145 3372 283 3428 suadente
306 3371 467 3439 elementia,
498 3376 669 3432 monasterio
697 3376 806 3432 Sanctae
835 3376 928 3432 itariae
985 3389 1054 3446 gum
1069 3374 1203 3429 manibus
1214 3386 1281 3430 vere
1295 3372 1441 3429 firmatum
1455 3381 1507 3440 est,
1524 3379 1552 3428 et
1568 3387 1708 3430 consensu
1722 3372 1833 3428 banda-

80 3451 108 3501 et
120 3443 198 3499 Beati
221 3443 306 3509 Petri,
328 3444 404 3513 quod
424 3454 466 3501 est
480 3457 563 3502 extra
587 3447 755 3503 suessorum
783 3447 929 3502 civitatem
983 3446 1037 3501 ridi
1059 3445 1184 3516 episcopi
1210 3443 1378 3500 suessorum
1401 3442 1521 3509 iactum,
1541 3443 1835 3512 insaporetseptoa-

80 3516 169 3571 situm
194 3513 244 3569 ubi
273 3515 408 3572 dominus
434 3517 587 3574 bladardus
612 3519 800 3589 requiescere,
821 3526 849 3574 et
877 3518 929 3573 ba·
984 3517 1065 3587 ginta
1091 3514 1287 3585 episcoporum
1313 3513 1494 3570 anathemate
1520 3513 1685 3569 solidatum.
1700 3511 1834 3580 Quicun-

80 3585 139 3642 niel
153 3584 244 3642 abbas
263 3598 383 3655 pracesse
397 3586 522 3653 videtur,
545 3589 598 3645 boc
625 3589 808 3660 privilegium
831 3589 928 3645 omni·
984 3602 1041 3657 que
1057 3587 1145 3656 hujus
1159 3586 1276 3641 nomine
1284 3583 1463 3641 auctoritatis
1474 3585 1666 3642 contradictor
1679 3585 1833 3651 exstiterit,

79 3655 172 3714 modis
187 3654 381 3727 indulgemus,
409 3665 442 3713 ut
452 3666 542 3714 terras
557 3675 631 3730 quas
657 3660 734 3716 silius
748 3667 843 3716 noster
870 3658 930 3714 Clo·
983 3658 1028 3714 vei
1045 3658 1146 3713 iratres
1160 3655 1189 3711 iu
1218 3654 1336 3726 praelata
1360 3656 1479 3713 basilica
1502 3654 1717 3728 inquietaverit,
1738 3655 1782 3711 vei
1799 3654 1835 3711 de

81 3727 194 3785 tbarius
221 3725 257 3782 ob
285 3725 406 3783 salutem
430 3729 533 3785 animae
562 3745 621 3787 suae
650 3731 735 3795 dedit,
757 3732 928 3786 Cromacum
984 3728 1119 3785 omnibus
1140 3726 1226 3783 rebus
1250 3726 1303 3797 ipsi
1327 3726 1389 3784 loco
1403 3727 1543 3784 concessis
1567 3727 1613 3782 vei
1644 3724 1835 3783 concedendis

81 3798 199 3864 scilicet,
227 3797 417 3867 attipiacum,
446 3808 474 3855 et
499 3799 597 3857 alavit
624 3803 829 3872 possessionem
845 3814 928 3857 suam
985 3798 1096 3870 aliquid
1116 3797 1275 3860 abstulerit,
1305 3797 1349 3854 vel
1365 3797 1448 3856 aliter
1460 3797 1646 3864 ordinaverit,
1670 3797 1698 3852 in
1725 3796 1836 3852 dicre-

82 3871 202 3939 inpage
224 3869 348 3936 lietensi,
374 3884 441 3926 cum
465 3870 721 3943 silvaquanvulgo
750 3872 856 3929 dicitur
874 3873 928 3929 Pa·
983 3870 1135 3928 velationis
1163 3869 1276 3925 Domim
1311 3870 1347 3925 sit
1375 3869 1529 3926 anathema
1557 3868 1738 3935 maranatha,
1768 3873 1835 3922 eta

82 3940 150 3997 tella
166 3938 247 4007 Salis,
271 3943 431 3996 cumomni
448 3941 611 4014 integritate
626 3952 741 4000 teneant
764 3952 851 4015 atque
867 3957 929 4013 pos
982 3941 1125 3999 consortio
1153 3940 1376 3997 cortsrtanttatis
1399 3947 1605 4010 sequestratus,
1630 3953 1646 3993 a
1669 3950 1786 4007 corpore
1806 3946 1835 4017 et

83 4011 204 4077 sideant,
221 4025 288 4066 cum
305 4011 397 4074 terris.
416 4012 559 4080 domibus,
589 4021 616 4070 ct
647 4014 786 4082 aediliciis,
801 4023 828 4071 ct
857 4014 929 4070 alta·
983 4011 1127 4083 sauguine
1155 4009 1269 4067 Domim
1294 4011 1384 4066 nostri
1411 4011 1479 4067 lesu
1507 4009 1611 4066 cbristi
1637 4008 1748 4064 alienus
1770 4021 1834 4063 ext-

82 4082 166 4139 ribus
178 4082 314 4146 babeant,
340 4089 455 4139 teneant
484 4093 571 4154 atque
599 4085 769 4153 possideant.
786 4086 843 4140 lice
879 4098 929 4140 uo.
983 4080 1313 4152 stat.litcujuscunque
1333 4079 1578 4136 sublimitatisvel
1610 4078 1758 4151 dignitatis
1785 4078 1834 4145 sit,

83 4152 325 4225 queauctoritatc
359 4162 465 4209 sanetae
494 4156 641 4211 trinitatis
675 4165 702 4212 et
732 4099 930 4225 inseparaffiilis
984 4153 1092 4210 bonore
1118 4165 1171 4209 suo
1199 4151 1229 4206 iu
1245 4151 1377 4232 prasenti
1396 4152 1502 4207 saeculo
1517 4151 1656 4220 privetur,
1687 4157 1715 4206 et
1735 4149 1835 4204 inex-

82 4223 202 4280 unitatis
226 4224 289 4279 vice
315 4221 391 4279 beati
420 4224 494 4282 Petri
519 4226 637 4296 apostoli
650 4240 747 4282 coram
770 4240 836 4293 rege
865 4226 928 4282 Clo·
984 4223 1082 4281 sitium
1121 4223 1276 4293 relegetur,
1305 4228 1332 4277 et
1370 4236 1400 4276 iu
1425 4222 1523 4279 tuturo
1548 4221 1737 4277 saeculorum
1759 4219 1835 4275 toda

84 4293 179 4352 thario
200 4302 227 4350 et
251 4293 386 4350 omnibus
409 4297 518 4376 plebeio
551 4299 737 4363 Francorum,
761 4297 868 4354 scilciet
883 4294 1121 4378 ar3ntraditore
1142 4292 1254 4350 bomini
1280 4292 1310 4347 in
1341 4293 1432 4360 poenis
1455 4293 1639 4349 aeternalibus
1668 4291 1832 4358 damnetur,

984 4374 1012 4423 et
1037 4378 1105 4422 cum
1131 4362 1486 4434 diaboloetangeiisejus
1509 4362 1537 4418 in
1567 4363 1679 4419 interno
1707 4360 1834 4418 interiori

83 4363 341 4434 cbiepiseoporum,
376 4379 582 4436 episcoporum,
616 4366 757 4438 judicum,
790 4376 817 4424 et
851 4381 930 4423 omni

986 4448 1139 4506 nunquam
1154 4433 1349 4504 resurgendus
1363 4434 1558 4505 demergatur,
1575 4435 1629 4489 nisi
1646 4440 1752 4488 sanetae
1767 4444 1834 4487 con-

83 4434 189 4507 populo
214 4434 442 4493 Christianorum
467 4438 663 4494 Romanorum
692 4439 855 4509 principum
880 4438 930 4494 de-

84 4506 250 4576 cernimus;
268 4515 300 4562 ut
327 4507 428 4563 nullus
451 4522 563 4579 regum,
589 4510 760 4574 antistitum,
786 4509 929 4579 judicum,

83 4588 175 4635 terras
190 4577 300 4634 Sancta
321 4578 419 4634 itariae
439 4587 467 4635 et
483 4581 592 4636 domini
618 4580 746 4637 bledardi
769 4582 830 4636 sive
845 4580 931 4636 eecle-

84 4650 143 4706 sias
167 4649 210 4706 vel
237 4649 349 4713 altaria,
368 4650 488 4719 telonea,
512 4651 645 4713 decimas,
664 4666 764 4716 novas,
790 4653 886 4709 banna
904 4658 932 4706 et

84 4720 165 4777 ireda
194 4721 300 4790 exigat.
326 4719 383 4776 Nee
411 4720 465 4777 boc
495 4721 602 4791 iniusto
642 4723 806 4794 praeiudicio
834 4724 932 4793 agitur

85 4799 187 4847 eontra
214 4801 359 4847 auctorem
382 4790 479 4862 legum
495 4794 539 4849 vcl
556 4806 712 4859 capotium,
751 4794 799 4850 uia
814 4793 886 4851 nibil
897 4792 932 4851 de

85 4862 222 4917 canonica
236 4861 404 4919 auctoritate
426 4863 578 4925 minuitur,
605 4808 747 4934 quidquia
765 4879 814 4934 pro
828 4864 932 4934 quietis

85 4932 295 5001 tranquillitate
320 4940 347 4988 et
371 4935 508 4990 servitute
524 4935 571 4990 liei
589 4936 624 4991 ad
640 4935 702 4991 loca
722 4935 931 4992 venerabilium

86 5012 252 5062 sanctorum
263 5004 438 5061 conceditur.
451 5004 611 5062 statuimus
622 5005 719 5070 etiam,
737 5013 769 5061 ut
783 5005 863 5062 velut
872 5007 933 5062 bace

87 5071 932 5148 sedesbeatiPetriliberamustatabomniservitioregum,

86 5144 259 5207 clemoium
284 5145 440 5214 potentium
458 5160 657 5217 personarum,
672 5147 712 5204 ita
731 5154 840 5205 remota
854 5147 933 5203 omni

87 5212 295 5294 consuetudine
310 5214 431 5282 pessima
443 5220 573 5276 omnium
585 5233 697 5290 regum,
709 5218 934 5288 archiepiscopo-

87 5298 165 5354 rum,
182 5297 393 5355 episcoporum,
409 5288 689 5357 archidiaconorum,
714 5291 774 5346 sive
788 5289 931 5359 judicum,

86 5356 212 5437 praelatae
242 5354 365 5411 basilicae
393 5359 536 5425 neonaebi,
567 5362 622 5419 lieo
651 5369 763 5428 vacent,
792 5359 885 5427 liberi,
906 5367 934 5418 et

87 5441 139 5512 per
164 5426 261 5483 omnia
284 5424 401 5498 liegulac
429 5426 522 5484 Sancti
556 5431 699 5490 Benedicti
727 5431 840 5490 actibus
867 5431 933 5489 obe-

87 5500 169 5568 diant
197 5498 259 5554 sine
287 5496 347 5554 ulla
361 5496 571 5567 inquietudine.
588 5502 722 5559 Praesenti
747 5517 863 5574 quoque
878 5502 935 5574 pri-

85 5569 192 5644 vilegio
210 5567 287 5625 haue
312 5568 369 5625 illis
383 5567 568 5626 concedimus
583 5571 735 5639 licentiam,
754 5582 784 5630 ut
798 5574 932 5632 deiuncto

87 5640 200 5721 abbate,
244 5653 448 5713 quemcunque
489 5641 632 5700 voluerint
658 5644 932 5723 archiepiscopum,

987 4505 1161 4578 gregationis
1175 4506 1288 4560 animos
1302 4503 1468 4574 placaverit,
1498 4512 1526 4560 et
1540 4512 1647 4560 sanctae
1672 4504 1720 4559 bet
1735 4501 1833 4583 Eccle-

986 4580 1035 4634 sim
1062 4576 1209 4634 ministros
1236 4575 1291 4631 sibi
1321 4576 1556 4632 reconciliaverit.
1585 4576 1647 4644 Ego
1671 4573 1835 4653 Simplicius

986 4648 1117 4705 notarius
1145 4655 1251 4703 sanctae
1276 4646 1412 4704 Rttmttliae
1435 4646 1510 4704 sedis
1526 4645 1682 4714 subscripsi
1698 4651 1725 4700 et
1752 4643 1835 4713 sigil-

987 4719 1054 4776 lavi.
1080 4719 1184 4774 Datum
1214 4719 1242 4771 in
1272 4716 1399 4774 Ecclesia
1427 4717 1522 4774 Sancti
1550 4716 1688 4779 silvestri,
1718 4715 1836 4795 vidus

987 4789 1093 4857 martii,
1121 4803 1197 4845 anno
1234 4788 1388 4844 Dominicae
1416 4788 1624 4846 incarnationis
1674 4787 1735 4854 titia,
1757 4785 1835 4840 mdi-

986 4861 1155 4917 ctionem·

1021 4931 1174 4997 Caeterum,
1197 4931 1299 5001 quanti
1327 4929 1445 4987 iecerint
1467 4938 1495 4987 et
1513 4929 1561 4986 alii
1588 4930 1764 4987 Francorum
1782 4940 1837 4984 re·-

987 5017 1037 5074 ges
1052 5010 1113 5074 post
1134 5000 1323 5067 clotharium,
1341 5003 1482 5083 insignem
1500 5000 1577 5082 illam
1597 4996 1836 5073 Sanctibledardi

988 5074 1146 5142 basilicam,
1177 5072 1272 5130 veliti
1306 5071 1336 5129 in
1363 5072 1463 5143 primis
1489 5070 1595 5127 indicat
1615 5070 1835 5142 quodandreas

988 5144 1190 5203 llareianensis
1217 5144 1376 5200 monachus
1396 5141 1517 5199 scribit:
1544 5163 1558 5191 a
1585 5140 1764 5198 Ludovicum
1781 5140 1836 5195 im·

987 5224 1146 5286 peratorem
1175 5229 1250 5271 anno
1269 5218 1296 5269 ll
1328 5213 1439 5284 imperii
1460 5212 1515 5279 sui,
1539 5211 1706 5282 impetrasse
1727 5211 1764 5267 ab
1781 5210 1837 5267 Eu·

988 5300 1071 5355 genio
1103 5298 1177 5356 papa
1202 5299 1306 5355 eorpus
1332 5284 1424 5340 sancti
1449 5282 1608 5340 sebastiani
1636 5283 1781 5351 martyris,
1807 5289 1836 5339 et

988 5356 1150 5414 suessionis
1177 5356 1207 5411 in
1238 5356 1356 5413 basilica
1381 5354 1476 5412 Sancti
1510 5352 1636 5412 bledardi
1670 5352 1833 5421 collocasse,

987 5429 1035 5556 inll
1045 5427 1131 5500 cuius
1158 5426 1287 5485 adventu
1310 5423 1402 5483 multa
1431 5426 1635 5496 perpetraverit
1658 5426 1736 5483 Deus
1752 5424 1835 5481 mira-

987 5514 1003 5555 c
1036 5513 1091 5555 a.»

1023 5643 1079 5717 (is)
1092 5645 1120 5701 S:
1138 5642 1254 5700 lilerou.
1272 5640 1302 5698 in
1313 5638 1379 5698 vita
1395 5638 1427 5695 tt.
1443 5637 1572 5696 Antonii.
