3804 5962
129 84 181 180 aaa
590 119 689 176 curm
709 114 895 174 lemanum
914 115 990 172 orn.
1011 113 1102 173 raus
1121 115 1143 173 r.
1163 145 1200 160 -
1239 116 1415 176 errsroun

128 260 260 312 uaricum
288 262 408 308 manum
435 255 527 307 tuam.
546 246 724 320 illaqueatus
747 262 777 305 es
795 246 891 305 verbis
913 243 971 303 oris
986 245 1011 299 h
1026 243 1200 303 incessanter
1225 247 1408 305 insidiantem
1437 256 1465 307 et
1490 249 1618 308 maxime
1638 250 1754 323 religios

128 341 182 412 tui,
200 347 228 398 et
250 346 352 412 captus
374 338 498 411 propriis
519 337 709 396 sermonibus.
735 337 874 410 Facergo
895 334 973 406 quod
1028 344 1206 407 sequentem,
1238 338 1325 409 iuxta
1351 339 1422 394 illud
1456 339 1613 397 llabaouc:
1645 359 1658 394 i
1688 342 1754 398 Esca

127 430 203 501 dico,
226 430 267 488 lili
290 430 340 498 mi,
362 437 390 486 et
417 427 599 500 temetipsum
622 426 722 494 libera,
748 426 819 497 quia
847 424 973 503 incidisti
1026 426 1121 483 electae
1150 427 1263 497 (liobae.
1292 445 1310 496 r,
1342 430 1393 500 lo),
1430 451 1438 477 ·
1467 430 1567 486 Petrus
1595 432 1739 501 apostulus

126 518 157 578 iu
181 533 302 579 manum
323 518 447 591 proximi
473 518 526 575 tui.
553 517 699 586 hiscurre,
725 516 837 582 resima,
864 513 971 572 suscita
1025 513 1095 571 dum
1119 517 1298 585 adhortetur,
1316 519 1412 574 diceus
1428 534 1434 573 :
1450 540 1464 568 «
1489 521 1681 577 Adversarius
1697 530 1754 579 vest

125 606 253 666 amicum
268 615 368 675 tuum;
386 620 422 662 ne
442 604 556 662 deder³s
570 618 706 662 somnum
721 602 813 661 oculis
835 602 902 671 tuis,
918 616 971 658 nec
1024 603 1106 660 holus
1122 615 1264 676 tanquam
1288 607 1331 663 leo
1355 608 1485 678 rugiens,
1509 609 1612 666 circuit
1638 626 1754 681 quaeren

123 694 277 753 dormitent
299 692 443 767 palpebrae
463 692 625 764 tuaelProe.
650 691 742 764 v1,l).
761 691 873 748 »Tunc
892 691 969 747 enim
1024 692 1138 751 devoret
1164 697 1186 763 (l
1213 698 1283 752 Pctr.
1318 712 1343 760 v,
1371 698 1408 767 8).
1441 718 1455 745 »
1485 697 1574 769 Cujus
1603 709 1753 770 quantas

123 797 176 856 pro
191 784 283 841 amico
307 783 489 856 sponsionem
513 782 644 852 iacimus,
661 794 728 838 cum
750 779 876 852 aliquem
897 780 969 836 cha·
1022 785 1148 853 sumptio
1169 785 1198 840 in
1223 785 1405 841 devoratione
1424 794 1533 857 nostra,
1548 788 1609 858 ipsc
1626 790 1754 847 horninur

122 871 194 932 ritas
218 872 371 931 nostruin
402 880 506 930 nostrae
525 870 755 944 congregationis
775 869 967 927 conversatio·
1022 872 1073 927 lob
1091 873 1159 928 dicit
1177 888 1212 928 :i
1237 875 1406 931 ahsorbehit
1431 877 1683 947 lluvium,etuon
1705 881 1754 936 mir

122 976 189 1021 nem
207 962 338 1035 suscipit.
362 962 415 1021 Cui
439 970 544 1019 nostrae
571 959 758 1032 providentiae
777 972 876 1016 curam
901 972 967 1029 pro·
1020 968 1047 1016 et
1063 961 1149 1019 habet
1172 961 1307 1020 fiduciam
1325 965 1402 1034 quod
1425 965 1528 1022 inlluat
1552 968 1684 1024 iordanis
1706 969 1735 1024 in

121 1051 272 1122 mittimus,
294 1052 369 1110 sicut
392 1059 420 1109 et
440 1051 488 1109 ille
509 1050 592 1108 nubis
608 1049 799 1106 obedientiam
820 1062 915 1106 suam.
931 1048 968 1104 Et
1022 1050 1080 1120 (lob
1095 1066 1140 1121 xc,
1160 1053 1213 1124 ¹8).
1241 1073 1255 1104 o
1282 1053 1356 1118 Quid
1378 1053 1454 1110 euim
1477 1056 1595 1127 aggredi
1619 1073 1676 1114 non
1702 1072 1754 1129 pra

121 1143 162 1199 sic
183 1156 301 1216 quoque
323 1155 444 1199 manum
466 1148 595 1198 nostram
614 1138 692 1211 apud
713 1153 781 1196 eum
802 1137 964 1210 deligimus,
1020 1140 1072 1209 qui
1088 1140 1182 1210 ipsum
1199 1157 1316 1212 quoque
1337 1143 1490 1201 Dominum
1505 1159 1667 1217 ,aggressus
1681 1155 1724 1203 est
1738 1155 1754 1204 lt

87 1284 90 1292 s
121 1245 189 1290 cum
219 1231 442 1291 sollicitudinem
466 1238 572 1288 nostra
596 1227 771 1300 operationis
800 1241 869 1299 erga
898 1242 966 1283 eum
1021 1228 1076 1292 oui
1091 1229 1125 1286 de
1147 1231 1279 1301 paradiso
1303 1233 1399 1289 statim
1423 1235 1531 1304 primos
1551 1244 1682 1305 parentes
1698 1251 1750 1307 cap

121 1321 289 1392 spondendo
304 1321 514 1379 constituimus.
527 1320 602 1377 'lum
615 1326 644 1376 et
657 1318 688 1375 in
702 1332 823 1375 manum
837 1311 904 1389 ejns'
917 1317 965 1372 iu·
1019 1325 1046 1375 et
1062 1320 1096 1376 de
1118 1322 1272 1391 apostolico
1294 1332 1370 1380 coetu
1387 1325 1481 1394 ipsum
1501 1325 1597 1395 etiam,
1614 1342 1703 1397 quem
1725 1328 1754 1383 Dt

120 1410 254 1477 uidimus,
281 1411 351 1483 quia
367 1411 423 1468 nisi
437 1409 520 1468 nubis
540 1408 577 1466 ab
597 1409 658 1480 ipso
679 1405 901 1479 providerimus,
923 1406 965 1476 ip
1018 1408 1150 1481 elegerat,
1172 1413 1333 1481 apostolum
1352 1414 1468 1484 rapuit‘l
1487 1414 1557 1480 Quis
1573 1415 1609 1472 ab
1624 1431 1657 1472 eo
1671 1416 1750 1472 locus

117 1514 184 1558 sum
209 1499 313 1559 auimae
335 1508 440 1558 nostra
462 1498 672 1557 interfectorem
699 1497 865 1554 sentiemus.
889 1494 962 1553 Con·
1020 1513 1085 1569 qnae
1107 1499 1233 1556 claustro
1258 1500 1298 1557 illi
1327 1518 1385 1559 non
1414 1512 1482 1560 sunt
1511 1504 1628 1574 pervia‘l
1652 1505 1722 1569 Quis
1743 1521 1754 1561 a

116 1595 164 1648 tra
176 1589 254 1661 quod
283 1590 444 1661 periculum
466 1589 620 1647 adhibetur
633 1587 795 1656 consilium,
817 1601 883 1644 cum
898 1585 965 1642 sub·
980 1553 1002 1610 Β
1019 1585 1130 1643 insidiis
1144 1587 1303 1657 providere,
1319 1590 1370 1660 qui
1389 1590 1452 1662 ejus
1474 1591 1635 1648 tortitudini
1652 1592 1728 1649 valet
1749 1608 1754 1649 r

117 1678 207 1749 ditur,
231 1701 246 1731 o
270 1678 409 1749 discurre,
439 1678 551 1748 lustina,
576 1687 631 1735 etc.
666 1677 751 1735 Nune
777 1677 866 1750 igitur
893 1675 961 1742 huc,
1018 1678 1070 1733 re‘l
1092 1678 1156 1747 lpse
1176 1685 1218 1734 est
1239 1678 1291 1749 qui
1316 1694 1373 1736 uno
1397 1677 1524 1750 impulsu
1548 1682 1713 1738 concutiens
1738 1697 1754 1753 q

115 1781 196 1826 nuuc
229 1767 298 1825 illuc
326 1767 517 1827 deambulans
542 1782 622 1825 more
649 1768 761 1839 providi
789 1775 816 1825 et
846 1766 962 1840 impigri
1017 1767 1140 1838 angulos
1163 1769 1265 1825 domus
1288 1769 1379 1826 sancti
1395 1771 1451 1826 viri
1468 1770 1530 1838 lob,
1549 1770 1621 1827 lilios
1641 1779 1667 1828 et
1688 1770 1754 1828 filiai

114 1855 208 1921 ducis,
228 1864 322 1915 castra
350 1871 404 1915 sua
425 1857 544 1915 sollicite
567 1858 651 1929 giret,
676 1857 722 1914 rel
745 1863 900 1925 scrutetur,
925 1871 962 1913 ne
1015 1864 1111 1913 centes
1147 1858 1286 1929 oppressit
1320 1867 1347 1916 et
1373 1859 1512 1917 exstinxit
1549 1860 1604 1932 (lob
1643 1878 1661 1922 r,
1690 1862 1754 1930 519).

112 1960 166 2018 per
187 1944 313 2018 alicujus
327 1947 533 2021 negligentiam
546 1946 583 2015 ei,
600 1947 651 2018 qui
673 1954 813 2018 tanquam
835 1945 877 2003 leo
901 1947 960 2004 cir·
1014 1959 1102 2002 sexus
1135 1946 1277 2004 infirmior
1303 1949 1443 2006 adversus
1468 1949 1563 2020 ipsum
1591 1950 1715 2019 poterit?
1739 1951 1754 2008 i

112 2035 174 2093 cuit
200 2049 335 2109 quaerens
359 2051 446 2108 quem
468 2036 585 2094 devoret
614 2036 635 2107 (l
663 2038 735 2091 Patr.
761 2051 789 2102 v,
810 2034 847 2102 8),
864 2034 960 2090 aditus
1013 2035 1110 2092 ductio
1125 2036 1188 2107 ejus
1205 2044 1318 2094 tantum
1340 2039 1466 2095 timenda
1487 2048 1537 2103 est,
1564 2043 1708 2110 quantum
1723 2041 1754 2097 lei

111 2132 217 2198 pateat.
241 2124 347 2184 Omnia
366 2124 443 2181 mala
466 2124 569 2182 domus
583 2139 644 2182 suae
668 2125 746 2196 prior
764 2131 911 2196 agnoscat,
927 2132 960 2181 ut
1013 2126 1093 2181 Hanc
1121 2127 1229 2198 quippe
1253 2128 1313 2197 ipse
1328 2129 1463 2199 primum
1493 2128 1617 2200 seduxit,
1642 2138 1669 2186 et
1693 2144 1744 2201 per

110 2215 147 2273 ab
182 2215 245 2287 ipsa
280 2215 363 2287 prius
399 2214 510 2286 possint
542 2215 646 2287 corrigi
684 2227 772 2285 quam
802 2227 819 2270 a
849 2213 958 2270 ceteris
1011 2215 1107 2271 virum
1123 2218 1185 2286 ejus
1210 2215 1326 2286 pariter,
1352 2224 1379 2273 et
1414 2224 1501 2272 totam
1520 2219 1714 2289 posteritatem
1735 2235 1754 2276 u

110 2303 238 2377 agnosci,
259 2313 287 2362 et
315 2304 345 2360 iu
366 2303 533 2374 exemplum
552 2303 638 2360 trahi.
664 2303 770 2360 Caveat
785 2301 855 2360 illud
879 2301 957 2374 quod
1011 2305 1061 2361 vit.
1098 2306 1246 2375 cupiditas
1279 2307 1396 2377 maioris
1423 2307 1491 2362 boni
1522 2310 1698 2378 possessione
1736 2325 1754 2366 n

109 2393 205 2452 stultis
231 2393 278 2452 vel
304 2392 518 2466 negligentibus
540 2392 642 2451 heatus
665 2393 839 2464 improperat
858 2392 955 2449 llierc·
1010 2395 1159 2450 mulierem
1192 2394 1326 2464 privavit.
1352 2395 1412 2451 llac
1437 2411 1555 2467 quoque
1582 2407 1643 2454 arte
1668 2414 1749 2456 uuuc

107 2496 215 2554 aymus
230 2497 268 2540 :i
292 2481 423 2539 Solemus
443 2483 521 2538 mala
546 2482 650 2540 domus
678 2489 784 2540 nostrae
806 2483 878 2538 scire
900 2496 955 2538 no·
1009 2483 1158 2540 mulierem
1178 2484 1304 2551 seducet,
1334 2499 1400 2541 curn
1426 2500 1547 2556 praeesse
1569 2488 1661 2559 magis
1684 2503 1754 2560 qua1

107 2572 229 2644 tissimi,
251 2571 457 2630 acliberurum
474 2585 509 2629 ac
530 2573 689 2645 conjugum
703 2571 775 2628 vitia
790 2571 892 2628 vicinis
905 2584 954 2627 ca·
1008 2573 1087 2629 desse
1115 2573 1247 2644 cupierit,
1276 2587 1373 2630 rerum
1413 2575 1567 2632 ambitione
1594 2577 1637 2634 vel
1668 2579 1754 2635 honor

106 2663 245 2721 uentibus
268 2662 412 2736 ignorare.
444 2682 456 2713 ι
483 2662 619 2719 attendat
647 2676 714 2734 quae
743 2662 784 2718 sic
809 2660 952 2733 presidet,
1008 2661 1063 2718 hec
1087 2663 1219 2734 impulsa.
1244 2663 1325 2727 Quod
1354 2672 1452 2720 autem
1479 2667 1582 2721 horum
1609 2681 1754 2738 praecesset

106 2751 177 2825 quia
202 2762 262 2812 tam
288 2766 444 2825 corporum
472 2765 561 2824 quam
591 2751 757 2809 animarum
793 2751 952 2807 custodiam
1008 2752 1125 2822 quentia
1141 2753 1315 2823 probabunt.
1336 2753 1364 2809 Si
1388 2768 1455 2810 vcro
1475 2755 1625 2812 delicatius
1643 2757 1749 2815 vixerit

105 2843 239 2916 suscepit.
262 2843 303 2901 lle
334 2842 465 2900 custodia
488 2855 558 2899 vero
586 2855 740 2915 corporum
768 2840 949 2909 admonetur,
1006 2839 1064 2898 lata
1083 2855 1171 2914 quam
1195 2842 1333 2914 subjecte,
1357 2843 1402 2900 vel
1426 2845 1450 2899 si
1471 2859 1559 2915 supra
1584 2846 1754 2903 necessitate

104 2946 172 2991 cum
196 2933 302 2991 dicitur
327 2933 357 2988 iu
379 2930 610 2989 Ecclesiastico:
640 2951 655 2981 o
684 2930 762 2987 Filiae
791 2929 844 2987 tihi
870 2937 947 2998 sunt,
967 2910 987 2966 C
1005 2929 1075 3000 quid
1116 2931 1171 2988 sibi
1209 2931 1353 3002 peculiare
1388 2931 1587 3002 vindicaverit,
1629 2950 1687 2992 non
1727 2936 1754 2992 di

103 3036 187 3080 serva
201 3035 307 3095 corpus
322 3020 449 3088 illarum,
470 3026 498 3077 et
520 3034 578 3076 nun
601 3020 734 3076 ostendas
755 3020 856 3077 laciem
870 3027 949 3076 tuam
1003 3029 1044 3076 est
1063 3021 1116 3078 hoc
1139 3035 1202 3078 eam
1219 3021 1394 3090 concupisse.
1421 3022 1447 3078 Si
1473 3024 1643 3093 pretiosiora
1666 3033 1754 3095 postm

102 3111 223 3170 hilarem
249 3110 286 3167 ad
323 3110 386 3167 illas
415 3109 510 3182 (hecti.
538 3124 590 3177 vu,
622 3109 678 3182 ab).
710 3132 724 3160 e
753 3110 788 3168 Et
816 3109 947 3166 iterum:
1002 3125 1089 3180 quarn
1115 3119 1199 3167 antea
1230 3111 1375 3181 quaesierit
1404 3122 1583 3180 ornamenta,
1615 3114 1740 3184 prolecto

102 3201 207 3258 «Filia
230 3199 321 3272 patris
340 3198 575 3266 absconditaest,
604 3197 704 3271 vigilia
722 3207 750 3256 et
786 3199 947 3256 sollicitudo
1001 3206 1092 3257 tumet
1134 3199 1236 3272 gloria.
1280 3200 1378 3266 Qualis
1420 3201 1499 3272 prius
1537 3203 1678 3261 exstiterit
1723 3219 1754 3275 po

101 3290 164 3362 ejus
186 3289 282 3347 aulert
312 3302 456 3356 somnum,
490 3288 646 3360 nequando
666 3288 825 3370 polluatur
853 3291 944 3356 (decli.
1000 3290 1069 3346 dum
1103 3290 1262 3359 apparebit.
1304 3290 1386 3354 Quod
1428 3291 1507 3361 prius
1547 3293 1713 3363 exhibebat,
1745 3309 1754 3352 t

100 3394 169 3450 xun,
186 3379 224 3453 ll).
249 3400 264 3430 »
285 3377 444 3436 Polluimus
467 3392 536 3435 vero
559 3391 679 3448 corpora
702 3385 801 3436 nostra
817 3392 875 3434 non
896 3393 946 3436 so·
999 3380 1092 3437 virtus
1125 3379 1209 3435 luerit
1250 3393 1287 3434 an
1329 3380 1483 3448 simulatio,
1525 3381 1662 3440 indicabit
1699 3397 1754 3454 pra

98 3469 160 3528 lum
175 3469 353 3538 lornicaudu,
374 3469 423 3526 sed
442 3467 590 3540 quodlibet
604 3466 739 3525 indecens
752 3468 780 3524 iu
796 3467 866 3540 ipsis
880 3482 945 3538 ope·
998 3467 1142 3523 Trahatur
1161 3467 1197 3522 ad
1220 3467 1416 3538 praelationem
1443 3469 1534 3541 magis
1562 3486 1650 3541 quam
1674 3471 1754 3529 venia

98 3558 191 3618 rande
205 3567 263 3617 tam
285 3558 397 3631 lingua,
413 3572 503 3629 quem
518 3557 573 3614 aliu
588 3559 725 3623 membro,
747 3572 799 3615 seu
815 3557 944 3629 quolibet
997 3565 1077 3614 cente
1101 3557 1244 3613 homino:
1270 3576 1285 3610 i
1308 3557 1413 3615 Omnes
1438 3563 1580 3630 quotquot
1609 3560 1741 3630 veniunt,

97 3650 226 3709 membru
254 3648 386 3706 sensibus
414 3647 541 3719 corporis
565 3648 601 3706 ad
630 3648 786 3705 vanitatem
814 3647 940 3718 aliquam
996 3657 1064 3704 suut
1085 3655 1112 3704 et
1137 3647 1262 3704 latrones
1290 3647 1377 3721 (loon.
1403 3663 1434 3717 x,
1457 3649 1495 3721 8).
1521 3670 1536 3698 »
1561 3650 1721 3719 Venerunt,
1746 3652 1754 3708 j

96 3738 250 3799 ahuteudo.
276 3739 355 3796 Sicut
378 3739 517 3809 scriptum
542 3746 607 3795 est:
640 3760 652 3788 ι
677 3739 752 3795 llors
780 3737 868 3795 intrat
892 3753 942 3809 per
995 3737 1196 3808 Hieronymus,
1209 3759 1224 3788 (ι
1240 3752 1298 3794 nou
1310 3738 1362 3810 qui
1377 3737 1453 3794 missi
1470 3746 1575 3796 sunt.»
1592 3739 1754 3812 Sumaturp

93 3831 232 3889 fenestras
247 3837 361 3887 nostras
386 3828 452 3903 (Jcr.
477 3842 517 3897 rx,
546 3826 599 3900 lt),
616 3848 630 3878 e
655 3827 710 3884 hoc
724 3835 767 3884 est
790 3835 941 3898 peccatum
994 3828 1030 3883 ad
1054 3827 1189 3884 honorem
1213 3842 1302 3899 quam
1323 3827 1378 3884 sibi
1405 3835 1501 3884 sumat
1526 3828 1673 3885 honorem.
1691 3850 1704 3878 α
1720 3828 1754 3903 lit

94 3921 130 3978 ad
152 3921 278 3979 animam
300 3934 351 3992 per
380 3921 511 3990 quinque
536 3932 677 3975 sensuum
701 3918 902 3974 instrumenta.
924 3938 938 3966 »
993 3917 1081 3983 euim,
1106 3917 1200 3989 inquit
1224 3916 1387 3988 Apostolus,
1402 3938 1417 3967 »
1441 3917 1495 3974 sihi
1517 3919 1605 3974 sumit
1628 3918 1754 3976 honoren

92 4010 163 4080 Quae
182 4024 251 4070 vero
287 4023 366 4068 mors
398 4008 539 4081 gravior,
555 4016 607 4064 aut
641 4007 770 4063 custodia
800 4006 939 4077 periculo·
993 4007 1043 4078 qui
1059 4015 1211 4064 vocatura
1234 4008 1292 4063 Deo
1316 4015 1456 4078 tanquam
1480 4009 1576 4064 Aaron
1599 4008 1691 4079 (hebr.
1715 4024 1743 4079 v,

90 4101 158 4171 sior,
181 4114 270 4172 quam
293 4097 480 4155 animarum?
495 4096 598 4167 Nolite,
614 4118 629 4147 »
652 4095 746 4166 inquit
767 4096 890 4166 Veritas,
907 4097 940 4153 ti·
992 4098 1096 4153 vocata
1111 4097 1209 4168 lugeat
1224 4104 1364 4166 tanquam
1383 4096 1420 4153 ad
1435 4106 1556 4154 mortem
1572 4098 1704 4166 deducta,
1721 4113 1751 4154 re

89 4203 168 4247 mere
195 4204 243 4247 eos
265 4188 318 4261 qui
340 4186 475 4244 occidunt
504 4200 619 4258 corpus,
654 4185 758 4242 animae
783 4200 851 4244 vere
878 4201 936 4243 non
953 4217 974 4272 Β
992 4187 1115 4259 gaudeat
1139 4190 1278 4257 tanquam
1292 4200 1309 4241 a
1324 4193 1415 4242 morte
1434 4186 1563 4244 liberata.
1581 4186 1754 4244 Erubescimi

89 4277 197 4337 hahent
219 4276 290 4350 quid
310 4276 415 4334 iaciant
437 4275 548 4347 (hlottlt.
570 4292 599 4344 x,
622 4277 676 4344 283
693 4277 759 4331 Luc.
784 4290 836 4344 xn,
860 4276 899 4349 4).
920 4298 935 4328 »
992 4276 1160 4348 verbaque
1176 4276 1300 4332 dicimus
1322 4277 1432 4333 caeteris
1451 4278 1590 4333 meliores.
1609 4280 1680 4334 Cum
1695 4285 1754 4334 autt

88 4367 198 4440 siquis
219 4367 274 4425 hoc
297 4366 379 4424 audit
400 4365 563 4433 consilium,
582 4367 649 4437 quis
669 4380 726 4422 non
747 4367 840 4439 magis
861 4381 936 4424 mor·
989 4364 1125 4422 electione
1150 4374 1248 4422 nostra
1271 4365 1358 4421 rebus
1385 4366 1454 4436 ipsis
1479 4367 1531 4422 hec
1553 4366 1718 4433 exhibetur,
1737 4365 1755 4423 it

88 4465 146 4517 tem
168 4456 294 4530 corporis
319 4469 409 4527 quam
433 4455 537 4513 animae
563 4454 663 4512 timet‘l
679 4454 747 4523 Quis
766 4471 825 4513 non
841 4456 934 4527 magis
988 4452 1088 4508 denter
1110 4452 1169 4508 sine
1196 4451 1304 4522 pudore
1332 4464 1444 4506 sumus.
1462 4449 1533 4515 Quis
1551 4452 1628 4506 enim
1647 4451 1754 4508 nesciat

87 4545 217 4620 gladium
238 4557 327 4617 quam
348 4542 531 4601 mendacium
557 4543 661 4600 cavet?
689 4543 724 4600 Et
749 4551 847 4601 tamen
865 4544 933 4601 scri·
987 4541 1072 4598 liores
1099 4541 1208 4598 cacteris
1233 4539 1443 4611 prmlereudosl
1474 4540 1555 4597 Unde
1584 4541 1754 4598 lib.xx1vl

83 4644 166 4708 ptum
198 4641 263 4693 est:
296 4657 308 4685 ι
336 4633 375 4691 Os
402 4633 480 4705 quod
508 4632 647 4690 mentitur
674 4633 778 4691 occidit
803 4632 931 4691 animam
986 4629 1067 4700 lium,
1085 4630 1158 4703 (cap.
1183 4631 1234 4701 ld).
1254 4645 1289 4685 :«
1305 4630 1369 4687 Non
1393 4630 1476 4687 debet
1491 4638 1588 4686 autem
1611 4631 1754 4687 hominurn

83 4723 463 4798 (Sop.1,tt).»0utdtam
486 4721 568 4780 lacile
589 4722 708 4778 interfici
724 4736 813 4794 quam
832 4722 930 4779 anima
985 4730 1082 4777 catum
1109 4721 1261 4790 suscipere,
1286 4719 1337 4790 qui
1357 4720 1447 4776 nescit
1472 4720 1602 4776 homines
1630 4720 1702 4776 hene
1731 4733 1754 4776 at

80 4812 190 4885 potest?
214 4811 284 4881 Qus
313 4812 419 4884 sagitta
446 4810 531 4866 citius
553 4809 687 4866 labricari
717 4825 805 4882 quam
833 4825 930 4882 pecca-
984 4811 1078 4867 nendo
1103 4809 1261 4880 increpare.
1292 4810 1347 4874 Qui
1374 4810 1409 4865 ad
1436 4811 1491 4866 hoc
1513 4809 1630 4882 eligitur
1654 4809 1754 4866 utalia

78 4909 142 4960 tum
156 4900 256 4959 valeti
273 4901 344 4967 Quis
364 4900 418 4958 sibi
440 4899 644 4970 acogitatione
664 4899 764 4956 saltem
779 4900 928 4970 providere
981 4899 1083 4970 culpas
1108 4899 1244 4970 corrigat,
1266 4899 1344 4969 quod
1367 4899 1490 4956 resecari
1505 4900 1604 4957 debuit
1619 4900 1680 4970 ipse
1698 4913 1754 4956 com

76 4991 189 5064 puteat?
209 4989 280 5056 Quis
294 4990 417 5062 propriis
438 4989 560 5061 peccatis
576 4989 729 5059 providere
743 4987 859 5057 sufficit,
875 5004 925 5046 ue·
981 4994 1028 5044 tat.
1045 5007 1059 5039 u
1076 4989 1107 5042 ln
1131 5001 1190 5058 qua
1213 4994 1307 5042 tamen
1331 4987 1467 5044 electione
1485 4987 1509 5044 si
1536 4987 1607 5045 lorte
1632 4988 1708 5045 hanc
1726 4988 1754 5044 ir

74 5083 146 5142 dum
170 5077 289 5137 alienis?
314 5080 383 5147 Quis
405 5079 530 5137 carnalis
562 5087 660 5150 pastor
687 5079 830 5149 spiritales
858 5093 925 5135 oves
979 5078 1106 5134 dentiam
1134 5076 1292 5148 aliquando
1315 5076 1369 5133 levi
1399 5077 1554 5134 verborum
1580 5079 1706 5148 repulsa,
1730 5085 1754 5134 ta

73 5184 91 5229 a
122 5170 201 5242 lupis
232 5168 421 5240 spiritalibus,
458 5170 617 5227 invisibiles
656 5169 694 5225 ah
731 5168 924 5226 invisibilibus
977 5181 1026 5236 per
1064 5180 1148 5223 aures
1183 5167 1309 5223 oblatam
1336 5180 1504 5224 recusamus
1537 5167 1721 5240 dignitatem3
1751 5167 1754 5224 l

71 5257 216 5316 custodire
242 5255 389 5314 suldciat‘l
405 5258 476 5323 Quis
498 5268 643 5330 raptorem
664 5272 722 5314 uon
746 5259 855 5329 timeat,
869 5261 920 5330 qui
976 5255 1100 5325 prolecto
1132 5256 1161 5312 iu
1184 5271 1236 5313 nos
1257 5256 1468 5313 accusationem
1491 5257 1671 5327 proterimus,
1699 5270 1754 5328 quo

70 5346 207 5405 lulestare
229 5358 289 5404 uon
313 5353 415 5415 cessat,
431 5360 518 5418 quem
542 5347 623 5404 nullo
649 5358 802 5417 possumus
819 5344 919 5403 exclu·
975 5346 1076 5401 stiores
1097 5353 1124 5401 et
1148 5346 1292 5418 digniores
1315 5346 1477 5403 videamur.
1500 5345 1523 5403 0
1546 5355 1616 5419 quot
1640 5348 1669 5403 in
1686 5347 1755 5405 elect

69 5434 236 5504 darevalle,
251 5434 332 5495 nullo
347 5434 506 5494 interlicere
519 5434 565 5495 vel
579 5434 681 5494 laedere
691 5434 810 5508 gladio?
828 5449 915 5506 quem
975 5447 1030 5492 sua
1042 5433 1110 5491 llere
1126 5435 1252 5493 vidimus
1264 5448 1382 5507 corpore
1403 5442 1431 5494 ct
1451 5435 1545 5495 ridere
1561 5437 1659 5495 cordel
1681 5441 1754 5495 hccu
