3804 5962
71 227 141 288 l'llb
318 223 422 282 turm
448 221 634 281 temnant
659 221 737 281 oet.
764 220 855 280 PARS
876 220 926 278 til.
945 247 982 266 -
998 217 1219 279 theotbertus
1236 219 1280 277 ΕΤ
1298 217 1563 280 eultosorttlttt.

69 352 199 420 mutabit,
222 348 383 407 maledictus
399 349 436 403 sit
461 347 550 420 (lieet.
576 363 615 416 rr,
639 348 680 417 2).
697 347 728 405 Sl
752 361 821 419 ergo
835 345 915 405 aliud
932 347 1013 404 Aest
1035 345 1110 403 idem
1130 360 1190 403 esse
1217 360 1275 402 non
1300 346 1382 417 pium
1414 353 1442 403 et
1464 347 1605 418 impium,
1636 345 1713 418 quia

70 458 128 500 non
145 455 197 512 pro
218 438 362 496 contrario
378 438 427 494 sed
446 450 499 507 pro
518 436 611 494 diviso
627 437 746 507 ponitur
769 446 797 493 et
825 435 917 493 sancti
969 434 1077 506 impius
1109 449 1168 491 non
1192 435 1268 506 pius,
1297 436 1346 491 sed
1376 450 1434 491 non
1459 436 1660 492 convertitur.
1692 435 1713 492 N

71 531 272 602 praedicatores
299 534 327 582 et
358 527 416 596 ipse
445 524 578 583 Christus
593 524 686 596 huius
709 525 917 581 maledictionis
969 523 1171 595 praedicatione
1200 524 1350 581 nominum
1389 523 1551 591 rideamus,
1584 538 1658 595 quae
1690 538 1713 580 st

69 621 113 679 rei
136 621 217 685 sunt,
232 615 279 673 rel
303 623 378 672 certe
394 629 546 686 possumus
556 615 660 684 dicere,
681 614 752 686 quia
788 614 843 685 ipsi
859 629 917 671 uon
970 613 1051 670 mina
1067 613 1101 670 de
1127 613 1236 685 quibus
1258 614 1460 683 predicentur.
1477 613 1643 670 Sciendum
1670 613 1713 685 igi

72 706 203 766 homines
217 706 266 762 sed
280 706 370 762 [teum
392 705 732 761 excommunicaverunt.
749 702 821 761 Cum
840 703 918 760 enim
972 702 1050 772 quod
1075 703 1207 772 quedam
1227 703 1345 759 nomina
1372 702 1608 759 substantialiter
1637 703 1701 759 lieo

70 795 378 868 aliquemhujusmodi
393 794 571 850 additionem
585 793 630 850 vel
643 793 834 851 mutationem
854 807 919 849 con·
972 790 1067 856 niunt,
1100 792 1233 861 quaedam
1258 791 1384 858 relative,
1411 791 1440 847 id
1470 799 1568 848 estex
1598 792 1713 862 proprie

70 885 136 958 tigit
158 884 234 953 lieri,
258 884 313 941 hoo
333 881 436 954 utique
452 896 511 938 non
527 882 611 938 homo
627 882 707 951 lacit,
734 880 782 938 sed
798 895 848 952 per
867 882 919 938 ho·
972 893 1173 950 personarum.
1196 880 1319 936 Nomina
1339 887 1436 936 autem
1459 880 1702 937 substantialiter

70 975 179 1032 minem
191 974 279 1030 Deus.
973 967 1082 1024 nientia
1106 976 1175 1026 sunt
1198 982 1232 1025 ea
1256 982 1321 1041 qum
1350 969 1483 1040 superius
1497 968 1713 1026 substantialia

972 1056 1079 1120 vimus,
1105 1071 1172 1128 qum
1200 1065 1270 1113 sunt
1301 1056 1490 1128 omnipotens,
1507 1057 1643 1128 sapiens,
1674 1057 1713 1114 he

71 1151 173 1209 Probat
195 1151 356 1207 auctoritate
383 1151 521 1220 Spiritum
539 1146 821 1218 sanctumproeeolere
843 1149 918 1203 otti-
973 1151 1110 1214 aeternus,
1136 1145 1305 1213 immensus,
1332 1154 1385 1202 etc.
1420 1146 1485 1201 llaec
1508 1147 1592 1202 enim
1636 1145 1674 1202 de
1711 1165 1713 1199 ε

359 1221 405 1290 lio,
422 1223 493 1276 Sicut
516 1222 637 1276 aPsslre·
973 1234 1103 1304 personis
1129 1233 1276 1298 dicuntur,
1295 1241 1328 1290 ut
1348 1236 1431 1291 Pater
1444 1242 1485 1290 est
1511 1235 1713 1304 omnipotens,

117 1328 235 1386 ostenso
254 1340 323 1399 ergo
347 1327 472 1397 qualiter
491 1326 597 1384 Grecis
624 1326 719 1383 valeat
741 1326 920 1397 responderi,
973 1329 1015 1378 ost
1040 1322 1230 1392 omnipotens,
1249 1322 1373 1393 Spiritus
1397 1330 1515 1378 sanctus
1537 1322 1713 1392 omnipoten

72 1417 214 1489 Spiritum
240 1420 408 1474 sanetuma
436 1415 508 1473 Filio
537 1430 655 1487 quoque
680 1416 830 1486 procedere
857 1414 920 1471 nixi
974 1418 1018 1468 ter
1032 1418 1075 1468 est
1088 1412 1213 1482 sapiens,
1237 1412 1327 1469 Filius
1345 1420 1388 1468 est
1413 1413 1539 1482 sapiens.
1554 1411 1691 1482 Spiritus

73 1503 296 1562 auctoritatibus
313 1504 555 1561 demonstremus.
585 1504 798 1575 Primumergo
825 1503 917 1574 ipsius
974 1507 1016 1556 est
1039 1501 1172 1571 sapiens3
1197 1503 1280 1557 Pater
1306 1508 1348 1556 cst
1373 1500 1527 1571 benignus,
1553 1499 1651 1557 Filius
1677 1515 1709 1558 es

73 1595 204 1654 veritatis
238 1593 473 1665 irrefragabilem
508 1593 710 1650 auctoritatem
734 1593 918 1651 inducamus.
935 1620 957 1678 Β
975 1602 1061 1658 gnus,
1079 1589 1203 1663 Spiritus
1219 1596 1336 1645 sanctus
1346 1597 1387 1646 est
1398 1589 1552 1660 benignus,
1564 1597 1597 1645 et
1630 1590 1675 1645 sio
1703 1591 1713 1644 i

392 1060 507 1119 CAPUT
521 1059 606 1118 xvii.

72 1684 121 1741 Ait
146 1696 285 1754 namque,
317 1696 385 1740 oum
414 1682 556 1754 apostolos
579 1681 766 1739 insulllarit:
794 1683 921 1753 Accipite

73 1773 210 1844 Spiritum
232 1777 357 1827 sonetum
379 1771 468 1844 (loon.
496 1786 548 1839 xx,
573 1771 630 1844 te).
645 1771 708 1828 Nisi
733 1773 856 1829 enimet
885 1772 921 1829 ab

74 1877 108 1919 eo
139 1860 315 1933 procederet,
344 1874 403 1917 non
428 1873 477 1916 eos
509 1859 686 1917 insufflando
717 1860 856 1932 Spiritum
882 1862 923 1919 eis

76 1949 229 2007 tribueret.
255 1947 413 2005 Hoeetiam
439 1947 580 2019 Didymus
608 1948 729 2019 quidam
753 1949 921 2006 eorumdem

73 2039 243 2096 Graecorum
257 2048 361 2095 auctor
375 2044 473 2108 aperte
488 2038 621 2105 ostendit,
638 2052 706 2094 curn
735 2037 765 2093 in
793 2039 921 2110 quodam

75 2143 130 2185 suo
142 2134 281 2197 tractatu,
296 2134 330 2184 ut
352 2126 440 2183 editio
455 2125 521 2183 inde
547 2125 623 2183 laeta
647 2134 759 2192 tractat,
783 2126 923 2198 Spiritum

76 2223 211 2272 sanetum
230 2214 343 2272 aPatre
358 2214 560 2284 procedentem
580 2213 656 2272 dicat
684 2221 743 2271 eta
762 2215 849 2271 Filio.
880 2216 921 2272 Si·

76 2303 182 2360 militer
211 2302 441 2372 chrysostomus,
480 2301 531 2372 qui
560 2301 647 2358 etiam
678 2301 805 2359 Graecus.
837 2302 922 2359 Atha·

76 2391 177 2447 nasius
195 2404 323 2461 quoquc,
340 2389 474 2460 Spiritus,
507 2390 614 2462 inquit,
642 2404 660 2445 a
683 2391 767 2447 Patre
781 2398 812 2447 et
840 2391 922 2461 Filio,

976 1678 1097 1734 Nomina
1119 1687 1216 1734 autem
1244 1692 1433 1748 personarum
1449 1692 1506 1734 non
1535 1677 1591 1734 sic.
1618 1678 1713 1748 Ouipp

976 1768 1121 1824 dicatur:
1149 1767 1232 1824 Pater
1258 1774 1299 1823 est
1325 1769 1418 1834 Pater,
1451 1766 1541 1823 Filius
1569 1774 1618 1823 est
1642 1767 1713 1824 Filio

976 1870 1130 1927 possumus
1153 1856 1368 1913 dioere2Pater
1394 1863 1435 1912 est
1464 1855 1568 1922 Filius,
1602 1855 1653 1912 rel
1684 1855 1713 1911 s:

977 1946 1027 2002 Dei
1049 1953 1093 2003 est
1116 1958 1169 2002 nec
1204 1945 1305 2014 Filius,
1332 1945 1376 2002 vel
1415 1944 1561 2014 Sapientia
1583 1945 1641 2000 Dei
1666 1945 1713 2000 Pal

977 2041 1129 2106 oporteret,
1152 2037 1185 2091 ut
1199 2036 1282 2090 Pater
1299 2042 1370 2091 esset
1392 2036 1476 2090 Pater
1489 2033 1537 2089 sui
1562 2034 1673 2104 ipsius,
1693 2048 1713 2089 e*

977 2123 1108 2182 similiter
1122 2124 1166 2180 sui
1187 2124 1279 2194 ipsius
1302 2123 1402 2179 Filius.
1432 2122 1585 2192 Oporteret
1602 2123 1694 2179 etiam

977 2214 1050 2270 ritus
1066 2220 1183 2269 sanctus
1198 2220 1270 2269 esset
1290 2212 1336 2268 sui
1361 2211 1449 2281 ipsius
1476 2211 1617 2281 spiritus,
1637 2210 1668 2267 id
1682 2225 1713 2268 es

977 2301 1040 2371 ipso
1063 2302 1238 2371 procederet,
1262 2301 1336 2357 sicut
1351 2300 1380 2355 in
1396 2300 1544 2370 praemissa
1568 2299 1713 2355 similitud

977 2389 1039 2445 deri
1063 2386 1163 2459 potest.
1194 2391 1265 2446 Vere
1280 2389 1424 2461 siquidem
1452 2388 1615 2454 suntistae,
1648 2388 1705 2446 boo

76 2492 134 2535 non
158 2477 262 2546 lactus,
290 2491 350 2535 non
365 2477 491 2549 genitus,
517 2479 568 2535 sed
593 2478 758 2549 procedens.
787 2477 868 2545 Quod
883 2480 925 2536 sio
978 2485 1108 2557 sigillum
1137 2494 1164 2542 et
1184 2487 1237 2542 hoc
1262 2485 1392 2557 sigillum
1415 2492 1457 2541 est
1479 2498 1519 2540 res
1540 2492 1568 2541 et
1593 2485 1654 2542 hoc
1681 2485 1713 2554 siy

76 2566 199 2639 intelllgi
220 2565 312 2633 debet,
333 2566 459 2638 Spiritus
489 2581 548 2623 non
575 2574 616 2624 est
632 2567 758 2624 lactusa
787 2569 871 2625 Patre
897 2576 924 2625 ot
978 2581 1020 2630 est
1037 2574 1166 2646 sigillum
1192 2576 1238 2631 vel
1253 2576 1338 2631 etiam
1360 2581 1403 2630 est
1425 2587 1473 2640 aes,
1488 2581 1517 2630 et
1548 2573 1605 2630 boo
1628 2573 1713 2646 sigilli

77 2655 159 2724 Filio,
179 2653 285 2712 scilicet
310 2668 369 2712 non
395 2661 437 2711 est
465 2654 581 2726 genitus
602 2668 620 2710 a
646 2656 729 2711 Patre
745 2662 771 2711 et
786 2654 857 2712 Filio
886 2655 923 2712 si·
979 2662 1140 2719 hocaesest
1163 2662 1370 2734 sigillabile&
1394 2678 1460 2719 vcro
1483 2662 1612 2719 nomina
1643 2662 1713 2720 relat

78 2744 184 2803 militer
211 2743 248 2800 ad
276 2750 436 2814 utrumque
450 2743 532 2801 debet
544 2743 695 2814 respicere,
718 2745 768 2801 sed
796 2751 837 2801 est
864 2759 926 2814 pro·

980 2749 1026 2808 vel
1053 2751 1226 2809 relationum
1256 2766 1361 2822 ponam
1376 2760 1404 2809 et
1429 2751 1535 2818 dicam,
1555 2751 1622 2808 haec
1642 2759 1713 2808 matt

78 2834 213 2892 cedensa
239 2836 322 2892 Patre
345 2843 372 2892 et
387 2832 472 2891 Filio.
495 2834 586 2891 Aliter
599 2849 658 2891 non
672 2835 744 2891 bene
767 2834 925 2906 junxisset.
942 2846 965 2906 ς,
982 2841 1133 2897 materiata
1159 2841 1204 2897 vel
1229 2840 1281 2896 hoo
1309 2840 1492 2898 materiatum
1512 2846 1555 2896 est
1578 2841 1713 2902 materia.

77 2923 244 2981 Notandum
272 2930 369 2980 tamen
395 2923 472 2994 quod
502 2924 592 2979 nostri
617 2931 749 2979 auctores
776 2937 835 2980 non
872 2936 925 2993 pro

79 3011 172 3069 nihilo
197 3012 252 3069 hoc
280 3012 387 3068 dixisse
425 3010 691 3068 consideraverunt.
730 3011 778 3069 Ait
799 3024 926 3082 namque

80 3100 265 3173 Augustinus
293 3107 322 3157 et
346 3101 452 3157 iterum
482 3100 675 3170 Hieronymus
699 3099 840 3171 Spiritum
857 3113 926 3156 san-

79 3196 190 3247 ctuma
209 3188 280 3245 Filio
308 3197 336 3245 et
362 3189 447 3244 Patre
474 3188 636 3257 procedere,
661 3188 710 3245 sed
730 3187 927 3259 principaliter

80 3290 98 3333 a
118 3278 211 3334 Patre.
229 3275 357 3333 Hilarius
370 3289 488 3346 quoque
501 3276 553 3345 oui
575 3275 644 3332 istos
671 3277 814 3346 praecessit
841 3277 926 3348 longe

79 3371 108 3421 et
122 3364 185 3421 ideo
205 3364 311 3420 Graecis
331 3363 429 3419 adbuc
445 3363 577 3432 vicinior,
604 3363 745 3434 Spiritum
773 3365 927 3437 procedere

80 3467 99 3510 a
125 3454 210 3509 Patre
237 3466 288 3524 per
316 3451 422 3509 Filium
450 3452 535 3509 dixit.
565 3454 599 3510 Et
624 3453 696 3510 bene
721 3453 838 3524 quidem
857 3453 928 3525 quia

80 3538 156 3598 siout
168 3539 268 3611 aliqua
283 3553 361 3612 aqua
374 3555 412 3597 ex
432 3541 509 3598 lonte
523 3541 677 3612 procedere
704 3542 811 3599 dicitur
822 3545 851 3599 et
876 3556 927 3612 per

80 3629 198 3688 alveum
209 3629 241 3700 it,
262 3629 303 3686 sie
321 3628 445 3699 Spiritus
461 3638 579 3688 sanctus
593 3639 625 3688 ut
653 3645 671 3687 a
687 3631 769 3688 Patre
784 3638 863 3688 etex
882 3645 925 3699 eo,

81 3719 134 3792 qui
161 3719 404 3791 estprincipium‚
429 3735 489 3777 non
517 3721 551 3777 de
582 3720 723 3793 principio
744 3735 794 3792 per
822 3721 926 3777 Filium

81 3808 233 3880 procedere
248 3807 364 3877 dicitur,
395 3808 465 3879 quia
480 3808 624 3880 quidquid
640 3810 741 3881 gratim
751 3810 833 3868 nobis
857 3825 927 3867 con-

80 3895 135 3953 lert
168 3911 220 3968 per
250 3897 366 3964 Filium,
389 3905 421 3954 ot
449 3911 499 3968 per
535 3898 722 3954 mediatorem
755 3898 809 3953 hos
848 3898 927 3955 lacit.

81 3984 175 4041 Potest
196 3985 281 4041 etiarn
301 3985 355 4042 hoo
369 3984 435 4051 diei,
459 3987 536 4057 quod
551 3984 608 4057 (lt)
629 3985 801 4043 secundario
827 4000 863 4042 ex
883 3987 928 4042 al-

80 4085 134 4130 veo
148 4073 276 4143 procedit
285 4086 374 4146 aqua,
389 4074 488 4131 eodem
506 4074 592 4132 modo
605 4089 643 4131 ex
667 4072 748 4143 Filio,
774 4075 825 4147 qul
840 4077 927 4134 etiam

981 2936 1051 2986 sunt
1066 2928 1222 2986 locutiones
1238 2930 1308 2986 istm.
1324 2929 1368 2986 Ad
1383 2930 1437 2985 hoc
1447 2929 1525 2985 enim
1540 2936 1573 2985 ut
1597 2943 1673 2985 vera
1687 2943 1713 2986 es

981 3016 1096 3087 locutio,
1125 3019 1246 3075 materia
1273 3026 1315 3075 est
1344 3018 1506 3083 materiata,
1538 3024 1701 3087 oporteret,

981 3119 1020 3160 aes
1047 3106 1089 3162 sic
1108 3115 1180 3163 esset
1199 3107 1336 3178 sigillum,
1364 3106 1442 3177 quod
1456 3113 1530 3162 esset
1554 3105 1686 3162 materia
1711 3127 1713 3159 2

981 3194 1052 3250 sius.
1076 3195 1213 3254 Similiter
1234 3196 1269 3252 ad
1301 3196 1355 3252 hoc
1370 3202 1402 3251 ut
1424 3194 1484 3250 bac
1503 3193 1562 3249 elia
1581 3197 1662 3250 esset
1685 3206 1713 3249 re

982 3283 1166 3340 materiatum
1186 3291 1227 3340 est
1250 3283 1382 3352 materia,
1408 3283 1643 3350 conveniretur
1677 3281 1713 3338 ho

982 3369 1044 3427 lum
1067 3380 1140 3429 esset
1172 3373 1279 3429 laetum
1304 3387 1341 3429 ex
1366 3386 1396 3429 se
1421 3371 1524 3443 sigillo,
1556 3371 1641 3442 quod
1658 3369 1713 3428 tals

983 3459 1060 3516 Licet
1077 3461 1154 3518 enim
1173 3462 1272 3518 eadem
1295 3476 1341 3518 res
1356 3462 1392 3541 sit
1420 3461 1527 3517 hocaes
1551 3468 1579 3516 et
1612 3460 1669 3516 hoc
1694 3458 1713 3515 si

983 3555 1079 3606 tamen
1110 3550 1202 3606 multa
1227 3558 1348 3620 possunt
1371 3550 1426 3605 dici
1450 3549 1485 3605 de
1505 3547 1649 3620 hocaere,
1674 3563 1713 3620 qu

983 3637 1070 3708 possit
1084 3637 1139 3693 dici
1162 3638 1196 3695 de
1211 3638 1264 3695 hoe
1279 3638 1385 3710 sigillo,
1400 3646 1427 3694 et
1442 3651 1616 3694 econverso
1632 3653 1641 3707 ;
1662 3644 1696 3695 ut

983 3738 1037 3780 aere
1052 3725 1169 3795 dicitur,
1198 3729 1275 3797 quod
1296 3733 1338 3782 est
1352 3732 1485 3782 creatura
1512 3725 1576 3794 Dei,
1593 3725 1633 3782 de
1652 3725 1706 3782 hoc

982 3813 1058 3869 citur
1073 3813 1151 3884 quod
1161 3822 1203 3870 est
1228 3815 1348 3871 materia
1372 3814 1459 3884 hujus
1492 3812 1595 3884 sigilli,
1626 3826 1713 3886 quom

982 3909 1062 3958 trum
1081 3902 1116 3958 de
1139 3902 1193 3958 hoe
1217 3902 1312 3973 sigillo
1339 3909 1427 3972 potest
1446 3901 1515 3957 dici.
1550 3902 1699 3959 Similiter

983 3988 1077 4061 sigillo
1106 3990 1223 4057 dicitur,
1239 3991 1318 4061 quod
1342 3998 1384 4046 est
1406 4004 1479 4060 opus
1507 3989 1655 4059 hominis,
1688 4004 1713 4061 qr

984 4080 1165 4135 meteriatum
1191 4077 1279 4150 hujus
1318 4080 1394 4145 teris,
1432 4076 1550 4134 nullum
1592 4093 1713 4150 quorun

81 4175 119 4219 ex
143 4161 227 4218 Patre
254 4169 307 4229 est,
345 4176 404 4219 non
431 4159 639 4233 principaliter,
672 4163 722 4219 sed
754 4165 926 4222 secundario
942 4190 965 4247 D
984 4166 1041 4223 dici
1059 4167 1094 4224 de
1113 4167 1167 4223 hoc
1185 4181 1249 4223 aere.
1267 4166 1373 4222 Eodem
1398 4180 1516 4237 quoque
1542 4167 1633 4224 modo
1648 4168 1685 4225 de
1711 4169 1713 4222 l

81 4249 207 4320 Spiritus
221 4257 340 4307 sanctus
363 4251 500 4323 procedit.
527 4250 584 4308 Nos
601 4265 669 4308 vero
690 4252 831 4322 Spiritum
861 4268 925 4310 sanP

82 4346 162 4396 etum
177 4354 194 4397 a
208 4343 292 4398 Patre
307 4347 335 4397 et
357 4339 429 4397 Filio
444 4340 644 4398 indubitanter
670 4342 824 4410 procedere
851 4342 927 4398 dici-

82 4441 158 4497 mus,
180 4428 225 4484 vel
253 4429 401 4500 ideoquia
428 4431 520 4485 Patris
547 4437 575 4487 et
604 4428 669 4487 Filii
701 4437 753 4500 est,
779 4430 824 4488 vel
849 4432 927 4503 qtrod

71 4515 146 4575 'ideo
165 4516 337 4574 vultomnia
350 4517 512 4588 disponere,
538 4518 609 4589 quia
628 4518 683 4574 scit
706 4526 733 4575 et
760 4527 860 4589 potest,
878 4521 927 4577 sed

81 4619 141 4663 non
169 4619 345 4663 econverso.
371 4604 494 4675 Spiritus
512 4614 637 4669 sanctus,
656 4612 689 4662 ut
718 4607 853 4676 superius
881 4608 928 4663 di-

81 4695 193 4764 ximus,
218 4709 271 4752 nec
286 4693 403 4767 genitus
414 4709 467 4752 nec
480 4693 637 4766 ingenitus,
658 4693 729 4764 qula
743 4695 779 4751 ad
806 4696 868 4762 hoo,
895 4703 927 4753 ut

80 4791 154 4841 esset
169 4783 295 4856 genitus,
323 4792 475 4854 oporteret,
503 4791 536 4841 ut
573 4783 708 4840 voluntas
734 4787 808 4841 esset
831 4784 927 4841 omni·

81 4871 221 4943 potentia,
237 4887 274 4930 ex
302 4886 363 4944 qua
391 4879 418 4929 et
432 4871 584 4944 sapientia.
609 4872 659 4929 Est
684 4872 776 4943 igitur
804 4887 862 4929 non
878 4887 927 4944 ge·

81 4959 170 5031 nitus,
191 4962 221 5019 id
247 4961 343 5019 estita
370 4960 569 5028 estvoluntas,
598 4961 677 5033 quod
702 4975 762 5017 non
785 4962 928 5032 sapientia

81 5062 119 5106 ex
133 5052 268 5122 potentia,
285 5051 392 5123 quippe
419 5065 486 5108 oum
507 5049 630 5121 Spiritus
657 5057 774 5107 sanctus
798 5051 927 5123 ejusdem

82 5139 120 5196 sit
153 5141 323 5198 substantias
362 5153 429 5197 oum
453 5138 535 5208 Filio,
562 5140 725 5197 nonenim
765 5141 799 5197 de
827 5140 926 5197 eadem

82 5227 246 5287 substantia
275 5245 340 5288 eum
376 5228 464 5297 Filio;
495 5242 548 5286 neo
566 5230 644 5286 enim
673 5229 747 5286 idem
775 5243 836 5286 esse
868 5244 926 5286 non

83 5314 223 5388 genitum,
236 5326 267 5374 ut
279 5317 338 5388 jam
361 5318 501 5386 diximus,
515 5325 542 5373 et
567 5317 729 5390 ingenitum
747 5318 839 5386 3sicut
868 5331 926 5374 non

118 5479 175 5555 (lb)
193 5486 275 5548 Forte
288 5490 345 5565 leg.
359 5492 500 5563 ptomodo.

982 4255 1051 4312 Filio
1064 4256 1222 4327 conjectare
1236 4255 1311 4311 licet.

1296 4359 1412 4418 CAPUT
1429 4361 1525 4420 xvtlt.
1567 4419 1572 4425 ⁶

982 4450 1059 4518 Quod
1070 4465 1122 4520 per
1135 4451 1256 4504 animem
1281 4450 1378 4504 mundi
1400 4450 1538 4519 Spiritum
1552 4455 1687 4507 sonetum
1710 4475 1713 4504 t

1284 4537 1346 4575 vere
1355 4521 1524 4591 philosophi.

1019 4608 1059 4664 De
1073 4606 1184 4677 Spiritu
1199 4614 1299 4663 saneto
1315 4607 1411 4662 adhuc
1425 4607 1588 4663 videndum
1621 4616 1668 4665 cst
1694 4623 1711 4679 q

983 4696 1146 4767 philosophi
1170 4696 1236 4751 inde
1256 4694 1408 4762 senserint,
1435 4692 1505 4764 quia
1533 4695 1713 4754 videnturS

982 4785 1124 4842 minorem
1162 4786 1245 4840 Patre
1275 4793 1302 4840 et
1340 4782 1410 4840 Filio
1443 4783 1613 4854 assignasse
1648 4794 1713 4842 etc

983 4877 1019 4933 Ut
1050 4875 1130 4930 Plato
1172 4881 1289 4945 togaton
1323 4893 1353 4925 ro
1383 4874 1481 4944 &pedor
1518 4886 1681 4932 summum

982 4967 1051 5020 noin
1077 4967 1137 5016 ιοῡι
1163 4971 1288 5020 mentem
1318 4962 1445 5018 divinam
1479 4961 1566 5026 dixit,
1596 4963 1628 5019 id
1656 4972 1701 5020 est

982 5053 1062 5123 tiam,
1091 5054 1162 5124 quia
1189 5058 1306 5122 togaton
1332 5058 1507 5105 coaeteruum
1540 5053 1684 5119 asseruit,
1710 5071 1713 5104 r

981 5156 1050 5199 vero
1069 5140 1180 5204 mundi,
1194 5153 1244 5210 per
1259 5152 1347 5210 qtram
1364 5137 1505 5206 Spiritum
1530 5138 1713 5197 vivificantes

982 5238 1027 5287 ota
1052 5230 1203 5298 intellexit,
1230 5235 1391 5285 creaturam
1406 5238 1466 5280 esse
1491 5224 1570 5281 dixit
1596 5235 1629 5284 et
1654 5244 1714 5285 mul

980 5318 1088 5376 fusam.
1129 5318 1199 5375 Cum
1230 5316 1380 5388 Apostolus
1407 5312 1536 5369 adducat
1563 5316 1593 5370 in
1635 5325 1713 5375 auct
