3804 5962
574 205 772 262 obnubente
792 205 1007 265 cflntsTmNn.
1019 240 1052 251 -
1069 211 1133 267 nin.
1150 212 1200 268 111.
1686 224 1755 280 {230

90 345 145 386 non
158 330 313 399 inpinpnct
335 332 418 397 caput
442 343 531 384 mean
560 327 644 399 (Psoi.
670 342 736 398 cxc,
762 328 799 400 5).
816 329 850 386 ιιι
865 334 889 384 A
903 333 1004 397 sentia,
1023 346 1083 390 una
1098 348 1216 406 prorsus
1231 337 1369 406 potentia,
1398 351 1459 395 nna
1485 338 1588 411 gioria,
1610 356 1671 400 nna
1689 358 1754 403 ma·

80 419 219 478 roterbiis
236 436 243 475 ι
277 420 330 474 Vin
350 416 421 473 'coita
447 421 596 489 increpatio
619 419 782 489 disciplina.
799 418 853 485 Occi
905 420 1002 491 jestas,
1019 435 1079 478 nna
1094 423 1177 492 ratio,
1191 439 1251 480 una
1263 425 1411 495 voluntas,
1427 427 1526 486 eadem
1538 432 1677 502 operatio,
1694 448 1755 492 non

79 511 171 566 nodit
197 509 397 579 increpationes
423 510 557 578 insipiens
573 513 614 562 cst
629 508 720 579 (Pron.
749 522 790 576 vr,
805 509 850 576 ts,
906 509 1006 566 divisa.
1023 511 1118 567 Unum
1136 520 1224 584 alque
1240 514 1315 571 idem
1340 529 1392 586 per
1415 517 1512 574 omnia
1528 519 1596 590 ipsae
1610 528 1688 592 sunt,
1704 537 1753 581 ex·

78 600 111 669 ι).
128 599 162 654 Dc
178 598 310 654 iterum:
335 596 387 663 Qui
412 597 532 652 custodit
549 597 759 668 increpationes,
775 601 850 651 astu·
906 605 986 667 cepto
1017 600 1095 670 quod
1118 601 1155 657 ad
1183 599 1380 660 differentiam
1406 605 1509 662 attinet
1528 609 1751 683 proprietatum,

89 691 145 758 liet,
176 693 202 742 el
228 688 277 756 qui
305 689 504 756 increpationes
520 687 589 754 odit,
606 688 738 741 morietur
759 687 849 756 (Pron.
890 687 1178 758 .perqnasipsaeita
1193 690 1229 747 ab
1255 690 1378 749 invinent
1395 700 1533 764 perpetuo
1552 694 1673 754 diversae
1689 713 1755 756 con·

82 776 148 847 ιι).
178 775 214 831 Ει
233 789 371 831 rursum:
397 776 456 832 Non
480 780 555 830 ornat
574 774 707 844 pestilens
722 790 782 829 enon
803 776 852 844 qai
905 775 1020 845 sistunt,
1045 785 1078 833 ιιι
1096 793 1251 851 nunquam
1276 781 1364 838 nnius
1384 797 1513 853 persona
1537 786 1699 856 proprietas
1722 786 1753 845 in

79 865 172 933 rripit.
195 862 226 918 si
245 868 336 918 caten
350 869 515 933 corripueris
536 866 697 933 sapientem,
714 863 850 930 intellipet
906 862 994 918 aliam
1017 864 1241 925 transfundatur
1259 882 1421 940 personam,
1448 887 1543 944 neque
1567 888 1699 946 unquam
1715 875 1752 933 ab

79 952 184 1021 plincrn
198 952 289 1023 (Proo.
305 965 353 1020 nv,
372 955 419 1023 tn;
443 965 507 1019 nir,
527 952 695 1022 25).1tem:
724 954 789 1008 Viro
804 954 852 1022 qui
906 950 996 1008 altera
1019 957 1250 1014 communicetur
1268 971 1415 1029 persona:
1441 961 1573 1034 alioquin
1600 977 1659 1021 non
1678 973 1753 1023 esset

79 1042 193 1112 pientem
222 1041 293 1096 duro
315 1046 416 1096 ceruice
446 1044 601 1110 contemnit,
623 1046 782 1111 omontlnus
804 1057 849 1096 su·
905 1041 1075 1111 proprietas,
1093 1044 1142 1100 sed
1169 1048 1373 1104 communitas.
1405 1049 1558 1121 Proprium
1580 1058 1676 1109 autem
1694 1052 1746 1110 Pa-

79 1133 144 1186 tnc'et
159 1131 384 1215 interttnstproo.
400 1143 479 1198 xxix,
493 1129 529 1201 ι).
906 1129 957 1185 tris
969 1143 986 1185 a
1000 1144 1030 1186 se
1048 1130 1109 1202 ipso
1138 1139 1261 1203 tantum,
1279 1148 1337 1190 non
1356 1136 1393 1192 ab
1415 1136 1471 1194 aiio
1497 1152 1566 1208 esse,
1584 1147 1612 1196 et
1631 1149 1751 1199 coaeter-

78 1221 169 1276 imnm
188 1227 285 1276 autem
298 1219 475 1289 {ponendum
495 1226 537 1275 est
558 1218 647 1275 totins
679 1217 852 1276 noslraedis
906 1218 1046 1275 numsibi
1071 1219 1176 1277 Filium
1205 1224 1379 1282 aeternaliter
1395 1225 1524 1297 gignere,
1544 1226 1589 1285 vel
1605 1229 1749 1300 genuisse.

79 1309 166 1366 tionis
186 1309 293 1382 tpbema,
308 1315 336 1364 et
357 1320 473 1363 summa
499 1307 564 1363 fidei
580 1306 706 1363 brevitor
732 1306 852 1363 conclu·
906 1306 970 1363 Filii
993 1321 1063 1365 vero
1090 1310 1239 1380 proprium
1264 1319 1346 1369 esta
1373 1315 1432 1371 solo
1458 1317 1542 1378 Patre
1574 1318 1751 1376 aeternaiiler

81 1412 108 1468 a,
121 1400 156 1455 dc
175 1397 285 1454 unitate
306 1398 412 1453 scilicet
426 1397 532 1453 divinae
560 1395 731 1452 substantiae
753 1409 786 1451 ac
799 1395 852 1450 tri·
905 1391 996 1462 gigni,
1012 1407 1063 1450 sen
1092 1395 1222 1465 genitum
1237 1397 1373 1469 esse·(77)
1396 1397 1533 1469 [Spiritus
1560 1401 1653 1458 ιιιιιιι
1682 1416 1752 1473 pro·

80 1501 95 1543 ι
117 1500 319 1558 personarum,
340 1500 416 1557 qttae,
443 1485 472 1540 in
499 1486 555 1540 Deo
576 1492 655 1552 sunt,
689 1485 746 1541 imo
774 1484 849 1540 Deus
905 1479 1054 1550 prinmest
1069 1483 1269 1552 procedentem
1289 1500 1350 1542 esse
1375 1487 1492 1545 aPatre
1518 1496 1546 1546 ιι
1569 1489 1666 1562 ιιιιοι,
1693 1505 1752 1548 non

79 1583 176 1633 esunt.
193 1575 301 1632 Deinde
329 1574 502 1645 objectiones
530 1574 670 1631 adversus
691 1573 846 1644 proposita,
863 1600 887 1659 Β
905 1577 1044 1638 ιιιιιιιιιι,
1060 1584 1118 1627 non
1133 1571 1255 1641 iactum,
1269 1589 1326 1632 non
1345 1577 1486 1648 genitum,
1517 1578 1567 1635 sed
1591 1579 1751 1651 proceden-

79 1679 130 1736 pue
155 1664 312 1721 solutiones
335 1664 475 1719 adversus
502 1662 613 1734 objecta
644 1663 845 1734 subjiciemus.
905 1663 1095 1716 temtantnm.
1111 1661 1148 1718 Et
1163 1662 1226 1720 baec
1251 1664 1368 1735 quidem
1393 1674 1435 1722 est
1449 1666 1539 1724 trium
1549 1667 1750 1738 {personarum

81 1753 213 1825 litaque
235 1752 407 1811 Christiana
431 1752 496 1808 fidei
520 1751 631 1824 religio,
656 1758 733 1808 tenet
760 1759 788 1808 ιι
807 1754 848 1809 tn·
902 1745 1084 1806 abinvicem
1116 1748 1261 1819 discretio,
1293 1751 1381 1822 juxta
1406 1755 1595 1825 proprietates
1622 1755 1750 1830 singula·

79 1842 258 1909 amabiliter,
278 1848 306 1898 et
340 1841 431 1898 credit
456 1840 621 1908 salubriter,
650 1840 752 1897 asserit
778 1856 847 1897 con·
902 1848 978 1893 rum.
1348 1886 1351 1894 .

80 1945 122 1998 er,
140 1929 289 2001 profitetur
302 1929 454 1999 veraciter,
478 1943 571 1985 unum
589 1930 680 1986 Deum
699 1933 759 1985 tres
781 1942 847 2000 por·
936 1925 1073 1991 Quanam
1090 1928 1186 2000 itaque
1200 1930 1242 1987 sic
1269 1929 1304 1988 de
1330 1931 1388 1989 Deo
1403 1932 1551 2003 dicuntur,
1579 1942 1612 1993 ut
1639 1934 1674 1993 de
1689 1949 1750 1994 nna

79 2033 170 2089 cesse,
184 2021 296 2077 Patrem
312 2027 339 2076 ιι
359 2018 474 2086 Filium,
497 2026 524 2074 et
540 2017 678 2088 Spiritum
692 2024 846 2088 sanctum;
901 2021 1013 2072 tantum
1029 2017 1117 2074 trium
1133 2032 1323 2088 personarum
1339 2029 1367 2078 et
1378 2035 1437 2078 non
1451 2023 1486 2080 de
1498 2023 1632 2094 pluribus
1645 2036 1748 2082 earnm

79 2109 253 2180 uinquam,
271 2107 588 2176 tantummodoDeum,
614 2107 743 2164 acnulio
763 2106 847 2163 modo
901 2102 957 2159 dici
986 2105 1112 2174 possint:
1136 2113 1165 2163 ιι
1189 2121 1292 2166 rursus
1318 2110 1453 2182 quaedam
1480 2111 1519 2169 ita
1546 2112 1580 2170 de
1609 2112 1744 2185 pluribus

79 2212 100 2255 a
113 2198 197 2263 deos;
214 2211 308 2253 unum
323 2196 486 2254 Creatorem
509 2195 640 2252 omnium
664 2202 722 2252 tam
744 2195 846 2252 visibi—
900 2192 1031 2262 personis
1046 2194 1102 2251 dici
1115 2204 1246 2266 possunt,
1278 2204 1311 2254 ut
1339 2198 1374 2255 de
1388 2199 1429 2255 eis
1446 2206 1507 2257 tam
1520 2199 1638 2258 divisim
1657 2215 1748 2274 qnam

79 2300 162 2357 ruam
173 2285 347 2343 invisibilem
366 2284 462 2356 [snam
486 2284 644 2341 visibilium
662 2297 752 2355 quam
768 2282 846 2340 invi·
899 2281 1077 2352 conjunctim
1092 2283 1238 2354 dicantur,
1267 2285 1322 2343 boc
1339 2294 1383 2344 ιιι
1397 2287 1432 2344 de
1446 2287 1487 2345 eis
1508 2288 1632 2361 singulis
1657 2298 1685 2347 et
1710 2290 1745 2348 de

80 2375 152 2448 nm}‚
190 2389 285 2432 unum
319 2374 505 2445 principium,
533 2381 560 2430 et
596 2387 690 2430 unum
724 2373 844 2441 bonum,
898 2369 939 2426 eis
951 2370 1037 2427 simut
1052 2386 1061 2442 ;
1078 2373 1212 2443 quadam
1227 2387 1296 2432 vero
1311 2375 1489 2448 coniunctim
1512 2384 1638 2435 tantum.
1655 2378 1746 2438 Verbi

79 2479 94 2522 n
116 2465 313 2535 dispositorem
341 2464 472 2519 omnium
503 2469 532 2519 et
558 2462 725 2530 Dominum,
752 2476 845 2518 unum
899 2459 993 2530 gratia
1020 2459 1114 2530 Pater,
1136 2468 1165 2518 ιι
1192 2476 1345 2535 generans,
1369 2464 1432 2524 sive
1452 2465 1601 2538 ingenitus
1626 2466 1661 2526 de
1679 2467 1747 2543 {solo

79 2568 257 2620 numanum
282 2553 513 2622 omnipotentem,
537 2565 630 2608 unum
652 2551 826 2607 immensum
834 2565 843 2621 ;
899 2545 1138 2617 Patredicuntnr,
1154 2551 1287 2620 quamvis
1311 2553 1400 2609 etiam
1426 2560 1454 2610 et
1468 2544 1593 2624 Spiritus
1616 2563 1745 2625 sanctus,

79 2657 98 2701 r
114 2643 214 2700 omnia
227 2641 317 2698 solam
332 2641 470 2713 predicat
491 2648 518 2697 ιι
540 2640 632 2696 credit
654 2639 846 2711 singularita—
898 2649 966 2694 cum
980 2650 1040 2693 non
1068 2637 1105 2693 sit
1133 2638 1257 2709 genitus,
1274 2639 1311 2697 sit
1332 2639 1392 2711 ipse
1407 2655 1525 2713 quoqne
1544 2656 1603 2700 non
1617 2645 1744 2716 genitus,

79 2731 209 2798 unitatis,
222 2734 341 2800 excepto
367 2729 447 2801 quod
477 2730 514 2785 ad
544 2727 632 2785 trium
653 2741 844 2798 personarum
898 2731 1068 2781 nontamen
1087 2732 1115 2781 ct
1129 2726 1226 2796 ipsum
1238 2728 1443 2786 consuevimus
1458 2730 1554 2787 dicere
1569 2731 1743 2804 ingenitum,

79 2826 102 2878 et
121 2820 335 2887 discretionem,
361 2818 447 2875 idest
464 2817 557 2873 Patris
579 2824 607 2873 et
627 2816 701 2883 Filii,
725 2822 753 2873 et
778 2815 844 2886 Spi·
898 2812 1053 2870 sedsolnm
1070 2815 1193 2883 Patrem,
1210 2819 1244 2872 ul
1267 2816 1323 2874 tale
1348 2817 1384 2873 sit
1398 2817 1453 2875 boc
1468 2817 1529 2875 loco
1544 2818 1638 2877 dicere
1661 2821 1742 2892 inge-

99 2908 201 2966 sancti.
224 2909 257 2964 ιιι
283 2907 393 2980 quibus
421 2905 552 2963 videlicet
579 2905 708 2976 personis
731 2905 843 2961 solnm·
861 2868 882 2925 G
899 2900 1004 2971 nilum,
1017 2916 1052 2958 ac
1065 2903 1090 2959 si
1111 2917 1178 2960 eum
1193 2918 1254 2962 esse
1274 2919 1333 2963 non
1356 2905 1394 2963 ab
1409 2905 1476 2975 alio,
1510 2907 1583 2965 sicut
1598 2908 1692 2980 priore
1705 2909 1743 2966 li-

79 3017 83 3050 t
104 2996 301 3069 pluralitatem
325 3010 359 3052 ac
381 2995 597 3052 multitudinem
621 3009 673 3051 seu
688 2994 844 3051 diversita-
898 2990 972 3047 bello
987 2992 1137 3062 praetaxati
1154 3007 1266 3051 sumus.
1293 2995 1344 3052 Est
1371 2995 1470 3067 itaque
1492 2997 1547 3054 boc
1563 2996 1625 3055 loco
1644 2996 1744 3069 aliqua

79 3085 228 3154 orobtctur,
244 3099 310 3142 cum
331 3085 361 3141 in
377 3085 487 3141 catenis
514 3083 658 3152 omnibns,
676 3090 708 3139 ιιι
731 3083 842 3139 dietum
898 3077 1061 3136 differentia
1074 3079 1169 3137 dicere
1184 3080 1358 3153 ingenitum,
1378 3090 1406 3140 ιι
1417 3083 1511 3142 dicere
1525 3099 1583 3142 non
1594 3086 1743 3159 genitnm3

79 3173 206 3232 cultatem
222 3182 381 3231 conservet.
399 3175 468 3230 Tres
491 3173 600 3245 qnippe
615 3186 751 3244 personas
770 3173 844 3229 dici·
897 3167 972 3223 sicut
987 3166 1086 3237 aliqua
1100 3176 1143 3226 est
1157 3168 1319 3227 differentia
1337 3171 1433 3229 dicere
1452 3172 1596 3245 injustum
1611 3183 1639 3232 et
1649 3175 1744 3233 dicere

91 3263 272 3321 abinvicem
295 3263 355 3320 suis
379 3262 604 3360 proprietatibus
632 3261 770 3329 diversas,
787 3262 841 3316 Pa·
898 3270 955 3312 non
966 3256 1100 3327 justum:
1129 3258 1237 3330 qnippe
1257 3259 1331 3331 quod
1347 3259 1491 3332 injustum
1512 3269 1555 3320 est
1573 3277 1687 3321 ιιιιιιιι
1700 3270 1744 3322 ιιι

79 3395 82 3416 ι
97 3361 125 3410 ιι
145 3353 259 3422 Filium,
278 3360 305 3409 ιι
320 3352 458 3423 Spiritum
482 3359 613 3408 sanctum
628 3367 636 3419 ;
652 3351 700 3407 sed
716 3365 774 3407 non
788 3358 843 3407 tres
896 3359 1029 3402 essenon
1050 3346 1174 3417 justum,
1190 3349 1238 3405 sed
1265 3363 1324 3406 non
1351 3363 1367 3406 ι
1388 3363 1534 3408 converso.
1551 3350 1637 3423 Lapis
1661 3367 1743 3411 nam·

88 3449 139 3498 aul
155 3442 297 3510 dominos,
322 3449 349 3499 et
363 3442 405 3498 sic
431 3441 571 3498 unitatem
597 3453 648 3510 per
667 3440 764 3496 omnia
779 3454 841 3509 pro·
862 3497 870 3515 ¹
898 3448 956 3504 qne
970 3449 1028 3490 non
1045 3436 1142 3505 justus
1161 3435 1236 3492 sicut
1258 3445 1286 3494 et
1307 3451 1365 3494 non
1391 3438 1551 3508 rationalis,
1575 3453 1629 3498 neo
1647 3449 1744 3500 tamen

79 3544 125 3598 nr,
163 3537 284 3600 excepta
323 3530 512 3586 multitudine
540 3542 740 3600 personarum,
778 3527 843 3583 iicet
897 3518 1407 3592 injustusuicitu'rauttrrattonatis.
1436 3526 1607 3599 lilaquippe
1628 3529 1745 3588 infinita

80 3631 183 3690 unque
198 3618 302 3674 barum
318 3633 509 3689 personarum
525 3632 584 3673 non
605 3617 643 3674 sit
656 3617 756 3688 aliqua
774 3616 844 3672 alia·
898 3617 968 3666 sunt
982 3610 1042 3668 sive
1057 3611 1228 3682 abnegative
1246 3613 1374 3682 nomina,
1397 3612 1459 3670 baec
1483 3615 1654 3685 privatoria.
1683 3619 1743 3675 An-

92 3713 120 3762 ιι
134 3720 317 3777 unaquaeque
339 3706 368 3762 in
394 3707 488 3776 seipsa
515 3705 551 3762 sit
570 3706 647 3761 Dens
674 3704 778 3774 plenus
793 3710 843 3758 aut
898 3699 1035 3770 gostinus
1050 3707 1144 3755 tamen
1160 3699 1196 3755 dc
1217 3700 1357 3757 Trinitate
1384 3700 1459 3758 libro
1473 3716 1503 3770 v,
1518 3705 1672 3773 inpenitum
1690 3705 1746 3763 boc

82 3809 147 3863 nus,
172 3797 212 3852 ita
239 3803 272 3853 ut
298 3796 385 3866 Juxta
413 3794 486 3851 beati
521 3792 688 3864 Hieronymi
711 3792 843 3848 assertio·
898 3801 1002 3844 nenton
1018 3787 1188 3859 abnegative
1198 3801 1248 3856 pro
1264 3802 1322 3845 non
1341 3788 1437 3859 genito
1460 3790 1551 3861 ponit,
1572 3791 1623 3848 ubi
1637 3793 1743 3850 rideli-

80 3885 120 3942 De
139 3885 193 3943 tide
202 3885 353 3942 scribentis
369 3885 404 3941 ad
416 3886 572 3940 Damasum
587 3896 702 3953 papam,
716 3879 842 3950 exceptis
898 3873 1106 3943 usucapitur,
1127 3873 1162 3931 de
1189 3874 1297 3932 divinis
1319 3874 1453 3932 similiter
1478 3875 1593 3935 disserit
1615 3881 1744 3949 personis

79 3973 148 4032 ontis
173 3989 239 4046 qnae
264 3973 468 4045 proprietatem
494 3984 686 4044 personarum
701 3969 842 4035 indicant,
898 3963 944 4020 bis
962 3961 1082 4035 quidem
1097 3961 1215 4019 verbis:
1239 3963 1351 4031 «Quod
1379 3977 1448 4035 ergo
1462 3963 1568 4022 dicitur
1585 3965 1742 4039 ingenitus,

79 4062 145 4135 pnid
158 4062 193 4119 de
208 4073 268 4120 una
282 4076 404 4132 persona
423 4061 539 4130 dicitur,
564 4061 599 4117 de
616 4059 709 4116 tribus
731 4057 840 4129 dignis·
898 4051 953 4109 boc
967 4052 1129 4110 ostenditur
1143 4052 1222 4123 quod
1244 4067 1303 4109 non
1323 4053 1359 4110 sit
1381 4052 1490 4120 Filius;
1518 4053 1567 4111 sed
1587 4054 1705 4126 genitus
1719 4059 1747 4111 ct

80 4151 168 4223 possit
196 4151 328 4222 intelligi.
350 4151 449 4222 Neque
476 4150 553 4207 enim
581 4149 664 4206 Pater
689 4155 718 4204 ιι
742 4146 842 4215 Filius,
859 4142 882 4198 D
898 4140 1047 4213 ingenitus
1077 4141 1224 4198 commode
1246 4141 1395 4199 dicuntur.
1416 4140 1508 4198 Filius
1526 4148 1624 4198 antem
1644 4142 1745 4199 Latine

79 4240 192 4312 lpiritns
212 4248 341 4309 sanctus,
362 4255 416 4297 nec
430 4240 490 4310 ipse
512 4246 541 4296 et
569 4237 693 4309 Spiritus
714 4242 841 4292 sanctus.
898 4230 1023 4299 dicitur3
1039 4231 1088 4288 sed
1099 4230 1210 4288 infilius
1227 4236 1259 4288 ut
1278 4230 1402 4299 dicatur,
1411 4244 1470 4288 non
1485 4230 1610 4289 admittit
1625 4229 1745 4303 loquen-

79 4331 153 4388 later
166 4337 208 4386 est
223 4331 309 4397 Deus,
326 4336 353 4385 ιι
369 4328 460 4385 Filius
473 4328 562 4397 Deus,
576 4333 605 4383 ιι
619 4325 742 4397 Spiritus
756 4323 842 4379 Dens.
898 4317 928 4375 di
951 4320 1139 4377 consuetudo.
1168 4318 1250 4377 Nibil
1277 4327 1372 4376 tamen
1394 4318 1552 4377 intellectui
1569 4319 1705 4387 demitur,
1721 4318 1745 4376 si

81 4417 264 4475 dulcescit
285 4424 354 4474 sunt
374 4424 424 4473 aut
449 4416 558 4487 plnres,
574 4415 716 4472 sedunus
733 4412 844 4471 solnm·
899 4407 1014 4466 dicatur
1037 4422 1095 4464 non
1119 4408 1219 4475 Filius,
1241 4409 1489 4481 quemadmodum
1504 4408 1592 4467 etiam
1617 4409 1640 4465 si
1668 4408 1745 4467 dica·

79 4526 89 4559 t·
104 4507 181 4564 Deus
204 4507 234 4563 in
249 4506 343 4563 tribus
366 4505 497 4578 personis
517 4503 690 4562 aeternaliter
704 4508 791 4574 atque
803 4500 845 4557 in·
898 4504 946 4554 tur
961 4511 1019 4553 non
1034 4497 1149 4569 genitus
1171 4511 1222 4568 pro
1244 4497 1371 4570 eoquod
1390 4497 1497 4555 dicitnr
1518 4498 1676 4570 ingenitus,
1700 4497 1743 4555 ni·

79 4596 242 4654 nutabiliter
269 4594 408 4653 consistit.
439 4594 486 4652 Sic
513 4600 541 4650 ιι
571 4606 650 4650 unus
679 4597 791 4648 creator
813 4596 842 4647 ιι
898 4585 1307 4644 bilatinddicitur.»1tem:
1331 4606 1343 4638 ι
1367 4586 1431 4644 Non
1457 4586 1600 4659 ergojam
1614 4587 1744 4645 dicemus

89 4684 241 4752 Dominus,
261 4693 299 4763 ‘et
314 4684 354 4740 ita
379 4685 410 4739 in
434 4682 554 4739 caeteris.
567 4682 626 4739 Nec
639 4681 726 4738 reteri
745 4678 781 4736 ad
800 4691 847 4735 re·
898 4675 1072 4747 ingenitum,
1101 4673 1236 4746 quamvis
1255 4674 1311 4731 dici
1337 4674 1437 4733 Latine
1453 4677 1557 4749 possit;
1581 4677 1630 4735 sed
1645 4691 1698 4749 pro
1712 4690 1745 4735 eo

80 4766 349 4841 annuntiationem,
362 4773 423 4829 sive
445 4785 538 4828 unum
553 4770 645 4827 Deum
664 4768 795 4825 dieamus
810 4765 845 4822 de
899 4764 1031 4821 dieamus
1050 4778 1106 4820 non
1122 4762 1263 4836 genitum,
1277 4764 1355 4835 qnod
1370 4770 1485 4821 tantum
1499 4765 1663 4824 valet‘Non
1677 4781 1746 4839 ergo

79 4862 123 4920 tiis
144 4864 242 4920 tribus
272 4862 413 4934 personis,
438 4860 499 4917 sive
525 4860 560 4916 de
586 4859 627 4915 ιιι
650 4856 749 4922 simul,
778 4867 844 4912 cum
900 4851 981 4909 aliud
1000 4852 1132 4920 dicimus,
1149 4866 1238 4923 quam
1255 4865 1315 4908 non
1328 4850 1470 4909 Filium.=
1488 4853 1583 4910 Item:
1604 4855 1749 4926 «Ingeni-

79 4959 126 5010 ιιι
140 4966 327 5024 unaquaeque
343 4952 473 5023 ipsarum
487 4949 575 5007 trium
590 4948 627 5004 sit
642 4960 720 5004 unns
729 4952 758 5002 ιι
772 4944 847 5001 idem
900 4947 948 4997 tus
961 4955 1046 5012 porro
1058 4940 1130 5012 quid
1143 4947 1186 4997 ιιι
1207 4939 1263 4996 nisi
1276 4954 1336 4996 non
1357 4939 1494 5012 genitus?
1511 4940 1592 4998 sicut
1606 4943 1684 4998 enim
1706 4958 1752 5015 ge

79 5055 162 5099 ¹cum
176 5043 292 5100 duabus
313 5041 388 5109 aliis,
409 5047 437 5098 et
460 5047 518 5096 tres
540 5034 639 5104 simul,
654 5036 710 5092 boc
724 5040 765 5090 est
784 5033 848 5103 ipsa
900 5029 980 5088 nitus
994 5043 1052 5086 non
1067 5029 1103 5085 ad
1121 5028 1249 5099 scipsum
1271 5029 1387 5096 dicitur,
1416 5029 1466 5085 ssd
1493 5029 1573 5099 qnod
1600 5043 1638 5086 ex
1665 5033 1751 5088 Patre
1791 5065 1794 5068 -

79 5138 128 5187 tas
157 5129 193 5187 sit
219 5144 298 5188 unns
326 5132 412 5196 Dens,
443 5141 521 5185 nnus
549 5125 699 5190 Dominus,
727 5131 780 5179 etc.
797 5121 847 5179 Est
901 5116 1519 5189 sit31taoumdicitnringenitus,nonad
1541 5117 1669 5188 seipsum
1682 5118 1752 5175 dici·

79 5231 104 5276 ιι
116 5218 220 5275 barum
238 5217 327 5276 trium
349 5216 542 5288 personarum¹
553 5225 614 5270 una
628 5214 656 5268 et
671 5210 771 5267 eadem
789 5222 849 5265 om·
902 5215 960 5275 tur,
976 5205 1025 5263 sed
1040 5206 1117 5277 qnod
1127 5219 1164 5263 ex
1178 5205 1308 5277 genitore
1321 5219 1380 5264 non
1394 5206 1432 5263 sit
1446 5205 1619 5264 ostenditur.
1642 5227 1653 5257 ι

93 5305 449 5379 substanttaindivmua
475 5303 590 5375 penitus
612 5308 641 5358 et
664 5298 787 5370 simplex
803 5311 846 5355 es-
940 5296 986 5353 Ex
1000 5294 1045 5352 bis
1060 5294 1159 5368 itaque
1184 5294 1276 5366 liquet
1295 5294 1495 5368 augustinum
1516 5295 1571 5356 bon
1591 5294 1652 5355 loco
1667 5296 1751 5370 inge·

79 5471 92 5538 ἰ
108 5465 225 5530 incluso
240 5464 357 5526 uncinis
372 5464 476 5523 desunt
492 5461 524 5523 in
536 5475 602 5533 ms,
614 5458 665 5519 sed
678 5453 950 5518 debentneoessario
964 5451 1091 5514 ιιιιιιιιι.
