3804 5962
113 188 178 246 taes
378 188 480 247 Petet
499 185 688 245 seminent
707 185 783 244 01³1).
805 186 895 245 Plus
912 187 962 244 ltl.
977 217 1013 231 -
1026 185 1247 245 Tueotootctt
1265 187 1309 244 ΕΤ
1326 183 1588 246 Pultosoefltm.
1789 188 1855 244 lm

136 315 222 375 Nunc
235 323 332 374 autem
356 316 392 374 ed
416 317 471 374 hoc
489 330 542 373 nos
564 315 715 375 induxisse
730 315 952 374 similitudinem
967 317 992 373 Δ
1007 315 1157 387 Sapientiae
1185 331 1245 374 suu
1273 330 1362 373 causa
1391 323 1443 386 εει,
1468 330 1522 375 εεε
1545 328 1678 388 unquam
1693 314 1772 373 Deus
1794 314 1856 373 aine

105 405 141 464 de
155 405 276 465 materia
290 413 318 464 ει
332 405 482 463 materiato
503 404 628 462 sulliciat
656 405 734 477 quod
762 405 949 476 quemadmo·
1006 405 1159 479 sapientia.
1186 405 1251 463 Suae
1274 405 1366 478 igitur
1389 405 1571 477 sempiterne
1595 402 1749 475 Sapientiae
1767 416 1856 463 εεεεε

106 495 177 553 dum
192 494 264 552 illud
288 508 324 551 ex
338 493 388 550 illa
408 493 535 551 dicimus
556 495 701 566 generari,
724 493 881 552 secundum
898 495 953 552 hoc
1005 502 1047 551 est
1062 494 1247 566 sempiterna,
1276 508 1329 552 nec
1356 502 1484 566 tempore
1512 495 1591 566 prior
1617 500 1660 550 est
1690 507 1784 566 quam
1805 506 1857 551 sua

108 582 185 657 quod
204 597 241 640 ex
256 582 305 640 illa
322 591 374 652 εει,
398 581 438 640 ita
457 582 507 639 hie
529 582 636 640 Filium
658 596 695 640 ea
717 583 811 653 Patre,
833 583 889 640 hoc
909 592 952 641 εει
1006 583 1192 654 Sapientia.»
1208 581 1635 654 ueortnodoxadde,capitulo
1651 582 1756 655 t(ss):
1771 581 1857 640 «Cre

107 673 200 745 ipsam
221 671 396 743 Sapientiam
419 685 454 728 ert
479 671 542 740 ipsa
566 670 697 728 Potentia
720 686 792 743 esse,
814 679 846 729 ut
860 672 951 729 deter·
1004 673 1112 741 dimus,
1128 693 1143 723 »
1159 672 1265 744 inquit,
1284 694 1299 724 o
1312 686 1406 730 unum

107 763 250 819 minatum
268 768 321 818 εει.
337 758 390 818 Sed
404 773 458 817 nec
472 772 590 817 oausam
610 760 724 831 proprie
746 758 872 818 dicimus
894 760 950 817 nisi
1005 774 1065 818 esse
1080 762 1170 819 Deum
1190 763 1304 818 Patrem
1316 769 1344 819 et
1364 761 1410 817 Fi·
1483 761 1608 819 loannes
1635 760 1857 832 chrysostomus

103 850 141 909 ad
160 849 305 914 ellectum,
327 849 378 907 uhi
393 848 466 908 nihil
494 849 951 920 estiaotum.E1iectusquippe
1004 850 1077 906 lium
1109 857 1137 906 et
1175 848 1316 921 Spiritum
1347 863 1417 906 san·
1452 863 1539 920 super
1578 849 1737 920 Epistulam
1774 849 1857 908 Pauli

104 946 157 1010 εει,
173 946 243 998 ιεειε
265 938 373 1008 Boetio,
389 939 467 1011 quod
489 936 576 995 elficit
590 952 707 995 causam
728 938 763 1010 [s.
780 953 868 1010 quem
884 936 950 995 elil·
1004 947 1093 995 ctum.
1123 939 1235 996 Patrem
1270 953 1304 997 eo
1333 937 1411 1010 quod
1448 937 1484 995 ad
1507 937 1790 998 llehreossermone
1806 941 1857 1013 ll:

104 1030 144 1088 clt
157 1029 257 1103 causa]
265 1045 274 1100 ;
293 1036 322 1086 et
333 1027 419 1100 Juxta
442 1027 571 1084 'lollium
585 1028 679 1085 omnis
694 1041 783 1084 causa
798 1032 902 1098 praeter
916 1026 950 1082 ll·
1003 1027 1241 1097 haheatlilium
1258 1027 1410 1085 Filiumeo
1449 1026 1588 1084 «sadech
1625 1028 1747 1097 justitia
1789 1027 1856 1086 dici·

104 1117 335 1178 nalemeldciens
349 1116 464 1186 dicitur,
480 1123 508 1173 ει
522 1123 628 1173 εειεεε
643 1117 726 1188 prior
739 1114 852 1173 ellectu.
868 1114 949 1172 Unde
1003 1115 1335 1187 quodhabeatPatrem3
1351 1116 1413 1188 Spi-
1449 1124 1507 1184 tur,
1549 1115 1658 1174 llelcha
1697 1130 1769 1174 vero
1798 1133 1856 1178 m.

105 1208 229 1277 Boetius,
252 1220 319 1265 cum
334 1204 431 1263 locum
445 1218 462 1261 a
477 1218 565 1263 causa
578 1205 665 1276 Juxta
679 1203 808 1261 'lollium
824 1202 948 1261 intortio
1003 1205 1092 1262 ritum
1118 1212 1250 1262 sanctum
1276 1206 1409 1276 eoquod
1446 1203 1653 1262 Melchisedech
1695 1219 1767 1278 ergo
1809 1222 1858 1263 rea

106 1296 268 1368 Toptccrum
291 1301 405 1363 tractat,
425 1294 544 1351 oausam
562 1292 707 1350 diillnieus
720 1291 789 1348 dicit
799 1303 862 1347 eam
876 1302 947 1357 esse,
1004 1293 1040 1349 sit
1066 1307 1100 1350 ex
1114 1294 1197 1350 Patre
1210 1300 1238 1350 ct
1254 1293 1336 1350 Filio·
1361 1293 1412 1350 Pa·
1444 1293 1576 1363 justitia.
1608 1291 1758 1360 Quomodo
1801 1295 1856 1352 iui-

104 1399 172 1458 que
186 1383 347 1458 quamlibet
369 1396 431 1441 rem
448 1382 611 1454 precedens
630 1379 718 1438 eiilcit
736 1393 795 1436 non
810 1385 948 1449 tempore,
1005 1388 1048 1438 ter
1062 1395 1131 1453 ergo
1160 1381 1336 1453 prinprium
1350 1381 1412 1438 llei-
1452 1381 1524 1438 tium
1537 1380 1759 1455 dierumneque
1773 1382 1857 1442 εἰεεει

104 1472 154 1532 sed
173 1472 346 1545 proprietate
357 1478 478 1541 nature,
495 1477 527 1527 ut
542 1469 583 1527 sol
601 1469 687 1526 diem.
704 1469 767 1540 lpse
786 1467 875 1525 etiam
889 1466 951 1524 Au·
1005 1471 1113 1534 tatis,a
1137 1484 1195 1542 quo
1210 1470 1410 1539 Filinsnatus,
1448 1470 1516 1528 ritae
1532 1470 1645 1538 hahuit,
1668 1471 1857 1544 quomodoia

105 1559 242 1636 gostinus
268 1561 344 1618 hanc
367 1567 485 1619 secutus
516 1559 659 1617 rationem
691 1570 805 1614 omnem
831 1569 949 1613 εεεεεεε
967 1572 1023 1653 Ba
1055 1572 1115 1629 quo
1143 1558 1267 1630 Spiritus
1297 1567 1416 1615 sanctus
1451 1574 1485 1616 eo
1511 1574 1569 1617 non
1593 1567 1636 1616 est
1658 1568 1784 1619 narrata
1811 1575 1855 1634 ge

104 1649 275 1709 efficientem
300 1650 370 1708 dicit
394 1648 523 1722 capitulo
544 1649 579 1703 30
603 1645 672 1704 libri
699 1646 884 1717 οεεειίοεεει
905 1645 950 1714 33,
1007 1662 1066 1705 non
1093 1654 1189 1716 natus,
1211 1647 1355 1719 quianon
1373 1655 1416 1705 εει
1452 1647 1595 1720 nealogia,
1623 1648 1665 1707 sic
1685 1656 1714 1707 ct
1746 1649 1856 1709 Christo

104 1739 274 1798 hievarhis:
289 1738 371 1805 «Qui
386 1738 491 1809 querit
505 1751 558 1795 cur
574 1737 651 1794 Deus
667 1733 952 1799 volueritmuudum
1007 1736 1099 1794 Filius
1140 1751 1237 1808 neque
1269 1736 1418 1808 ingenitus
1454 1736 1517 1808 ipsa
1540 1743 1648 1795 natura
1678 1737 1720 1796 roi
1739 1745 1769 1798 et
1796 1720 1855 1797 sina

103 1827 208 1900 lacere,
233 1842 351 1887 causam
380 1827 486 1901 querit
510 1826 668 1885 voluntatis
692 1823 753 1881 Dei.
782 1821 834 1880 Sed
858 1821 952 1879 omnis
1007 1825 1078 1897 qnia
1104 1840 1163 1882 non
1188 1833 1229 1882 est
1250 1825 1345 1892 Pater,
1367 1840 1416 1883 ne
1452 1824 1533 1882 initio
1559 1834 1589 1884 ει
1604 1872 1607 1878 .
1625 1825 1689 1884 sine
1714 1827 1773 1889 flue
1807 1832 1855 1886 εει

104 1931 194 1977 εεεεε
212 1918 341 1977 eliciens
364 1925 417 1987 εει,
441 1931 526 1974 οιεεε
541 1923 638 1974 autem
652 1913 779 1972 efficiens
800 1911 896 1983 majus
910 1916 952 1968 εει
1007 1912 1177 1984 quelactus
1200 1914 1271 1985 quia
1295 1920 1415 1971 nonest
1452 1913 1531 1971 Sicut
1559 1914 1638 1973 euim
1661 1914 1748 1973 istius
1761 1914 1857 1974 meoi-

104 2019 193 2079 quam
208 2006 237 2064 id
252 2006 331 2080 quod
344 2005 479 2064 efficitur.
491 2003 569 2061 Nihil
579 2009 675 2061 autem
691 1998 952 2072 majuscoluntate
1006 2014 1044 2059 ex
1055 2001 1144 2059 nihilo
1168 2003 1217 2060 sed
1230 2017 1267 2060 ex
1287 2002 1415 2059 DeoPe-
1451 2017 1517 2060 mus
1540 2017 1635 2074 neque
1658 2003 1778 2062 initium
1801 2003 1857 2062 die·

104 2095 165 2153 Dei.
196 2095 259 2153 Non
286 2110 356 2169 crgo
389 2093 453 2167 ejus
471 2106 559 2151 causa
597 2089 859 2164 quaerendam.»
889 2087 953 2153 oua
1006 2096 1049 2148 tre
1082 2098 1111 2148 ει
1140 2090 1197 2148 Deo
1230 2090 1301 2148 Filio
1336 2091 1413 2147 Deus
1449 2105 1516 2149 rum
1544 2105 1639 2164 neque
1666 2091 1755 2151 linem
1782 2091 1856 2161 uta.

104 2184 224 2257 quidem
254 2185 366 2241 ratione
393 2182 543 2241 manileste
572 2179 757 2238 convincitur
788 2191 842 2234 nec
860 2176 952 2233 Deum
1007 2179 1174 2251 procedens.
1198 2200 1213 2231 ε
1235 2181 1278 2236 Ex
1302 2180 1348 2236 his
1363 2179 1418 2236 ita·
1455 2179 1534 2251 quod
1559 2195 1617 2238 non
1645 2180 1682 2239 sit
1704 2181 1858 2254 scriptum,

105 2274 219 2330 Patrem
233 2286 294 2331 esse
313 2287 431 2330 causam
452 2272 526 2341 Filii,
542 2285 610 2328 cum
629 2267 763 2326 videlicet
786 2280 840 2323 nec
856 2265 953 2336 ipsum
1008 2281 1065 2339 que
1097 2267 1267 2325 testimoniis
1302 2268 1415 2325 clarum
1451 2269 1493 2325 sic
1524 2275 1552 2326 et
1574 2269 1720 2328 nescimus
1734 2269 1860 2329 Filiivol

104 2359 210 2418 eldciat
237 2374 324 2431 quem
353 2360 434 2418 nullo
461 2359 545 2416 modo
569 2358 648 2425 lacit,
679 2355 728 2414 sed
754 2353 953 2412 tantummodo
1006 2365 1049 2414 εει
1070 2356 1183 2414 Patrem
1218 2357 1315 2427 ipsum
1345 2357 1420 2414 alia·
1456 2356 1573 2414 initium
1584 2356 1630 2415 vel
1640 2356 1858 2418 finem.»item:

105 2447 439 2525 gignitmecmajmeo
456 2449 504 2517 sit,
525 2447 580 2505 nisi
595 2447 667 2504 lorte
683 2444 844 2502 secuudum
858 2442 953 2500 caruis
1007 2458 1074 2502 rum
1122 2458 1312 2516 personarum
1348 2460 1418 2503 cau·
1458 2446 1612 2503 «Intueris
1636 2446 1699 2504 sine
1716 2446 1800 2506 initio
1815 2448 1860 2507 Fi·

104 2535 325 2607 susceptionem.
352 2533 499 2604 Quomodo
521 2535 608 2592 etiam
631 2533 761 2590 dicemus
775 2530 952 2602 principium
1007 2532 1140 2591 samsive
1155 2533 1330 2605 principium
1347 2548 1417 2605 quo
1452 2533 1534 2603 lium,
1561 2548 1620 2591 non
1647 2536 1719 2607 quia
1733 2536 1860 2594 nonha-

104 2623 151 2683 rel
173 2624 314 2698 originem
338 2624 445 2682 habero
467 2623 495 2681 id
511 2622 589 2695 quod
613 2629 754 2680 eternum
776 2619 842 2678 esti
856 2620 952 2677 AEtcr-
1007 2622 1160 2680 dammodo
1179 2622 1247 2693 dici,
1274 2623 1303 2678 in
1316 2623 1413 2680 eosci-
1453 2622 1501 2680 het
1523 2636 1640 2681 causam
1663 2637 1700 2680 ex
1728 2639 1791 2698 qna
1812 2625 1857 2695 eit,

104 2726 241 2773 εεεεεεε
259 2722 288 2772 ει
313 2721 469 2772 coeternas
496 2712 552 2770 sihi
578 2726 639 2769 esse
654 2719 711 2769 tres
737 2722 875 2781 personas
894 2721 953 2764 cer-
1009 2710 1076 2768 licet
1092 2710 1170 2783 quod
1189 2710 1253 2767 alie
1275 2711 1340 2769 duee
1353 2725 1418 2782 per·
1455 2711 1857 2784 hocenimimpossihileest:

103 2811 166 2863 tum
180 2803 309 2863 estllon
331 2812 372 2861 εει
388 2804 487 2876 itaque
512 2802 603 2859 altera
627 2800 748 2858 alterius
763 2797 950 2870 principium,
1008 2812 1085 2855 sonae
1120 2812 1158 2855 ex
1185 2799 1246 2871 ipso
1282 2814 1343 2858 esse
1369 2799 1419 2856 ha·
1457 2800 1544 2858 hahet
1578 2814 1708 2873 namque
1733 2801 1857 2872 Patren.

104 2893 153 2951 sed
171 2906 359 2967 unaquaque
373 2892 435 2950 sine
454 2890 597 2964 principio
623 2897 675 2958 est,
696 2887 767 2959 quia
785 2893 892 2955 aterna
910 2891 952 2941 εει
968 2881 990 2939 C
1007 2886 1092 2943 hent:
1110 2887 1200 2944 altera
1223 2888 1341 2959 quidem
1363 2902 1414 2945 na·
1450 2888 1579 2963 alioquin
1590 2889 1737 2961 quomodo
1748 2890 1857 2949 Filius?

104 2988 132 3040 et
164 2983 295 3040 omnium
337 2980 461 3038 aliarum
498 2992 596 3037 rerum
629 2974 816 3049 principium.
842 2970 953 3043 Quippe
1007 2973 1112 3031 scendo
1142 2975 1178 3032 de
1214 2990 1274 3048 qua
1300 2976 1411 3035 dictum
1448 2977 1512 3045 Sed.
1542 2979 1613 3050 quia
1641 2992 1701 3036 non
1732 2977 1856 3038 hahebat

103 3067 183 3140 quod
236 3076 388 3134 seruum,
438 3065 513 3122 sicut
572 3066 602 3120 in
653 3061 737 3119 tertio
791 3061 952 3131 Topicorcm
1005 3071 1048 3120 est
1056 3079 1066 3135 3
1105 3063 1195 3122 altera
1222 3066 1411 3136 procedendo,
1449 3066 1565 3127 initium
1589 3068 1669 3138 vitae,
1698 3082 1796 3142 usque
1826 3068 1856 3126 il·

103 3155 218 3215 Boetius
245 3155 355 3223 definit,
389 3153 502 3227 origine
522 3159 610 3221 caret,
637 3151 692 3208 hoc
727 3155 769 3206 est
797 3145 950 3218 principio.
1005 3150 1040 3208 de
1055 3165 1115 3223 qua
1129 3152 1284 3211 dicendum
1309 3163 1361 3212 εει.
1379 3156 1415 3212 lit
1451 3170 1528 3213 nem.

103 3243 161 3302 Nec
197 3243 270 3302 illud
303 3241 422 3314 quidem
470 3239 549 3297 obest
582 3238 660 3310 quod
693 3237 817 3295 dicimus
858 3235 948 3292 Deum
1005 3254 1058 3297 nos
1076 3240 1194 3312 quidem
1213 3256 1331 3301 sensum
1347 3257 1414 3301 san·

104 3324 226 3389 Patrem
263 3329 440 3403 principium
487 3329 549 3385 sine
592 3325 734 3398 principio
770 3332 798 3382 ει
844 3323 952 3382 Filium
1005 3335 1118 3386 ctorum
1147 3330 1280 3388 virorum
1309 3340 1490 3404 venerantes,
1519 3333 1609 3391 rerba
1635 3347 1740 3394 eorum
1758 3333 1855 3394 minna

101 3419 280 3492 principium
305 3418 341 3474 de
363 3417 515 3489 principio,
542 3416 596 3473 hoc
619 3423 662 3473 est
688 3414 723 3471 de
743 3413 827 3471 Patre
843 3411 894 3483 qui
909 3419 952 3468 εει
1005 3431 1085 3475 εεεε
1113 3419 1302 3490 approbanda
1322 3435 1383 3478 esse
1415 3435 1574 3492 censemus,
1604 3430 1638 3482 ut
1666 3423 1802 3482 videlieet
1822 3423 1851 3482 id

103 3507 280 3580 principium
303 3506 432 3564 omnium
446 3511 668 3573 ereaturarum;
684 3503 803 3575 qnippe,
822 3515 893 3558 cum
910 3499 952 3555 di·
1004 3506 1138 3565 dicamus
1164 3508 1270 3567 hahere
1294 3511 1472 3583 principium
1502 3511 1580 3584 quod
1603 3517 1646 3571 εει
1658 3520 1851 3573 aternumac

102 3598 197 3657 cimus
211 3595 246 3654 de
269 3595 420 3668 principio,
445 3609 504 3652 non
522 3593 657 3651 addimus
671 3606 734 3662 suo,
756 3599 789 3649 ut
809 3604 868 3648 uon
887 3587 950 3645 Filii
1004 3610 1055 3667 per
1073 3595 1128 3653 hoc
1151 3597 1213 3655 sine
1236 3598 1379 3670 principio
1399 3608 1460 3657 est:
1484 3602 1531 3658 vel
1548 3601 1577 3658 id
1593 3601 1726 3660 dicamus
1748 3601 1853 3661 hahem

102 3685 279 3759 principium
296 3683 476 3756 intelligatur
494 3684 589 3754 Pater,
604 3682 653 3740 sed
670 3686 871 3739 creaturarum
888 3691 949 3735 om·
1003 3698 1123 3743 causam
1138 3686 1216 3757 quod
1231 3701 1290 3745 non
1309 3688 1443 3746 convenit
1458 3687 1591 3747 effectum
1606 3689 1674 3759 dict,
1687 3704 1757 3748 cum
1772 3690 1852 3750 nuuc

102 3774 195 3844 nrum,
222 3773 297 3832 stem
311 3781 339 3831 et
366 3771 457 3830 rurus
487 3771 546 3842 inse
561 3772 612 3843 qur
627 3771 663 3828 rs
686 3776 774 3827 seme
795 3768 854 3825 ait:
870 3768 951 3824 Pun-
1002 3774 1088 3832 noco
1107 3773 1180 3831 croc
1199 3775 1246 3833 vet
1264 3775 1327 3834 narr
1344 3776 1432 3848 possit
1447 3777 1476 3835 rc
1497 3778 1575 3850 cnon
1594 3777 1675 3838 notro
1697 3779 1784 3838 moro
1797 3792 1853 3838 nou

101 3865 205 3935 cipiunt
232 3865 281 3934 put·
301 3868 325 3918 ει
341 3860 525 3931 loquoroobia
543 3860 631 3928 (Jooo.
657 3874 718 3930 εει,
733 3858 790 3930 25).
821 3855 875 3913 Sed
894 3855 950 3912 lor·
1001 3876 1062 3919 esse
1099 3870 1200 3934 potest,
1240 3865 1290 3922 sed
1328 3865 1412 3938 poni.

101 3952 185 4011 tassis
206 3951 279 4010 dicis
296 3951 380 4009 nulla
400 3949 511 4007 ratione
531 3947 686 4006 dicendum
706 3960 767 4003 esse
784 3945 860 4003 hano
881 3957 947 4016 per·
1001 3958 1048 4009 tus
1085 3966 1122 4010 εχ
1158 3955 1326 4012 necesstiate
1357 3963 1409 4013 esc,
1483 3956 1528 4013 131
1561 3955 1635 4015 libro
1670 3957 1855 4025 Quacum

100 4053 202 4099 sonem
228 4053 289 4099 esse
314 4053 352 4097 ex
382 4038 442 4107 illa,
471 4037 520 4094 sed
543 4050 632 4095 none
650 4048 797 4102 converso,
827 4031 947 4090 nisiilla
1000 4038 1112 4113 Quippe
1130 4043 1155 4099 si
1177 4042 1214 4100 sit
1228 4042 1349 4116 aliquid,
1376 4052 1409 4104 nt
1444 4045 1534 4104 orosii
1576 4046 1613 4104 ad
1655 4048 1854 4121 augustinum

100 4129 192 4202 hujns
217 4129 350 4201 quedam
372 4140 461 4185 causa
483 4125 521 4183 sit
539 4135 627 4198 atque
648 4123 732 4196 origo
755 4122 815 4180 sire
838 4121 943 4194 princi·
1002 4128 1042 4186 ait
1057 4130 1117 4201 ipse
1132 4144 1251 4204 quoque
1275 4133 1411 4192 aristote·
1448 4155 1463 4186 u
1478 4135 1605 4194 onosms.
1632 4135 1787 4196 Volunure
1805 4150 1852 4209 ga

99 4219 193 4291 pium,
217 4217 377 4289 praesertim
397 4230 464 4273 curn
494 4215 569 4273 hano
591 4228 628 4271 ex
649 4210 945 4282 illanascidioamus‚
1001 4213 1051 4286 les,
1074 4233 1133 4276 non
1161 4226 1213 4277 est.
1230 4222 1292 4292 lpse
1320 4222 1406 4280 etiam
1443 4223 1508 4282 nuit
1539 4224 1623 4284 Pater
1659 4226 1778 4295 Filium,
1816 4239 1854 4285 au

100 4306 179 4379 quod
202 4312 246 4364 εει
260 4304 373 4375 oriris
396 4318 454 4376 quo
479 4303 561 4375 origo
586 4302 663 4358 dicta
686 4308 737 4358 est.
753 4299 806 4358 cm
829 4298 946 4371 quidem
984 4307 1181 4380 augustinus
1195 4323 1248 4367 nec
1269 4310 1324 4368 ista
1341 4324 1411 4369 ver·
1447 4312 1656 4371 necessitate?
1711 4315 1854 4381 ancum<

99 4393 207 4453 rationi
231 4394 285 4466 ipsi
313 4407 429 4466 quoque
461 4390 592 4448 doctores
624 4389 756 4446 catholici
787 4387 945 4461 plurimum
999 4395 1037 4455 ba
1061 4410 1122 4454 ceso
1156 4397 1408 4469 approbaremus
1443 4416 1504 4460 pus,
1528 4400 1585 4458 Nec
1612 4400 1773 4472 columam,
1802 4416 1856 4461 nec

99 4481 255 4556 suffragari
278 4481 425 4553 ridentur,
454 4480 506 4538 uhi
524 4492 738 4550 nonnunquam
770 4477 866 4549 ipsum
891 4478 944 4533 Pa·
999 4484 1140 4555 insinuat,
1191 4487 1244 4544 ubi
1296 4502 1409 4547 omnem
1446 4489 1623 4560 necesstiate,
1647 4489 1719 4563 quta
1750 4505 1853 4550 m

99 4579 172 4631 trem
186 4585 304 4629 causam
328 4569 393 4627 Filii
415 4584 467 4628 seu
489 4567 665 4641 principium
681 4567 806 4625 duarum
821 4566 945 4625 aliarum
1000 4587 1120 4632 causam
1134 4576 1408 4647 superiuseldcicn·
1445 4578 1515 4637 sitas
1541 4579 1572 4636 in
1607 4579 1664 4638 lieo
1703 4593 1764 4638 non
1800 4586 1852 4639 εει.

98 4650 288 4733 ῃεεεοεεεεει
327 4658 437 4726 dicunt,
472 4671 585 4715 necnon
616 4663 677 4714 tam
708 4655 822 4714 Patrem
851 4654 945 4726 losum
1000 4669 1056 4719 tem
1082 4661 1195 4721 dixerat
1216 4673 1244 4722 et
1269 4667 1406 4739 majorem
1445 4667 1549 4726 Praeire
1573 4667 1710 4727 voluntas
1737 4667 1856 4740 sapien·

70 4746 189 4822 'quam
216 4748 322 4806 Filium
350 4760 411 4803 esse
442 4745 619 4818 principium
642 4743 766 4816 Spiritus
792 4743 885 4801 sancti
888 4783 944 4800 .....
999 4764 1060 4809 εεεε
1074 4750 1180 4812 ellectu
1206 4766 1269 4823 suo,
1298 4769 1332 4812 ac
1357 4770 1409 4828 per
1445 4757 1514 4814 tiam
1541 4771 1600 4815 non
1628 4763 1729 4829 potest.
1762 4757 1855 4832 igitur

98 4838 208 4911 quippe
232 4838 285 4911 qui
308 4849 345 4893 ex
366 4835 436 4908 ipsis
449 4841 492 4892 est
506 4848 562 4892 nou
580 4847 630 4906 per
648 4832 871 4905 generationem,
896 4832 945 4890 sed
999 4839 1054 4897 hoc
1086 4855 1200 4900 omnem
1240 4856 1359 4901 causam
1392 4859 1409 4902 a
1444 4845 1526 4917 prius
1566 4853 1609 4904 est
1643 4845 1855 4907 rationabiliter

97 4940 150 4999 per
177 4919 944 4998 llf⁰0ffl⁸i⁰110msellamPalremFiliitluafflFi·
998 4929 1148 4988 voluntate
1179 4931 1231 4989 Dei
1269 4942 1407 5004 removet,
1445 4948 1545 5007 sapere
1578 4948 1669 5007 quam
1693 4934 1855 4996 rationahi·

98 5013 310 5086 transcamus
333 5012 425 5070 sance
447 5019 536 5084 eaput
558 5024 631 5068 esse.
661 5008 742 5067 unns
763 5009 945 5081 locustinos
999 5027 1032 5076 ut
1057 5018 1131 5076 nrnu
1159 5019 1290 5079 vicenae
1318 5036 1408 5081 causa
1441 5021 1508 5081 uer
1526 5023 1610 5083 verra.
1629 5023 1703 5082 uam
1731 5025 1855 5097 curren

97 5103 426 5172 duodenariorum,
453 5100 582 5172 capitilio
612 5103 654 5166 Π,
673 5098 708 5156 dd
727 5097 798 5157 Filio
824 5096 874 5172 091
887 5098 944 5155 dis·
998 5114 1071 5164 esset
1098 5108 1205 5167 dlvinae
1236 5110 1406 5171 voluntatis,
1444 5119 1576 5172 nostrum
1607 5127 1674 5173 pum
1708 5127 1780 5173 oum
1806 5109 1855 5173 h·

97 5205 213 5253 ”relisi
232 5213 242 5244 ι
260 5194 347 5260 DSUS,
365 5212 377 5241 ε
395 5189 499 5264 inquil,
521 5189 680 5247 Somnium
695 5194 944 5260 quaesttnloetlstt
997 5193 1053 5263 Qui
1072 5196 1157 5255 etiam
1185 5198 1216 5256 in
1244 5197 1306 5271 ipso
1333 5199 1408 5259 libro
1443 5207 1617 5276 terrogas&
1700 5201 1855 5263 hfflfiffld

96 5288 148 5339 εει.
168 5279 250 5349 Quod
270 5289 368 5341 auteur
388 5280 520 5339 omnium
534 5292 655 5338 neruum
678 5290 767 5338 cansa
781 5283 833 5346 est,
855 5274 944 5334 etiam
998 5282 1042 5341 Dc
1070 5286 1203 5344 lrsnttctc
1230 5285 1282 5348 uhi
1299 5290 1406 5362 specta.
1444 5298 1545 5351 upum
1564 5290 1668 5352 vorem
1689 5303 1731 5351 gn
1753 5292 1855 5354 ,σιω

133 5453 502 5548 (aliomacharem.
518 5452 596 5515 nur.
609 5468 636 5511 c.
652 5456 678 5511 r.
