<?xml version="1.0" encoding="UTF-8"?>
<!DOCTYPE html PUBLIC "-//W3C//DTD XHTML 1.0 Transitional//EN"
    "http://www.w3.org/TR/xhtml1/DTD/xhtml1-transitional.dtd">
<html xmlns="http://www.w3.org/1999/xhtml" xml:lang="en" lang="en">
 <head>
  <title>
</title>
<meta http-equiv="Content-Type" content="text/html;charset=utf-8" />
  <meta name='ocr-system' content='tesseract 3.04.00' />
  <meta name='ocr-capabilities' content='ocr_page ocr_carea ocr_par ocr_line ocrx_word'/>
</head>
<body>
  <div class='ocr_page' id='page_1' title='image "./patrologiaecurs53unkngoog_0387.png"; bbox 0 0 3804 5962; ppageno 0'>
   <div class='ocr_carea' id='block_1_1' title="bbox 112 192 1859 268">
    <p class='ocr_par' dir='ltr' id='par_1_1' title="bbox 112 192 1859 268">
     <span class='ocr_line' id='line_1_1' title="bbox 112 192 1859 268; baseline -0.001 -12"><span class='ocrx_word' id='word_1_1' title='bbox 112 201 165 256; x_wconf 83' lang='lat' dir='ltr'>&#39;ttt</span> <span class='ocrx_word' id='word_1_2' title='bbox 378 197 480 254; x_wconf 72' lang='lat' dir='ltr'>Pml</span> <span class='ocrx_word' id='word_1_3' title='bbox 501 196 688 253; x_wconf 71' lang='lat' dir='ltr'>tumuerint</span> <span class='ocrx_word' id='word_1_4' title='bbox 707 196 784 253; x_wconf 83' lang='lat' dir='ltr'><strong>OPP.</strong></span> <span class='ocrx_word' id='word_1_5' title='bbox 803 193 896 252; x_wconf 76' lang='lat' dir='ltr'>ralis</span> <span class='ocrx_word' id='word_1_6' title='bbox 914 194 1004 251; x_wconf 80' lang='lat' dir='ltr'>lll-</span> <span class='ocrx_word' id='word_1_7' title='bbox 1012 192 1239 268; x_wconf 69' lang='lat' dir='ltr'>atascianica</span> <span class='ocrx_word' id='word_1_8' title='bbox 1257 195 1300 250; x_wconf 85' lang='grc' dir='ltr'>ΕΤ</span> <span class='ocrx_word' id='word_1_9' title='bbox 1318 195 1590 254; x_wconf 77' lang='lat' dir='ltr'>vttltosornloa.</span> <span class='ocrx_word' id='word_1_10' title='bbox 1806 200 1859 255; x_wconf 79' lang='lat' dir='ltr'>itt</span> 
     </span>
    </p>
   </div>
   <div class='ocr_carea' id='block_1_2' title="bbox 24 314 1899 2785">
    <p class='ocr_par' dir='ltr' id='par_1_2' title="bbox 108 314 1899 834">
     <span class='ocr_line' id='line_1_2' title="bbox 108 314 1859 394; baseline -0.002 -14"><span class='ocrx_word' id='word_1_11' title='bbox 108 322 261 394; x_wconf 85' lang='lat' dir='ltr'>prascinm</span> <span class='ocrx_word' id='word_1_12' title='bbox 276 320 444 377; x_wconf 90' lang='lat' dir='ltr'>luturorum</span> <span class='ocrx_word' id='word_1_13' title='bbox 459 319 513 376; x_wconf 88' lang='lat' dir='ltr'>boc</span> <span class='ocrx_word' id='word_1_14' title='bbox 528 318 638 376; x_wconf 91' lang='lat' dir='ltr'>homini</span> <span class='ocrx_word' id='word_1_15' title='bbox 653 316 837 380; x_wconf 88' lang='lat' dir='ltr'>concessisse,</span> <span class='ocrx_word' id='word_1_16' title='bbox 859 323 891 373; x_wconf 92' lang='lat' dir='ltr'>ut</span> <span class='ocrx_word' id='word_1_17' title='bbox 906 328 957 386; x_wconf 90' lang='lat' dir='ltr'>per</span> <span class='ocrx_word' id='word_1_18' title='bbox 972 316 996 370; x_wconf 77' lang='grc' dir='ltr'><strong>Α</strong></span> <span class='ocrx_word' id='word_1_19' title='bbox 1011 314 1130 373; x_wconf 89' lang='lat' dir='ltr'>animali</span> <span class='ocrx_word' id='word_1_20' title='bbox 1146 327 1323 390; x_wconf 89' lang='lat' dir='ltr'>assumptus,</span> <span class='ocrx_word' id='word_1_21' title='bbox 1340 320 1415 376; x_wconf 89' lang='lat' dir='ltr'>sicut</span> <span class='ocrx_word' id='word_1_22' title='bbox 1440 318 1589 376; x_wconf 87' lang='lat' dir='ltr'>mulierde</span> <span class='ocrx_word' id='word_1_23' title='bbox 1603 319 1665 375; x_wconf 92' lang='lat' dir='ltr'>viro</span> <span class='ocrx_word' id='word_1_24' title='bbox 1688 328 1806 390; x_wconf 89' lang='lat' dir='ltr'>sumpta</span> <span class='ocrx_word' id='word_1_25' title='bbox 1818 328 1859 377; x_wconf 92' lang='lat' dir='ltr'>est</span> 
     </span>
     <span class='ocr_line' id='line_1_3' title="bbox 109 405 1846 479; baseline -0.002 -10"><span class='ocrx_word' id='word_1_26' title='bbox 109 413 249 469; x_wconf 84' lang='lat' dir='ltr'>rationem</span> <span class='ocrx_word' id='word_1_27' title='bbox 273 408 474 466; x_wconf 81' lang='lat' dir='ltr'>dominaretur</span> <span class='ocrx_word' id='word_1_28' title='bbox 505 407 617 464; x_wconf 71' lang='lat' dir='ltr'>ceteris</span> <span class='ocrx_word' id='word_1_29' title='bbox 644 405 844 463; x_wconf 87' lang='lat' dir='ltr'>animantibus</span> <span class='ocrx_word' id='word_1_30' title='bbox 867 413 895 461; x_wconf 89' lang='lat' dir='ltr'>et</span> <span class='ocrx_word' id='word_1_31' title='bbox 923 419 956 461; x_wconf 88' lang='lat' dir='ltr'>ea</span> <span class='ocrx_word' id='word_1_32' title='bbox 1012 413 1040 463; x_wconf 91' lang='lat' dir='ltr'>et</span> <span class='ocrx_word' id='word_1_33' title='bbox 1055 407 1090 462; x_wconf 89' lang='lat' dir='ltr'>de</span> <span class='ocrx_word' id='word_1_34' title='bbox 1104 415 1181 462; x_wconf 89' lang='lat' dir='ltr'>costa</span> <span class='ocrx_word' id='word_1_35' title='bbox 1192 407 1256 479; x_wconf 84' lang='lat' dir='ltr'>ejus</span> <span class='ocrx_word' id='word_1_36' title='bbox 1267 408 1397 465; x_wconf 86' lang='lat' dir='ltr'>iormata.</span> <span class='ocrx_word' id='word_1_37' title='bbox 1842 450 1846 457; x_wconf 83' lang='grc'><em>.</em></span> 
     </span>
     <span class='ocr_line' id='line_1_4' title="bbox 110 478 1897 570; baseline -0.002 -13"><span class='ocrx_word' id='word_1_38' title='bbox 110 499 305 570; x_wconf 79' lang='lat' dir='ltr'>constringere</span> <span class='ocrx_word' id='word_1_39' title='bbox 321 503 414 567; x_wconf 87' lang='lat' dir='ltr'>posset</span> <span class='ocrx_word' id='word_1_40' title='bbox 429 504 517 566; x_wconf 83' lang='lat' dir='ltr'>atgne</span> <span class='ocrx_word' id='word_1_41' title='bbox 531 496 702 566; x_wconf 87' lang='lat' dir='ltr'>opprimere,</span> <span class='ocrx_word' id='word_1_42' title='bbox 731 494 867 566; x_wconf 83' lang='lat' dir='ltr'>quamvis</span> <span class='ocrx_word' id='word_1_43' title='bbox 894 507 954 550; x_wconf 92' lang='lat' dir='ltr'>cor·</span> <span class='ocrx_word' id='word_1_44' title='bbox 1046 497 1388 565; x_wconf 75' lang='lat' dir='ltr'>ltosaalnmetseminam.</span> <span class='ocrx_word' id='word_1_45' title='bbox 1407 497 1464 554; x_wconf 85' lang='lat' dir='ltr'>Hoc</span> <span class='ocrx_word' id='word_1_46' title='bbox 1480 504 1521 554; x_wconf 89' lang='lat' dir='ltr'>est</span> <span class='ocrx_word' id='word_1_47' title='bbox 1549 495 1619 553; x_wconf 90' lang='lat' dir='ltr'>tales</span> <span class='ocrx_word' id='word_1_48' title='bbox 1647 496 1697 568; x_wconf 88' lang='lat' dir='ltr'>qui</span> <span class='ocrx_word' id='word_1_49' title='bbox 1726 497 1762 552; x_wconf 93' lang='lat' dir='ltr'>ad</span> <span class='ocrx_word' id='word_1_50' title='bbox 1789 511 1857 568; x_wconf 89' lang='lat' dir='ltr'>pro·</span> <span class='ocrx_word' id='word_1_51' title='bbox 1893 478 1897 545; x_wconf 71' lang='lat' dir='ltr'>l</span> 
     </span>
     <span class='ocr_line' id='line_1_5' title="bbox 111 576 1897 662; baseline -0.003 -17"><span class='ocrx_word' id='word_1_52' title='bbox 111 602 180 662; x_wconf 87' lang='lat' dir='ltr'>pore</span> <span class='ocrx_word' id='word_1_53' title='bbox 195 587 347 650; x_wconf 86' lang='lat' dir='ltr'>validiora,</span> <span class='ocrx_word' id='word_1_54' title='bbox 366 593 397 640; x_wconf 92' lang='lat' dir='ltr'>ut</span> <span class='ocrx_word' id='word_1_55' title='bbox 412 583 545 641; x_wconf 88' lang='lat' dir='ltr'>videlicet</span> <span class='ocrx_word' id='word_1_56' title='bbox 559 598 595 640; x_wconf 83' lang='lat' dir='ltr'>cx</span> <span class='ocrx_word' id='word_1_57' title='bbox 618 596 753 640; x_wconf 88' lang='lat' dir='ltr'>concessa</span> <span class='ocrx_word' id='word_1_58' title='bbox 767 582 821 640; x_wconf 92' lang='lat' dir='ltr'>sibi</span> <span class='ocrx_word' id='word_1_59' title='bbox 845 583 957 639; x_wconf 91' lang='lat' dir='ltr'>ratione</span> <span class='ocrx_word' id='word_1_60' title='bbox 1011 585 1191 656; x_wconf 85' lang='lat' dir='ltr'>pagationem</span> <span class='ocrx_word' id='word_1_61' title='bbox 1211 586 1330 643; x_wconf 92' lang='lat' dir='ltr'>bumani</span> <span class='ocrx_word' id='word_1_62' title='bbox 1344 585 1457 656; x_wconf 85' lang='lat' dir='ltr'>generis</span> <span class='ocrx_word' id='word_1_63' title='bbox 1472 584 1647 641; x_wconf 82' lang='lat' dir='ltr'>sufficerent.</span> <span class='ocrx_word' id='word_1_64' title='bbox 1666 585 1705 640; x_wconf 87' lang='lat' dir='ltr'>lte</span> <span class='ocrx_word' id='word_1_65' title='bbox 1719 597 1779 654; x_wconf 84' lang='lat' dir='ltr'>qua</span> <span class='ocrx_word' id='word_1_66' title='bbox 1795 598 1859 654; x_wconf 91' lang='lat' dir='ltr'>pro·</span> <span class='ocrx_word' id='word_1_67' title='bbox 1896 576 1897 583; x_wconf 65' lang='lat'><em>&#39;</em></span> 
     </span>
     <span class='ocr_line' id='line_1_6' title="bbox 110 669 1899 751; baseline -0.004 -19"><span class='ocrx_word' id='word_1_68' title='bbox 110 683 190 732; x_wconf 89' lang='lat' dir='ltr'>tanto</span> <span class='ocrx_word' id='word_1_69' title='bbox 204 688 273 751; x_wconf 84' lang='lat' dir='ltr'>eum</span> <span class='ocrx_word' id='word_1_70' title='bbox 285 675 371 731; x_wconf 91' lang='lat' dir='ltr'>bomo</span> <span class='ocrx_word' id='word_1_71' title='bbox 387 674 512 744; x_wconf 89' lang='lat' dir='ltr'>amplius</span> <span class='ocrx_word' id='word_1_72' title='bbox 539 674 682 746; x_wconf 86' lang='lat' dir='ltr'>diligeret,</span> <span class='ocrx_word' id='word_1_73' title='bbox 697 680 806 743; x_wconf 88' lang='lat' dir='ltr'>quanto</span> <span class='ocrx_word' id='word_1_74' title='bbox 833 669 958 743; x_wconf 89' lang='lat' dir='ltr'>amplius</span> <span class='ocrx_word' id='word_1_75' title='bbox 1012 673 1164 746; x_wconf 87' lang='lat' dir='ltr'>pagatione</span> <span class='ocrx_word' id='word_1_76' title='bbox 1196 675 1376 746; x_wconf 91' lang='lat' dir='ltr'>postmodum</span> <span class='ocrx_word' id='word_1_77' title='bbox 1405 675 1467 730; x_wconf 87' lang='lat' dir='ltr'>ait:</span> <span class='ocrx_word' id='word_1_78' title='bbox 1488 676 1605 732; x_wconf 86' lang='lat' dir='ltr'>Crescite</span> <span class='ocrx_word' id='word_1_79' title='bbox 1641 679 1667 729; x_wconf 89' lang='lat' dir='ltr'>et</span> <span class='ocrx_word' id='word_1_80' title='bbox 1690 673 1859 749; x_wconf 79' lang='lat' dir='ltr'>multiplica·</span> <span class='ocrx_word' id='word_1_81' title='bbox 1896 716 1899 725; x_wconf 89' lang='lat'><em>.</em></span> 
     </span>
     <span class='ocr_line' id='line_1_7' title="bbox 113 761 1861 834; baseline -0.003 -14"><span class='ocrx_word' id='word_1_82' title='bbox 113 765 142 820; x_wconf 93' lang='lat' dir='ltr'>in</span> <span class='ocrx_word' id='word_1_83' title='bbox 156 763 211 820; x_wconf 90' lang='lat' dir='ltr'>bac</span> <span class='ocrx_word' id='word_1_84' title='bbox 225 778 255 820; x_wconf 93' lang='lat' dir='ltr'>se</span> <span class='ocrx_word' id='word_1_85' title='bbox 270 764 307 820; x_wconf 88' lang='lat' dir='ltr'>ab</span> <span class='ocrx_word' id='word_1_86' title='bbox 321 777 354 820; x_wconf 88' lang='lat' dir='ltr'>eo</span> <span class='ocrx_word' id='word_1_87' title='bbox 372 764 515 833; x_wconf 88' lang='lat' dir='ltr'>accepisse</span> <span class='ocrx_word' id='word_1_88' title='bbox 526 769 720 834; x_wconf 79' lang='lat' dir='ltr'>cognosceret.</span> <span class='ocrx_word' id='word_1_89' title='bbox 1011 765 1091 818; x_wconf 88' lang='lat' dir='ltr'>mini.</span> <span class='ocrx_word' id='word_1_90' title='bbox 1109 764 1180 820; x_wconf 84' lang='lat' dir='ltr'>Cum</span> <span class='ocrx_word' id='word_1_91' title='bbox 1210 763 1279 820; x_wconf 91' lang='lat' dir='ltr'>dicit</span> <span class='ocrx_word' id='word_1_92' title='bbox 1293 779 1340 820; x_wconf 90' lang='lat' dir='ltr'>eos</span> <span class='ocrx_word' id='word_1_93' title='bbox 1358 764 1519 820; x_wconf 90' lang='lat' dir='ltr'>masculino</span> <span class='ocrx_word' id='word_1_94' title='bbox 1536 776 1639 834; x_wconf 83' lang='lat' dir='ltr'>genere</span> <span class='ocrx_word' id='word_1_95' title='bbox 1664 776 1715 832; x_wconf 92' lang='lat' dir='ltr'>pro</span> <span class='ocrx_word' id='word_1_96' title='bbox 1739 763 1802 818; x_wconf 89' lang='lat' dir='ltr'>viro</span> <span class='ocrx_word' id='word_1_97' title='bbox 1825 761 1861 815; x_wconf 91' lang='lat' dir='ltr'>si·</span> 
     </span>
    </p>

    <p class='ocr_par' dir='ltr' id='par_1_3' title="bbox 108 849 1860 1456">
     <span class='ocr_line' id='line_1_8' title="bbox 146 849 1857 924; baseline -0.003 -14"><span class='ocrx_word' id='word_1_98' title='bbox 146 851 316 910; x_wconf 82' lang='lat' dir='ltr'>Cumdicit:</span> <span class='ocrx_word' id='word_1_99' title='bbox 352 853 513 908; x_wconf 73' lang='lat' dir='ltr'>volatilibus</span> <span class='ocrx_word' id='word_1_100' title='bbox 534 852 607 918; x_wconf 86' lang='lat' dir='ltr'>coeli,</span> <span class='ocrx_word' id='word_1_101' title='bbox 624 851 733 907; x_wconf 86' lang='lat' dir='ltr'>bocest</span> <span class='ocrx_word' id='word_1_102' title='bbox 758 849 872 915; x_wconf 85' lang='lat' dir='ltr'>avibus,</span> <span class='ocrx_word' id='word_1_103' title='bbox 900 864 957 907; x_wconf 91' lang='lat' dir='ltr'>non</span> <span class='ocrx_word' id='word_1_104' title='bbox 1012 852 1074 909; x_wconf 94' lang='lat' dir='ltr'>mul</span> <span class='ocrx_word' id='word_1_105' title='bbox 1093 859 1120 910; x_wconf 91' lang='lat' dir='ltr'>et</span> <span class='ocrx_word' id='word_1_106' title='bbox 1135 853 1251 920; x_wconf 80' lang='lat' dir='ltr'>lentina,</span> <span class='ocrx_word' id='word_1_107' title='bbox 1280 866 1332 923; x_wconf 91' lang='lat' dir='ltr'>pro</span> <span class='ocrx_word' id='word_1_108' title='bbox 1358 852 1499 924; x_wconf 88' lang='lat' dir='ltr'>dignitate</span> <span class='ocrx_word' id='word_1_109' title='bbox 1520 851 1611 908; x_wconf 87' lang='lat' dir='ltr'>virilis</span> <span class='ocrx_word' id='word_1_110' title='bbox 1634 865 1723 908; x_wconf 81' lang='lat' dir='ltr'>senus</span> <span class='ocrx_word' id='word_1_111' title='bbox 1748 850 1857 907; x_wconf 88' lang='lat' dir='ltr'>iactum</span> 
     </span>
     <span class='ocr_line' id='line_1_9' title="bbox 110 938 1858 1012; baseline -0.003 -13"><span class='ocrx_word' id='word_1_112' title='bbox 110 941 147 999; x_wconf 87' lang='lat' dir='ltr'>ad</span> <span class='ocrx_word' id='word_1_113' title='bbox 170 940 363 997; x_wconf 80' lang='lat' dir='ltr'>differentiam</span> <span class='ocrx_word' id='word_1_114' title='bbox 384 942 515 1012; x_wconf 81' lang='lat' dir='ltr'>aliquam</span> <span class='ocrx_word' id='word_1_115' title='bbox 541 940 704 997; x_wconf 81' lang='lat' dir='ltr'>volatilium</span> <span class='ocrx_word' id='word_1_116' title='bbox 734 938 864 995; x_wconf 88' lang='lat' dir='ltr'>additum</span> <span class='ocrx_word' id='word_1_117' title='bbox 891 944 955 994; x_wconf 90' lang='lat' dir='ltr'>est:</span> <span class='ocrx_word' id='word_1_118' title='bbox 1011 949 1075 998; x_wconf 91' lang='lat' dir='ltr'>est:</span> <span class='ocrx_word' id='word_1_119' title='bbox 1093 943 1171 1012; x_wconf 88' lang='lat' dir='ltr'>quod</span> <span class='ocrx_word' id='word_1_120' title='bbox 1200 942 1229 997; x_wconf 94' lang='lat' dir='ltr'>in</span> <span class='ocrx_word' id='word_1_121' title='bbox 1249 949 1362 998; x_wconf 91' lang='lat' dir='ltr'>tantum</span> <span class='ocrx_word' id='word_1_122' title='bbox 1377 943 1463 998; x_wconf 89' lang='lat' dir='ltr'>etiam</span> <span class='ocrx_word' id='word_1_123' title='bbox 1479 956 1572 1012; x_wconf 82' lang='lat' dir='ltr'>usgue</span> <span class='ocrx_word' id='word_1_124' title='bbox 1597 940 1679 997; x_wconf 88' lang='lat' dir='ltr'>bodie</span> <span class='ocrx_word' id='word_1_125' title='bbox 1698 953 1858 1004; x_wconf 89' lang='lat' dir='ltr'>servamus,</span> 
     </span>
     <span class='ocr_line' id='line_1_10' title="bbox 109 1028 1860 1102; baseline -0.001 -16"><span class='ocrx_word' id='word_1_126' title='bbox 109 1030 182 1098; x_wconf 87' lang='lat' dir='ltr'>coeii,</span> <span class='ocrx_word' id='word_1_127' title='bbox 219 1030 269 1086; x_wconf 91' lang='lat' dir='ltr'>sed</span> <span class='ocrx_word' id='word_1_128' title='bbox 299 1029 335 1086; x_wconf 91' lang='lat' dir='ltr'>ad</span> <span class='ocrx_word' id='word_1_129' title='bbox 371 1028 628 1086; x_wconf 85' lang='lat' dir='ltr'>demonstrandum</span> <span class='ocrx_word' id='word_1_130' title='bbox 653 1041 815 1100; x_wconf 77' lang='lat' dir='ltr'>perquam</span> <span class='ocrx_word' id='word_1_131' title='bbox 845 1035 956 1098; x_wconf 88' lang='lat' dir='ltr'>patrem</span> <span class='ocrx_word' id='word_1_132' title='bbox 1011 1038 1045 1088; x_wconf 91' lang='lat' dir='ltr'>ut</span> <span class='ocrx_word' id='word_1_133' title='bbox 1060 1044 1118 1088; x_wconf 92' lang='lat' dir='ltr'>uno</span> <span class='ocrx_word' id='word_1_134' title='bbox 1137 1030 1309 1087; x_wconf 88' lang='lat' dir='ltr'>viromultis</span> <span class='ocrx_word' id='word_1_135' title='bbox 1329 1031 1442 1087; x_wconf 89' lang='lat' dir='ltr'>leminis</span> <span class='ocrx_word' id='word_1_136' title='bbox 1456 1037 1623 1102; x_wconf 84' lang='lat' dir='ltr'>aggregato,</span> <span class='ocrx_word' id='word_1_137' title='bbox 1647 1043 1713 1085; x_wconf 92' lang='lat' dir='ltr'>cum</span> <span class='ocrx_word' id='word_1_138' title='bbox 1728 1029 1762 1084; x_wconf 88' lang='lat' dir='ltr'>de</span> <span class='ocrx_word' id='word_1_139' title='bbox 1793 1028 1860 1097; x_wconf 87' lang='lat' dir='ltr'>ipsis</span> 
     </span>
     <span class='ocr_line' id='line_1_11' title="bbox 111 1116 1859 1191; baseline -0.002 -15"><span class='ocrx_word' id='word_1_140' title='bbox 111 1118 214 1176; x_wconf 90' lang='lat' dir='ltr'>mundi</span> <span class='ocrx_word' id='word_1_141' title='bbox 242 1117 340 1174; x_wconf 87' lang='lat' dir='ltr'>volare</span> <span class='ocrx_word' id='word_1_142' title='bbox 364 1118 509 1186; x_wconf 88' lang='lat' dir='ltr'>babeant;</span> <span class='ocrx_word' id='word_1_143' title='bbox 540 1117 615 1173; x_wconf 86' lang='lat' dir='ltr'>sicot</span> <span class='ocrx_word' id='word_1_144' title='bbox 644 1116 730 1172; x_wconf 89' lang='lat' dir='ltr'>etiam</span> <span class='ocrx_word' id='word_1_145' title='bbox 758 1116 868 1172; x_wconf 92' lang='lat' dir='ltr'>dictum</span> <span class='ocrx_word' id='word_1_146' title='bbox 893 1122 955 1171; x_wconf 88' lang='lat' dir='ltr'>cst:</span> <span class='ocrx_word' id='word_1_147' title='bbox 1012 1119 1170 1191; x_wconf 85' lang='lat' dir='ltr'>loquimur,</span> <span class='ocrx_word' id='word_1_148' title='bbox 1200 1119 1311 1190; x_wconf 90' lang='lat' dir='ltr'>plurale</span> <span class='ocrx_word' id='word_1_149' title='bbox 1335 1119 1451 1190; x_wconf 87' lang='lat' dir='ltr'>aliquod</span> <span class='ocrx_word' id='word_1_150' title='bbox 1483 1119 1627 1190; x_wconf 84' lang='lat' dir='ltr'>adjectum</span> <span class='ocrx_word' id='word_1_151' title='bbox 1653 1118 1688 1174; x_wconf 89' lang='lat' dir='ltr'>de</span> <span class='ocrx_word' id='word_1_152' title='bbox 1721 1116 1790 1186; x_wconf 92' lang='lat' dir='ltr'>ipsis</span> <span class='ocrx_word' id='word_1_153' title='bbox 1817 1117 1859 1172; x_wconf 93' lang='lat' dir='ltr'>si-</span> 
     </span>
     <span class='ocr_line' id='line_1_12' title="bbox 108 1204 1860 1279; baseline -0.01 -15"><span class='ocrx_word' id='word_1_154' title='bbox 108 1207 233 1279; x_wconf 85' lang='lat' dir='ltr'>piscibas</span> <span class='ocrx_word' id='word_1_155' title='bbox 245 1209 340 1276; x_wconf 84' lang='lat' dir='ltr'>moris,</span> <span class='ocrx_word' id='word_1_156' title='bbox 361 1207 405 1263; x_wconf 91' lang='lat' dir='ltr'>vel</span> <span class='ocrx_word' id='word_1_157' title='bbox 433 1206 528 1263; x_wconf 90' lang='lat' dir='ltr'>sidera</span> <span class='ocrx_word' id='word_1_158' title='bbox 546 1205 610 1262; x_wconf 79' lang='lat' dir='ltr'>ciali</span> <span class='ocrx_word' id='word_1_159' title='bbox 638 1206 732 1262; x_wconf 87' lang='lat' dir='ltr'>dicere</span> <span class='ocrx_word' id='word_1_160' title='bbox 748 1204 883 1270; x_wconf 86' lang='lat' dir='ltr'>solemus,</span> <span class='ocrx_word' id='word_1_161' title='bbox 899 1216 958 1260; x_wconf 93' lang='lat' dir='ltr'>non</span> <span class='ocrx_word' id='word_1_162' title='bbox 1012 1209 1073 1266; x_wconf 91' lang='lat' dir='ltr'>mul</span> <span class='ocrx_word' id='word_1_163' title='bbox 1103 1209 1287 1279; x_wconf 80' lang='lat' dir='ltr'>proferentes,</span> <span class='ocrx_word' id='word_1_164' title='bbox 1324 1208 1484 1265; x_wconf 91' lang='lat' dir='ltr'>masculino</span> <span class='ocrx_word' id='word_1_165' title='bbox 1519 1220 1622 1279; x_wconf 80' lang='lat' dir='ltr'>genere</span> <span class='ocrx_word' id='word_1_166' title='bbox 1653 1206 1778 1262; x_wconf 66' lang='lat' dir='ltr'>contenti</span> <span class='ocrx_word' id='word_1_167' title='bbox 1807 1219 1860 1261; x_wconf 74' lang='lat' dir='ltr'>su.</span> 
     </span>
     <span class='ocr_line' id='line_1_13' title="bbox 110 1293 1859 1371; baseline -0.002 -17"><span class='ocrx_word' id='word_1_168' title='bbox 110 1296 148 1354; x_wconf 89' lang='lat' dir='ltr'>ad</span> <span class='ocrx_word' id='word_1_169' title='bbox 175 1296 341 1369; x_wconf 86' lang='lat' dir='ltr'>aliquorum</span> <span class='ocrx_word' id='word_1_170' title='bbox 379 1295 628 1362; x_wconf 82' lang='lat' dir='ltr'>determinatione,</span> <span class='ocrx_word' id='word_1_171' title='bbox 659 1294 707 1350; x_wconf 85' lang='lat' dir='ltr'>sed</span> <span class='ocrx_word' id='word_1_172' title='bbox 733 1294 828 1366; x_wconf 89' lang='lat' dir='ltr'>magis</span> <span class='ocrx_word' id='word_1_173' title='bbox 856 1293 893 1348; x_wconf 90' lang='lat' dir='ltr'>ad</span> <span class='ocrx_word' id='word_1_174' title='bbox 912 1307 958 1349; x_wconf 82' lang='lat' dir='ltr'>eo</span> <span class='ocrx_word' id='word_1_175' title='bbox 1013 1311 1089 1364; x_wconf 91' lang='lat' dir='ltr'>mus,</span> <span class='ocrx_word' id='word_1_176' title='bbox 1106 1296 1195 1354; x_wconf 88' lang='lat' dir='ltr'>veluti</span> <span class='ocrx_word' id='word_1_177' title='bbox 1210 1297 1234 1353; x_wconf 91' lang='lat' dir='ltr'>si</span> <span class='ocrx_word' id='word_1_178' title='bbox 1249 1297 1283 1354; x_wconf 89' lang='lat' dir='ltr'>de</span> <span class='ocrx_word' id='word_1_179' title='bbox 1310 1297 1380 1371; x_wconf 88' lang='lat' dir='ltr'>ipsis</span> <span class='ocrx_word' id='word_1_180' title='bbox 1395 1296 1607 1367; x_wconf 84' lang='lat' dir='ltr'>dicamusquia</span> <span class='ocrx_word' id='word_1_181' title='bbox 1630 1302 1699 1352; x_wconf 90' lang='lat' dir='ltr'>sunt</span> <span class='ocrx_word' id='word_1_182' title='bbox 1729 1294 1859 1351; x_wconf 89' lang='lat' dir='ltr'>bonivel</span> 
     </span>
     <span class='ocr_line' id='line_1_14' title="bbox 110 1380 1082 1456; baseline -0.004 -13"><span class='ocrx_word' id='word_1_183' title='bbox 110 1398 178 1443; x_wconf 88' lang='lat' dir='ltr'>rum</span> <span class='ocrx_word' id='word_1_184' title='bbox 200 1384 420 1456; x_wconf 83' lang='lat' dir='ltr'>exprimendam</span> <span class='ocrx_word' id='word_1_185' title='bbox 444 1383 646 1455; x_wconf 79' lang='lat' dir='ltr'>proprietatem</span> <span class='ocrx_word' id='word_1_186' title='bbox 672 1382 722 1440; x_wconf 90' lang='lat' dir='ltr'>ubi</span> <span class='ocrx_word' id='word_1_187' title='bbox 738 1397 798 1439; x_wconf 88' lang='lat' dir='ltr'>esse</span> <span class='ocrx_word' id='word_1_188' title='bbox 823 1380 957 1438; x_wconf 81' lang='lat' dir='ltr'>habeant.</span> <span class='ocrx_word' id='word_1_189' title='bbox 1014 1384 1082 1441; x_wconf 90' lang='lat' dir='ltr'>albi.</span> 
     </span>
    </p>

    <p class='ocr_par' dir='ltr' id='par_1_4' title="bbox 109 1471 1859 1724">
     <span class='ocr_line' id='line_1_15' title="bbox 109 1471 1858 1545; baseline -0.004 -15"><span class='ocrx_word' id='word_1_190' title='bbox 109 1472 220 1530; x_wconf 82' lang='lat' dir='ltr'>Goelum</span> <span class='ocrx_word' id='word_1_191' title='bbox 236 1487 304 1545; x_wconf 89' lang='lat' dir='ltr'>crgo</span> <span class='ocrx_word' id='word_1_192' title='bbox 320 1473 367 1530; x_wconf 88' lang='lat' dir='ltr'>bic</span> <span class='ocrx_word' id='word_1_193' title='bbox 382 1480 440 1530; x_wconf 88' lang='lat' dir='ltr'>tam</span> <span class='ocrx_word' id='word_1_194' title='bbox 456 1486 573 1529; x_wconf 88' lang='lat' dir='ltr'>aereum</span> <span class='ocrx_word' id='word_1_195' title='bbox 591 1485 682 1543; x_wconf 77' lang='lat' dir='ltr'>qaam</span> <span class='ocrx_word' id='word_1_196' title='bbox 708 1471 865 1528; x_wconf 73' lang='lat' dir='ltr'>aethereum</span> <span class='ocrx_word' id='word_1_197' title='bbox 883 1480 959 1525; x_wconf 91' lang='lat' dir='ltr'>com·</span> <span class='ocrx_word' id='word_1_198' title='bbox 1062 1473 1268 1542; x_wconf 67' lang='lat' dir='ltr'>aemulataque.</span> <span class='ocrx_word' id='word_1_199' title='bbox 1297 1475 1355 1531; x_wconf 77' lang='lat'>1100</span> <span class='ocrx_word' id='word_1_200' title='bbox 1369 1479 1421 1537; x_wconf 80' lang='lat' dir='ltr'>est,</span> <span class='ocrx_word' id='word_1_201' title='bbox 1442 1472 1477 1531; x_wconf 82' lang='lat' dir='ltr'>de</span> <span class='ocrx_word' id='word_1_202' title='bbox 1491 1473 1599 1529; x_wconf 82' lang='lat' dir='ltr'>meliori</span> <span class='ocrx_word' id='word_1_203' title='bbox 1625 1479 1702 1528; x_wconf 81' lang='lat' dir='ltr'>statu</span> <span class='ocrx_word' id='word_1_204' title='bbox 1731 1471 1858 1541; x_wconf 87' lang='lat' dir='ltr'>ipsorum</span> 
     </span>
     <span class='ocr_line' id='line_1_16' title="bbox 111 1559 1859 1635; baseline -0.007 -7"><span class='ocrx_word' id='word_1_205' title='bbox 111 1561 304 1633; x_wconf 61' lang='lat' dir='ltr'>prehendens,</span> <span class='ocrx_word' id='word_1_206' title='bbox 329 1561 474 1633; x_wconf 68' lang='lat' dir='ltr'>quidquid</span> <span class='ocrx_word' id='word_1_207' title='bbox 501 1561 537 1618; x_wconf 68' lang='lat' dir='ltr'>ab</span> <span class='ocrx_word' id='word_1_208' title='bbox 557 1560 741 1618; x_wconf 74' lang='lat' dir='ltr'>inferioribus</span> <span class='ocrx_word' id='word_1_209' title='bbox 755 1559 840 1630; x_wconf 77' lang='lat' dir='ltr'>aquis</span> <span class='ocrx_word' id='word_1_210' title='bbox 866 1570 959 1627; x_wconf 67' lang='lat' dir='ltr'>usque</span> <span class='ocrx_word' id='word_1_211' title='bbox 974 1578 997 1635; x_wconf 76' lang='lat' dir='ltr'>p</span> <span class='ocrx_word' id='word_1_212' title='bbox 1014 1563 1166 1620; x_wconf 83' lang='lat' dir='ltr'>immortali</span> <span class='ocrx_word' id='word_1_213' title='bbox 1182 1572 1210 1619; x_wconf 94' lang='lat' dir='ltr'>et</span> <span class='ocrx_word' id='word_1_214' title='bbox 1226 1562 1436 1632; x_wconf 84' lang='lat' dir='ltr'>incorruptibili</span> <span class='ocrx_word' id='word_1_215' title='bbox 1451 1561 1557 1618; x_wconf 86' lang='lat' dir='ltr'>luturae</span> <span class='ocrx_word' id='word_1_216' title='bbox 1581 1561 1648 1617; x_wconf 85' lang='lat' dir='ltr'>vitae</span> <span class='ocrx_word' id='word_1_217' title='bbox 1660 1560 1720 1631; x_wconf 84' lang='lat' dir='ltr'>jam</span> <span class='ocrx_word' id='word_1_218' title='bbox 1737 1560 1859 1616; x_wconf 90' lang='lat' dir='ltr'>tunodi·</span> 
     </span>
     <span class='ocr_line' id='line_1_17' title="bbox 111 1647 1858 1724; baseline -0.001 -18"><span class='ocrx_word' id='word_1_219' title='bbox 111 1651 148 1706; x_wconf 83' lang='lat' dir='ltr'>ad</span> <span class='ocrx_word' id='word_1_220' title='bbox 163 1651 321 1720; x_wconf 83' lang='lat' dir='ltr'>superiores</span> <span class='ocrx_word' id='word_1_221' title='bbox 334 1651 450 1707; x_wconf 91' lang='lat' dir='ltr'>interest</span> <span class='ocrx_word' id='word_1_222' title='bbox 465 1650 519 1707; x_wconf 91' lang='lat' dir='ltr'>boc</span> <span class='ocrx_word' id='word_1_223' title='bbox 535 1649 676 1707; x_wconf 87' lang='lat' dir='ltr'>vocabulo</span> <span class='ocrx_word' id='word_1_224' title='bbox 690 1654 851 1719; x_wconf 91' lang='lat' dir='ltr'>nuncupat.</span> <span class='ocrx_word' id='word_1_225' title='bbox 1014 1653 1162 1724; x_wconf 87' lang='lat' dir='ltr'>sponcbat.</span> <span class='ocrx_word' id='word_1_226' title='bbox 1178 1653 1237 1709; x_wconf 89' lang='lat' dir='ltr'>lioc</span> <span class='ocrx_word' id='word_1_227' title='bbox 1250 1660 1345 1708; x_wconf 88' lang='lat' dir='ltr'>autem</span> <span class='ocrx_word' id='word_1_228' title='bbox 1370 1652 1509 1720; x_wconf 86' lang='lat' dir='ltr'>Propheta</span> <span class='ocrx_word' id='word_1_229' title='bbox 1524 1650 1598 1706; x_wconf 80' lang='lat' dir='ltr'>dixit</span> <span class='ocrx_word' id='word_1_230' title='bbox 1624 1649 1803 1720; x_wconf 74' lang='lat' dir='ltr'>preveniens</span> <span class='ocrx_word' id='word_1_231' title='bbox 1813 1647 1858 1704; x_wconf 88' lang='lat' dir='ltr'>iu·</span> 
     </span>
    </p>

    <p class='ocr_par' dir='ltr' id='par_1_5' title="bbox 104 1736 1891 1977">
     <span class='ocr_line' id='line_1_18' title="bbox 104 1736 1891 1811; baseline 0 -18"><span class='ocrx_word' id='word_1_232' title='bbox 104 1764 108 1769; x_wconf 95' lang='lat'>·</span> <span class='ocrx_word' id='word_1_233' title='bbox 146 1739 188 1793; x_wconf 82' lang='lat' dir='ltr'>lit</span> <span class='ocrx_word' id='word_1_234' title='bbox 214 1738 316 1795; x_wconf 86' lang='lat' dir='ltr'>bestiis.</span> <span class='ocrx_word' id='word_1_235' title='bbox 341 1739 421 1804; x_wconf 86' lang='lat' dir='ltr'>Quod</span> <span class='ocrx_word' id='word_1_236' title='bbox 442 1739 578 1808; x_wconf 90' lang='lat' dir='ltr'>superius</span> <span class='ocrx_word' id='word_1_237' title='bbox 594 1752 644 1809; x_wconf 92' lang='lat' dir='ltr'>per</span> <span class='ocrx_word' id='word_1_238' title='bbox 658 1736 802 1795; x_wconf 89' lang='lat' dir='ltr'>bestiaset</span> <span class='ocrx_word' id='word_1_239' title='bbox 827 1737 960 1806; x_wconf 78' lang='lat' dir='ltr'>iumenta</span> <span class='ocrx_word' id='word_1_240' title='bbox 1015 1741 1367 1811; x_wconf 79' lang='lat' dir='ltr'>turumeorumlapsum,</span> <span class='ocrx_word' id='word_1_241' title='bbox 1386 1736 1855 1811; x_wconf 82' lang='lat' dir='ltr'>nequislortocumpostmodum</span> <span class='ocrx_word' id='word_1_242' title='bbox 1890 1750 1891 1755; x_wconf 50' lang='lat'>¹</span> 
     </span>
     <span class='ocr_line' id='line_1_19' title="bbox 111 1825 1856 1900; baseline -0.009 -4"><span class='ocrx_word' id='word_1_243' title='bbox 111 1826 251 1895; x_wconf 62' lang='grc' dir='ltr'>ᾶῖῦῑῑῦῐῑῑ,</span> <span class='ocrx_word' id='word_1_244' title='bbox 269 1826 316 1883; x_wconf 89' lang='lat' dir='ltr'>bie</span> <span class='ocrx_word' id='word_1_245' title='bbox 329 1826 445 1883; x_wconf 75' lang='lat' dir='ltr'>¹¹⁰ffliss0</span> <span class='ocrx_word' id='word_1_246' title='bbox 457 1826 614 1883; x_wconf 88' lang='lat' dir='ltr'>bestiarum</span> <span class='ocrx_word' id='word_1_247' title='bbox 629 1827 821 1883; x_wconf 61' lang='lat' dir='ltr'>immuniter</span> <span class='ocrx_word' id='word_1_248' title='bbox 833 1836 961 1894; x_wconf 60' lang='lat' dir='ltr'>winili·</span> <span class='ocrx_word' id='word_1_249' title='bbox 1015 1830 1130 1888; x_wconf 87' lang='lat' dir='ltr'>audiret</span> <span class='ocrx_word' id='word_1_250' title='bbox 1144 1844 1192 1886; x_wconf 89' lang='lat' dir='ltr'>cos</span> <span class='ocrx_word' id='word_1_251' title='bbox 1210 1828 1316 1900; x_wconf 80' lang='lat' dir='ltr'>expelli</span> <span class='ocrx_word' id='word_1_252' title='bbox 1331 1829 1366 1885; x_wconf 91' lang='lat' dir='ltr'>de</span> <span class='ocrx_word' id='word_1_253' title='bbox 1382 1829 1518 1900; x_wconf 81' lang='lat' dir='ltr'>paradiso</span> <span class='ocrx_word' id='word_1_254' title='bbox 1545 1826 1682 1896; x_wconf 88' lang='lat' dir='ltr'>terrestri,</span> <span class='ocrx_word' id='word_1_255' title='bbox 1694 1825 1856 1896; x_wconf 88' lang='lat' dir='ltr'>desperaret</span> 
     </span>
     <span class='ocr_line' id='line_1_20' title="bbox 111 1915 1175 1977; baseline 0.001 -5"><span class='ocrx_word' id='word_1_256' title='bbox 111 1915 220 1972; x_wconf 87' lang='lat' dir='ltr'>bendit.</span> <span class='ocrx_word' id='word_1_257' title='bbox 1015 1920 1050 1977; x_wconf 93' lang='lat' dir='ltr'>de</span> <span class='ocrx_word' id='word_1_258' title='bbox 1060 1919 1175 1976; x_wconf 85' lang='lat' dir='ltr'>coelesti.</span> 
     </span>
    </p>

    <p class='ocr_par' dir='ltr' id='par_1_6' title="bbox 112 2000 1861 2253">
     <span class='ocr_line' id='line_1_21' title="bbox 149 2000 1859 2075; baseline -0.002 -15"><span class='ocrx_word' id='word_1_259' title='bbox 149 2006 337 2073; x_wconf 81' lang='lat' dir='ltr'>Universngoe</span> <span class='ocrx_word' id='word_1_260' title='bbox 357 2007 444 2058; x_wconf 81' lang='lat' dir='ltr'>terra.</span> <span class='ocrx_word' id='word_1_261' title='bbox 467 2004 540 2060; x_wconf 89' lang='lat' dir='ltr'>Nota</span> <span class='ocrx_word' id='word_1_262' title='bbox 569 2003 731 2075; x_wconf 87' lang='lat' dir='ltr'>quodcum</span> <span class='ocrx_word' id='word_1_263' title='bbox 751 2002 800 2059; x_wconf 89' lang='lat' dir='ltr'>bic</span> <span class='ocrx_word' id='word_1_264' title='bbox 823 2000 959 2059; x_wconf 90' lang='lat' dir='ltr'>conceda·</span> <span class='ocrx_word' id='word_1_265' title='bbox 1065 2009 1185 2063; x_wconf 84' lang='lat' dir='ltr'>Crescite</span> <span class='ocrx_word' id='word_1_266' title='bbox 1212 2010 1237 2061; x_wconf 88' lang='lat' dir='ltr'>et</span> <span class='ocrx_word' id='word_1_267' title='bbox 1261 2006 1495 2074; x_wconf 83' lang='lat' dir='ltr'>multiplicamini.</span> <span class='ocrx_word' id='word_1_268' title='bbox 1525 2003 1603 2060; x_wconf 88' lang='lat' dir='ltr'>Sicut</span> <span class='ocrx_word' id='word_1_269' title='bbox 1637 2002 1772 2072; x_wconf 87' lang='lat' dir='ltr'>superius</span> <span class='ocrx_word' id='word_1_270' title='bbox 1799 2001 1859 2058; x_wconf 90' lang='lat' dir='ltr'>ani-</span> 
     </span>
     <span class='ocr_line' id='line_1_22' title="bbox 113 2091 1861 2164; baseline -0.005 -12"><span class='ocrx_word' id='word_1_271' title='bbox 113 2100 163 2152; x_wconf 90' lang='lat' dir='ltr'>tur</span> <span class='ocrx_word' id='word_1_272' title='bbox 184 2091 293 2149; x_wconf 89' lang='lat' dir='ltr'>bomini</span> <span class='ocrx_word' id='word_1_273' title='bbox 317 2099 377 2149; x_wconf 89' lang='lat' dir='ltr'>tam</span> <span class='ocrx_word' id='word_1_274' title='bbox 409 2092 508 2149; x_wconf 90' lang='lat' dir='ltr'>bestiis</span> <span class='ocrx_word' id='word_1_275' title='bbox 522 2107 588 2163; x_wconf 84' lang='lat' dir='ltr'>quae</span> <span class='ocrx_word' id='word_1_276' title='bbox 614 2092 642 2148; x_wconf 93' lang='lat' dir='ltr'>in</span> <span class='ocrx_word' id='word_1_277' title='bbox 669 2095 746 2148; x_wconf 89' lang='lat' dir='ltr'>terra</span> <span class='ocrx_word' id='word_1_278' title='bbox 770 2097 850 2160; x_wconf 90' lang='lat' dir='ltr'>sunt,</span> <span class='ocrx_word' id='word_1_279' title='bbox 870 2103 959 2161; x_wconf 86' lang='lat' dir='ltr'>quam</span> <span class='ocrx_word' id='word_1_280' title='bbox 1015 2094 1164 2151; x_wconf 87' lang='lat' dir='ltr'>mantibus</span> <span class='ocrx_word' id='word_1_281' title='bbox 1189 2093 1451 2164; x_wconf 81' lang='lat' dir='ltr'>aquaticisdirisse</span> <span class='ocrx_word' id='word_1_282' title='bbox 1474 2102 1650 2149; x_wconf 89' lang='lat' dir='ltr'>memoratur</span> <span class='ocrx_word' id='word_1_283' title='bbox 1667 2093 1806 2149; x_wconf 82' lang='lat' dir='ltr'>:Crescite</span> <span class='ocrx_word' id='word_1_284' title='bbox 1836 2095 1861 2145; x_wconf 87' lang='lat' dir='ltr'>at</span> 
     </span>
     <span class='ocr_line' id='line_1_23' title="bbox 112 2180 1860 2253; baseline -0.003 -14"><span class='ocrx_word' id='word_1_285' title='bbox 112 2182 166 2253; x_wconf 90' lang='lat' dir='ltr'>ipsi</span> <span class='ocrx_word' id='word_1_286' title='bbox 182 2188 265 2238; x_wconf 77' lang='lat' dir='ltr'>terrae</span> <span class='ocrx_word' id='word_1_287' title='bbox 293 2194 423 2253; x_wconf 79' lang='lat' dir='ltr'>praeesse,</span> <span class='ocrx_word' id='word_1_288' title='bbox 452 2195 639 2252; x_wconf 80' lang='lat' dir='ltr'>nequaquam</span> <span class='ocrx_word' id='word_1_289' title='bbox 655 2189 751 2237; x_wconf 88' lang='lat' dir='ltr'>tamen</span> <span class='ocrx_word' id='word_1_290' title='bbox 773 2180 812 2235; x_wconf 90' lang='lat' dir='ltr'>ita</span> <span class='ocrx_word' id='word_1_291' title='bbox 828 2180 961 2249; x_wconf 89' lang='lat' dir='ltr'>superius</span> <span class='ocrx_word' id='word_1_292' title='bbox 1015 2185 1239 2253; x_wconf 82' lang='lat' dir='ltr'>multiplicamini</span> <span class='ocrx_word' id='word_1_293' title='bbox 1262 2188 1287 2237; x_wconf 90' lang='lat' dir='ltr'>et</span> <span class='ocrx_word' id='word_1_294' title='bbox 1299 2182 1400 2250; x_wconf 89' lang='lat' dir='ltr'>replete</span> <span class='ocrx_word' id='word_1_295' title='bbox 1414 2197 1499 2252; x_wconf 79' lang='lat' dir='ltr'>agnus</span> <span class='ocrx_word' id='word_1_296' title='bbox 1527 2180 1623 2246; x_wconf 82' lang='lat' dir='ltr'>maris,</span> <span class='ocrx_word' id='word_1_297' title='bbox 1642 2180 1680 2235; x_wconf 91' lang='lat' dir='ltr'>ita</span> <span class='ocrx_word' id='word_1_298' title='bbox 1696 2180 1743 2236; x_wconf 91' lang='lat' dir='ltr'>bic</span> <span class='ocrx_word' id='word_1_299' title='bbox 1769 2180 1860 2235; x_wconf 92' lang='lat' dir='ltr'>bomi-</span> 
     </span>
    </p>

    <p class='ocr_par' dir='ltr' id='par_1_7' title="bbox 24 2254 1862 2785">
     <span class='ocr_line' id='line_1_24' title="bbox 24 2254 1861 2340; baseline -0.003 -12"><span class='ocrx_word' id='word_1_300' title='bbox 24 2279 30 2293; x_wconf 86' lang='lat'><em>·</em></span> <span class='ocrx_word' id='word_1_301' title='bbox 112 2271 140 2329; x_wconf 91' lang='lat' dir='ltr'>ci</span> <span class='ocrx_word' id='word_1_302' title='bbox 165 2284 332 2327; x_wconf 89' lang='lat' dir='ltr'>concessum</span> <span class='ocrx_word' id='word_1_303' title='bbox 360 2278 413 2336; x_wconf 90' lang='lat' dir='ltr'>est,</span> <span class='ocrx_word' id='word_1_304' title='bbox 444 2276 506 2326; x_wconf 90' lang='lat' dir='ltr'>tam</span> <span class='ocrx_word' id='word_1_305' title='bbox 527 2269 653 2340; x_wconf 91' lang='lat' dir='ltr'>piscibus</span> <span class='ocrx_word' id='word_1_306' title='bbox 677 2269 766 2325; x_wconf 89' lang='lat' dir='ltr'>maris</span> <span class='ocrx_word' id='word_1_307' title='bbox 790 2254 880 2339; x_wconf 71' lang='lat' dir='ltr'>duam</span> <span class='ocrx_word' id='word_1_308' title='bbox 907 2267 960 2337; x_wconf 91' lang='lat' dir='ltr'>ipsi</span> <span class='ocrx_word' id='word_1_309' title='bbox 1015 2273 1214 2329; x_wconf 87' lang='lat' dir='ltr'>nibuscreatis</span> <span class='ocrx_word' id='word_1_310' title='bbox 1238 2271 1644 2328; x_wconf 80' lang='lat' dir='ltr'>dicerenarmturzcresette</span> <span class='ocrx_word' id='word_1_311' title='bbox 1673 2274 1699 2324; x_wconf 88' lang='lat' dir='ltr'>ct</span> <span class='ocrx_word' id='word_1_312' title='bbox 1723 2270 1861 2339; x_wconf 83' lang='lat' dir='ltr'>multipli-</span> 
     </span>
     <span class='ocr_line' id='line_1_25' title="bbox 112 2356 1862 2430; baseline -0.002 -14"><span class='ocrx_word' id='word_1_313' title='bbox 112 2359 198 2428; x_wconf 89' lang='lat' dir='ltr'>mari‚</span> <span class='ocrx_word' id='word_1_314' title='bbox 214 2358 258 2415; x_wconf 86' lang='lat' dir='ltr'>vel</span> <span class='ocrx_word' id='word_1_315' title='bbox 275 2367 332 2416; x_wconf 91' lang='lat' dir='ltr'>tam</span> <span class='ocrx_word' id='word_1_316' title='bbox 354 2358 520 2415; x_wconf 85' lang='lat' dir='ltr'>volatilibus</span> <span class='ocrx_word' id='word_1_317' title='bbox 535 2358 599 2414; x_wconf 87' lang='lat' dir='ltr'>coeli</span> <span class='ocrx_word' id='word_1_318' title='bbox 620 2371 709 2429; x_wconf 83' lang='lat' dir='ltr'>quam</span> <span class='ocrx_word' id='word_1_319' title='bbox 734 2357 786 2427; x_wconf 92' lang='lat' dir='ltr'>ipsi</span> <span class='ocrx_word' id='word_1_320' title='bbox 800 2356 870 2414; x_wconf 84' lang='lat' dir='ltr'>coelo</span> <span class='ocrx_word' id='word_1_321' title='bbox 887 2370 959 2427; x_wconf 86' lang='lat' dir='ltr'>prae·</span> <span class='ocrx_word' id='word_1_322' title='bbox 1015 2364 1116 2417; x_wconf 85' lang='lat' dir='ltr'>camtni</span> <span class='ocrx_word' id='word_1_323' title='bbox 1143 2365 1168 2416; x_wconf 88' lang='lat' dir='ltr'>et</span> <span class='ocrx_word' id='word_1_324' title='bbox 1197 2362 1300 2430; x_wconf 84' lang='lat' dir='ltr'>replete</span> <span class='ocrx_word' id='word_1_325' title='bbox 1326 2364 1442 2424; x_wconf 78' lang='lat' dir='ltr'>temon,-</span> <span class='ocrx_word' id='word_1_326' title='bbox 1468 2367 1500 2416; x_wconf 91' lang='lat' dir='ltr'>ut</span> <span class='ocrx_word' id='word_1_327' title='bbox 1526 2359 1587 2416; x_wconf 72' lang='lat' dir='ltr'>baec</span> <span class='ocrx_word' id='word_1_328' title='bbox 1607 2373 1724 2429; x_wconf 81' lang='lat' dir='ltr'>quoquc</span> <span class='ocrx_word' id='word_1_329' title='bbox 1756 2356 1862 2414; x_wconf 87' lang='lat' dir='ltr'>locutio</span> 
     </span>
     <span class='ocr_line' id='line_1_26' title="bbox 112 2445 1862 2520; baseline -0.003 -13"><span class='ocrx_word' id='word_1_330' title='bbox 112 2463 182 2506; x_wconf 86' lang='lat' dir='ltr'>esse.</span> <span class='ocrx_word' id='word_1_331' title='bbox 198 2447 261 2505; x_wconf 86' lang='lat' dir='ltr'>Non</span> <span class='ocrx_word' id='word_1_332' title='bbox 285 2445 362 2504; x_wconf 85' lang='lat' dir='ltr'>enim</span> <span class='ocrx_word' id='word_1_333' title='bbox 380 2447 420 2502; x_wconf 87' lang='lat' dir='ltr'>ita</span> <span class='ocrx_word' id='word_1_334' title='bbox 435 2460 514 2504; x_wconf 84' lang='lat' dir='ltr'>mare</span> <span class='ocrx_word' id='word_1_335' title='bbox 533 2445 579 2502; x_wconf 89' lang='lat' dir='ltr'>vel</span> <span class='ocrx_word' id='word_1_336' title='bbox 603 2446 708 2503; x_wconf 82' lang='lat' dir='ltr'>coelum</span> <span class='ocrx_word' id='word_1_337' title='bbox 735 2445 765 2501; x_wconf 91' lang='lat' dir='ltr'>in</span> <span class='ocrx_word' id='word_1_338' title='bbox 792 2453 892 2502; x_wconf 87' lang='lat' dir='ltr'>nostra</span> <span class='ocrx_word' id='word_1_339' title='bbox 919 2450 961 2500; x_wconf 88' lang='lat' dir='ltr'>est</span> <span class='ocrx_word' id='word_1_340' title='bbox 1015 2451 1089 2507; x_wconf 84' lang='lat' dir='ltr'>siem</span> <span class='ocrx_word' id='word_1_341' title='bbox 1106 2450 1154 2507; x_wconf 85' lang='lat' dir='ltr'>illa</span> <span class='ocrx_word' id='word_1_342' title='bbox 1177 2464 1236 2505; x_wconf 91' lang='lat' dir='ltr'>non</span> <span class='ocrx_word' id='word_1_343' title='bbox 1257 2448 1378 2520; x_wconf 86' lang='lat' dir='ltr'>prolatio</span> <span class='ocrx_word' id='word_1_344' title='bbox 1400 2449 1551 2514; x_wconf 80' lang='lat' dir='ltr'>sermonis,</span> <span class='ocrx_word' id='word_1_345' title='bbox 1575 2449 1622 2505; x_wconf 89' lang='lat' dir='ltr'>sed</span> <span class='ocrx_word' id='word_1_346' title='bbox 1645 2445 1791 2517; x_wconf 87' lang='lat' dir='ltr'>dispositio</span> <span class='ocrx_word' id='word_1_347' title='bbox 1818 2445 1862 2502; x_wconf 89' lang='lat' dir='ltr'>di·</span> 
     </span>
     <span class='ocr_line' id='line_1_27' title="bbox 112 2533 1861 2610; baseline -0.007 -8"><span class='ocrx_word' id='word_1_348' title='bbox 112 2543 260 2610; x_wconf 66' lang='lat' dir='ltr'>potestate,</span> <span class='ocrx_word' id='word_1_349' title='bbox 289 2537 364 2592; x_wconf 90' lang='lat' dir='ltr'>sicut</span> <span class='ocrx_word' id='word_1_350' title='bbox 384 2542 460 2591; x_wconf 89' lang='lat' dir='ltr'>terra</span> <span class='ocrx_word' id='word_1_351' title='bbox 476 2535 505 2590; x_wconf 67' lang='lat'>5¹¹</span> <span class='ocrx_word' id='word_1_352' title='bbox 520 2547 580 2605; x_wconf 70' lang='grc' dir='ltr'>(ιῦι</span> <span class='ocrx_word' id='word_1_353' title='bbox 597 2547 758 2602; x_wconf 65' lang='lat' dir='ltr'>manemus,</span> <span class='ocrx_word' id='word_1_354' title='bbox 785 2541 813 2590; x_wconf 92' lang='lat' dir='ltr'>et</span> <span class='ocrx_word' id='word_1_355' title='bbox 839 2533 961 2591; x_wconf 64' lang='lat' dir='ltr'>{edificia</span> <span class='ocrx_word' id='word_1_356' title='bbox 1014 2540 1091 2597; x_wconf 85' lang='lat' dir='ltr'>vinae</span> <span class='ocrx_word' id='word_1_357' title='bbox 1126 2538 1300 2608; x_wconf 86' lang='lat' dir='ltr'>operationis</span> <span class='ocrx_word' id='word_1_358' title='bbox 1334 2537 1580 2608; x_wconf 82' lang='lat' dir='ltr'>subintelligatur,</span> <span class='ocrx_word' id='word_1_359' title='bbox 1607 2537 1765 2608; x_wconf 79' lang='lat' dir='ltr'>prasertim</span> <span class='ocrx_word' id='word_1_360' title='bbox 1794 2548 1861 2592; x_wconf 90' lang='lat' dir='ltr'>cum</span> 
     </span>
     <span class='ocr_line' id='line_1_28' title="bbox 111 2621 1860 2697; baseline -0.002 -14"><span class='ocrx_word' id='word_1_361' title='bbox 111 2635 209 2683; x_wconf 88' lang='lat' dir='ltr'>nostra</span> <span class='ocrx_word' id='word_1_362' title='bbox 239 2623 454 2693; x_wconf 89' lang='lat' dir='ltr'>constituimus,</span> <span class='ocrx_word' id='word_1_363' title='bbox 478 2629 507 2680; x_wconf 89' lang='lat' dir='ltr'>et</span> <span class='ocrx_word' id='word_1_364' title='bbox 530 2637 597 2696; x_wconf 75' lang='lat' dir='ltr'>quae</span> <span class='ocrx_word' id='word_1_365' title='bbox 624 2624 661 2680; x_wconf 87' lang='lat' dir='ltr'>ad</span> <span class='ocrx_word' id='word_1_366' title='bbox 686 2633 800 2680; x_wconf 90' lang='lat' dir='ltr'>nostras</span> <span class='ocrx_word' id='word_1_367' title='bbox 821 2621 961 2680; x_wconf 84' lang='lat' dir='ltr'>utilitates</span> <span class='ocrx_word' id='word_1_368' title='bbox 1015 2628 1144 2684; x_wconf 92' lang='lat' dir='ltr'>nondum</span> <span class='ocrx_word' id='word_1_369' title='bbox 1183 2626 1290 2697; x_wconf 85' lang='lat' dir='ltr'>lingum</span> <span class='ocrx_word' id='word_1_370' title='bbox 1335 2625 1460 2696; x_wconf 85' lang='lat' dir='ltr'>alicujus</span> <span class='ocrx_word' id='word_1_371' title='bbox 1495 2627 1636 2682; x_wconf 92' lang='lat' dir='ltr'>institutio</span> <span class='ocrx_word' id='word_1_372' title='bbox 1677 2625 1751 2681; x_wconf 90' lang='lat' dir='ltr'>lacta</span> <span class='ocrx_word' id='word_1_373' title='bbox 1777 2631 1860 2690; x_wconf 89' lang='lat' dir='ltr'>esset,</span> 
     </span>
     <span class='ocr_line' id='line_1_29' title="bbox 112 2713 1861 2785; baseline -0.002 -15"><span class='ocrx_word' id='word_1_374' title='bbox 112 2713 272 2771; x_wconf 82' lang='lat' dir='ltr'>excolendo</span> <span class='ocrx_word' id='word_1_375' title='bbox 286 2726 433 2783; x_wconf 89' lang='lat' dir='ltr'>paramus.</span> <span class='ocrx_word' id='word_1_376' title='bbox 968 2775 970 2778; x_wconf 78' lang='lat'><em>.</em></span> <span class='ocrx_word' id='word_1_377' title='bbox 1016 2717 1144 2773; x_wconf 91' lang='lat' dir='ltr'>nondum</span> <span class='ocrx_word' id='word_1_378' title='bbox 1162 2715 1300 2785; x_wconf 86' lang='lat' dir='ltr'>impositis</span> <span class='ocrx_word' id='word_1_379' title='bbox 1314 2714 1351 2770; x_wconf 88' lang='lat' dir='ltr'>ab</span> <span class='ocrx_word' id='word_1_380' title='bbox 1372 2714 1465 2770; x_wconf 82' lang='lat' dir='ltr'>Adam</span> <span class='ocrx_word' id='word_1_381' title='bbox 1490 2715 1667 2782; x_wconf 90' lang='lat' dir='ltr'>nominibus,</span> <span class='ocrx_word' id='word_1_382' title='bbox 1688 2714 1763 2770; x_wconf 89' lang='lat' dir='ltr'>sicut</span> <span class='ocrx_word' id='word_1_383' title='bbox 1785 2719 1861 2782; x_wconf 93' lang='lat' dir='ltr'>post-</span> 
     </span>
    </p>
   </div>
   <div class='ocr_carea' id='block_1_3' title="bbox 114 2799 1863 2961">
    <p class='ocr_par' dir='ltr' id='par_1_8' title="bbox 114 2799 1863 2961">
     <span class='ocr_line' id='line_1_30' title="bbox 148 2799 1860 2873; baseline -0.001 -17"><span class='ocrx_word' id='word_1_384' title='bbox 148 2803 251 2872; x_wconf 85' lang='lat' dir='ltr'>lieptili</span> <span class='ocrx_word' id='word_1_385' title='bbox 286 2803 359 2873; x_wconf 82' lang='lat' dir='ltr'>qnod</span> <span class='ocrx_word' id='word_1_386' title='bbox 386 2806 508 2857; x_wconf 84' lang='lat' dir='ltr'>monetur</span> <span class='ocrx_word' id='word_1_387' title='bbox 534 2804 563 2857; x_wconf 83' lang='lat' dir='ltr'>in</span> <span class='ocrx_word' id='word_1_388' title='bbox 587 2806 671 2856; x_wconf 83' lang='lat' dir='ltr'>terra.</span> <span class='ocrx_word' id='word_1_389' title='bbox 698 2802 757 2858; x_wconf 89' lang='lat' dir='ltr'>lioc</span> <span class='ocrx_word' id='word_1_390' title='bbox 784 2808 826 2857; x_wconf 89' lang='lat' dir='ltr'>est</span> <span class='ocrx_word' id='word_1_391' title='bbox 852 2801 880 2857; x_wconf 93' lang='lat' dir='ltr'>in</span> <span class='ocrx_word' id='word_1_392' title='bbox 906 2799 960 2856; x_wconf 86' lang='lat' dir='ltr'>bac</span> <span class='ocrx_word' id='word_1_393' title='bbox 1015 2804 1132 2861; x_wconf 90' lang='lat' dir='ltr'>modum</span> <span class='ocrx_word' id='word_1_394' title='bbox 1147 2801 1246 2858; x_wconf 86' lang='lat' dir='ltr'>iecisse</span> <span class='ocrx_word' id='word_1_395' title='bbox 1272 2802 1418 2859; x_wconf 81' lang='lat' dir='ltr'>retertur:</span> <span class='ocrx_word' id='word_1_396' title='bbox 1436 2802 1513 2858; x_wconf 90' lang='lat' dir='ltr'>unde</span> <span class='ocrx_word' id='word_1_397' title='bbox 1536 2802 1721 2872; x_wconf 87' lang='lat' dir='ltr'>istaquogue</span> <span class='ocrx_word' id='word_1_398' title='bbox 1744 2801 1794 2856; x_wconf 80' lang='lat' dir='ltr'>liei</span> <span class='ocrx_word' id='word_1_399' title='bbox 1820 2799 1860 2855; x_wconf 87' lang='lat' dir='ltr'>lo-</span> 
     </span>
     <span class='ocr_line' id='line_1_31' title="bbox 114 2855 1863 2961; baseline -0.004 -12"><span class='ocrx_word' id='word_1_400' title='bbox 114 2891 216 2949; x_wconf 91' lang='lat' dir='ltr'>mundi</span> <span class='ocrx_word' id='word_1_401' title='bbox 253 2900 333 2961; x_wconf 88' lang='lat' dir='ltr'>parte</span> <span class='ocrx_word' id='word_1_402' title='bbox 364 2891 504 2959; x_wconf 83' lang='lat' dir='ltr'>interiori,</span> <span class='ocrx_word' id='word_1_403' title='bbox 537 2891 573 2946; x_wconf 93' lang='lat' dir='ltr'>ad</span> <span class='ocrx_word' id='word_1_404' title='bbox 607 2888 798 2946; x_wconf 88' lang='lat' dir='ltr'>dilicrentiam</span> <span class='ocrx_word' id='word_1_405' title='bbox 834 2855 1094 2949; x_wconf 68' lang='lat' dir='ltr'>lortassisccutio</span> <span class='ocrx_word' id='word_1_406' title='bbox 1116 2892 1191 2947; x_wconf 91' lang='lat' dir='ltr'>sicut</span> <span class='ocrx_word' id='word_1_407' title='bbox 1219 2898 1247 2946; x_wconf 89' lang='lat' dir='ltr'>et</span> <span class='ocrx_word' id='word_1_408' title='bbox 1274 2891 1446 2959; x_wconf 79' lang='lat' dir='ltr'>supradicta</span> <span class='ocrx_word' id='word_1_409' title='bbox 1473 2905 1531 2946; x_wconf 92' lang='lat' dir='ltr'>non</span> <span class='ocrx_word' id='word_1_410' title='bbox 1556 2898 1613 2946; x_wconf 90' lang='lat' dir='ltr'>tam</span> <span class='ocrx_word' id='word_1_411' title='bbox 1637 2890 1672 2945; x_wconf 86' lang='lat' dir='ltr'>dc</span> <span class='ocrx_word' id='word_1_412' title='bbox 1704 2887 1863 2959; x_wconf 89' lang='lat' dir='ltr'>prolatione</span> 
     </span>
    </p>
   </div>
   <div class='ocr_carea' id='block_1_4' title="bbox 39 2977 1871 5537">
    <p class='ocr_par' dir='ltr' id='par_1_9' title="bbox 39 2977 1871 5537">
     <span class='ocr_line' id='line_1_32' title="bbox 114 2977 1862 3050; baseline -0.004 -12"><span class='ocrx_word' id='word_1_413' title='bbox 114 2980 272 3038; x_wconf 85' lang='lat' dir='ltr'>coelestium</span> <span class='ocrx_word' id='word_1_414' title='bbox 302 2979 484 3047; x_wconf 92' lang='lat' dir='ltr'>animalium,</span> <span class='ocrx_word' id='word_1_415' title='bbox 514 2979 599 3035; x_wconf 89' lang='lat' dir='ltr'>idest</span> <span class='ocrx_word' id='word_1_416' title='bbox 617 2977 766 3047; x_wconf 86' lang='lat' dir='ltr'>siderum,</span> <span class='ocrx_word' id='word_1_417' title='bbox 787 2993 863 3048; x_wconf 85' lang='lat' dir='ltr'>quae,</span> <span class='ocrx_word' id='word_1_418' title='bbox 888 2977 962 3033; x_wconf 89' lang='lat' dir='ltr'>sicut</span> <span class='ocrx_word' id='word_1_419' title='bbox 1016 2981 1172 3038; x_wconf 88' lang='lat' dir='ltr'>vorborum</span> <span class='ocrx_word' id='word_1_420' title='bbox 1200 2978 1367 3050; x_wconf 87' lang='lat' dir='ltr'>accipienda</span> <span class='ocrx_word' id='word_1_421' title='bbox 1386 2980 1502 3035; x_wconf 89' lang='lat' dir='ltr'>videtur</span> <span class='ocrx_word' id='word_1_422' title='bbox 1516 2993 1603 3050; x_wconf 86' lang='lat' dir='ltr'>quam</span> <span class='ocrx_word' id='word_1_423' title='bbox 1617 2992 1654 3035; x_wconf 80' lang='lat' dir='ltr'>er</span> <span class='ocrx_word' id='word_1_424' title='bbox 1677 2977 1862 3048; x_wconf 91' lang='lat' dir='ltr'>dispositione</span> 
     </span>
     <span class='ocr_line' id='line_1_33' title="bbox 114 3065 1860 3141; baseline -0.003 -16"><span class='ocrx_word' id='word_1_425' title='bbox 114 3068 294 3141; x_wconf 85' lang='lat' dir='ltr'>pbilosophis</span> <span class='ocrx_word' id='word_1_426' title='bbox 309 3069 404 3124; x_wconf 89' lang='lat' dir='ltr'>visum</span> <span class='ocrx_word' id='word_1_427' title='bbox 426 3075 478 3130; x_wconf 91' lang='lat' dir='ltr'>est,</span> <span class='ocrx_word' id='word_1_428' title='bbox 494 3067 623 3122; x_wconf 86' lang='lat' dir='ltr'>animata</span> <span class='ocrx_word' id='word_1_429' title='bbox 647 3075 725 3134; x_wconf 89' lang='lat' dir='ltr'>sunt,</span> <span class='ocrx_word' id='word_1_430' title='bbox 742 3074 769 3122; x_wconf 93' lang='lat' dir='ltr'>et</span> <span class='ocrx_word' id='word_1_431' title='bbox 788 3066 902 3137; x_wconf 90' lang='lat' dir='ltr'>reptilia</span> <span class='ocrx_word' id='word_1_432' title='bbox 918 3081 963 3136; x_wconf 94' lang='lat' dir='ltr'>po·</span> <span class='ocrx_word' id='word_1_433' title='bbox 1016 3070 1139 3139; x_wconf 83' lang='lat' dir='ltr'>divina3</span> <span class='ocrx_word' id='word_1_434' title='bbox 1155 3083 1222 3125; x_wconf 89' lang='lat' dir='ltr'>cum</span> <span class='ocrx_word' id='word_1_435' title='bbox 1237 3067 1370 3124; x_wconf 85' lang='lat' dir='ltr'>videlicet</span> <span class='ocrx_word' id='word_1_436' title='bbox 1391 3068 1430 3124; x_wconf 91' lang='lat' dir='ltr'>ita</span> <span class='ocrx_word' id='word_1_437' title='bbox 1444 3066 1478 3123; x_wconf 92' lang='lat' dir='ltr'>de</span> <span class='ocrx_word' id='word_1_438' title='bbox 1496 3068 1564 3136; x_wconf 89' lang='lat' dir='ltr'>ipsis</span> <span class='ocrx_word' id='word_1_439' title='bbox 1578 3068 1671 3123; x_wconf 91' lang='lat' dir='ltr'>lacere</span> <span class='ocrx_word' id='word_1_440' title='bbox 1692 3067 1767 3122; x_wconf 88' lang='lat' dir='ltr'>bens</span> <span class='ocrx_word' id='word_1_441' title='bbox 1782 3065 1860 3135; x_wconf 90' lang='lat' dir='ltr'>apud</span> 
     </span>
     <span class='ocr_line' id='line_1_34' title="bbox 114 3153 1862 3226; baseline -0.002 -13"><span class='ocrx_word' id='word_1_442' title='bbox 114 3158 172 3213; x_wconf 91' lang='lat' dir='ltr'>tius</span> <span class='ocrx_word' id='word_1_443' title='bbox 186 3159 213 3213; x_wconf 93' lang='lat' dir='ltr'>in</span> <span class='ocrx_word' id='word_1_444' title='bbox 229 3170 282 3213; x_wconf 91' lang='lat' dir='ltr'>suo</span> <span class='ocrx_word' id='word_1_445' title='bbox 310 3163 392 3213; x_wconf 90' lang='lat' dir='ltr'>motu</span> <span class='ocrx_word' id='word_1_446' title='bbox 419 3168 507 3226; x_wconf 86' lang='lat' dir='ltr'>quam</span> <span class='ocrx_word' id='word_1_447' title='bbox 537 3153 700 3226; x_wconf 80' lang='lat' dir='ltr'>gressibilia</span> <span class='ocrx_word' id='word_1_448' title='bbox 730 3162 799 3211; x_wconf 91' lang='lat' dir='ltr'>sont</span> <span class='ocrx_word' id='word_1_449' title='bbox 830 3154 961 3220; x_wconf 83' lang='lat' dir='ltr'>dicenda,</span> <span class='ocrx_word' id='word_1_450' title='bbox 1016 3171 1046 3213; x_wconf 89' lang='lat' dir='ltr'>se</span> <span class='ocrx_word' id='word_1_451' title='bbox 1065 3156 1212 3213; x_wconf 83' lang='lat' dir='ltr'>ordinaret</span> <span class='ocrx_word' id='word_1_452' title='bbox 1234 3162 1266 3212; x_wconf 90' lang='lat' dir='ltr'>ut</span> <span class='ocrx_word' id='word_1_453' title='bbox 1288 3163 1448 3212; x_wconf 89' lang='lat' dir='ltr'>crescerent</span> <span class='ocrx_word' id='word_1_454' title='bbox 1473 3163 1500 3210; x_wconf 81' lang='lat' dir='ltr'>at</span> <span class='ocrx_word' id='word_1_455' title='bbox 1530 3153 1805 3224; x_wconf 79' lang='lat' dir='ltr'>multiplicarentur,</span> <span class='ocrx_word' id='word_1_456' title='bbox 1834 3153 1862 3210; x_wconf 94' lang='lat' dir='ltr'>id</span> 
     </span>
     <span class='ocr_line' id='line_1_35' title="bbox 117 3242 1862 3316; baseline -0.001 -16"><span class='ocrx_word' id='word_1_457' title='bbox 117 3259 183 3301; x_wconf 90' lang='lat' dir='ltr'>cum</span> <span class='ocrx_word' id='word_1_458' title='bbox 200 3245 320 3316; x_wconf 87' lang='lat' dir='ltr'>pedibus</span> <span class='ocrx_word' id='word_1_459' title='bbox 335 3249 463 3300; x_wconf 90' lang='lat' dir='ltr'>careant.</span> <span class='ocrx_word' id='word_1_460' title='bbox 1016 3252 1057 3303; x_wconf 90' lang='lat' dir='ltr'>est</span> <span class='ocrx_word' id='word_1_461' title='bbox 1098 3253 1276 3301; x_wconf 84' lang='lat' dir='ltr'>crementum</span> <span class='ocrx_word' id='word_1_462' title='bbox 1318 3243 1566 3314; x_wconf 88' lang='lat' dir='ltr'>multiplicationis</span> <span class='ocrx_word' id='word_1_463' title='bbox 1600 3242 1762 3312; x_wconf 88' lang='lat' dir='ltr'>acciperent</span> <span class='ocrx_word' id='word_1_464' title='bbox 1787 3256 1862 3298; x_wconf 91' lang='lat' dir='ltr'>corn·</span> 
     </span>
     <span class='ocr_line' id='line_1_36' title="bbox 100 3328 1861 3402; baseline -0.001 -14"><span class='ocrx_word' id='word_1_465' title='bbox 100 3348 108 3362; x_wconf 55' lang='lat'>⁸</span> <span class='ocrx_word' id='word_1_466' title='bbox 159 3334 301 3388; x_wconf 80' lang='lat' dir='ltr'>Hominem</span> <span class='ocrx_word' id='word_1_467' title='bbox 326 3333 364 3386; x_wconf 85' lang='lat' dir='ltr'>ad</span> <span class='ocrx_word' id='word_1_468' title='bbox 390 3333 539 3399; x_wconf 76' lang='lat' dir='ltr'>imaginem</span> <span class='ocrx_word' id='word_1_469' title='bbox 569 3345 659 3387; x_wconf 81' lang='lat' dir='ltr'>taam.</span> <span class='ocrx_word' id='word_1_470' title='bbox 693 3331 799 3388; x_wconf 85' lang='lat' dir='ltr'>Virum</span> <span class='ocrx_word' id='word_1_471' title='bbox 826 3328 958 3390; x_wconf 86' lang='lat' dir='ltr'>videlicet</span> <span class='ocrx_word' id='word_1_472' title='bbox 1016 3333 1149 3391; x_wconf 88' lang='lat' dir='ltr'>mistione</span> <span class='ocrx_word' id='word_1_473' title='bbox 1177 3332 1301 3390; x_wconf 88' lang='lat' dir='ltr'>masculi</span> <span class='ocrx_word' id='word_1_474' title='bbox 1326 3341 1354 3390; x_wconf 89' lang='lat' dir='ltr'>et</span> <span class='ocrx_word' id='word_1_475' title='bbox 1377 3333 1590 3401; x_wconf 74' lang='lat' dir='ltr'>laminamquos</span> <span class='ocrx_word' id='word_1_476' title='bbox 1613 3332 1673 3402; x_wconf 75' lang='lat' dir='ltr'>iam</span> <span class='ocrx_word' id='word_1_477' title='bbox 1705 3345 1795 3401; x_wconf 88' lang='lat' dir='ltr'>supra</span> <span class='ocrx_word' id='word_1_478' title='bbox 1818 3330 1861 3387; x_wconf 90' lang='lat' dir='ltr'>di·</span> 
     </span>
     <span class='ocr_line' id='line_1_37' title="bbox 115 3420 1862 3493; baseline 0 -15"><span class='ocrx_word' id='word_1_479' title='bbox 115 3421 196 3493; x_wconf 92' lang='lat' dir='ltr'>prius</span> <span class='ocrx_word' id='word_1_480' title='bbox 209 3420 337 3477; x_wconf 87' lang='lat' dir='ltr'>condidit</span> <span class='ocrx_word' id='word_1_481' title='bbox 353 3421 447 3489; x_wconf 89' lang='lat' dir='ltr'>talem,</span> <span class='ocrx_word' id='word_1_482' title='bbox 465 3428 496 3476; x_wconf 93' lang='lat' dir='ltr'>nt</span> <span class='ocrx_word' id='word_1_483' title='bbox 515 3420 579 3491; x_wconf 82' lang='lat' dir='ltr'>ejus</span> <span class='ocrx_word' id='word_1_484' title='bbox 595 3427 666 3478; x_wconf 87' lang='lat' dir='ltr'>esset</span> <span class='ocrx_word' id='word_1_485' title='bbox 678 3420 785 3493; x_wconf 90' lang='lat' dir='ltr'>imago,</span> <span class='ocrx_word' id='word_1_486' title='bbox 815 3421 890 3477; x_wconf 88' lang='lat' dir='ltr'>sicut</span> <span class='ocrx_word' id='word_1_487' title='bbox 912 3436 960 3478; x_wconf 83' lang='lat' dir='ltr'>cx·</span> <span class='ocrx_word' id='word_1_488' title='bbox 1015 3424 1117 3480; x_wconf 83' lang='lat' dir='ltr'>stinxit</span> <span class='ocrx_word' id='word_1_489' title='bbox 1139 3430 1278 3493; x_wconf 86' lang='lat' dir='ltr'>tanquam</span> <span class='ocrx_word' id='word_1_490' title='bbox 1295 3421 1330 3478; x_wconf 89' lang='lat' dir='ltr'>ad</span> <span class='ocrx_word' id='word_1_491' title='bbox 1348 3422 1400 3478; x_wconf 90' lang='lat' dir='ltr'>hoc</span> <span class='ocrx_word' id='word_1_492' title='bbox 1413 3421 1573 3477; x_wconf 89' lang='lat' dir='ltr'>masculum</span> <span class='ocrx_word' id='word_1_493' title='bbox 1589 3429 1616 3477; x_wconf 93' lang='lat' dir='ltr'>et</span> <span class='ocrx_word' id='word_1_494' title='bbox 1632 3421 1767 3476; x_wconf 78' lang='lat' dir='ltr'>laminam</span> <span class='ocrx_word' id='word_1_495' title='bbox 1779 3434 1862 3478; x_wconf 86' lang='lat' dir='ltr'>crea-</span> 
     </span>
     <span class='ocr_line' id='line_1_38' title="bbox 114 3507 1862 3583; baseline 0.001 -18"><span class='ocrx_word' id='word_1_496' title='bbox 114 3509 276 3583; x_wconf 85' lang='lat' dir='ltr'>posuimus.</span> <span class='ocrx_word' id='word_1_497' title='bbox 308 3507 392 3565; x_wconf 85' lang='lat' dir='ltr'>Recte</span> <span class='ocrx_word' id='word_1_498' title='bbox 414 3516 567 3580; x_wconf 82' lang='lat' dir='ltr'>postauam</span> <span class='ocrx_word' id='word_1_499' title='bbox 591 3509 699 3566; x_wconf 89' lang='lat' dir='ltr'>dictum</span> <span class='ocrx_word' id='word_1_500' title='bbox 729 3519 794 3566; x_wconf 89' lang='lat' dir='ltr'>est:</span> <span class='ocrx_word' id='word_1_501' title='bbox 818 3512 961 3567; x_wconf 82' lang='lat' dir='ltr'>Faciamus</span> <span class='ocrx_word' id='word_1_502' title='bbox 1016 3519 1068 3569; x_wconf 90' lang='lat' dir='ltr'>tos.</span> <span class='ocrx_word' id='word_1_503' title='bbox 1089 3512 1205 3582; x_wconf 83' lang='lat' dir='ltr'>Exquo</span> <span class='ocrx_word' id='word_1_504' title='bbox 1221 3519 1351 3581; x_wconf 89' lang='lat' dir='ltr'>patenter</span> <span class='ocrx_word' id='word_1_505' title='bbox 1365 3511 1502 3577; x_wconf 87' lang='lat' dir='ltr'>insinuat,</span> <span class='ocrx_word' id='word_1_506' title='bbox 1520 3518 1697 3581; x_wconf 89' lang='lat' dir='ltr'>quantuma</span> <span class='ocrx_word' id='word_1_507' title='bbox 1719 3510 1862 3567; x_wconf 85' lang='lat' dir='ltr'>creatione</span> 
     </span>
     <span class='ocr_line' id='line_1_39' title="bbox 113 3596 1863 3679; baseline -0.002 -24"><span class='ocrx_word' id='word_1_508' title='bbox 113 3600 246 3655; x_wconf 78' lang='lat' dir='ltr'>bominem</span> <span class='ocrx_word' id='word_1_509' title='bbox 277 3598 315 3652; x_wconf 80' lang='lat' dir='ltr'>aa</span> <span class='ocrx_word' id='word_1_510' title='bbox 337 3599 484 3679; x_wconf 77' lang='lat' dir='ltr'>imaginem</span> <span class='ocrx_word' id='word_1_511' title='bbox 499 3608 632 3665; x_wconf 85' lang='lat' dir='ltr'>nostram,</span> <span class='ocrx_word' id='word_1_512' title='bbox 645 3598 782 3656; x_wconf 88' lang='lat' dir='ltr'>subditur</span> <span class='ocrx_word' id='word_1_513' title='bbox 811 3599 867 3666; x_wconf 85' lang='lat' dir='ltr'>bic,</span> <span class='ocrx_word' id='word_1_514' title='bbox 890 3615 962 3654; x_wconf 82' lang='lat' dir='ltr'>crea</span> <span class='ocrx_word' id='word_1_515' title='bbox 1016 3602 1065 3658; x_wconf 85' lang='lat' dir='ltr'>liei</span> <span class='ocrx_word' id='word_1_516' title='bbox 1084 3611 1112 3658; x_wconf 91' lang='lat' dir='ltr'>et</span> <span class='ocrx_word' id='word_1_517' title='bbox 1124 3600 1303 3658; x_wconf 86' lang='lat' dir='ltr'>institutione</span> <span class='ocrx_word' id='word_1_518' title='bbox 1326 3608 1439 3656; x_wconf 87' lang='lat' dir='ltr'>naturae</span> <span class='ocrx_word' id='word_1_519' title='bbox 1455 3600 1504 3655; x_wconf 91' lang='lat' dir='ltr'>illa</span> <span class='ocrx_word' id='word_1_520' title='bbox 1518 3598 1728 3656; x_wconf 88' lang='lat' dir='ltr'>Sodomitarum</span> <span class='ocrx_word' id='word_1_521' title='bbox 1757 3596 1863 3655; x_wconf 88' lang='lat' dir='ltr'>abomi-</span> 
     </span>
     <span class='ocr_line' id='line_1_40' title="bbox 112 3685 1861 3758; baseline -0.001 -14"><span class='ocrx_word' id='word_1_522' title='bbox 112 3691 237 3744; x_wconf 84' lang='lat' dir='ltr'>oitlteus</span> <span class='ocrx_word' id='word_1_523' title='bbox 262 3685 397 3742; x_wconf 83' lang='lat' dir='ltr'>bominem</span> <span class='ocrx_word' id='word_1_524' title='bbox 421 3687 459 3742; x_wconf 83' lang='lat' dir='ltr'>od</span> <span class='ocrx_word' id='word_1_525' title='bbox 487 3689 634 3756; x_wconf 86' lang='lat' dir='ltr'>imaginem</span> <span class='ocrx_word' id='word_1_526' title='bbox 653 3703 742 3758; x_wconf 83' lang='lat' dir='ltr'>seam,</span> <span class='ocrx_word' id='word_1_527' title='bbox 762 3688 872 3745; x_wconf 81' lang='lat' dir='ltr'>bocest</span> <span class='ocrx_word' id='word_1_528' title='bbox 898 3689 960 3758; x_wconf 83' lang='lat' dir='ltr'>liei,</span> <span class='ocrx_word' id='word_1_529' title='bbox 1015 3689 1121 3745; x_wconf 88' lang='lat' dir='ltr'>nabilis</span> <span class='ocrx_word' id='word_1_530' title='bbox 1157 3687 1318 3745; x_wconf 89' lang='lat' dir='ltr'>commistio</span> <span class='ocrx_word' id='word_1_531' title='bbox 1360 3690 1481 3755; x_wconf 88' lang='lat' dir='ltr'>recedat,</span> <span class='ocrx_word' id='word_1_532' title='bbox 1511 3702 1570 3758; x_wconf 86' lang='lat' dir='ltr'>qua</span> <span class='ocrx_word' id='word_1_533' title='bbox 1613 3689 1721 3758; x_wconf 84' lang='lat' dir='ltr'>seipsos</span> <span class='ocrx_word' id='word_1_534' title='bbox 1750 3695 1861 3743; x_wconf 87' lang='lat' dir='ltr'>tantum</span> 
     </span>
     <span class='ocr_line' id='line_1_41' title="bbox 113 3774 1860 3849; baseline -0.003 -15"><span class='ocrx_word' id='word_1_535' title='bbox 113 3775 307 3834; x_wconf 89' lang='lat' dir='ltr'>nonaltcrius</span> <span class='ocrx_word' id='word_1_536' title='bbox 335 3774 375 3832; x_wconf 92' lang='lat' dir='ltr'>rei</span> <span class='ocrx_word' id='word_1_537' title='bbox 395 3775 682 3832; x_wconf 89' lang='lat' dir='ltr'>sicutstatimctiam</span> <span class='ocrx_word' id='word_1_538' title='bbox 712 3777 896 3848; x_wconf 91' lang='lat' dir='ltr'>supponitur,</span> <span class='ocrx_word' id='word_1_539' title='bbox 925 3778 963 3833; x_wconf 84' lang='lat' dir='ltr'>od</span> <span class='ocrx_word' id='word_1_540' title='bbox 1016 3777 1161 3848; x_wconf 91' lang='lat' dir='ltr'>polluunt,</span> <span class='ocrx_word' id='word_1_541' title='bbox 1191 3777 1307 3834; x_wconf 92' lang='lat' dir='ltr'>nullum</span> <span class='ocrx_word' id='word_1_542' title='bbox 1340 3777 1375 3834; x_wconf 92' lang='lat' dir='ltr'>de</span> <span class='ocrx_word' id='word_1_543' title='bbox 1412 3777 1491 3849; x_wconf 90' lang='lat' dir='ltr'>prole</span> <span class='ocrx_word' id='word_1_544' title='bbox 1517 3777 1644 3832; x_wconf 77' lang='lat' dir='ltr'>fructum</span> <span class='ocrx_word' id='word_1_545' title='bbox 1673 3782 1860 3844; x_wconf 86' lang='lat' dir='ltr'>reportantes.</span> 
     </span>
     <span class='ocr_line' id='line_1_42' title="bbox 114 3863 1863 3935; baseline -0.002 -14"><span class='ocrx_word' id='word_1_546' title='bbox 114 3867 262 3933; x_wconf 79' lang='lat' dir='ltr'>inopinam</span> <span class='ocrx_word' id='word_1_547' title='bbox 294 3866 345 3919; x_wconf 81' lang='lat' dir='ltr'>bei</span> <span class='ocrx_word' id='word_1_548' title='bbox 372 3867 474 3919; x_wconf 83' lang='lat' dir='ltr'>creauit</span> <span class='ocrx_word' id='word_1_549' title='bbox 496 3864 584 3932; x_wconf 84' lang='lat' dir='ltr'>iilam,</span> <span class='ocrx_word' id='word_1_550' title='bbox 609 3879 644 3920; x_wconf 93' lang='lat' dir='ltr'>ne</span> <span class='ocrx_word' id='word_1_551' title='bbox 658 3863 789 3921; x_wconf 90' lang='lat' dir='ltr'>videlicet</span> <span class='ocrx_word' id='word_1_552' title='bbox 808 3880 875 3921; x_wconf 91' lang='lat' dir='ltr'>cum</span> <span class='ocrx_word' id='word_1_553' title='bbox 891 3879 959 3935; x_wconf 84' lang='lat' dir='ltr'>prae·</span> <span class='ocrx_word' id='word_1_554' title='bbox 1016 3865 1197 3922; x_wconf 81' lang='lat' dir='ltr'>Damnantur</span> <span class='ocrx_word' id='word_1_555' title='bbox 1222 3873 1250 3922; x_wconf 89' lang='lat' dir='ltr'>ct</span> <span class='ocrx_word' id='word_1_556' title='bbox 1269 3880 1307 3922; x_wconf 82' lang='lat' dir='ltr'>ex</span> <span class='ocrx_word' id='word_1_557' title='bbox 1331 3866 1385 3922; x_wconf 90' lang='lat' dir='ltr'>boc</span> <span class='ocrx_word' id='word_1_558' title='bbox 1408 3866 1469 3922; x_wconf 92' lang='lat' dir='ltr'>loco</span> <span class='ocrx_word' id='word_1_559' title='bbox 1499 3865 1645 3935; x_wconf 77' lang='lat' dir='ltr'>precipue</span> <span class='ocrx_word' id='word_1_560' title='bbox 1677 3865 1863 3920; x_wconf 86' lang='lat' dir='ltr'>damnatores</span> 
     </span>
     <span class='ocr_line' id='line_1_43' title="bbox 113 3952 1863 4025; baseline -0.001 -17"><span class='ocrx_word' id='word_1_561' title='bbox 113 3959 277 4009; x_wconf 82' lang='lat' dir='ltr'>mitteretur</span> <span class='ocrx_word' id='word_1_562' title='bbox 300 3957 433 4018; x_wconf 85' lang='lat' dir='ltr'>nostram,</span> <span class='ocrx_word' id='word_1_563' title='bbox 460 3967 519 4008; x_wconf 91' lang='lat' dir='ltr'>uon</span> <span class='ocrx_word' id='word_1_564' title='bbox 543 3952 636 4009; x_wconf 91' lang='lat' dir='ltr'>solum</span> <span class='ocrx_word' id='word_1_565' title='bbox 661 3953 697 4010; x_wconf 91' lang='lat' dir='ltr'>ad</span> <span class='ocrx_word' id='word_1_566' title='bbox 719 3953 875 4025; x_wconf 88' lang='lat' dir='ltr'>imaginem</span> <span class='ocrx_word' id='word_1_567' title='bbox 912 3953 961 4010; x_wconf 88' lang='lat' dir='ltr'>Dei</span> <span class='ocrx_word' id='word_1_568' title='bbox 1015 3954 1199 4024; x_wconf 89' lang='lat' dir='ltr'>nuptiarum,</span> <span class='ocrx_word' id='word_1_569' title='bbox 1237 3968 1302 4011; x_wconf 90' lang='lat' dir='ltr'>cum</span> <span class='ocrx_word' id='word_1_570' title='bbox 1334 3954 1434 4024; x_wconf 92' lang='lat' dir='ltr'>primis</span> <span class='ocrx_word' id='word_1_571' title='bbox 1465 3953 1630 4010; x_wconf 89' lang='lat' dir='ltr'>bominibus</span> <span class='ocrx_word' id='word_1_572' title='bbox 1681 3952 1796 4019; x_wconf 87' lang='lat' dir='ltr'>creatis,</span> <span class='ocrx_word' id='word_1_573' title='bbox 1825 3965 1863 4008; x_wconf 87' lang='lat' dir='ltr'>ex</span> 
     </span>
     <span class='ocr_line' id='line_1_44' title="bbox 114 4040 1864 4113; baseline -0.001 -15"><span class='ocrx_word' id='word_1_574' title='bbox 114 4040 207 4098; x_wconf 90' lang='lat' dir='ltr'>iactus</span> <span class='ocrx_word' id='word_1_575' title='bbox 235 4041 455 4112; x_wconf 87' lang='lat' dir='ltr'>intelligeretur,</span> <span class='ocrx_word' id='word_1_576' title='bbox 481 4040 694 4097; x_wconf 89' lang='lat' dir='ltr'>verumetiam</span> <span class='ocrx_word' id='word_1_577' title='bbox 731 4041 767 4097; x_wconf 91' lang='lat' dir='ltr'>ad</span> <span class='ocrx_word' id='word_1_578' title='bbox 794 4042 961 4112; x_wconf 86' lang='lat' dir='ltr'>aliquorum</span> <span class='ocrx_word' id='word_1_579' title='bbox 1016 4042 1184 4100; x_wconf 89' lang='lat' dir='ltr'>auctoritate</span> <span class='ocrx_word' id='word_1_580' title='bbox 1210 4042 1358 4100; x_wconf 85' lang='lat' dir='ltr'>bominica</span> <span class='ocrx_word' id='word_1_581' title='bbox 1385 4043 1556 4113; x_wconf 88' lang='lat' dir='ltr'>conjugium</span> <span class='ocrx_word' id='word_1_582' title='bbox 1597 4041 1693 4098; x_wconf 90' lang='lat' dir='ltr'>statim</span> <span class='ocrx_word' id='word_1_583' title='bbox 1719 4041 1864 4097; x_wconf 90' lang='lat' dir='ltr'>sancitum</span> 
     </span>
     <span class='ocr_line' id='line_1_45' title="bbox 114 4127 1062 4199; baseline -0.001 -12"><span class='ocrx_word' id='word_1_584' title='bbox 114 4129 237 4187; x_wconf 87' lang='lat' dir='ltr'>aliorum</span> <span class='ocrx_word' id='word_1_585' title='bbox 267 4127 375 4199; x_wconf 86' lang='lat' dir='ltr'>quibus</span> <span class='ocrx_word' id='word_1_586' title='bbox 402 4128 484 4199; x_wconf 82' lang='lat' dir='ltr'>loqui</span> <span class='ocrx_word' id='word_1_587' title='bbox 499 4128 658 4196; x_wconf 85' lang='lat' dir='ltr'>videretur,</span> <span class='ocrx_word' id='word_1_588' title='bbox 688 4144 755 4187; x_wconf 90' lang='lat' dir='ltr'>cum</span> <span class='ocrx_word' id='word_1_589' title='bbox 779 4131 841 4187; x_wconf 90' lang='lat' dir='ltr'>ait:</span> <span class='ocrx_word' id='word_1_590' title='bbox 868 4132 965 4186; x_wconf 84' lang='lat' dir='ltr'>Focia=</span> <span class='ocrx_word' id='word_1_591' title='bbox 1016 4129 1062 4186; x_wconf 92' lang='lat' dir='ltr'>sit.</span> 
     </span>
     <span class='ocr_line' id='line_1_46' title="bbox 113 4196 1866 4289; baseline 0.001 -18"><span class='ocrx_word' id='word_1_592' title='bbox 113 4219 332 4272; x_wconf 76' lang='lat' dir='ltr'>muslaominem.</span> <span class='ocrx_word' id='word_1_593' title='bbox 353 4217 472 4273; x_wconf 86' lang='lat' dir='ltr'>Etnota</span> <span class='ocrx_word' id='word_1_594' title='bbox 494 4219 706 4289; x_wconf 88' lang='lat' dir='ltr'>quodcumait</span> <span class='ocrx_word' id='word_1_595' title='bbox 729 4219 798 4276; x_wconf 87' lang='lat' dir='ltr'>bic:</span> <span class='ocrx_word' id='word_1_596' title='bbox 821 4196 1000 4288; x_wconf 75' lang='lat' dir='ltr'>antina-⁰</span> <span class='ocrx_word' id='word_1_597' title='bbox 1060 4221 1258 4276; x_wconf 68' lang='lat' dir='ltr'>animantibus</span> <span class='ocrx_word' id='word_1_598' title='bbox 1283 4236 1343 4288; x_wconf 83' lang='lat' dir='ltr'>gatae</span> <span class='ocrx_word' id='word_1_599' title='bbox 1364 4223 1506 4276; x_wconf 77' lang='lat' dir='ltr'>moventur·</span> <span class='ocrx_word' id='word_1_600' title='bbox 1530 4235 1612 4289; x_wconf 84' lang='lat' dir='ltr'>snper</span> <span class='ocrx_word' id='word_1_601' title='bbox 1639 4225 1751 4275; x_wconf 85' lang='lat' dir='ltr'>terrum.</span> <span class='ocrx_word' id='word_1_602' title='bbox 1783 4217 1866 4283; x_wconf 82' lang='lat' dir='ltr'>Quod</span> 
     </span>
     <span class='ocr_line' id='line_1_47' title="bbox 113 4304 1866 4381; baseline 0.002 -22"><span class='ocrx_word' id='word_1_603' title='bbox 113 4309 204 4375; x_wconf 86' lang='lat' dir='ltr'>ginem</span> <span class='ocrx_word' id='word_1_604' title='bbox 219 4308 269 4360; x_wconf 83' lang='lat' dir='ltr'>ilci</span> <span class='ocrx_word' id='word_1_605' title='bbox 296 4305 507 4374; x_wconf 78' lang='lat' dir='ltr'>arencitiltnm3</span> <span class='ocrx_word' id='word_1_606' title='bbox 528 4314 555 4363; x_wconf 85' lang='lat' dir='ltr'>et</span> <span class='ocrx_word' id='word_1_607' title='bbox 580 4309 763 4377; x_wconf 92' lang='lat' dir='ltr'>postmodum</span> <span class='ocrx_word' id='word_1_608' title='bbox 783 4308 887 4364; x_wconf 90' lang='lat' dir='ltr'>addit:</span> <span class='ocrx_word' id='word_1_609' title='bbox 902 4311 961 4364; x_wconf 85' lang='lat' dir='ltr'>Mo·</span> <span class='ocrx_word' id='word_1_610' title='bbox 1016 4308 1245 4381; x_wconf 63' lang='lat' dir='ltr'>adiungitque</span> <span class='ocrx_word' id='word_1_611' title='bbox 1269 4318 1421 4365; x_wconf 88' lang='lat' dir='ltr'>moventur</span> <span class='ocrx_word' id='word_1_612' title='bbox 1447 4323 1534 4378; x_wconf 90' lang='lat' dir='ltr'>super</span> <span class='ocrx_word' id='word_1_613' title='bbox 1563 4317 1678 4375; x_wconf 86' lang='lat' dir='ltr'>terram,</span> <span class='ocrx_word' id='word_1_614' title='bbox 1713 4313 1803 4378; x_wconf 89' lang='lat' dir='ltr'>potest</span> <span class='ocrx_word' id='word_1_615' title='bbox 1818 4304 1866 4363; x_wconf 89' lang='lat' dir='ltr'>ri-</span> 
     </span>
     <span class='ocr_line' id='line_1_48' title="bbox 112 4394 1865 4468; baseline 0.001 -19"><span class='ocrx_word' id='word_1_616' title='bbox 112 4395 405 4461; x_wconf 76' lang='lat' dir='ltr'>acclametseminam</span> <span class='ocrx_word' id='word_1_617' title='bbox 424 4397 526 4450; x_wconf 84' lang='lat' dir='ltr'>creauit</span> <span class='ocrx_word' id='word_1_618' title='bbox 543 4411 596 4463; x_wconf 83' lang='lat' dir='ltr'>eos,</span> <span class='ocrx_word' id='word_1_619' title='bbox 611 4411 666 4452; x_wconf 88' lang='lat' dir='ltr'>nec</span> <span class='ocrx_word' id='word_1_620' title='bbox 678 4397 780 4468; x_wconf 86' lang='lat' dir='ltr'>repetit</span> <span class='ocrx_word' id='word_1_621' title='bbox 807 4397 843 4453; x_wconf 91' lang='lat' dir='ltr'>ad</span> <span class='ocrx_word' id='word_1_622' title='bbox 861 4397 960 4468; x_wconf 88' lang='lat' dir='ltr'>imagi·</span> <span class='ocrx_word' id='word_1_623' title='bbox 1007 4396 1077 4465; x_wconf 90' lang='lat' dir='ltr'>,deri</span> <span class='ocrx_word' id='word_1_624' title='bbox 1102 4396 1232 4453; x_wconf 90' lang='lat' dir='ltr'>additum</span> <span class='ocrx_word' id='word_1_625' title='bbox 1260 4411 1320 4453; x_wconf 88' lang='lat' dir='ltr'>esse</span> <span class='ocrx_word' id='word_1_626' title='bbox 1342 4397 1377 4452; x_wconf 91' lang='lat' dir='ltr'>ad</span> <span class='ocrx_word' id='word_1_627' title='bbox 1403 4396 1598 4453; x_wconf 80' lang='lat' dir='ltr'>exclusionem</span> <span class='ocrx_word' id='word_1_628' title='bbox 1628 4404 1685 4452; x_wconf 89' lang='lat' dir='ltr'>tam</span> <span class='ocrx_word' id='word_1_629' title='bbox 1702 4394 1865 4452; x_wconf 79' lang='lat' dir='ltr'>coelestium</span> 
     </span>
     <span class='ocr_line' id='line_1_49' title="bbox 113 4482 1865 4556; baseline -0.001 -16"><span class='ocrx_word' id='word_1_630' title='bbox 113 4497 179 4540; x_wconf 91' lang='lat' dir='ltr'>nem</span> <span class='ocrx_word' id='word_1_631' title='bbox 198 4483 258 4549; x_wconf 86' lang='lat' dir='ltr'>liei,</span> <span class='ocrx_word' id='word_1_632' title='bbox 288 4497 354 4539; x_wconf 84' lang='lat' dir='ltr'>cuin</span> <span class='ocrx_word' id='word_1_633' title='bbox 375 4482 445 4539; x_wconf 89' lang='lat' dir='ltr'>dicit</span> <span class='ocrx_word' id='word_1_634' title='bbox 470 4482 621 4554; x_wconf 90' lang='lat' dir='ltr'>pluraliter</span> <span class='ocrx_word' id='word_1_635' title='bbox 636 4500 690 4553; x_wconf 87' lang='lat' dir='ltr'>eos,</span> <span class='ocrx_word' id='word_1_636' title='bbox 705 4485 781 4541; x_wconf 93' lang='lat' dir='ltr'>sicut</span> <span class='ocrx_word' id='word_1_637' title='bbox 796 4484 863 4542; x_wconf 88' lang='lat' dir='ltr'>iecit</span> <span class='ocrx_word' id='word_1_638' title='bbox 893 4500 962 4541; x_wconf 92' lang='lat' dir='ltr'>cum</span> <span class='ocrx_word' id='word_1_639' title='bbox 1016 4485 1198 4553; x_wconf 90' lang='lat' dir='ltr'>animalium,</span> <span class='ocrx_word' id='word_1_640' title='bbox 1210 4485 1296 4556; x_wconf 83' lang='lat' dir='ltr'>juxta</span> <span class='ocrx_word' id='word_1_641' title='bbox 1315 4484 1393 4541; x_wconf 91' lang='lat' dir='ltr'>illam</span> <span class='ocrx_word' id='word_1_642' title='bbox 1419 4485 1526 4541; x_wconf 88' lang='lat' dir='ltr'>scilicet</span> <span class='ocrx_word' id='word_1_643' title='bbox 1541 4485 1707 4555; x_wconf 84' lang='lat' dir='ltr'>opinionem</span> <span class='ocrx_word' id='word_1_644' title='bbox 1737 4482 1865 4554; x_wconf 87' lang='lat' dir='ltr'>pbiloso-</span> 
     </span>
     <span class='ocr_line' id='line_1_50' title="bbox 114 4570 1869 4645; baseline -0.001 -16"><span class='ocrx_word' id='word_1_645' title='bbox 114 4570 189 4629; x_wconf 83' lang='lat' dir='ltr'>dirit</span> <span class='ocrx_word' id='word_1_646' title='bbox 202 4573 295 4641; x_wconf 83' lang='lat' dir='ltr'>iilum,</span> <span class='ocrx_word' id='word_1_647' title='bbox 318 4580 448 4642; x_wconf 86' lang='lat' dir='ltr'>patenter</span> <span class='ocrx_word' id='word_1_648' title='bbox 463 4573 559 4630; x_wconf 91' lang='lat' dir='ltr'>innuit</span> <span class='ocrx_word' id='word_1_649' title='bbox 588 4574 623 4630; x_wconf 91' lang='lat' dir='ltr'>de</span> <span class='ocrx_word' id='word_1_650' title='bbox 651 4573 710 4631; x_wconf 90' lang='lat' dir='ltr'>solo</span> <span class='ocrx_word' id='word_1_651' title='bbox 727 4573 791 4630; x_wconf 86' lang='lat' dir='ltr'>viro</span> <span class='ocrx_word' id='word_1_652' title='bbox 818 4573 961 4645; x_wconf 87' lang='lat' dir='ltr'>recipien·</span> <span class='ocrx_word' id='word_1_653' title='bbox 1015 4574 1151 4645; x_wconf 85' lang='lat' dir='ltr'>phorum,</span> <span class='ocrx_word' id='word_1_654' title='bbox 1175 4587 1235 4644; x_wconf 87' lang='lat' dir='ltr'>qua</span> <span class='ocrx_word' id='word_1_655' title='bbox 1248 4575 1342 4630; x_wconf 87' lang='lat' dir='ltr'>sidera</span> <span class='ocrx_word' id='word_1_656' title='bbox 1355 4573 1422 4630; x_wconf 87' lang='lat' dir='ltr'>deos</span> <span class='ocrx_word' id='word_1_657' title='bbox 1437 4572 1593 4643; x_wconf 88' lang='lat' dir='ltr'>appellant,</span> <span class='ocrx_word' id='word_1_658' title='bbox 1612 4571 1701 4629; x_wconf 89' lang='lat' dir='ltr'>idest</span> <span class='ocrx_word' id='word_1_659' title='bbox 1726 4571 1869 4628; x_wconf 88' lang='lat' dir='ltr'>animalia</span> 
     </span>
     <span class='ocr_line' id='line_1_51' title="bbox 115 4659 1867 4732; baseline 0.001 -17"><span class='ocrx_word' id='word_1_660' title='bbox 115 4659 185 4716; x_wconf 90' lang='lat' dir='ltr'>dum</span> <span class='ocrx_word' id='word_1_661' title='bbox 200 4660 350 4730; x_wconf 86' lang='lat' dir='ltr'>essequod</span> <span class='ocrx_word' id='word_1_662' title='bbox 367 4660 403 4715; x_wconf 90' lang='lat' dir='ltr'>ad</span> <span class='ocrx_word' id='word_1_663' title='bbox 430 4660 586 4732; x_wconf 87' lang='lat' dir='ltr'>imaginem</span> <span class='ocrx_word' id='word_1_664' title='bbox 602 4662 651 4718; x_wconf 84' lang='lat' dir='ltr'>liei</span> <span class='ocrx_word' id='word_1_665' title='bbox 671 4669 785 4718; x_wconf 87' lang='lat' dir='ltr'>creatus</span> <span class='ocrx_word' id='word_1_666' title='bbox 800 4663 846 4719; x_wconf 94' lang='lat' dir='ltr'>sit.</span> <span class='ocrx_word' id='word_1_667' title='bbox 868 4662 963 4720; x_wconf 90' lang='lat' dir='ltr'>Potest</span> <span class='ocrx_word' id='word_1_668' title='bbox 1016 4661 1169 4719; x_wconf 87' lang='lat' dir='ltr'>rationalia</span> <span class='ocrx_word' id='word_1_669' title='bbox 1192 4661 1377 4732; x_wconf 86' lang='lat' dir='ltr'>immortalia,</span> <span class='ocrx_word' id='word_1_670' title='bbox 1394 4662 1593 4732; x_wconf 87' lang='lat' dir='ltr'>impassibilia,</span> <span class='ocrx_word' id='word_1_671' title='bbox 1610 4675 1699 4732; x_wconf 88' lang='lat' dir='ltr'>quam</span> <span class='ocrx_word' id='word_1_672' title='bbox 1714 4674 1867 4718; x_wconf 89' lang='lat' dir='ltr'>aereorum</span> 
     </span>
     <span class='ocr_line' id='line_1_52' title="bbox 113 4747 1289 4820; baseline 0.001 -16"><span class='ocrx_word' id='word_1_673' title='bbox 113 4749 201 4804; x_wconf 91' lang='lat' dir='ltr'>ctiam</span> <span class='ocrx_word' id='word_1_674' title='bbox 222 4749 314 4804; x_wconf 83' lang='lat' dir='ltr'>videri</span> <span class='ocrx_word' id='word_1_675' title='bbox 329 4747 407 4819; x_wconf 88' lang='lat' dir='ltr'>quod</span> <span class='ocrx_word' id='word_1_676' title='bbox 419 4748 588 4819; x_wconf 88' lang='lat' dir='ltr'>adjunctum</span> <span class='ocrx_word' id='word_1_677' title='bbox 605 4758 646 4805; x_wconf 90' lang='lat' dir='ltr'>est</span> <span class='ocrx_word' id='word_1_678' title='bbox 662 4764 668 4804; x_wconf 94' lang='lat'><strong>:</strong></span> <span class='ocrx_word' id='word_1_679' title='bbox 683 4750 730 4806; x_wconf 78' lang='lat' dir='ltr'>Ad</span> <span class='ocrx_word' id='word_1_680' title='bbox 753 4751 899 4820; x_wconf 78' lang='lat' dir='ltr'>imaginem</span> <span class='ocrx_word' id='word_1_681' title='bbox 914 4754 964 4806; x_wconf 81' lang='lat' dir='ltr'>Dei</span> <span class='ocrx_word' id='word_1_682' title='bbox 1016 4751 1099 4808; x_wconf 88' lang='lat' dir='ltr'>idest</span> <span class='ocrx_word' id='word_1_683' title='bbox 1114 4751 1289 4808; x_wconf 87' lang='lat' dir='ltr'>daemonum.</span> 
     </span>
     <span class='ocr_line' id='line_1_53' title="bbox 115 4836 1868 4910; baseline 0.001 -17"><span class='ocrx_word' id='word_1_684' title='bbox 115 4836 414 4904; x_wconf 83' lang='lat' dir='ltr'>creauitillnm,aliter</span> <span class='ocrx_word' id='word_1_685' title='bbox 438 4837 686 4910; x_wconf 82' lang='lat' dir='ltr'>debereintelligl,</span> <span class='ocrx_word' id='word_1_686' title='bbox 717 4853 806 4909; x_wconf 86' lang='lat' dir='ltr'>qnam</span> <span class='ocrx_word' id='word_1_687' title='bbox 822 4839 900 4910; x_wconf 83' lang='lat' dir='ltr'>quod</span> <span class='ocrx_word' id='word_1_688' title='bbox 923 4839 964 4896; x_wconf 92' lang='lat' dir='ltr'>di·</span> <span class='ocrx_word' id='word_1_689' title='bbox 1052 4839 1213 4896; x_wconf 73' lang='lat' dir='ltr'>accedent.</span> <span class='ocrx_word' id='word_1_690' title='bbox 1240 4843 1280 4895; x_wconf 79' lang='lat' dir='ltr'>Ac</span> <span class='ocrx_word' id='word_1_691' title='bbox 1308 4839 1330 4895; x_wconf 91' lang='lat' dir='ltr'>si</span> <span class='ocrx_word' id='word_1_692' title='bbox 1346 4839 1453 4896; x_wconf 90' lang='lat' dir='ltr'>diceret</span> <span class='ocrx_word' id='word_1_693' title='bbox 1478 4857 1485 4894; x_wconf 77' lang='grc' dir='ltr'>ι</span> <span class='ocrx_word' id='word_1_694' title='bbox 1509 4840 1542 4895; x_wconf 92' lang='lat' dir='ltr'>ln</span> <span class='ocrx_word' id='word_1_695' title='bbox 1577 4839 1709 4909; x_wconf 79' lang='lat' dir='ltr'>prasenti</span> <span class='ocrx_word' id='word_1_696' title='bbox 1738 4845 1868 4909; x_wconf 88' lang='lat' dir='ltr'>ternpore</span> 
     </span>
     <span class='ocr_line' id='line_1_54' title="bbox 115 4925 1869 5002; baseline 0.002 -21"><span class='ocrx_word' id='word_1_697' title='bbox 115 4933 194 4981; x_wconf 92' lang='lat' dir='ltr'>ctum</span> <span class='ocrx_word' id='word_1_698' title='bbox 232 4933 274 4982; x_wconf 93' lang='lat' dir='ltr'>est</span> <span class='ocrx_word' id='word_1_699' title='bbox 307 4927 344 4982; x_wconf 82' lang='lat' dir='ltr'>ad</span> <span class='ocrx_word' id='word_1_700' title='bbox 378 4927 528 4995; x_wconf 86' lang='lat' dir='ltr'>imaginem</span> <span class='ocrx_word' id='word_1_701' title='bbox 555 4940 644 4981; x_wconf 86' lang='lat' dir='ltr'>snam.</span> <span class='ocrx_word' id='word_1_702' title='bbox 668 4926 758 4984; x_wconf 83' lang='lat' dir='ltr'>Filius</span> <span class='ocrx_word' id='word_1_703' title='bbox 787 4925 895 5002; x_wconf 90' lang='lat' dir='ltr'>quippe</span> <span class='ocrx_word' id='word_1_704' title='bbox 914 4928 964 4986; x_wconf 88' lang='lat' dir='ltr'>Dei</span> <span class='ocrx_word' id='word_1_705' title='bbox 1018 4928 1167 4995; x_wconf 90' lang='lat' dir='ltr'>sireloco,</span> <span class='ocrx_word' id='word_1_706' title='bbox 1191 4928 1318 4999; x_wconf 85' lang='lat' dir='ltr'>guiaest</span> <span class='ocrx_word' id='word_1_707' title='bbox 1338 4936 1400 4997; x_wconf 89' lang='lat' dir='ltr'>post</span> <span class='ocrx_word' id='word_1_708' title='bbox 1421 4929 1564 4986; x_wconf 88' lang='lat' dir='ltr'>diluvium</span> <span class='ocrx_word' id='word_1_709' title='bbox 1587 4929 1719 4984; x_wconf 87' lang='lat' dir='ltr'>carnium</span> <span class='ocrx_word' id='word_1_710' title='bbox 1748 4941 1869 4998; x_wconf 82' lang='lat' dir='ltr'>quoque</span> 
     </span>
     <span class='ocr_line' id='line_1_55' title="bbox 116 5013 1869 5088; baseline 0.002 -18"><span class='ocrx_word' id='word_1_711' title='bbox 116 5013 213 5084; x_wconf 88' lang='lat' dir='ltr'>imago</span> <span class='ocrx_word' id='word_1_712' title='bbox 227 5014 344 5082; x_wconf 85' lang='lat' dir='ltr'>dicitur,</span> <span class='ocrx_word' id='word_1_713' title='bbox 360 5016 411 5087; x_wconf 87' lang='lat' dir='ltr'>qni</span> <span class='ocrx_word' id='word_1_714' title='bbox 431 5029 468 5072; x_wconf 85' lang='lat' dir='ltr'>ex</span> <span class='ocrx_word' id='word_1_715' title='bbox 483 5014 541 5073; x_wconf 89' lang='lat' dir='ltr'>solo</span> <span class='ocrx_word' id='word_1_716' title='bbox 566 5016 650 5073; x_wconf 88' lang='lat' dir='ltr'>Patre</span> <span class='ocrx_word' id='word_1_717' title='bbox 673 5024 726 5084; x_wconf 89' lang='lat' dir='ltr'>est,</span> <span class='ocrx_word' id='word_1_718' title='bbox 748 5031 815 5074; x_wconf 90' lang='lat' dir='ltr'>cum</span> <span class='ocrx_word' id='word_1_719' title='bbox 839 5018 966 5088; x_wconf 91' lang='lat' dir='ltr'>Spiritus</span> <span class='ocrx_word' id='word_1_720' title='bbox 1018 5031 1100 5075; x_wconf 89' lang='lat' dir='ltr'>esum</span> <span class='ocrx_word' id='word_1_721' title='bbox 1117 5015 1225 5074; x_wconf 89' lang='lat' dir='ltr'>bomini</span> <span class='ocrx_word' id='word_1_722' title='bbox 1241 5015 1381 5073; x_wconf 82' lang='lat' dir='ltr'>Dominus</span> <span class='ocrx_word' id='word_1_723' title='bbox 1402 5015 1532 5072; x_wconf 90' lang='lat' dir='ltr'>indulsit.</span> <span class='ocrx_word' id='word_1_724' title='bbox 1563 5015 1616 5073; x_wconf 88' lang='lat' dir='ltr'>Sed</span> <span class='ocrx_word' id='word_1_725' title='bbox 1632 5030 1698 5072; x_wconf 91' lang='lat' dir='ltr'>cum</span> <span class='ocrx_word' id='word_1_726' title='bbox 1710 5016 1869 5073; x_wconf 85' lang='lat' dir='ltr'>nonnullas</span> 
     </span>
     <span class='ocr_line' id='line_1_56' title="bbox 117 5102 1867 5176; baseline 0 -16"><span class='ocrx_word' id='word_1_727' title='bbox 117 5109 265 5160; x_wconf 86' lang='lat' dir='ltr'>sanctusa</span> <span class='ocrx_word' id='word_1_728' title='bbox 281 5106 363 5162; x_wconf 82' lang='lat' dir='ltr'>Patre</span> <span class='ocrx_word' id='word_1_729' title='bbox 376 5103 488 5161; x_wconf 81' lang='lat' dir='ltr'>etFilio</span> <span class='ocrx_word' id='word_1_730' title='bbox 502 5118 563 5162; x_wconf 86' lang='lat' dir='ltr'>esse</span> <span class='ocrx_word' id='word_1_731' title='bbox 586 5105 711 5162; x_wconf 89' lang='lat' dir='ltr'>dicatur.</span> <span class='ocrx_word' id='word_1_732' title='bbox 728 5105 781 5164; x_wconf 83' lang='lat' dir='ltr'>Vir</span> <span class='ocrx_word' id='word_1_733' title='bbox 805 5106 903 5176; x_wconf 86' lang='lat' dir='ltr'>itaque</span> <span class='ocrx_word' id='word_1_734' title='bbox 929 5107 966 5162; x_wconf 92' lang='lat' dir='ltr'>ad</span> <span class='ocrx_word' id='word_1_735' title='bbox 1019 5105 1104 5163; x_wconf 92' lang='lat' dir='ltr'>modo</span> <span class='ocrx_word' id='word_1_736' title='bbox 1125 5105 1230 5162; x_wconf 85' lang='lat' dir='ltr'>bestias</span> <span class='ocrx_word' id='word_1_737' title='bbox 1256 5102 1302 5161; x_wconf 87' lang='lat' dir='ltr'>vel</span> <span class='ocrx_word' id='word_1_738' title='bbox 1317 5118 1385 5161; x_wconf 90' lang='lat' dir='ltr'>aves</span> <span class='ocrx_word' id='word_1_739' title='bbox 1408 5104 1570 5169; x_wconf 89' lang='lat' dir='ltr'>videamus,</span> <span class='ocrx_word' id='word_1_740' title='bbox 1597 5104 1706 5175; x_wconf 85' lang='lat' dir='ltr'>quibus</span> <span class='ocrx_word' id='word_1_741' title='bbox 1730 5104 1867 5160; x_wconf 86' lang='lat' dir='ltr'>carnium</span> 
     </span>
     <span class='ocr_line' id='line_1_57' title="bbox 115 5190 1871 5267; baseline 0.002 -21"><span class='ocrx_word' id='word_1_742' title='bbox 115 5190 274 5263; x_wconf 91' lang='lat' dir='ltr'>imaginem</span> <span class='ocrx_word' id='word_1_743' title='bbox 294 5193 343 5248; x_wconf 85' lang='lat' dir='ltr'>liei</span> <span class='ocrx_word' id='word_1_744' title='bbox 367 5200 482 5250; x_wconf 90' lang='lat' dir='ltr'>creatus</span> <span class='ocrx_word' id='word_1_745' title='bbox 496 5201 550 5261; x_wconf 90' lang='lat' dir='ltr'>cst,</span> <span class='ocrx_word' id='word_1_746' title='bbox 575 5194 645 5265; x_wconf 87' lang='lat' dir='ltr'>qula</span> <span class='ocrx_word' id='word_1_747' title='bbox 659 5194 689 5251; x_wconf 93' lang='lat' dir='ltr'>in</span> <span class='ocrx_word' id='word_1_748' title='bbox 706 5194 759 5252; x_wconf 92' lang='lat' dir='ltr'>boc</span> <span class='ocrx_word' id='word_1_749' title='bbox 786 5195 964 5267; x_wconf 81' lang='lat' dir='ltr'>praecipuam</span> <span class='ocrx_word' id='word_1_750' title='bbox 1019 5207 1086 5252; x_wconf 86' lang='lat' dir='ltr'>esus</span> <span class='ocrx_word' id='word_1_751' title='bbox 1098 5192 1278 5250; x_wconf 89' lang='lat' dir='ltr'>necessarius</span> <span class='ocrx_word' id='word_1_752' title='bbox 1291 5191 1338 5261; x_wconf 92' lang='lat' dir='ltr'>sit,</span> <span class='ocrx_word' id='word_1_753' title='bbox 1351 5191 1495 5263; x_wconf 86' lang='lat' dir='ltr'>quomodo</span> <span class='ocrx_word' id='word_1_754' title='bbox 1526 5193 1570 5248; x_wconf 87' lang='lat' dir='ltr'>bis</span> <span class='ocrx_word' id='word_1_755' title='bbox 1588 5206 1705 5264; x_wconf 84' lang='lat' dir='ltr'>quoque</span> <span class='ocrx_word' id='word_1_756' title='bbox 1722 5192 1798 5249; x_wconf 90' lang='lat' dir='ltr'>sicut</span> <span class='ocrx_word' id='word_1_757' title='bbox 1818 5192 1871 5249; x_wconf 92' lang='lat' dir='ltr'>bo·</span> 
     </span>
     <span class='ocr_line' id='line_1_58' title="bbox 117 5273 1869 5354; baseline 0.002 -20"><span class='ocrx_word' id='word_1_758' title='bbox 117 5273 284 5336; x_wconf 90' lang='lat' dir='ltr'>babetcum</span> <span class='ocrx_word' id='word_1_759' title='bbox 308 5280 377 5337; x_wconf 82' lang='lat' dir='ltr'>Filio</span> <span class='ocrx_word' id='word_1_760' title='bbox 394 5281 442 5338; x_wconf 84' lang='lat' dir='ltr'>liei</span> <span class='ocrx_word' id='word_1_761' title='bbox 467 5281 697 5351; x_wconf 88' lang='lat' dir='ltr'>similitudinem,</span> <span class='ocrx_word' id='word_1_762' title='bbox 725 5283 890 5354; x_wconf 86' lang='lat' dir='ltr'>quodsicut</span> <span class='ocrx_word' id='word_1_763' title='bbox 918 5283 967 5341; x_wconf 90' lang='lat' dir='ltr'>ille</span> <span class='ocrx_word' id='word_1_764' title='bbox 1019 5281 1091 5339; x_wconf 89' lang='lat' dir='ltr'>mini</span> <span class='ocrx_word' id='word_1_765' title='bbox 1119 5281 1301 5339; x_wconf 90' lang='lat' dir='ltr'>solummodo</span> <span class='ocrx_word' id='word_1_766' title='bbox 1324 5279 1421 5337; x_wconf 83' lang='lat' dir='ltr'>berbae</span> <span class='ocrx_word' id='word_1_767' title='bbox 1448 5289 1476 5336; x_wconf 89' lang='lat' dir='ltr'>et</span> <span class='ocrx_word' id='word_1_768' title='bbox 1491 5281 1609 5337; x_wconf 92' lang='lat' dir='ltr'>arbores</span> <span class='ocrx_word' id='word_1_769' title='bbox 1638 5281 1760 5338; x_wconf 90' lang='lat' dir='ltr'>nuncin</span> <span class='ocrx_word' id='word_1_770' title='bbox 1783 5296 1869 5339; x_wconf 90' lang='lat' dir='ltr'>esum</span> 
     </span>
     <span class='ocr_line' id='line_1_59' title="bbox 115 5366 1869 5445; baseline 0.005 -23"><span class='ocrx_word' id='word_1_771' title='bbox 115 5378 154 5423; x_wconf 85' lang='lat' dir='ltr'>ex</span> <span class='ocrx_word' id='word_1_772' title='bbox 173 5366 289 5425; x_wconf 90' lang='lat' dir='ltr'>soloest</span> <span class='ocrx_word' id='word_1_773' title='bbox 314 5370 397 5426; x_wconf 82' lang='lat' dir='ltr'>Patre</span> <span class='ocrx_word' id='word_1_774' title='bbox 414 5377 553 5442; x_wconf 87' lang='lat' dir='ltr'>tanquam</span> <span class='ocrx_word' id='word_1_775' title='bbox 569 5371 694 5445; x_wconf 86' lang='lat' dir='ltr'>genitus,</span> <span class='ocrx_word' id='word_1_776' title='bbox 724 5372 881 5430; x_wconf 87' lang='lat' dir='ltr'>itaistecx</span> <span class='ocrx_word' id='word_1_777' title='bbox 907 5373 967 5432; x_wconf 87' lang='lat' dir='ltr'>solo</span> <span class='ocrx_word' id='word_1_778' title='bbox 1020 5371 1230 5441; x_wconf 83' lang='lat' dir='ltr'>conceduntur,</span> <span class='ocrx_word' id='word_1_779' title='bbox 1263 5378 1404 5442; x_wconf 85' lang='lat' dir='ltr'>tanquam</span> <span class='ocrx_word' id='word_1_780' title='bbox 1433 5371 1495 5429; x_wconf 84' lang='lat' dir='ltr'>baec</span> <span class='ocrx_word' id='word_1_781' title='bbox 1513 5372 1570 5429; x_wconf 92' lang='lat' dir='ltr'>illis</span> <span class='ocrx_word' id='word_1_782' title='bbox 1596 5371 1722 5442; x_wconf 91' lang='lat' dir='ltr'>primum</span> <span class='ocrx_word' id='word_1_783' title='bbox 1749 5371 1869 5430; x_wconf 88' lang='lat' dir='ltr'>sulliac-</span> 
     </span>
     <span class='ocr_line' id='line_1_60' title="bbox 39 5454 1867 5537; baseline 0.004 -24"><span class='ocrx_word' id='word_1_784' title='bbox 39 5469 44 5477; x_wconf 86' lang='lat'><em>·</em></span> <span class='ocrx_word' id='word_1_785' title='bbox 116 5454 176 5513; x_wconf 84' lang='lat' dir='ltr'>beo</span> <span class='ocrx_word' id='word_1_786' title='bbox 206 5454 292 5516; x_wconf 83' lang='lat' dir='ltr'>babet</span> <span class='ocrx_word' id='word_1_787' title='bbox 317 5471 378 5516; x_wconf 82' lang='lat' dir='ltr'>esce</span> <span class='ocrx_word' id='word_1_788' title='bbox 401 5463 543 5532; x_wconf 78' lang='lat' dir='ltr'>nuquam</span> <span class='ocrx_word' id='word_1_789' title='bbox 561 5468 685 5530; x_wconf 86' lang='lat' dir='ltr'>creatus,</span> <span class='ocrx_word' id='word_1_790' title='bbox 710 5474 770 5520; x_wconf 90' lang='lat' dir='ltr'>non</span> <span class='ocrx_word' id='word_1_791' title='bbox 802 5461 837 5519; x_wconf 86' lang='lat' dir='ltr'>dc</span> <span class='ocrx_word' id='word_1_792' title='bbox 867 5461 966 5537; x_wconf 79' lang='lat' dir='ltr'>aliquo</span> <span class='ocrx_word' id='word_1_793' title='bbox 1022 5468 1097 5532; x_wconf 85' lang='lat' dir='ltr'>rent,</span> <span class='ocrx_word' id='word_1_794' title='bbox 1110 5468 1140 5520; x_wconf 93' lang='lat' dir='ltr'>et</span> <span class='ocrx_word' id='word_1_795' title='bbox 1162 5461 1292 5534; x_wconf 88' lang='lat' dir='ltr'>nisipost</span> <span class='ocrx_word' id='word_1_796' title='bbox 1315 5467 1465 5533; x_wconf 72' lang='lat' dir='ltr'>motatum</span> <span class='ocrx_word' id='word_1_797' title='bbox 1479 5459 1605 5520; x_wconf 88' lang='lat' dir='ltr'>bominis</span> <span class='ocrx_word' id='word_1_798' title='bbox 1628 5461 1766 5520; x_wconf 84' lang='lat' dir='ltr'>carnibus</span> <span class='ocrx_word' id='word_1_799' title='bbox 1791 5460 1867 5520; x_wconf 87' lang='lat' dir='ltr'>indi·</span> 
     </span>
    </p>
   </div>
   <div class='ocr_carea' id='block_1_5' title="bbox 0 0 1913 5962">
    <p class='ocr_par' dir='ltr' id='par_1_10' title="bbox 0 0 1913 5962">
     <span class='ocr_line' id='line_1_61' title="bbox 0 0 1913 5962; baseline 0 0"><span class='ocrx_word' id='word_1_800' title='bbox 0 0 1913 5962; x_wconf 95' lang='lat' dir='ltr'> </span> 
     </span>
    </p>
   </div>
  </div>
 </body>
</html>
