<?xml version="1.0" encoding="UTF-8"?>
<!DOCTYPE html PUBLIC "-//W3C//DTD XHTML 1.0 Transitional//EN"
    "http://www.w3.org/TR/xhtml1/DTD/xhtml1-transitional.dtd">
<html xmlns="http://www.w3.org/1999/xhtml" xml:lang="en" lang="en">
 <head>
  <title>
</title>
<meta http-equiv="Content-Type" content="text/html;charset=utf-8" />
  <meta name='ocr-system' content='tesseract 3.04.00' />
  <meta name='ocr-capabilities' content='ocr_page ocr_carea ocr_par ocr_line ocrx_word'/>
</head>
<body>
  <div class='ocr_page' id='page_1' title='image "./patrologiaecurs53unkngoog/patrologiaecurs53unkngoog_0607.png"; bbox 0 0 3804 5962; ppageno 0'>
   <div class='ocr_carea' id='block_1_1' title="bbox 141 170 1880 279">
    <p class='ocr_par' dir='ltr' id='par_1_1' title="bbox 141 170 1880 279">
     <span class='ocr_line' id='line_1_1' title="bbox 141 170 1880 279; baseline -0.005 1"><span class='ocrx_word' id='word_1_1' title='bbox 141 223 211 279; x_wconf 76' lang='lat' dir='ltr'><strong>ties</strong></span> <span class='ocrx_word' id='word_1_2' title='bbox 406 219 508 277; x_wconf 75' lang='lat' dir='ltr'><strong>ratur</strong></span> <span class='ocrx_word' id='word_1_3' title='bbox 528 216 718 275; x_wconf 75' lang='lat' dir='ltr'>ABAELARDI</span> <span class='ocrx_word' id='word_1_4' title='bbox 736 216 812 274; x_wconf 86' lang='grc' dir='ltr'><strong>ΟΡΡ.</strong></span> <span class='ocrx_word' id='word_1_5' title='bbox 834 215 923 274; x_wconf 76' lang='lat' dir='ltr'><strong>Plus</strong></span> <span class='ocrx_word' id='word_1_6' title='bbox 941 215 990 274; x_wconf 92' lang='lat' dir='ltr'><strong>lll.</strong></span> <span class='ocrx_word' id='word_1_7' title='bbox 1006 245 1042 260; x_wconf 88' lang='lat'>—</span> <span class='ocrx_word' id='word_1_8' title='bbox 1055 170 1275 275; x_wconf 72' lang='lat' dir='ltr'><strong>reluctemur</strong></span> <span class='ocrx_word' id='word_1_9' title='bbox 1294 217 1337 273; x_wconf 82' lang='lat' dir='ltr'><strong>ET</strong></span> <span class='ocrx_word' id='word_1_10' title='bbox 1355 217 1616 276; x_wconf 76' lang='lat' dir='ltr'><strong>Phltosorlltce.</strong></span> <span class='ocrx_word' id='word_1_11' title='bbox 1819 221 1880 273; x_wconf 76' lang='lat' dir='ltr'><strong>tado</strong></span> 
     </span>
    </p>
   </div>
   <div class='ocr_carea' id='block_1_2' title="bbox 132 339 1880 680">
    <p class='ocr_par' dir='ltr' id='par_1_2' title="bbox 132 339 1880 680">
     <span class='ocr_line' id='line_1_2' title="bbox 138 339 1879 414; baseline -0.001 -12"><span class='ocrx_word' id='word_1_12' title='bbox 138 352 296 404; x_wconf 77' lang='lat' dir='ltr'><strong>»noratur</strong></span> <span class='ocrx_word' id='word_1_13' title='bbox 319 344 355 401; x_wconf 89' lang='lat' dir='ltr'><strong>ab</strong></span> <span class='ocrx_word' id='word_1_14' title='bbox 383 342 529 410; x_wconf 90' lang='lat' dir='ltr'><strong>omnibns,</strong></span> <span class='ocrx_word' id='word_1_15' title='bbox 553 356 607 414; x_wconf 89' lang='lat' dir='ltr'><strong>ego</strong></span> <span class='ocrx_word' id='word_1_16' title='bbox 629 341 740 399; x_wconf 88' lang='lat' dir='ltr'><strong>misella</strong></span> <span class='ocrx_word' id='word_1_17' title='bbox 762 339 909 412; x_wconf 88' lang='lat' dir='ltr'><strong>despicior.</strong></span> <span class='ocrx_word' id='word_1_18' title='bbox 929 339 989 398; x_wconf 86' lang='lat' dir='ltr'><strong>Cur</strong></span> <span class='ocrx_word' id='word_1_19' title='bbox 1002 341 1057 398; x_wconf 75' lang='lat' dir='ltr'><strong>A»</strong></span> <span class='ocrx_word' id='word_1_20' title='bbox 1078 355 1162 410; x_wconf 84' lang='lat' dir='ltr'><strong>uxor,</strong></span> <span class='ocrx_word' id='word_1_21' title='bbox 1184 356 1250 413; x_wconf 79' lang='lat' dir='ltr'><strong>quae</strong></span> <span class='ocrx_word' id='word_1_22' title='bbox 1270 349 1368 399; x_wconf 87' lang='lat' dir='ltr'><strong>tamen</strong></span> <span class='ocrx_word' id='word_1_23' title='bbox 1389 356 1466 411; x_wconf 89' lang='lat' dir='ltr'><strong>rara,</strong></span> <span class='ocrx_word' id='word_1_24' title='bbox 1490 349 1543 399; x_wconf 91' lang='lat' dir='ltr'><strong>aut</strong></span> <span class='ocrx_word' id='word_1_25' title='bbox 1569 341 1621 398; x_wconf 82' lang='lat' dir='ltr'><strong>rix</strong></span> <span class='ocrx_word' id='word_1_26' title='bbox 1646 348 1688 399; x_wconf 84' lang='lat' dir='ltr'><strong>eet</strong></span> <span class='ocrx_word' id='word_1_27' title='bbox 1718 341 1791 413; x_wconf 79' lang='lat'><strong>(58),</strong></span> <span class='ocrx_word' id='word_1_28' title='bbox 1818 355 1879 400; x_wconf 87' lang='lat' dir='ltr'><strong>cnm</strong></span> 
     </span>
     <span class='ocr_line' id='line_1_3' title="bbox 138 429 1880 515; baseline 0 -28"><span class='ocrx_word' id='word_1_29' title='bbox 138 456 153 487; x_wconf 77' lang='lat' dir='ltr'><strong>s</strong></span> <span class='ocrx_word' id='word_1_30' title='bbox 173 432 330 508; x_wconf 71' lang='lat' dir='ltr'>aspiciebas</span> <span class='ocrx_word' id='word_1_31' title='bbox 352 431 499 489; x_wconf 80' lang='lat' dir='ltr'><strong>vicinam?</strong></span> <span class='ocrx_word' id='word_1_32' title='bbox 519 431 590 503; x_wconf 91' lang='lat' dir='ltr'><strong>quid</strong></span> <span class='ocrx_word' id='word_1_33' title='bbox 613 444 680 488; x_wconf 93' lang='lat' dir='ltr'><strong>cum</strong></span> <span class='ocrx_word' id='word_1_34' title='bbox 712 429 817 487; x_wconf 85' lang='lat' dir='ltr'><strong>ancilla</strong></span> <span class='ocrx_word' id='word_1_35' title='bbox 840 429 982 501; x_wconf 84' lang='lat' dir='ltr'><strong>loqueba·</strong></span> <span class='ocrx_word' id='word_1_36' title='bbox 1037 430 1249 515; x_wconf 78' lang='lat' dir='ltr'><strong>»parturiente</strong></span> <span class='ocrx_word' id='word_1_37' title='bbox 1285 431 1436 502; x_wconf 82' lang='lat' dir='ltr'><strong>gemimus,</strong></span> <span class='ocrx_word' id='word_1_38' title='bbox 1468 445 1535 486; x_wconf 94' lang='lat' dir='ltr'><strong>cum</strong></span> <span class='ocrx_word' id='word_1_39' title='bbox 1568 430 1731 502; x_wconf 87' lang='lat' dir='ltr'><strong>perilitante</strong></span> <span class='ocrx_word' id='word_1_40' title='bbox 1763 437 1880 502; x_wconf 87' lang='lat' dir='ltr'><strong>torque·</strong></span> 
     </span>
     <span class='ocr_line' id='line_1_4' title="bbox 135 509 1877 592; baseline -0.004 -10"><span class='ocrx_word' id='word_1_41' title='bbox 135 545 146 576; x_wconf 74' lang='grc' dir='ltr'><strong>ι</strong></span> <span class='ocrx_word' id='word_1_42' title='bbox 168 523 234 582; x_wconf 81' lang='lat' dir='ltr'><strong>ris?</strong></span> <span class='ocrx_word' id='word_1_43' title='bbox 248 523 289 580; x_wconf 85' lang='lat' dir='ltr'><strong>lle</strong></span> <span class='ocrx_word' id='word_1_44' title='bbox 308 509 501 579; x_wconf 58' lang='lat' dir='ltr'><strong>&gt;lororeniens</strong></span> <span class='ocrx_word' id='word_1_45' title='bbox 525 519 596 592; x_wconf 91' lang='lat' dir='ltr'><strong>quid</strong></span> <span class='ocrx_word' id='word_1_46' title='bbox 619 519 762 577; x_wconf 77' lang='lat' dir='ltr'><strong>attulisti?</strong></span> <span class='ocrx_word' id='word_1_47' title='bbox 775 533 833 577; x_wconf 90' lang='lat' dir='ltr'><strong>nou</strong></span> <span class='ocrx_word' id='word_1_48' title='bbox 853 521 981 576; x_wconf 88' lang='lat' dir='ltr'><strong>amicum</strong></span> <span class='ocrx_word' id='word_1_49' title='bbox 1036 540 1051 570; x_wconf 93' lang='lat'>»</span> <span class='ocrx_word' id='word_1_50' title='bbox 1072 534 1148 576; x_wconf 92' lang='lat' dir='ltr'><strong>mur.</strong></span> <span class='ocrx_word' id='word_1_51' title='bbox 1166 520 1287 591; x_wconf 89' lang='lat' dir='ltr'><strong>Sapiens</strong></span> <span class='ocrx_word' id='word_1_52' title='bbox 1307 527 1405 576; x_wconf 85' lang='lat' dir='ltr'><strong>autem</strong></span> <span class='ocrx_word' id='word_1_53' title='bbox 1421 533 1574 591; x_wconf 89' lang='lat' dir='ltr'><strong>nunquam</strong></span> <span class='ocrx_word' id='word_1_54' title='bbox 1602 533 1662 576; x_wconf 91' lang='lat' dir='ltr'><strong>esse</strong></span> <span class='ocrx_word' id='word_1_55' title='bbox 1674 518 1754 576; x_wconf 89' lang='lat' dir='ltr'><strong>solos</strong></span> <span class='ocrx_word' id='word_1_56' title='bbox 1770 525 1877 590; x_wconf 84' lang='lat' dir='ltr'><strong>potest:</strong></span> 
     </span>
     <span class='ocr_line' id='line_1_5' title="bbox 132 607 1877 680; baseline -0.001 -13"><span class='ocrx_word' id='word_1_57' title='bbox 132 611 277 669; x_wconf 80' lang='lat' dir='ltr'><strong>»habere</strong></span> <span class='ocrx_word' id='word_1_58' title='bbox 298 622 460 680; x_wconf 88' lang='lat' dir='ltr'><strong>possumus,</strong></span> <span class='ocrx_word' id='word_1_59' title='bbox 477 623 537 666; x_wconf 90' lang='lat' dir='ltr'><strong>non</strong></span> <span class='ocrx_word' id='word_1_60' title='bbox 556 609 692 666; x_wconf 89' lang='lat' dir='ltr'><strong>sodalem.</strong></span> <span class='ocrx_word' id='word_1_61' title='bbox 713 607 839 665; x_wconf 80' lang='lat' dir='ltr'><strong>Alterius</strong></span> <span class='ocrx_word' id='word_1_62' title='bbox 854 620 980 664; x_wconf 91' lang='lat' dir='ltr'><strong>amorem</strong></span> <span class='ocrx_word' id='word_1_63' title='bbox 1037 627 1048 658; x_wconf 73' lang='grc' dir='ltr'><strong><em>ι</em></strong></span> <span class='ocrx_word' id='word_1_64' title='bbox 1071 608 1157 665; x_wconf 90' lang='lat' dir='ltr'><strong>habet</strong></span> <span class='ocrx_word' id='word_1_65' title='bbox 1186 622 1283 665; x_wconf 90' lang='lat' dir='ltr'><strong>seeum</strong></span> <span class='ocrx_word' id='word_1_66' title='bbox 1308 623 1407 665; x_wconf 90' lang='lat' dir='ltr'><strong>omnes</strong></span> <span class='ocrx_word' id='word_1_67' title='bbox 1435 608 1584 680; x_wconf 88' lang='lat' dir='ltr'><strong>quisunt,</strong></span> <span class='ocrx_word' id='word_1_68' title='bbox 1613 608 1723 679; x_wconf 90' lang='lat' dir='ltr'><strong>quippe</strong></span> <span class='ocrx_word' id='word_1_69' title='bbox 1750 622 1877 680; x_wconf 84' lang='lat' dir='ltr'><strong>nuquam</strong></span> 
     </span>
    </p>
   </div>
   <div class='ocr_carea' id='block_1_3' title="bbox 84 694 1900 3880">
    <p class='ocr_par' dir='ltr' id='par_1_3' title="bbox 84 694 1878 2632">
     <span class='ocr_line' id='line_1_6' title="bbox 130 694 1878 770; baseline -0.001 -16"><span class='ocrx_word' id='word_1_70' title='bbox 130 714 254 758; x_wconf 67' lang='lat' dir='ltr'><strong>esuum</strong></span> <span class='ocrx_word' id='word_1_71' title='bbox 280 696 379 756; x_wconf 90' lang='lat' dir='ltr'><strong>odium</strong></span> <span class='ocrx_word' id='word_1_72' title='bbox 406 697 582 768; x_wconf 85' lang='lat' dir='ltr'><strong>suspicatur.</strong></span> <span class='ocrx_word' id='word_1_73' title='bbox 613 695 642 752; x_wconf 88' lang='lat' dir='ltr'><strong>st</strong></span> <span class='ocrx_word' id='word_1_74' title='bbox 670 694 851 753; x_wconf 89' lang='lat' dir='ltr'><strong>doctissimus</strong></span> <span class='ocrx_word' id='word_1_75' title='bbox 875 709 980 767; x_wconf 78' lang='lat' dir='ltr'><strong>praece·</strong></span> <span class='ocrx_word' id='word_1_76' title='bbox 1033 716 1048 751; x_wconf 70' lang='grc' dir='ltr'><strong>ι</strong></span> <span class='ocrx_word' id='word_1_77' title='bbox 1070 696 1188 755; x_wconf 85' lang='lat' dir='ltr'><strong>luerunt</strong></span> <span class='ocrx_word' id='word_1_78' title='bbox 1204 697 1283 766; x_wconf 91' lang='lat' dir='ltr'><strong>honi,</strong></span> <span class='ocrx_word' id='word_1_79' title='bbox 1299 705 1326 755; x_wconf 90' lang='lat' dir='ltr'><strong>et</strong></span> <span class='ocrx_word' id='word_1_80' title='bbox 1341 698 1473 754; x_wconf 88' lang='lat' dir='ltr'><strong>animum</strong></span> <span class='ocrx_word' id='word_1_81' title='bbox 1489 697 1612 756; x_wconf 89' lang='lat' dir='ltr'><strong>liberum</strong></span> <span class='ocrx_word' id='word_1_82' title='bbox 1629 697 1878 770; x_wconf 87' lang='lat' dir='ltr'><strong>quocunquevult</strong></span> 
     </span>
     <span class='ocr_line' id='line_1_7' title="bbox 128 785 1877 863; baseline -0.003 -15"><span class='ocrx_word' id='word_1_83' title='bbox 128 810 144 842; x_wconf 74' lang='lat' dir='ltr'><strong>s</strong></span> <span class='ocrx_word' id='word_1_84' title='bbox 178 790 287 863; x_wconf 90' lang='lat' dir='ltr'><strong>ptorin</strong></span> <span class='ocrx_word' id='word_1_85' title='bbox 302 786 432 861; x_wconf 90' lang='lat' dir='ltr'><strong>qualibet</strong></span> <span class='ocrx_word' id='word_1_86' title='bbox 460 787 578 845; x_wconf 90' lang='lat' dir='ltr'><strong>urbium</strong></span> <span class='ocrx_word' id='word_1_87' title='bbox 594 785 691 852; x_wconf 87' lang='lat' dir='ltr'><strong>luerit,</strong></span> <span class='ocrx_word' id='word_1_88' title='bbox 717 799 770 841; x_wconf 90' lang='lat' dir='ltr'><strong>nec</strong></span> <span class='ocrx_word' id='word_1_89' title='bbox 787 798 910 842; x_wconf 85' lang='lat' dir='ltr'><strong>uxorem</strong></span> <span class='ocrx_word' id='word_1_90' title='bbox 934 798 978 842; x_wconf 91' lang='lat' dir='ltr'><strong>re·</strong></span> <span class='ocrx_word' id='word_1_91' title='bbox 1035 786 1213 843; x_wconf 83' lang='lat' dir='ltr'><strong>·translert.</strong></span> <span class='ocrx_word' id='word_1_92' title='bbox 1240 786 1321 854; x_wconf 84' lang='lat' dir='ltr'><strong>Quod</strong></span> <span class='ocrx_word' id='word_1_93' title='bbox 1349 800 1467 857; x_wconf 90' lang='lat' dir='ltr'><strong>corpore</strong></span> <span class='ocrx_word' id='word_1_94' title='bbox 1493 801 1552 842; x_wconf 93' lang='lat' dir='ltr'><strong>non</strong></span> <span class='ocrx_word' id='word_1_95' title='bbox 1580 793 1680 857; x_wconf 89' lang='lat' dir='ltr'><strong>potest,</strong></span> <span class='ocrx_word' id='word_1_96' title='bbox 1709 786 1877 859; x_wconf 89' lang='lat' dir='ltr'><strong>cogitatione</strong></span> 
     </span>
     <span class='ocr_line' id='line_1_8' title="bbox 130 870 1873 950; baseline 0.001 -20"><span class='ocrx_word' id='word_1_97' title='bbox 130 897 146 930; x_wconf 73' lang='lat' dir='ltr'><strong>s</strong></span> <span class='ocrx_word' id='word_1_98' title='bbox 166 877 310 950; x_wconf 80' lang='lat' dir='ltr'><strong>linquere,</strong></span> <span class='ocrx_word' id='word_1_99' title='bbox 334 890 386 933; x_wconf 90' lang='lat' dir='ltr'><strong>nec</strong></span> <span class='ocrx_word' id='word_1_100' title='bbox 406 889 474 933; x_wconf 92' lang='lat' dir='ltr'><strong>cum</strong></span> <span class='ocrx_word' id='word_1_101' title='bbox 493 876 607 932; x_wconf 81' lang='lat' dir='ltr'><strong>sarcina</strong></span> <span class='ocrx_word' id='word_1_102' title='bbox 623 875 830 946; x_wconf 89' lang='lat' dir='ltr'><strong>irepossumus</strong></span> <span class='ocrx_word' id='word_1_103' title='bbox 846 870 974 945; x_wconf 75' lang='lat' dir='ltr'><strong>[potesq.</strong></span> <span class='ocrx_word' id='word_1_104' title='bbox 1032 895 1046 927; x_wconf 87' lang='lat'>»</span> <span class='ocrx_word' id='word_1_105' title='bbox 1068 875 1290 946; x_wconf 87' lang='lat' dir='ltr'><strong>complectitur;</strong></span> <span class='ocrx_word' id='word_1_106' title='bbox 1307 882 1334 931; x_wconf 85' lang='lat' dir='ltr'><strong>et</strong></span> <span class='ocrx_word' id='word_1_107' title='bbox 1364 876 1388 931; x_wconf 94' lang='lat' dir='ltr'><strong>si</strong></span> <span class='ocrx_word' id='word_1_108' title='bbox 1417 875 1567 932; x_wconf 89' lang='lat' dir='ltr'><strong>hominum</strong></span> <span class='ocrx_word' id='word_1_109' title='bbox 1592 875 1689 946; x_wconf 91' lang='lat' dir='ltr'><strong>inopia</strong></span> <span class='ocrx_word' id='word_1_110' title='bbox 1714 875 1816 939; x_wconf 89' lang='lat' dir='ltr'><strong>luerit,</strong></span> <span class='ocrx_word' id='word_1_111' title='bbox 1840 874 1873 932; x_wconf 88' lang='lat' dir='ltr'><strong>lo·</strong></span> 
     </span>
     <span class='ocr_line' id='line_1_9' title="bbox 84 961 1876 1037; baseline -0.002 -14"><span class='ocrx_word' id='word_1_112' title='bbox 84 1024 91 1036; x_wconf 57' lang='grc'>,</span> <span class='ocrx_word' id='word_1_113' title='bbox 129 986 145 1018; x_wconf 84' lang='grc'>»</span> <span class='ocrx_word' id='word_1_114' title='bbox 165 965 324 1036; x_wconf 89' lang='lat' dir='ltr'><strong>Pauperem</strong></span> <span class='ocrx_word' id='word_1_115' title='bbox 348 963 424 1022; x_wconf 90' lang='lat' dir='ltr'><strong>alere</strong></span> <span class='ocrx_word' id='word_1_116' title='bbox 445 963 563 1021; x_wconf 89' lang='lat' dir='ltr'><strong>dildcile</strong></span> <span class='ocrx_word' id='word_1_117' title='bbox 586 970 638 1029; x_wconf 88' lang='lat' dir='ltr'><strong>est,</strong></span> <span class='ocrx_word' id='word_1_118' title='bbox 670 962 788 1019; x_wconf 89' lang='lat' dir='ltr'><strong>divitem</strong></span> <span class='ocrx_word' id='word_1_119' title='bbox 812 961 887 1018; x_wconf 91' lang='lat' dir='ltr'><strong>lerrc</strong></span> <span class='ocrx_word' id='word_1_120' title='bbox 918 968 978 1017; x_wconf 90' lang='lat' dir='ltr'><strong>tor·</strong></span> <span class='ocrx_word' id='word_1_121' title='bbox 1032 985 1047 1014; x_wconf 90' lang='lat'>»</span> <span class='ocrx_word' id='word_1_122' title='bbox 1063 962 1241 1034; x_wconf 90' lang='lat' dir='ltr'><strong>quiturcnm</strong></span> <span class='ocrx_word' id='word_1_123' title='bbox 1252 964 1319 1020; x_wconf 84' lang='lat' dir='ltr'><strong>lieo.</strong></span> <span class='ocrx_word' id='word_1_124' title='bbox 1335 963 1492 1034; x_wconf 89' lang='lat' dir='ltr'><strong>Nunquam</strong></span> <span class='ocrx_word' id='word_1_125' title='bbox 1506 964 1602 1020; x_wconf 89' lang='lat' dir='ltr'><strong>minus</strong></span> <span class='ocrx_word' id='word_1_126' title='bbox 1616 964 1694 1020; x_wconf 90' lang='lat' dir='ltr'><strong>solus</strong></span> <span class='ocrx_word' id='word_1_127' title='bbox 1713 963 1779 1033; x_wconf 88' lang='lat' dir='ltr'><strong>erit,</strong></span> <span class='ocrx_word' id='word_1_128' title='bbox 1793 977 1876 1037; x_wconf 86' lang='lat' dir='ltr'><strong>quarn</strong></span> 
     </span>
     <span class='ocr_line' id='line_1_10' title="bbox 134 1049 1876 1124; baseline 0.001 -18"><span class='ocrx_word' id='word_1_129' title='bbox 134 1063 308 1112; x_wconf 69' lang='lat' dir='ltr'><strong>‚mentum</strong></span> <span class='ocrx_word' id='word_1_130' title='bbox 339 1053 420 1111; x_wconf 79' lang='lat' dir='ltr'><strong>Adde</strong></span> <span class='ocrx_word' id='word_1_131' title='bbox 446 1052 524 1124; x_wconf 93' lang='lat' dir='ltr'><strong>quod</strong></span> <span class='ocrx_word' id='word_1_132' title='bbox 561 1051 644 1109; x_wconf 91' lang='lat' dir='ltr'><strong>nulla</strong></span> <span class='ocrx_word' id='word_1_133' title='bbox 673 1057 716 1106; x_wconf 86' lang='lat' dir='ltr'><strong>est</strong></span> <span class='ocrx_word' id='word_1_134' title='bbox 739 1050 841 1106; x_wconf 86' lang='lat' dir='ltr'><strong>uxoris</strong></span> <span class='ocrx_word' id='word_1_135' title='bbox 865 1049 976 1116; x_wconf 90' lang='lat' dir='ltr'><strong>electio,</strong></span> <span class='ocrx_word' id='word_1_136' title='bbox 1031 1066 1133 1108; x_wconf 82' lang='lat' dir='ltr'><strong>»curu</strong></span> <span class='ocrx_word' id='word_1_137' title='bbox 1155 1052 1234 1108; x_wconf 89' lang='lat' dir='ltr'><strong>solus</strong></span> <span class='ocrx_word' id='word_1_138' title='bbox 1253 1052 1347 1108; x_wconf 85' lang='lat' dir='ltr'><strong>luerit.</strong></span> <span class='ocrx_word' id='word_1_139' title='bbox 1376 1051 1464 1108; x_wconf 92' lang='lat' dir='ltr'><strong>Porro</strong></span> <span class='ocrx_word' id='word_1_140' title='bbox 1479 1051 1636 1108; x_wconf 90' lang='lat' dir='ltr'><strong>liberorum</strong></span> <span class='ocrx_word' id='word_1_141' title='bbox 1662 1065 1753 1108; x_wconf 89' lang='lat' dir='ltr'><strong>causa</strong></span> <span class='ocrx_word' id='word_1_142' title='bbox 1776 1051 1876 1109; x_wconf 85' lang='lat' dir='ltr'><strong>ducere</strong></span> 
     </span>
     <span class='ocr_line' id='line_1_11' title="bbox 129 1136 1874 1215; baseline -0.002 -17"><span class='ocrx_word' id='word_1_143' title='bbox 129 1163 145 1198; x_wconf 79' lang='grc' dir='ltr'><strong>ι</strong></span> <span class='ocrx_word' id='word_1_144' title='bbox 165 1143 214 1201; x_wconf 89' lang='lat' dir='ltr'><strong>sed</strong></span> <span class='ocrx_word' id='word_1_145' title='bbox 229 1142 444 1215; x_wconf 90' lang='lat' dir='ltr'><strong>qualiscunque</strong></span> <span class='ocrx_word' id='word_1_146' title='bbox 455 1140 613 1208; x_wconf 90' lang='lat' dir='ltr'><strong>obvenerit,</strong></span> <span class='ocrx_word' id='word_1_147' title='bbox 640 1138 784 1195; x_wconf 90' lang='lat' dir='ltr'><strong>habenda.</strong></span> <span class='ocrx_word' id='word_1_148' title='bbox 809 1136 837 1194; x_wconf 91' lang='lat' dir='ltr'><strong>Si</strong></span> <span class='ocrx_word' id='word_1_149' title='bbox 862 1138 977 1194; x_wconf 89' lang='lat' dir='ltr'><strong>iracun·</strong></span> <span class='ocrx_word' id='word_1_150' title='bbox 1033 1154 1193 1209; x_wconf 72' lang='lat' dir='ltr'><strong>sonorem,</strong></span> <span class='ocrx_word' id='word_1_151' title='bbox 1223 1148 1254 1197; x_wconf 94' lang='lat' dir='ltr'><strong>ut</strong></span> <span class='ocrx_word' id='word_1_152' title='bbox 1269 1140 1312 1196; x_wconf 89' lang='lat' dir='ltr'><strong>vel</strong></span> <span class='ocrx_word' id='word_1_153' title='bbox 1336 1154 1441 1196; x_wconf 91' lang='lat' dir='ltr'><strong>nomen</strong></span> <span class='ocrx_word' id='word_1_154' title='bbox 1464 1147 1594 1197; x_wconf 90' lang='lat' dir='ltr'><strong>nostrum</strong></span> <span class='ocrx_word' id='word_1_155' title='bbox 1611 1153 1669 1195; x_wconf 90' lang='lat' dir='ltr'><strong>non</strong></span> <span class='ocrx_word' id='word_1_156' title='bbox 1690 1140 1826 1209; x_wconf 90' lang='lat' dir='ltr'><strong>intereat,</strong></span> <span class='ocrx_word' id='word_1_157' title='bbox 1836 1139 1874 1195; x_wconf 83' lang='lat' dir='ltr'><strong>rel</strong></span> 
     </span>
     <span class='ocr_line' id='line_1_12' title="bbox 131 1225 1876 1300; baseline -0.001 -18"><span class='ocrx_word' id='word_1_158' title='bbox 131 1231 212 1299; x_wconf 63' lang='lat' dir='ltr'><strong>eda,</strong></span> <span class='ocrx_word' id='word_1_159' title='bbox 238 1230 263 1287; x_wconf 92' lang='lat' dir='ltr'><strong>si</strong></span> <span class='ocrx_word' id='word_1_160' title='bbox 293 1231 385 1300; x_wconf 88' lang='lat' dir='ltr'><strong>latua,</strong></span> <span class='ocrx_word' id='word_1_161' title='bbox 407 1229 431 1286; x_wconf 94' lang='lat' dir='ltr'><strong>si</strong></span> <span class='ocrx_word' id='word_1_162' title='bbox 450 1227 595 1296; x_wconf 92' lang='lat' dir='ltr'><strong>delcrmis,</strong></span> <span class='ocrx_word' id='word_1_163' title='bbox 619 1227 644 1284; x_wconf 93' lang='lat' dir='ltr'><strong>si</strong></span> <span class='ocrx_word' id='word_1_164' title='bbox 672 1225 797 1297; x_wconf 88' lang='lat' dir='ltr'><strong>superba</strong></span> <span class='ocrx_word' id='word_1_165' title='bbox 820 1225 844 1281; x_wconf 91' lang='lat' dir='ltr'><strong>si</strong></span> <span class='ocrx_word' id='word_1_166' title='bbox 867 1225 974 1294; x_wconf 87' lang='lat' dir='ltr'><strong>ictida;</strong></span> <span class='ocrx_word' id='word_1_167' title='bbox 1031 1229 1224 1286; x_wconf 75' lang='lat' dir='ltr'><strong>»habeamus</strong></span> <span class='ocrx_word' id='word_1_168' title='bbox 1266 1229 1419 1285; x_wconf 86' lang='lat' dir='ltr'><strong>senectutis</strong></span> <span class='ocrx_word' id='word_1_169' title='bbox 1458 1228 1599 1299; x_wconf 84' lang='lat' dir='ltr'><strong>praesidia,</strong></span> <span class='ocrx_word' id='word_1_170' title='bbox 1625 1236 1654 1285; x_wconf 90' lang='lat' dir='ltr'><strong>et</strong></span> <span class='ocrx_word' id='word_1_171' title='bbox 1675 1229 1792 1285; x_wconf 90' lang='lat' dir='ltr'><strong>cunctis</strong></span> <span class='ocrx_word' id='word_1_172' title='bbox 1827 1227 1876 1300; x_wconf 74' lang='grc'><strong>(59)</strong></span> 
     </span>
     <span class='ocr_line' id='line_1_13' title="bbox 131 1314 1873 1391; baseline 0.001 -20"><span class='ocrx_word' id='word_1_173' title='bbox 131 1319 362 1391; x_wconf 80' lang='lat' dir='ltr'><strong>»quodcunque</strong></span> <span class='ocrx_word' id='word_1_174' title='bbox 397 1317 460 1376; x_wconf 82' lang='lat' dir='ltr'><strong>vitii</strong></span> <span class='ocrx_word' id='word_1_175' title='bbox 498 1324 549 1387; x_wconf 91' lang='lat' dir='ltr'><strong>est,</strong></span> <span class='ocrx_word' id='word_1_176' title='bbox 588 1322 650 1387; x_wconf 86' lang='lat' dir='ltr'><strong>post</strong></span> <span class='ocrx_word' id='word_1_177' title='bbox 682 1314 799 1386; x_wconf 89' lang='lat' dir='ltr'><strong>nuptias</strong></span> <span class='ocrx_word' id='word_1_178' title='bbox 826 1314 974 1371; x_wconf 81' lang='lat' dir='ltr'><strong>discimus.</strong></span> <span class='ocrx_word' id='word_1_179' title='bbox 1029 1325 1187 1374; x_wconf 74' lang='lat' dir='ltr'><strong>»utamur</strong></span> <span class='ocrx_word' id='word_1_180' title='bbox 1201 1317 1377 1387; x_wconf 71' lang='lat' dir='ltr'><strong>haeredibus,</strong></span> <span class='ocrx_word' id='word_1_181' title='bbox 1401 1316 1617 1374; x_wconf 87' lang='lat' dir='ltr'><strong>stolidissimum</strong></span> <span class='ocrx_word' id='word_1_182' title='bbox 1633 1324 1684 1375; x_wconf 91' lang='lat' dir='ltr'><strong>est.</strong></span> <span class='ocrx_word' id='word_1_183' title='bbox 1712 1316 1873 1382; x_wconf 83' lang='lat' dir='ltr'><strong>Onideoiu</strong></span> 
     </span>
     <span class='ocr_line' id='line_1_14' title="bbox 128 1403 1873 1480; baseline 0.001 -21"><span class='ocrx_word' id='word_1_184' title='bbox 128 1428 144 1459; x_wconf 75' lang='lat' dir='ltr'><strong>s</strong></span> <span class='ocrx_word' id='word_1_185' title='bbox 164 1407 278 1480; x_wconf 81' lang='lat' dir='ltr'><strong>Equus,</strong></span> <span class='ocrx_word' id='word_1_186' title='bbox 294 1408 403 1476; x_wconf 87' lang='lat' dir='ltr'><strong>asinus,</strong></span> <span class='ocrx_word' id='word_1_187' title='bbox 419 1406 480 1476; x_wconf 90' lang='lat' dir='ltr'><strong>bos,</strong></span> <span class='ocrx_word' id='word_1_188' title='bbox 494 1406 584 1474; x_wconf 89' lang='lat' dir='ltr'><strong>canis,</strong></span> <span class='ocrx_word' id='word_1_189' title='bbox 608 1411 636 1462; x_wconf 91' lang='lat' dir='ltr'><strong>et</strong></span> <span class='ocrx_word' id='word_1_190' title='bbox 661 1403 802 1460; x_wconf 80' lang='lat' dir='ltr'><strong>vilissima</strong></span> <span class='ocrx_word' id='word_1_191' title='bbox 832 1405 977 1474; x_wconf 89' lang='lat' dir='ltr'><strong>mancipia</strong></span> <span class='ocrx_word' id='word_1_192' title='bbox 1031 1429 1046 1458; x_wconf 83' lang='lat'><strong>»</strong></span> <span class='ocrx_word' id='word_1_193' title='bbox 1066 1407 1102 1461; x_wconf 86' lang='lat' dir='ltr'><strong>ad</strong></span> <span class='ocrx_word' id='word_1_194' title='bbox 1129 1421 1180 1463; x_wconf 93' lang='lat' dir='ltr'><strong>nos</strong></span> <span class='ocrx_word' id='word_1_195' title='bbox 1204 1408 1333 1479; x_wconf 87' lang='lat' dir='ltr'><strong>pertinet·</strong></span> <span class='ocrx_word' id='word_1_196' title='bbox 1351 1406 1544 1463; x_wconf 89' lang='lat' dir='ltr'><strong>recedentese</strong></span> <span class='ocrx_word' id='word_1_197' title='bbox 1564 1406 1684 1472; x_wconf 92' lang='lat' dir='ltr'><strong>mundo,</strong></span> <span class='ocrx_word' id='word_1_198' title='bbox 1713 1405 1739 1461; x_wconf 92' lang='lat' dir='ltr'><strong>si</strong></span> <span class='ocrx_word' id='word_1_199' title='bbox 1764 1405 1873 1462; x_wconf 92' lang='lat' dir='ltr'><strong>nomine</strong></span> 
     </span>
     <span class='ocr_line' id='line_1_15' title="bbox 130 1493 1872 1568; baseline -0.001 -16"><span class='ocrx_word' id='word_1_200' title='bbox 130 1515 145 1545; x_wconf 71' lang='grc' dir='ltr'><strong>υ</strong></span> <span class='ocrx_word' id='word_1_201' title='bbox 165 1494 327 1568; x_wconf 89' lang='lat' dir='ltr'><strong>probantur</strong></span> <span class='ocrx_word' id='word_1_202' title='bbox 351 1495 432 1567; x_wconf 88' lang='lat' dir='ltr'><strong>prins</strong></span> <span class='ocrx_word' id='word_1_203' title='bbox 456 1501 483 1551; x_wconf 93' lang='lat' dir='ltr'><strong>et</strong></span> <span class='ocrx_word' id='word_1_204' title='bbox 506 1494 547 1550; x_wconf 91' lang='lat' dir='ltr'><strong>sic</strong></span> <span class='ocrx_word' id='word_1_205' title='bbox 572 1501 720 1561; x_wconf 90' lang='lat' dir='ltr'><strong>emuntur,</strong></span> <span class='ocrx_word' id='word_1_206' title='bbox 742 1493 803 1549; x_wconf 90' lang='lat' dir='ltr'><strong>sola</strong></span> <span class='ocrx_word' id='word_1_207' title='bbox 826 1505 903 1550; x_wconf 84' lang='lat' dir='ltr'><strong>uxor</strong></span> <span class='ocrx_word' id='word_1_208' title='bbox 916 1508 975 1550; x_wconf 90' lang='lat' dir='ltr'><strong>non</strong></span> <span class='ocrx_word' id='word_1_209' title='bbox 1030 1514 1045 1543; x_wconf 77' lang='lat' dir='ltr'><strong>u</strong></span> <span class='ocrx_word' id='word_1_210' title='bbox 1065 1502 1162 1552; x_wconf 90' lang='lat' dir='ltr'><strong>nostro</strong></span> <span class='ocrx_word' id='word_1_211' title='bbox 1177 1494 1254 1552; x_wconf 86' lang='lat' dir='ltr'><strong>altus</strong></span> <span class='ocrx_word' id='word_1_212' title='bbox 1283 1502 1485 1563; x_wconf 85' lang='lat' dir='ltr'><strong>convocetur,</strong></span> <span class='ocrx_word' id='word_1_213' title='bbox 1507 1501 1615 1551; x_wconf 87' lang='lat' dir='ltr'><strong>cumet</strong></span> <span class='ocrx_word' id='word_1_214' title='bbox 1639 1493 1718 1551; x_wconf 83' lang='lat' dir='ltr'><strong>filius</strong></span> <span class='ocrx_word' id='word_1_215' title='bbox 1745 1509 1806 1551; x_wconf 90' lang='lat' dir='ltr'><strong>non</strong></span> <span class='ocrx_word' id='word_1_216' title='bbox 1821 1501 1872 1551; x_wconf 82' lang='lat' dir='ltr'><strong>sta·</strong></span> 
     </span>
     <span class='ocr_line' id='line_1_16' title="bbox 129 1580 1871 1653; baseline -0.002 -10"><span class='ocrx_word' id='word_1_217' title='bbox 129 1603 145 1634; x_wconf 74' lang='grc' dir='ltr'><strong>ι·</strong></span> <span class='ocrx_word' id='word_1_218' title='bbox 164 1584 336 1653; x_wconf 89' lang='lat' dir='ltr'><strong>ostenditur,</strong></span> <span class='ocrx_word' id='word_1_219' title='bbox 371 1598 408 1641; x_wconf 90' lang='lat' dir='ltr'><strong>ne</strong></span> <span class='ocrx_word' id='word_1_220' title='bbox 445 1590 511 1640; x_wconf 89' lang='lat' dir='ltr'><strong>aute</strong></span> <span class='ocrx_word' id='word_1_221' title='bbox 539 1580 686 1651; x_wconf 81' lang='lat' dir='ltr'><strong>displiceat</strong></span> <span class='ocrx_word' id='word_1_222' title='bbox 717 1595 806 1652; x_wconf 89' lang='lat' dir='ltr'><strong>quam</strong></span> <span class='ocrx_word' id='word_1_223' title='bbox 838 1581 972 1638; x_wconf 87' lang='lat' dir='ltr'><strong>ducatur.</strong></span> <span class='ocrx_word' id='word_1_224' title='bbox 1032 1583 1117 1638; x_wconf 84' lang='lat' dir='ltr'><strong>»tim</strong></span> <span class='ocrx_word' id='word_1_225' title='bbox 1142 1584 1232 1653; x_wconf 88' lang='lat' dir='ltr'><strong>patris</strong></span> <span class='ocrx_word' id='word_1_226' title='bbox 1254 1582 1429 1641; x_wconf 87' lang='lat' dir='ltr'><strong>vocabulum</strong></span> <span class='ocrx_word' id='word_1_227' title='bbox 1458 1583 1572 1651; x_wconf 79' lang='lat' dir='ltr'><strong>celerat,</strong></span> <span class='ocrx_word' id='word_1_228' title='bbox 1602 1587 1630 1639; x_wconf 87' lang='lat' dir='ltr'><strong>et</strong></span> <span class='ocrx_word' id='word_1_229' title='bbox 1652 1582 1871 1640; x_wconf 88' lang='lat' dir='ltr'><strong>innumerabiles</strong></span> 
     </span>
     <span class='ocr_line' id='line_1_17' title="bbox 131 1669 1870 1745; baseline -0.001 -15"><span class='ocrx_word' id='word_1_230' title='bbox 131 1671 348 1730; x_wconf 75' lang='lat' dir='ltr'><strong>»Attendenda</strong></span> <span class='ocrx_word' id='word_1_231' title='bbox 369 1686 483 1744; x_wconf 89' lang='lat' dir='ltr'><strong>sempor</strong></span> <span class='ocrx_word' id='word_1_232' title='bbox 507 1678 549 1729; x_wconf 90' lang='lat' dir='ltr'><strong>est</strong></span> <span class='ocrx_word' id='word_1_233' title='bbox 577 1672 642 1742; x_wconf 90' lang='lat' dir='ltr'><strong>ejus</strong></span> <span class='ocrx_word' id='word_1_234' title='bbox 657 1671 753 1737; x_wconf 83' lang='lat' dir='ltr'><strong>lactes,</strong></span> <span class='ocrx_word' id='word_1_235' title='bbox 771 1679 798 1728; x_wconf 88' lang='lat' dir='ltr'><strong>et</strong></span> <span class='ocrx_word' id='word_1_236' title='bbox 813 1669 975 1742; x_wconf 90' lang='lat' dir='ltr'><strong>pulchritu·</strong></span> <span class='ocrx_word' id='word_1_237' title='bbox 1034 1692 1044 1721; x_wconf 77' lang='grc' dir='ltr'><strong>ι</strong></span> <span class='ocrx_word' id='word_1_238' title='bbox 1066 1671 1124 1728; x_wconf 85' lang='lat' dir='ltr'><strong>sint</strong></span> <span class='ocrx_word' id='word_1_239' title='bbox 1148 1673 1199 1743; x_wconf 91' lang='lat' dir='ltr'><strong>qui</strong></span> <span class='ocrx_word' id='word_1_240' title='bbox 1227 1673 1326 1730; x_wconf 88' lang='lat' dir='ltr'><strong>eodem</strong></span> <span class='ocrx_word' id='word_1_241' title='bbox 1355 1672 1538 1744; x_wconf 86' lang='lat' dir='ltr'><strong>appellantur</strong></span> <span class='ocrx_word' id='word_1_242' title='bbox 1569 1672 1687 1729; x_wconf 90' lang='lat' dir='ltr'><strong>nomine</strong></span> <span class='ocrx_word' id='word_1_243' title='bbox 1701 1673 1717 1727; x_wconf 81' lang='lat' dir='ltr'><strong>i</strong></span> <span class='ocrx_word' id='word_1_244' title='bbox 1731 1674 1792 1730; x_wconf 81' lang='lat' dir='ltr'><strong>Aut</strong></span> <span class='ocrx_word' id='word_1_245' title='bbox 1814 1686 1870 1745; x_wconf 82' lang='lat' dir='ltr'><strong>qne</strong></span> 
     </span>
     <span class='ocr_line' id='line_1_18' title="bbox 129 1760 1867 1835; baseline 0.001 -18"><span class='ocrx_word' id='word_1_246' title='bbox 129 1761 201 1818; x_wconf 81' lang='lat' dir='ltr'><strong>»dc</strong></span> <span class='ocrx_word' id='word_1_247' title='bbox 216 1760 384 1833; x_wconf 81' lang='lat' dir='ltr'><strong>laudanda3</strong></span> <span class='ocrx_word' id='word_1_248' title='bbox 404 1776 440 1819; x_wconf 90' lang='lat' dir='ltr'><strong>ne</strong></span> <span class='ocrx_word' id='word_1_249' title='bbox 462 1761 486 1818; x_wconf 87' lang='lat' dir='ltr'><strong>si</strong></span> <span class='ocrx_word' id='word_1_250' title='bbox 510 1760 629 1818; x_wconf 88' lang='lat' dir='ltr'><strong>alteram</strong></span> <span class='ocrx_word' id='word_1_251' title='bbox 661 1760 816 1831; x_wconf 84' lang='lat' dir='ltr'><strong>aspexeris,</strong></span> <span class='ocrx_word' id='word_1_252' title='bbox 845 1774 875 1816; x_wconf 90' lang='lat' dir='ltr'><strong>se</strong></span> <span class='ocrx_word' id='word_1_253' title='bbox 897 1761 974 1817; x_wconf 81' lang='lat' dir='ltr'><strong>aestl-</strong></span> <span class='ocrx_word' id='word_1_254' title='bbox 1031 1761 1220 1818; x_wconf 81' lang='lat' dir='ltr'><strong>»senectutis</strong></span> <span class='ocrx_word' id='word_1_255' title='bbox 1243 1762 1355 1819; x_wconf 84' lang='lat' dir='ltr'><strong>auxilia</strong></span> <span class='ocrx_word' id='word_1_256' title='bbox 1383 1770 1461 1830; x_wconf 90' lang='lat' dir='ltr'><strong>suut,</strong></span> <span class='ocrx_word' id='word_1_257' title='bbox 1486 1763 1600 1820; x_wconf 87' lang='lat' dir='ltr'><strong>nutrire</strong></span> <span class='ocrx_word' id='word_1_258' title='bbox 1623 1761 1714 1830; x_wconf 91' lang='lat' dir='ltr'><strong>domi,</strong></span> <span class='ocrx_word' id='word_1_259' title='bbox 1742 1763 1798 1835; x_wconf 93' lang='lat' dir='ltr'><strong>qui</strong></span> <span class='ocrx_word' id='word_1_260' title='bbox 1825 1769 1867 1819; x_wconf 88' lang='lat' dir='ltr'><strong>aut</strong></span> 
     </span>
     <span class='ocr_line' id='line_1_19' title="bbox 128 1848 1870 1923; baseline 0 -15"><span class='ocrx_word' id='word_1_261' title='bbox 128 1871 145 1901; x_wconf 69' lang='grc' dir='ltr'><strong>ι»</strong></span> <span class='ocrx_word' id='word_1_262' title='bbox 163 1858 221 1909; x_wconf 90' lang='lat' dir='ltr'><strong>met</strong></span> <span class='ocrx_word' id='word_1_263' title='bbox 235 1850 396 1922; x_wconf 88' lang='lat' dir='ltr'><strong>displicere,</strong></span> <span class='ocrx_word' id='word_1_264' title='bbox 412 1850 541 1907; x_wconf 89' lang='lat' dir='ltr'><strong>vocanda</strong></span> <span class='ocrx_word' id='word_1_265' title='bbox 555 1849 682 1917; x_wconf 91' lang='lat' dir='ltr'><strong>domina,</strong></span> <span class='ocrx_word' id='word_1_266' title='bbox 709 1848 900 1907; x_wconf 86' lang='lat' dir='ltr'><strong>celebrandos</strong></span> <span class='ocrx_word' id='word_1_267' title='bbox 922 1863 975 1905; x_wconf 91' lang='lat' dir='ltr'><strong>na·</strong></span> <span class='ocrx_word' id='word_1_268' title='bbox 1032 1856 1093 1906; x_wconf 76' lang='lat' dir='ltr'><strong>»te</strong></span> <span class='ocrx_word' id='word_1_269' title='bbox 1125 1851 1204 1921; x_wconf 92' lang='lat' dir='ltr'><strong>prior</strong></span> <span class='ocrx_word' id='word_1_270' title='bbox 1223 1850 1296 1909; x_wconf 84' lang='lat' dir='ltr'><strong>lorte</strong></span> <span class='ocrx_word' id='word_1_271' title='bbox 1327 1852 1481 1920; x_wconf 87' lang='lat' dir='ltr'><strong>moriatur,</strong></span> <span class='ocrx_word' id='word_1_272' title='bbox 1501 1860 1551 1909; x_wconf 91' lang='lat' dir='ltr'><strong>aut</strong></span> <span class='ocrx_word' id='word_1_273' title='bbox 1579 1853 1724 1923; x_wconf 85' lang='lat' dir='ltr'><strong>perversis</strong></span> <span class='ocrx_word' id='word_1_274' title='bbox 1747 1851 1870 1910; x_wconf 85' lang='lat' dir='ltr'><strong>moribus</strong></span> 
     </span>
     <span class='ocr_line' id='line_1_20' title="bbox 128 1937 1868 2014; baseline 0.001 -18"><span class='ocrx_word' id='word_1_275' title='bbox 128 1938 230 1997; x_wconf 82' lang='lat' dir='ltr'><strong>»talis</strong></span> <span class='ocrx_word' id='word_1_276' title='bbox 257 1938 331 2010; x_wconf 85' lang='lat' dir='ltr'><strong>ejus,</strong></span> <span class='ocrx_word' id='word_1_277' title='bbox 362 1939 524 2011; x_wconf 85' lang='lat' dir='ltr'><strong>jurandum</strong></span> <span class='ocrx_word' id='word_1_278' title='bbox 544 1952 595 2011; x_wconf 88' lang='lat' dir='ltr'><strong>per</strong></span> <span class='ocrx_word' id='word_1_279' title='bbox 622 1937 746 1995; x_wconf 80' lang='lat' dir='ltr'><strong>salutem</strong></span> <span class='ocrx_word' id='word_1_280' title='bbox 774 1937 862 2006; x_wconf 93' lang='lat' dir='ltr'><strong>illius,</strong></span> <span class='ocrx_word' id='word_1_281' title='bbox 883 1945 915 1995; x_wconf 93' lang='lat' dir='ltr'><strong>ut</strong></span> <span class='ocrx_word' id='word_1_282' title='bbox 939 1938 975 1994; x_wconf 90' lang='lat' dir='ltr'><strong>sit</strong></span> <span class='ocrx_word' id='word_1_283' title='bbox 1031 1938 1102 1994; x_wconf 74' lang='lat' dir='ltr'><strong>»sit</strong></span> <span class='ocrx_word' id='word_1_284' title='bbox 1122 1947 1174 1996; x_wconf 91' lang='lat' dir='ltr'><strong>aut</strong></span> <span class='ocrx_word' id='word_1_285' title='bbox 1197 1948 1273 1996; x_wconf 86' lang='lat' dir='ltr'><strong>certo</strong></span> <span class='ocrx_word' id='word_1_286' title='bbox 1297 1940 1414 1997; x_wconf 90' lang='lat' dir='ltr'><strong>cumad</strong></span> <span class='ocrx_word' id='word_1_287' title='bbox 1431 1947 1575 1997; x_wconf 90' lang='lat' dir='ltr'><strong>maturam</strong></span> <span class='ocrx_word' id='word_1_288' title='bbox 1598 1948 1711 1999; x_wconf 76' lang='lat' dir='ltr'><strong>aetamm</strong></span> <span class='ocrx_word' id='word_1_289' title='bbox 1737 1955 1868 2014; x_wconf 78' lang='lat' dir='ltr'><strong>perrone</strong></span> 
     </span>
     <span class='ocr_line' id='line_1_21' title="bbox 128 2027 1869 2101; baseline 0.002 -17"><span class='ocrx_word' id='word_1_290' title='bbox 128 2036 304 2101; x_wconf 77' lang='lat' dir='ltr'><strong>»superstes</strong></span> <span class='ocrx_word' id='word_1_291' title='bbox 330 2029 499 2100; x_wconf 89' lang='lat' dir='ltr'><strong>optandum,</strong></span> <span class='ocrx_word' id='word_1_292' title='bbox 528 2027 698 2085; x_wconf 89' lang='lat' dir='ltr'><strong>honoranda</strong></span> <span class='ocrx_word' id='word_1_293' title='bbox 723 2028 826 2084; x_wconf 84' lang='lat' dir='ltr'><strong>nutrix</strong></span> <span class='ocrx_word' id='word_1_294' title='bbox 853 2028 923 2098; x_wconf 83' lang='lat' dir='ltr'><strong>ejus,</strong></span> <span class='ocrx_word' id='word_1_295' title='bbox 947 2033 975 2084; x_wconf 92' lang='lat' dir='ltr'><strong>et</strong></span> <span class='ocrx_word' id='word_1_296' title='bbox 1029 2048 1044 2079; x_wconf 85' lang='lat'>»</span> <span class='ocrx_word' id='word_1_297' title='bbox 1060 2027 1108 2097; x_wconf 91' lang='lat' dir='ltr'><strong>rit,</strong></span> <span class='ocrx_word' id='word_1_298' title='bbox 1133 2028 1214 2085; x_wconf 89' lang='lat' dir='ltr'><strong>tarde</strong></span> <span class='ocrx_word' id='word_1_299' title='bbox 1233 2030 1259 2085; x_wconf 91' lang='lat' dir='ltr'><strong>ei</strong></span> <span class='ocrx_word' id='word_1_300' title='bbox 1275 2029 1400 2086; x_wconf 89' lang='lat' dir='ltr'><strong>videaris</strong></span> <span class='ocrx_word' id='word_1_301' title='bbox 1422 2029 1517 2086; x_wconf 81' lang='lat' dir='ltr'><strong>mori?</strong></span> <span class='ocrx_word' id='word_1_302' title='bbox 1534 2030 1667 2087; x_wconf 83' lang='lat' dir='ltr'><strong>Haeredes</strong></span> <span class='ocrx_word' id='word_1_303' title='bbox 1695 2037 1795 2087; x_wconf 89' lang='lat' dir='ltr'><strong>autem</strong></span> <span class='ocrx_word' id='word_1_304' title='bbox 1816 2044 1869 2087; x_wconf 88' lang='lat' dir='ltr'><strong>rne-</strong></span> 
     </span>
     <span class='ocr_line' id='line_1_22' title="bbox 128 2114 1869 2191; baseline 0 -16"><span class='ocrx_word' id='word_1_305' title='bbox 128 2137 145 2168; x_wconf 75' lang='lat' dir='ltr'><strong>n</strong></span> <span class='ocrx_word' id='word_1_306' title='bbox 160 2117 301 2190; x_wconf 86' lang='lat' dir='ltr'><strong>gericula,</strong></span> <span class='ocrx_word' id='word_1_307' title='bbox 317 2132 417 2176; x_wconf 88' lang='lat' dir='ltr'><strong>servus</strong></span> <span class='ocrx_word' id='word_1_308' title='bbox 438 2125 587 2189; x_wconf 89' lang='lat' dir='ltr'><strong>paternos,</strong></span> <span class='ocrx_word' id='word_1_309' title='bbox 614 2124 642 2173; x_wconf 91' lang='lat' dir='ltr'><strong>et</strong></span> <span class='ocrx_word' id='word_1_310' title='bbox 661 2114 810 2182; x_wconf 89' lang='lat' dir='ltr'><strong>alumnus,</strong></span> <span class='ocrx_word' id='word_1_311' title='bbox 824 2123 852 2172; x_wconf 92' lang='lat' dir='ltr'><strong>et</strong></span> <span class='ocrx_word' id='word_1_312' title='bbox 868 2115 974 2173; x_wconf 87' lang='lat' dir='ltr'><strong>lormo·</strong></span> <span class='ocrx_word' id='word_1_313' title='bbox 1030 2137 1044 2166; x_wconf 78' lang='lat' dir='ltr'><strong>s</strong></span> <span class='ocrx_word' id='word_1_314' title='bbox 1060 2115 1146 2173; x_wconf 91' lang='lat' dir='ltr'><strong>liores</strong></span> <span class='ocrx_word' id='word_1_315' title='bbox 1160 2124 1187 2173; x_wconf 93' lang='lat' dir='ltr'><strong>et</strong></span> <span class='ocrx_word' id='word_1_316' title='bbox 1199 2117 1333 2174; x_wconf 85' lang='lat' dir='ltr'><strong>certiores</strong></span> <span class='ocrx_word' id='word_1_317' title='bbox 1354 2125 1421 2175; x_wconf 88' lang='lat' dir='ltr'><strong>sunt</strong></span> <span class='ocrx_word' id='word_1_318' title='bbox 1448 2118 1536 2175; x_wconf 91' lang='lat' dir='ltr'><strong>amici</strong></span> <span class='ocrx_word' id='word_1_319' title='bbox 1559 2125 1587 2176; x_wconf 91' lang='lat' dir='ltr'><strong>et</strong></span> <span class='ocrx_word' id='word_1_320' title='bbox 1613 2118 1785 2190; x_wconf 91' lang='lat' dir='ltr'><strong>propinqui,</strong></span> <span class='ocrx_word' id='word_1_321' title='bbox 1805 2133 1869 2191; x_wconf 91' lang='lat' dir='ltr'><strong>quos</strong></span> 
     </span>
     <span class='ocr_line' id='line_1_23' title="bbox 131 2203 1869 2278; baseline 0.005 -22"><span class='ocrx_word' id='word_1_322' title='bbox 131 2219 211 2262; x_wconf 74' lang='lat' dir='ltr'><strong>»sus</strong></span> <span class='ocrx_word' id='word_1_323' title='bbox 233 2205 352 2276; x_wconf 89' lang='lat' dir='ltr'><strong>assecla,</strong></span> <span class='ocrx_word' id='word_1_324' title='bbox 387 2213 415 2263; x_wconf 93' lang='lat' dir='ltr'><strong>et</strong></span> <span class='ocrx_word' id='word_1_325' title='bbox 439 2212 611 2278; x_wconf 89' lang='lat' dir='ltr'><strong>procurator</strong></span> <span class='ocrx_word' id='word_1_326' title='bbox 638 2203 860 2271; x_wconf 84' lang='lat' dir='ltr'><strong>calamistratus,</strong></span> <span class='ocrx_word' id='word_1_327' title='bbox 888 2210 915 2261; x_wconf 91' lang='lat' dir='ltr'><strong>et</strong></span> <span class='ocrx_word' id='word_1_328' title='bbox 943 2203 974 2260; x_wconf 91' lang='lat' dir='ltr'><strong>in</strong></span> <span class='ocrx_word' id='word_1_329' title='bbox 1029 2224 1044 2255; x_wconf 74' lang='lat' dir='ltr'><strong>s</strong></span> <span class='ocrx_word' id='word_1_330' title='bbox 1065 2205 1174 2276; x_wconf 84' lang='lat' dir='ltr'><strong>judicio</strong></span> <span class='ocrx_word' id='word_1_331' title='bbox 1189 2206 1289 2278; x_wconf 85' lang='lat' dir='ltr'><strong>eligas,</strong></span> <span class='ocrx_word' id='word_1_332' title='bbox 1314 2221 1404 2278; x_wconf 88' lang='lat' dir='ltr'><strong>quam</strong></span> <span class='ocrx_word' id='word_1_333' title='bbox 1428 2222 1502 2278; x_wconf 93' lang='lat' dir='ltr'><strong>quos</strong></span> <span class='ocrx_word' id='word_1_334' title='bbox 1523 2208 1595 2265; x_wconf 81' lang='lat' dir='ltr'><strong>velis</strong></span> <span class='ocrx_word' id='word_1_335' title='bbox 1619 2208 1693 2266; x_wconf 91' lang='lat' dir='ltr'><strong>nolis</strong></span> <span class='ocrx_word' id='word_1_336' title='bbox 1706 2208 1815 2266; x_wconf 79' lang='lat' dir='ltr'><strong>habere</strong></span> <span class='ocrx_word' id='word_1_337' title='bbox 1832 2222 1869 2264; x_wconf 82' lang='lat' dir='ltr'><strong>co</strong></span> 
     </span>
     <span class='ocr_line' id='line_1_24' title="bbox 128 2292 1868 2368; baseline 0.003 -19"><span class='ocrx_word' id='word_1_338' title='bbox 128 2312 144 2343; x_wconf 86' lang='lat'><strong>»</strong></span> <span class='ocrx_word' id='word_1_339' title='bbox 158 2292 277 2364; x_wconf 91' lang='lat' dir='ltr'><strong>longam</strong></span> <span class='ocrx_word' id='word_1_340' title='bbox 288 2307 481 2366; x_wconf 87' lang='lat' dir='ltr'><strong>securamque</strong></span> <span class='ocrx_word' id='word_1_341' title='bbox 492 2292 645 2350; x_wconf 91' lang='lat' dir='ltr'><strong>libidinem</strong></span> <span class='ocrx_word' id='word_1_342' title='bbox 654 2300 787 2348; x_wconf 83' lang='lat' dir='ltr'><strong>exsectus</strong></span> <span class='ocrx_word' id='word_1_343' title='bbox 797 2292 973 2364; x_wconf 88' lang='lat' dir='ltr'><strong>spado:sub</strong></span> <span class='ocrx_word' id='word_1_344' title='bbox 1029 2314 1044 2344; x_wconf 77' lang='grc' dir='ltr'><strong>κ</strong></span> <span class='ocrx_word' id='word_1_345' title='bbox 1064 2294 1161 2365; x_wconf 87' lang='lat' dir='ltr'><strong>garis;</strong></span> <span class='ocrx_word' id='word_1_346' title='bbox 1176 2293 1240 2352; x_wconf 91' lang='lat' dir='ltr'><strong>licet</strong></span> <span class='ocrx_word' id='word_1_347' title='bbox 1264 2303 1340 2352; x_wconf 89' lang='lat' dir='ltr'><strong>serta</strong></span> <span class='ocrx_word' id='word_1_348' title='bbox 1374 2297 1500 2368; x_wconf 80' lang='lat' dir='ltr'><strong>[certior]</strong></span> <span class='ocrx_word' id='word_1_349' title='bbox 1535 2297 1689 2355; x_wconf 79' lang='lat' dir='ltr'><strong>hereditas</strong></span> <span class='ocrx_word' id='word_1_350' title='bbox 1724 2299 1772 2367; x_wconf 89' lang='lat' dir='ltr'><strong>sit,</strong></span> <span class='ocrx_word' id='word_1_351' title='bbox 1806 2296 1868 2355; x_wconf 91' lang='lat' dir='ltr'><strong>dnn</strong></span> 
     </span>
     <span class='ocr_line' id='line_1_25' title="bbox 128 2379 1866 2459; baseline 0.006 -25"><span class='ocrx_word' id='word_1_352' title='bbox 128 2403 144 2434; x_wconf 76' lang='lat' dir='ltr'><strong>s</strong></span> <span class='ocrx_word' id='word_1_353' title='bbox 163 2380 273 2454; x_wconf 92' lang='lat' dir='ltr'><strong>quibus</strong></span> <span class='ocrx_word' id='word_1_354' title='bbox 287 2382 455 2439; x_wconf 90' lang='lat' dir='ltr'><strong>nominibus</strong></span> <span class='ocrx_word' id='word_1_355' title='bbox 475 2379 599 2438; x_wconf 85' lang='lat' dir='ltr'><strong>adulteri</strong></span> <span class='ocrx_word' id='word_1_356' title='bbox 613 2379 779 2451; x_wconf 90' lang='lat' dir='ltr'><strong>[adulteria]</strong></span> <span class='ocrx_word' id='word_1_357' title='bbox 791 2379 971 2438; x_wconf 90' lang='lat' dir='ltr'><strong>delitescunt.</strong></span> <span class='ocrx_word' id='word_1_358' title='bbox 1028 2403 1043 2434; x_wconf 85' lang='lat'>»</span> <span class='ocrx_word' id='word_1_359' title='bbox 1063 2383 1175 2440; x_wconf 79' lang='lat' dir='ltr'><strong>advivis</strong></span> <span class='ocrx_word' id='word_1_360' title='bbox 1191 2385 1262 2441; x_wconf 91' lang='lat' dir='ltr'><strong>bene</strong></span> <span class='ocrx_word' id='word_1_361' title='bbox 1281 2386 1324 2442; x_wconf 92' lang='lat' dir='ltr'><strong>uti</strong></span> <span class='ocrx_word' id='word_1_362' title='bbox 1339 2386 1498 2442; x_wconf 91' lang='lat' dir='ltr'><strong>subitautia</strong></span> <span class='ocrx_word' id='word_1_363' title='bbox 1514 2392 1573 2454; x_wconf 91' lang='lat' dir='ltr'><strong>tua,</strong></span> <span class='ocrx_word' id='word_1_364' title='bbox 1592 2401 1682 2459; x_wconf 91' lang='lat' dir='ltr'><strong>quam</strong></span> <span class='ocrx_word' id='word_1_365' title='bbox 1697 2394 1748 2445; x_wconf 90' lang='lat' dir='ltr'><strong>tuo</strong></span> <span class='ocrx_word' id='word_1_366' title='bbox 1778 2386 1866 2444; x_wconf 83' lang='lat' dir='ltr'><strong>laboro</strong></span> 
     </span>
     <span class='ocr_line' id='line_1_26' title="bbox 129 2468 1865 2548; baseline 0.003 -24"><span class='ocrx_word' id='word_1_367' title='bbox 129 2470 359 2543; x_wconf 69' lang='lat' dir='ltr'><strong>nouoscunqne</strong></span> <span class='ocrx_word' id='word_1_368' title='bbox 382 2470 433 2527; x_wconf 85' lang='lat' dir='ltr'><strong>illa</strong></span> <span class='ocrx_word' id='word_1_369' title='bbox 460 2469 605 2535; x_wconf 86' lang='lat' dir='ltr'><strong>dilexerit,</strong></span> <span class='ocrx_word' id='word_1_370' title='bbox 632 2468 722 2540; x_wconf 88' lang='lat' dir='ltr'><strong>gratis</strong></span> <span class='ocrx_word' id='word_1_371' title='bbox 749 2476 819 2526; x_wconf 90' lang='lat' dir='ltr'><strong>sunt</strong></span> <span class='ocrx_word' id='word_1_372' title='bbox 844 2469 970 2525; x_wconf 90' lang='lat' dir='ltr'><strong>amandi.</strong></span> <span class='ocrx_word' id='word_1_373' title='bbox 1030 2473 1237 2543; x_wconf 73' lang='lat' dir='ltr'><strong>»quesitam</strong></span> <span class='ocrx_word' id='word_1_374' title='bbox 1261 2474 1384 2533; x_wconf 87' lang='lat' dir='ltr'><strong>incertos</strong></span> <span class='ocrx_word' id='word_1_375' title='bbox 1415 2489 1485 2532; x_wconf 90' lang='lat' dir='ltr'><strong>usus</strong></span> <span class='ocrx_word' id='word_1_376' title='bbox 1509 2475 1684 2548; x_wconf 81' lang='lat' dir='ltr'><strong>relinquere,</strong></span> <span class='ocrx_word' id='word_1_377' title='bbox 1701 2493 1716 2533; x_wconf 75' lang='lat' dir='ltr'><strong>a</strong></span> <span class='ocrx_word' id='word_1_378' title='bbox 1731 2477 1865 2534; x_wconf 79' lang='lat' dir='ltr'><strong>Hactenus</strong></span> 
     </span>
     <span class='ocr_line' id='line_1_27' title="bbox 127 2557 1384 2632; baseline 0.006 -20"><span class='ocrx_word' id='word_1_379' title='bbox 127 2580 144 2612; x_wconf 71' lang='lat' dir='ltr'><strong>s</strong></span> <span class='ocrx_word' id='word_1_380' title='bbox 166 2559 196 2618; x_wconf 88' lang='lat' dir='ltr'><strong>sl</strong></span> <span class='ocrx_word' id='word_1_381' title='bbox 220 2568 310 2620; x_wconf 85' lang='lat' dir='ltr'><strong>totam</strong></span> <span class='ocrx_word' id='word_1_382' title='bbox 336 2561 491 2618; x_wconf 91' lang='lat' dir='ltr'><strong>eidomum</strong></span> <span class='ocrx_word' id='word_1_383' title='bbox 517 2558 674 2631; x_wconf 88' lang='lat' dir='ltr'><strong>regendam</strong></span> <span class='ocrx_word' id='word_1_384' title='bbox 693 2557 880 2626; x_wconf 86' lang='lat' dir='ltr'><strong>commiseris,</strong></span> <span class='ocrx_word' id='word_1_385' title='bbox 913 2571 972 2614; x_wconf 91' lang='lat' dir='ltr'><strong>ser-</strong></span> <span class='ocrx_word' id='word_1_386' title='bbox 1028 2560 1145 2632; x_wconf 89' lang='lat' dir='ltr'><strong>quidem</strong></span> <span class='ocrx_word' id='word_1_387' title='bbox 1160 2562 1384 2632; x_wconf 78' lang='lat' dir='ltr'><strong>Theophrastus.</strong></span> 
     </span>
    </p>

    <p class='ocr_par' dir='ltr' id='par_1_4' title="bbox 122 2646 1900 3880">
     <span class='ocr_line' id='line_1_28' title="bbox 128 2646 1900 2727; baseline 0.005 -21"><span class='ocrx_word' id='word_1_388' title='bbox 128 2669 143 2699; x_wconf 76' lang='lat' dir='ltr'><strong>s</strong></span> <span class='ocrx_word' id='word_1_389' title='bbox 162 2649 300 2707; x_wconf 77' lang='lat' dir='ltr'><strong>siendum</strong></span> <span class='ocrx_word' id='word_1_390' title='bbox 320 2657 371 2708; x_wconf 92' lang='lat' dir='ltr'><strong>est.</strong></span> <span class='ocrx_word' id='word_1_391' title='bbox 402 2649 431 2707; x_wconf 86' lang='lat' dir='ltr'><strong>Si</strong></span> <span class='ocrx_word' id='word_1_392' title='bbox 450 2647 561 2720; x_wconf 91' lang='lat' dir='ltr'><strong>aliquid</strong></span> <span class='ocrx_word' id='word_1_393' title='bbox 586 2655 635 2705; x_wconf 90' lang='lat' dir='ltr'><strong>tuo</strong></span> <span class='ocrx_word' id='word_1_394' title='bbox 664 2646 784 2705; x_wconf 90' lang='lat' dir='ltr'><strong>arbitrio</strong></span> <span class='ocrx_word' id='word_1_395' title='bbox 808 2660 971 2704; x_wconf 80' lang='lat' dir='ltr'><strong>reservare·</strong></span> <span class='ocrx_word' id='word_1_396' title='bbox 1063 2649 1170 2707; x_wconf 84' lang='lat' dir='ltr'><strong>Deinde</strong></span> <span class='ocrx_word' id='word_1_397' title='bbox 1181 2651 1440 2722; x_wconf 68' lang='lat' dir='ltr'><strong>[Hieronymuszo</strong></span> <span class='ocrx_word' id='word_1_398' title='bbox 1470 2655 1545 2721; x_wconf 82' lang='lat' dir='ltr'><strong>llaec,</strong></span> <span class='ocrx_word' id='word_1_399' title='bbox 1575 2653 1680 2726; x_wconf 88' lang='lat' dir='ltr'><strong>inquit,</strong></span> <span class='ocrx_word' id='word_1_400' title='bbox 1711 2662 1740 2714; x_wconf 89' lang='lat' dir='ltr'><strong>ct</strong></span> <span class='ocrx_word' id='word_1_401' title='bbox 1774 2655 1864 2727; x_wconf 84' lang='lat' dir='ltr'><strong>hujus</strong></span> <span class='ocrx_word' id='word_1_402' title='bbox 1896 2670 1900 2715; x_wconf 87' lang='lat'><strong><em>:</em></strong></span> 
     </span>
     <span class='ocr_line' id='line_1_29' title="bbox 127 2732 1899 2814; baseline 0.005 -24"><span class='ocrx_word' id='word_1_403' title='bbox 127 2758 142 2789; x_wconf 68' lang='lat' dir='ltr'><strong>s</strong></span> <span class='ocrx_word' id='word_1_404' title='bbox 163 2737 212 2806; x_wconf 91' lang='lat' dir='ltr'><strong>ris,</strong></span> <span class='ocrx_word' id='word_1_405' title='bbox 233 2737 318 2795; x_wconf 84' lang='lat' dir='ltr'><strong>fldem</strong></span> <span class='ocrx_word' id='word_1_406' title='bbox 345 2738 399 2796; x_wconf 90' lang='lat' dir='ltr'><strong>sibi</strong></span> <span class='ocrx_word' id='word_1_407' title='bbox 428 2737 529 2795; x_wconf 90' lang='lat' dir='ltr'><strong>haberi</strong></span> <span class='ocrx_word' id='word_1_408' title='bbox 547 2751 606 2794; x_wconf 91' lang='lat' dir='ltr'><strong>non</strong></span> <span class='ocrx_word' id='word_1_409' title='bbox 634 2737 757 2807; x_wconf 86' lang='lat' dir='ltr'><strong>putabit,</strong></span> <span class='ocrx_word' id='word_1_410' title='bbox 785 2737 809 2793; x_wconf 93' lang='lat' dir='ltr'><strong>si</strong></span> <span class='ocrx_word' id='word_1_411' title='bbox 819 2735 850 2793; x_wconf 88' lang='lat' dir='ltr'><strong>in</strong></span> <span class='ocrx_word' id='word_1_412' title='bbox 872 2736 972 2793; x_wconf 93' lang='lat' dir='ltr'><strong>odium</strong></span> <span class='ocrx_word' id='word_1_413' title='bbox 1026 2739 1104 2795; x_wconf 91' lang='lat' dir='ltr'><strong>modi</strong></span> <span class='ocrx_word' id='word_1_414' title='bbox 1118 2733 1331 2810; x_wconf 81' lang='lat' dir='ltr'><strong>theophrastus</strong></span> <span class='ocrx_word' id='word_1_415' title='bbox 1354 2742 1506 2808; x_wconf 90' lang='lat' dir='ltr'><strong>disserens,</strong></span> <span class='ocrx_word' id='word_1_416' title='bbox 1538 2757 1624 2814; x_wconf 90' lang='lat' dir='ltr'><strong>quem</strong></span> <span class='ocrx_word' id='word_1_417' title='bbox 1649 2742 1864 2803; x_wconf 81' lang='lat' dir='ltr'><strong>nonsudundat</strong></span> <span class='ocrx_word' id='word_1_418' title='bbox 1896 2732 1899 2785; x_wconf 66' lang='grc' dir='ltr'>ἕ</span> 
     </span>
     <span class='ocr_line' id='line_1_30' title="bbox 129 2825 1864 2937; baseline 0.005 -59"><span class='ocrx_word' id='word_1_419' title='bbox 129 2846 140 2877; x_wconf 74' lang='lat' dir='ltr'><strong>s</strong></span> <span class='ocrx_word' id='word_1_420' title='bbox 162 2833 293 2884; x_wconf 86' lang='lat' dir='ltr'><strong>vertetur</strong></span> <span class='ocrx_word' id='word_1_421' title='bbox 309 2839 343 2884; x_wconf 92' lang='lat' dir='ltr'><strong>ac</strong></span> <span class='ocrx_word' id='word_1_422' title='bbox 356 2828 465 2900; x_wconf 80' lang='lat' dir='ltr'><strong>jurgia,</strong></span> <span class='ocrx_word' id='word_1_423' title='bbox 486 2834 514 2883; x_wconf 90' lang='lat' dir='ltr'><strong>et</strong></span> <span class='ocrx_word' id='word_1_424' title='bbox 529 2826 583 2883; x_wconf 88' lang='lat' dir='ltr'><strong>nisi</strong></span> <span class='ocrx_word' id='word_1_425' title='bbox 598 2825 654 2882; x_wconf 89' lang='lat' dir='ltr'><strong>cito</strong></span> <span class='ocrx_word' id='word_1_426' title='bbox 677 2825 868 2892; x_wconf 85' lang='lat' dir='ltr'><strong>consulueris,</strong></span> <span class='ocrx_word' id='word_1_427' title='bbox 893 2838 974 2896; x_wconf 89' lang='lat' dir='ltr'><strong>para·</strong></span> <span class='ocrx_word' id='word_1_428' title='bbox 986 2873 1012 2937; x_wconf 69' lang='lat' dir='ltr'><strong>c</strong></span> <span class='ocrx_word' id='word_1_429' title='bbox 1027 2827 1267 2895; x_wconf 79' lang='lat' dir='ltr'><strong>Christianorum,</strong></span> <span class='ocrx_word' id='word_1_430' title='bbox 1278 2843 1404 2900; x_wconf 91' lang='lat' dir='ltr'><strong>quorum</strong></span> <span class='ocrx_word' id='word_1_431' title='bbox 1419 2832 1597 2888; x_wconf 85' lang='lat' dir='ltr'><strong>conversatio</strong></span> <span class='ocrx_word' id='word_1_432' title='bbox 1608 2831 1638 2888; x_wconf 92' lang='lat' dir='ltr'><strong>iu</strong></span> <span class='ocrx_word' id='word_1_433' title='bbox 1655 2832 1737 2891; x_wconf 85' lang='lat' dir='ltr'><strong>coells</strong></span> <span class='ocrx_word' id='word_1_434' title='bbox 1749 2841 1803 2901; x_wconf 89' lang='lat' dir='ltr'><strong>est,</strong></span> <span class='ocrx_word' id='word_1_435' title='bbox 1823 2833 1864 2905; x_wconf 88' lang='lat' dir='ltr'><strong>qui</strong></span> 
     </span>
     <span class='ocr_line' id='line_1_31' title="bbox 126 2913 1862 2995; baseline 0.002 -24"><span class='ocrx_word' id='word_1_436' title='bbox 126 2933 142 2964; x_wconf 71' lang='grc' dir='ltr'><strong><em>ι</em></strong></span> <span class='ocrx_word' id='word_1_437' title='bbox 161 2913 204 2971; x_wconf 89' lang='lat' dir='ltr'><strong>bit</strong></span> <span class='ocrx_word' id='word_1_438' title='bbox 225 2928 347 2972; x_wconf 83' lang='lat' dir='ltr'><strong>venena.</strong></span> <span class='ocrx_word' id='word_1_439' title='bbox 372 2915 466 2982; x_wconf 81' lang='lat' dir='ltr'><strong>Anus,</strong></span> <span class='ocrx_word' id='word_1_440' title='bbox 489 2922 517 2971; x_wconf 89' lang='lat' dir='ltr'><strong>et</strong></span> <span class='ocrx_word' id='word_1_441' title='bbox 529 2913 662 2971; x_wconf 84' lang='lat' dir='ltr'><strong>aurifices</strong></span> <span class='ocrx_word' id='word_1_442' title='bbox 686 2913 865 2985; x_wconf 90' lang='lat' dir='ltr'><strong>[aruspices],</strong></span> <span class='ocrx_word' id='word_1_443' title='bbox 878 2921 906 2970; x_wconf 90' lang='lat' dir='ltr'><strong>et</strong></span> <span class='ocrx_word' id='word_1_444' title='bbox 920 2913 971 2969; x_wconf 90' lang='lat' dir='ltr'><strong>ha·</strong></span> <span class='ocrx_word' id='word_1_445' title='bbox 1028 2917 1158 2988; x_wconf 91' lang='lat' dir='ltr'><strong>quotidie</strong></span> <span class='ocrx_word' id='word_1_446' title='bbox 1176 2918 1296 2975; x_wconf 79' lang='lat' dir='ltr'><strong>dicunt:</strong></span> <span class='ocrx_word' id='word_1_447' title='bbox 1314 2919 1382 2988; x_wconf 85' lang='lat' dir='ltr'><strong>Opto</strong></span> <span class='ocrx_word' id='word_1_448' title='bbox 1411 2920 1524 2975; x_wconf 78' lang='lat' dir='ltr'><strong>dissolvi</strong></span> <span class='ocrx_word' id='word_1_449' title='bbox 1538 2924 1563 2975; x_wconf 84' lang='lat' dir='ltr'><strong>et</strong></span> <span class='ocrx_word' id='word_1_450' title='bbox 1577 2935 1634 2976; x_wconf 83' lang='lat' dir='ltr'><strong>esse</strong></span> <span class='ocrx_word' id='word_1_451' title='bbox 1652 2936 1715 2995; x_wconf 78' lang='lat' dir='ltr'><strong>cum</strong></span> <span class='ocrx_word' id='word_1_452' title='bbox 1742 2920 1862 2979; x_wconf 67' lang='lat' dir='ltr'><strong>cuuto?</strong></span> 
     </span>
     <span class='ocr_line' id='line_1_32' title="bbox 126 3002 1863 3078; baseline 0.004 -20"><span class='ocrx_word' id='word_1_453' title='bbox 126 3002 259 3074; x_wconf 72' lang='lat' dir='ltr'><strong>ceriolos,</strong></span> <span class='ocrx_word' id='word_1_454' title='bbox 299 3010 328 3061; x_wconf 93' lang='lat' dir='ltr'><strong>et</strong></span> <span class='ocrx_word' id='word_1_455' title='bbox 357 3003 502 3061; x_wconf 90' lang='lat' dir='ltr'><strong>institores</strong></span> <span class='ocrx_word' id='word_1_456' title='bbox 539 3015 721 3073; x_wconf 84' lang='lat' dir='ltr'><strong>gemmarum</strong></span> <span class='ocrx_word' id='word_1_457' title='bbox 755 3002 972 3071; x_wconf 90' lang='lat' dir='ltr'><strong>sericarumque</strong></span> <span class='ocrx_word' id='word_1_458' title='bbox 1028 3004 1160 3075; x_wconf 83' lang='lat' dir='ltr'><strong>(Philipp.</strong></span> <span class='ocrx_word' id='word_1_459' title='bbox 1178 3022 1196 3073; x_wconf 86' lang='lat' dir='ltr'><strong>r,</strong></span> <span class='ocrx_word' id='word_1_460' title='bbox 1222 3007 1279 3078; x_wconf 73' lang='lat'><strong>23).</strong></span> <span class='ocrx_word' id='word_1_461' title='bbox 1308 3006 1452 3063; x_wconf 76' lang='lat' dir='ltr'><strong>haeredem</strong></span> <span class='ocrx_word' id='word_1_462' title='bbox 1485 3007 1624 3065; x_wconf 90' lang='lat' dir='ltr'><strong>nimirum</strong></span> <span class='ocrx_word' id='word_1_463' title='bbox 1651 3008 1863 3073; x_wconf 84' lang='lat' dir='ltr'><strong>desiderabit...,</strong></span> 
     </span>
     <span class='ocr_line' id='line_1_33' title="bbox 126 3089 1861 3171; baseline 0.001 -18"><span class='ocrx_word' id='word_1_464' title='bbox 126 3115 142 3145; x_wconf 82' lang='lat'><strong>»</strong></span> <span class='ocrx_word' id='word_1_465' title='bbox 161 3095 291 3153; x_wconf 78' lang='lat' dir='ltr'><strong>vestium</strong></span> <span class='ocrx_word' id='word_1_466' title='bbox 306 3093 331 3150; x_wconf 93' lang='lat' dir='ltr'><strong>si</strong></span> <span class='ocrx_word' id='word_1_467' title='bbox 345 3091 542 3161; x_wconf 89' lang='lat' dir='ltr'><strong>intromiseris,</strong></span> <span class='ocrx_word' id='word_1_468' title='bbox 561 3090 724 3163; x_wconf 88' lang='lat' dir='ltr'><strong>periculum</strong></span> <span class='ocrx_word' id='word_1_469' title='bbox 747 3089 892 3161; x_wconf 79' lang='lat' dir='ltr'><strong>pudicitiae</strong></span> <span class='ocrx_word' id='word_1_470' title='bbox 910 3097 970 3160; x_wconf 91' lang='lat' dir='ltr'><strong>est;</strong></span> <span class='ocrx_word' id='word_1_471' title='bbox 1026 3092 1183 3151; x_wconf 92' lang='lat' dir='ltr'><strong>liberorum</strong></span> <span class='ocrx_word' id='word_1_472' title='bbox 1218 3102 1416 3167; x_wconf 88' lang='lat' dir='ltr'><strong>nepotumque</strong></span> <span class='ocrx_word' id='word_1_473' title='bbox 1441 3096 1514 3152; x_wconf 85' lang='lat' dir='ltr'><strong>serie</strong></span> <span class='ocrx_word' id='word_1_474' title='bbox 1546 3096 1749 3165; x_wconf 88' lang='lat' dir='ltr'><strong>delectabitur,</strong></span> <span class='ocrx_word' id='word_1_475' title='bbox 1798 3113 1861 3171; x_wconf 90' lang='lat' dir='ltr'><strong>quos</strong></span> 
     </span>
     <span class='ocr_line' id='line_1_34' title="bbox 125 3177 1861 3260; baseline 0 -18"><span class='ocrx_word' id='word_1_476' title='bbox 125 3203 141 3234; x_wconf 75' lang='lat' dir='ltr'><strong>u</strong></span> <span class='ocrx_word' id='word_1_477' title='bbox 160 3185 186 3242; x_wconf 88' lang='lat' dir='ltr'><strong>si</strong></span> <span class='ocrx_word' id='word_1_478' title='bbox 201 3181 383 3259; x_wconf 87' lang='lat' dir='ltr'><strong>prohibueris</strong></span> <span class='ocrx_word' id='word_1_479' title='bbox 406 3180 580 3252; x_wconf 90' lang='lat' dir='ltr'><strong>suspicionis</strong></span> <span class='ocrx_word' id='word_1_480' title='bbox 609 3178 728 3249; x_wconf 86' lang='lat' dir='ltr'><strong>injuria.</strong></span> <span class='ocrx_word' id='word_1_481' title='bbox 764 3177 872 3236; x_wconf 91' lang='lat' dir='ltr'><strong>Verum</strong></span> <span class='ocrx_word' id='word_1_482' title='bbox 900 3178 971 3250; x_wconf 91' lang='lat' dir='ltr'><strong>quid</strong></span> <span class='ocrx_word' id='word_1_483' title='bbox 1026 3180 1146 3238; x_wconf 80' lang='lat' dir='ltr'><strong>forsitan</strong></span> <span class='ocrx_word' id='word_1_484' title='bbox 1162 3184 1197 3240; x_wconf 89' lang='lat' dir='ltr'><strong>sit</strong></span> <span class='ocrx_word' id='word_1_485' title='bbox 1211 3192 1404 3254; x_wconf 85' lang='lat' dir='ltr'><strong>occupaturus</strong></span> <span class='ocrx_word' id='word_1_486' title='bbox 1431 3185 1631 3254; x_wconf 89' lang='lat' dir='ltr'><strong>antichristos,</strong></span> <span class='ocrx_word' id='word_1_487' title='bbox 1651 3200 1720 3243; x_wconf 90' lang='lat' dir='ltr'><strong>cum</strong></span> <span class='ocrx_word' id='word_1_488' title='bbox 1741 3185 1861 3260; x_wconf 85' lang='lat' dir='ltr'><strong>legamus</strong></span> 
     </span>
     <span class='ocr_line' id='line_1_35' title="bbox 125 3266 1858 3348; baseline 0.003 -20"><span class='ocrx_word' id='word_1_489' title='bbox 125 3274 275 3345; x_wconf 75' lang='lat' dir='ltr'><strong>«prodest</strong></span> <span class='ocrx_word' id='word_1_490' title='bbox 303 3270 390 3328; x_wconf 89' lang='lat' dir='ltr'><strong>etiarn</strong></span> <span class='ocrx_word' id='word_1_491' title='bbox 404 3268 528 3341; x_wconf 92' lang='lat' dir='ltr'><strong>diligens</strong></span> <span class='ocrx_word' id='word_1_492' title='bbox 556 3266 696 3335; x_wconf 90' lang='lat' dir='ltr'><strong>custodia,</strong></span> <span class='ocrx_word' id='word_1_493' title='bbox 721 3280 789 3323; x_wconf 92' lang='lat' dir='ltr'><strong>cum</strong></span> <span class='ocrx_word' id='word_1_494' title='bbox 817 3280 894 3323; x_wconf 85' lang='lat' dir='ltr'><strong>uxor</strong></span> <span class='ocrx_word' id='word_1_495' title='bbox 913 3280 971 3324; x_wconf 90' lang='lat' dir='ltr'><strong>ser·</strong></span> <span class='ocrx_word' id='word_1_496' title='bbox 1025 3269 1140 3341; x_wconf 82' lang='lat' dir='ltr'><strong>bloyseu</strong></span> <span class='ocrx_word' id='word_1_497' title='bbox 1167 3279 1194 3328; x_wconf 90' lang='lat' dir='ltr'><strong>et</strong></span> <span class='ocrx_word' id='word_1_498' title='bbox 1226 3271 1388 3330; x_wconf 89' lang='lat' dir='ltr'><strong>Samuelem</strong></span> <span class='ocrx_word' id='word_1_499' title='bbox 1415 3274 1482 3331; x_wconf 88' lang='lat' dir='ltr'><strong>liliis</strong></span> <span class='ocrx_word' id='word_1_500' title='bbox 1514 3276 1574 3332; x_wconf 90' lang='lat' dir='ltr'><strong>suis</strong></span> <span class='ocrx_word' id='word_1_501' title='bbox 1603 3274 1673 3332; x_wconf 82' lang='lat' dir='ltr'><strong>alios</strong></span> <span class='ocrx_word' id='word_1_502' title='bbox 1701 3276 1858 3348; x_wconf 76' lang='lat' dir='ltr'><strong>protulisse,</strong></span> 
     </span>
     <span class='ocr_line' id='line_1_36' title="bbox 124 3354 1892 3440; baseline 0.007 -29"><span class='ocrx_word' id='word_1_503' title='bbox 124 3382 141 3411; x_wconf 80' lang='lat'><strong>»</strong></span> <span class='ocrx_word' id='word_1_504' title='bbox 159 3361 224 3419; x_wconf 84' lang='lat' dir='ltr'><strong>rari</strong></span> <span class='ocrx_word' id='word_1_505' title='bbox 251 3359 399 3432; x_wconf 91' lang='lat' dir='ltr'><strong>impudica</strong></span> <span class='ocrx_word' id='word_1_506' title='bbox 420 3372 480 3415; x_wconf 92' lang='lat' dir='ltr'><strong>non</strong></span> <span class='ocrx_word' id='word_1_507' title='bbox 509 3357 606 3428; x_wconf 90' lang='lat' dir='ltr'><strong>possit,</strong></span> <span class='ocrx_word' id='word_1_508' title='bbox 631 3356 737 3428; x_wconf 90' lang='lat' dir='ltr'><strong>pudica</strong></span> <span class='ocrx_word' id='word_1_509' title='bbox 765 3370 823 3411; x_wconf 90' lang='lat' dir='ltr'><strong>uon</strong></span> <span class='ocrx_word' id='word_1_510' title='bbox 847 3354 970 3411; x_wconf 81' lang='lat' dir='ltr'><strong>debeat?</strong></span> <span class='ocrx_word' id='word_1_511' title='bbox 1026 3374 1079 3440; x_wconf 84' lang='lat' dir='ltr'><strong>nec</strong></span> <span class='ocrx_word' id='word_1_512' title='bbox 1107 3367 1224 3430; x_wconf 91' lang='lat' dir='ltr'><strong>putasse</strong></span> <span class='ocrx_word' id='word_1_513' title='bbox 1254 3362 1366 3431; x_wconf 89' lang='lat' dir='ltr'><strong>liberos,</strong></span> <span class='ocrx_word' id='word_1_514' title='bbox 1399 3364 1601 3434; x_wconf 88' lang='lat' dir='ltr'><strong>quosvidebat</strong></span> <span class='ocrx_word' id='word_1_515' title='bbox 1630 3364 1751 3422; x_wconf 84' lang='lat' dir='ltr'><strong>homino</strong></span> <span class='ocrx_word' id='word_1_516' title='bbox 1775 3364 1858 3437; x_wconf 89' lang='lat' dir='ltr'><strong>displi·</strong></span> <span class='ocrx_word' id='word_1_517' title='bbox 1889 3416 1892 3423; x_wconf 94' lang='lat'><strong>.</strong></span> 
     </span>
     <span class='ocr_line' id='line_1_37' title="bbox 124 3445 1891 3525; baseline 0.002 -16"><span class='ocrx_word' id='word_1_518' title='bbox 124 3471 140 3509; x_wconf 73' lang='lat' dir='ltr'><strong>e</strong></span> <span class='ocrx_word' id='word_1_519' title='bbox 159 3451 252 3511; x_wconf 88' lang='lat' dir='ltr'><strong>lullda</strong></span> <span class='ocrx_word' id='word_1_520' title='bbox 273 3452 352 3508; x_wconf 89' lang='lat' dir='ltr'><strong>euim</strong></span> <span class='ocrx_word' id='word_1_521' title='bbox 364 3454 461 3508; x_wconf 81' lang='lat' dir='ltr'><strong>&#39;custos</strong></span> <span class='ocrx_word' id='word_1_522' title='bbox 474 3455 517 3506; x_wconf 90' lang='lat' dir='ltr'><strong>est</strong></span> <span class='ocrx_word' id='word_1_523' title='bbox 541 3448 679 3505; x_wconf 88' lang='lat' dir='ltr'><strong>castitatis</strong></span> <span class='ocrx_word' id='word_1_524' title='bbox 700 3447 864 3515; x_wconf 89' lang='lat' dir='ltr'><strong>necessitas,</strong></span> <span class='ocrx_word' id='word_1_525' title='bbox 882 3453 910 3502; x_wconf 89' lang='lat' dir='ltr'><strong>et</strong></span> <span class='ocrx_word' id='word_1_526' title='bbox 921 3445 970 3502; x_wconf 92' lang='lat' dir='ltr'><strong>illa</strong></span> <span class='ocrx_word' id='word_1_527' title='bbox 1025 3462 1098 3505; x_wconf 89' lang='lat' dir='ltr'><strong>cere.</strong></span> <span class='ocrx_word' id='word_1_528' title='bbox 1109 3469 1124 3497; x_wconf 89' lang='lat'>»</span> <span class='ocrx_word' id='word_1_529' title='bbox 1140 3449 1217 3506; x_wconf 89' lang='lat' dir='ltr'><strong>Idem</strong></span> <span class='ocrx_word' id='word_1_530' title='bbox 1232 3450 1366 3508; x_wconf 91' lang='lat' dir='ltr'><strong>iueodem</strong></span> <span class='ocrx_word' id='word_1_531' title='bbox 1383 3469 1390 3508; x_wconf 75' lang='grc' dir='ltr'><strong>ε</strong></span> <span class='ocrx_word' id='word_1_532' title='bbox 1404 3474 1414 3503; x_wconf 78' lang='grc' dir='ltr'><strong><em>ι</em></strong></span> <span class='ocrx_word' id='word_1_533' title='bbox 1429 3453 1526 3511; x_wconf 91' lang='lat' dir='ltr'><strong>Cicero</strong></span> <span class='ocrx_word' id='word_1_534' title='bbox 1540 3460 1660 3525; x_wconf 88' lang='lat' dir='ltr'><strong>rogatus</strong></span> <span class='ocrx_word' id='word_1_535' title='bbox 1672 3453 1711 3511; x_wconf 87' lang='lat' dir='ltr'><strong>ab</strong></span> <span class='ocrx_word' id='word_1_536' title='bbox 1720 3453 1820 3521; x_wconf 85' lang='lat' dir='ltr'><strong>llirtio,</strong></span> <span class='ocrx_word' id='word_1_537' title='bbox 1835 3461 1858 3510; x_wconf 90' lang='lat' dir='ltr'><strong>nt</strong></span> <span class='ocrx_word' id='word_1_538' title='bbox 1888 3508 1891 3513; x_wconf 90' lang='lat'><strong>.</strong></span> 
     </span>
     <span class='ocr_line' id='line_1_38' title="bbox 124 3535 1857 3614; baseline 0.002 -18"><span class='ocrx_word' id='word_1_539' title='bbox 124 3561 140 3596; x_wconf 79' lang='grc' dir='ltr'><strong>ι</strong></span> <span class='ocrx_word' id='word_1_540' title='bbox 159 3554 227 3599; x_wconf 77' lang='lat' dir='ltr'><strong>rere</strong></span> <span class='ocrx_word' id='word_1_541' title='bbox 237 3540 342 3612; x_wconf 89' lang='lat' dir='ltr'><strong>pudica</strong></span> <span class='ocrx_word' id='word_1_542' title='bbox 353 3537 474 3596; x_wconf 85' lang='lat' dir='ltr'><strong>dicenda</strong></span> <span class='ocrx_word' id='word_1_543' title='bbox 487 3545 538 3606; x_wconf 89' lang='lat' dir='ltr'><strong>est,</strong></span> <span class='ocrx_word' id='word_1_544' title='bbox 550 3536 814 3608; x_wconf 90' lang='lat' dir='ltr'><strong>cuilicuitpeccare</strong></span> <span class='ocrx_word' id='word_1_545' title='bbox 824 3536 847 3592; x_wconf 91' lang='lat' dir='ltr'><strong>si</strong></span> <span class='ocrx_word' id='word_1_546' title='bbox 862 3535 966 3592; x_wconf 88' lang='lat' dir='ltr'><strong>voluit.</strong></span> <span class='ocrx_word' id='word_1_547' title='bbox 1025 3545 1087 3607; x_wconf 92' lang='lat' dir='ltr'><strong>post</strong></span> <span class='ocrx_word' id='word_1_548' title='bbox 1101 3538 1255 3609; x_wconf 88' lang='lat' dir='ltr'><strong>repudium</strong></span> <span class='ocrx_word' id='word_1_549' title='bbox 1267 3541 1417 3608; x_wconf 78' lang='lat' dir='ltr'><strong>Terentiae,</strong></span> <span class='ocrx_word' id='word_1_550' title='bbox 1437 3556 1563 3599; x_wconf 91' lang='lat' dir='ltr'><strong>sororem</strong></span> <span class='ocrx_word' id='word_1_551' title='bbox 1582 3543 1646 3614; x_wconf 85' lang='lat' dir='ltr'><strong>ejus</strong></span> <span class='ocrx_word' id='word_1_552' title='bbox 1666 3546 1796 3613; x_wconf 88' lang='lat' dir='ltr'><strong>duceret,</strong></span> <span class='ocrx_word' id='word_1_553' title='bbox 1811 3557 1857 3600; x_wconf 89' lang='lat' dir='ltr'><strong>on·</strong></span> 
     </span>
     <span class='ocr_line' id='line_1_39' title="bbox 123 3623 1890 3702; baseline 0.001 -18"><span class='ocrx_word' id='word_1_554' title='bbox 123 3629 286 3688; x_wconf 81' lang='lat' dir='ltr'><strong>»Pulchra</strong></span> <span class='ocrx_word' id='word_1_555' title='bbox 297 3628 354 3686; x_wconf 92' lang='lat' dir='ltr'><strong>cito</strong></span> <span class='ocrx_word' id='word_1_556' title='bbox 369 3628 534 3695; x_wconf 87' lang='lat' dir='ltr'><strong>adamatur,</strong></span> <span class='ocrx_word' id='word_1_557' title='bbox 550 3625 627 3683; x_wconf 87' lang='lat' dir='ltr'><strong>loeda</strong></span> <span class='ocrx_word' id='word_1_558' title='bbox 641 3625 831 3696; x_wconf 90' lang='lat' dir='ltr'><strong>concupiscit.</strong></span> <span class='ocrx_word' id='word_1_559' title='bbox 847 3623 968 3680; x_wconf 88' lang='lat' dir='ltr'><strong>Dillicile</strong></span> <span class='ocrx_word' id='word_1_560' title='bbox 1024 3625 1095 3682; x_wconf 90' lang='lat' dir='ltr'><strong>nino</strong></span> <span class='ocrx_word' id='word_1_561' title='bbox 1133 3627 1224 3685; x_wconf 85' lang='lat' dir='ltr'><strong>lacere</strong></span> <span class='ocrx_word' id='word_1_562' title='bbox 1256 3631 1424 3699; x_wconf 89' lang='lat' dir='ltr'><strong>supersedit,</strong></span> <span class='ocrx_word' id='word_1_563' title='bbox 1458 3631 1554 3688; x_wconf 90' lang='lat' dir='ltr'><strong>diceus</strong></span> <span class='ocrx_word' id='word_1_564' title='bbox 1576 3632 1645 3700; x_wconf 77' lang='lat' dir='ltr'><strong>lnon</strong></span> <span class='ocrx_word' id='word_1_565' title='bbox 1670 3645 1754 3702; x_wconf 91' lang='lat' dir='ltr'><strong>posse</strong></span> <span class='ocrx_word' id='word_1_566' title='bbox 1781 3646 1810 3690; x_wconf 87' lang='lat' dir='ltr'><strong>se</strong></span> <span class='ocrx_word' id='word_1_567' title='bbox 1837 3638 1855 3687; x_wconf 84' lang='lat' dir='ltr'><strong>ct</strong></span> <span class='ocrx_word' id='word_1_568' title='bbox 1888 3662 1890 3667; x_wconf 93' lang='lat'>-</span> 
     </span>
     <span class='ocr_line' id='line_1_40' title="bbox 122 3714 1890 3791; baseline 0.005 -21"><span class='ocrx_word' id='word_1_569' title='bbox 122 3739 139 3770; x_wconf 64' lang='lat' dir='ltr'><strong>a</strong></span> <span class='ocrx_word' id='word_1_570' title='bbox 158 3718 321 3777; x_wconf 89' lang='lat' dir='ltr'><strong>custoditur</strong></span> <span class='ocrx_word' id='word_1_571' title='bbox 335 3717 413 3790; x_wconf 89' lang='lat' dir='ltr'><strong>qnod</strong></span> <span class='ocrx_word' id='word_1_572' title='bbox 430 3716 529 3788; x_wconf 91' lang='lat' dir='ltr'><strong>plures</strong></span> <span class='ocrx_word' id='word_1_573' title='bbox 541 3722 648 3772; x_wconf 82' lang='lat' dir='ltr'><strong>amant</strong></span> <span class='ocrx_word' id='word_1_574' title='bbox 666 3714 818 3772; x_wconf 83' lang='lat' dir='ltr'><strong>Molestum</strong></span> <span class='ocrx_word' id='word_1_575' title='bbox 828 3721 869 3770; x_wconf 89' lang='lat' dir='ltr'><strong>est</strong></span> <span class='ocrx_word' id='word_1_576' title='bbox 880 3715 968 3784; x_wconf 88' lang='lat' dir='ltr'><strong>possi·</strong></span> <span class='ocrx_word' id='word_1_577' title='bbox 1024 3715 1110 3773; x_wconf 87' lang='lat' dir='ltr'><strong>uxori</strong></span> <span class='ocrx_word' id='word_1_578' title='bbox 1139 3723 1167 3773; x_wconf 85' lang='lat' dir='ltr'><strong>et</strong></span> <span class='ocrx_word' id='word_1_579' title='bbox 1191 3717 1379 3788; x_wconf 79' lang='lat' dir='ltr'><strong>philosophie</strong></span> <span class='ocrx_word' id='word_1_580' title='bbox 1403 3734 1520 3790; x_wconf 89' lang='lat' dir='ltr'><strong>operam</strong></span> <span class='ocrx_word' id='word_1_581' title='bbox 1543 3721 1650 3791; x_wconf 85' lang='lat' dir='ltr'><strong>pariter</strong></span> <span class='ocrx_word' id='word_1_582' title='bbox 1676 3721 1758 3779; x_wconf 90' lang='lat' dir='ltr'><strong>dare.</strong></span> <span class='ocrx_word' id='word_1_583' title='bbox 1774 3721 1855 3778; x_wconf 81' lang='lat' dir='ltr'><strong>»len</strong></span> <span class='ocrx_word' id='word_1_584' title='bbox 1887 3722 1890 3735; x_wconf 90' lang='lat'>&#39;</span> 
     </span>
     <span class='ocr_line' id='line_1_41' title="bbox 122 3803 1855 3880; baseline -0.001 -14"><span class='ocrx_word' id='word_1_585' title='bbox 122 3827 138 3857; x_wconf 76' lang='grc' dir='ltr'><strong>ι·</strong></span> <span class='ocrx_word' id='word_1_586' title='bbox 156 3807 224 3866; x_wconf 89' lang='lat' dir='ltr'><strong>dere</strong></span> <span class='ocrx_word' id='word_1_587' title='bbox 247 3806 326 3880; x_wconf 92' lang='lat' dir='ltr'><strong>qnod</strong></span> <span class='ocrx_word' id='word_1_588' title='bbox 348 3819 431 3863; x_wconf 89' lang='lat' dir='ltr'><strong>nemo</strong></span> <span class='ocrx_word' id='word_1_589' title='bbox 447 3805 554 3862; x_wconf 88' lang='lat' dir='ltr'><strong>habere</strong></span> <span class='ocrx_word' id='word_1_590' title='bbox 568 3805 715 3876; x_wconf 80' lang='lat' dir='ltr'><strong>dignetur.</strong></span> <span class='ocrx_word' id='word_1_591' title='bbox 733 3803 843 3861; x_wconf 83' lang='lat' dir='ltr'><strong>llincre</strong></span> <span class='ocrx_word' id='word_1_592' title='bbox 864 3809 967 3869; x_wconf 86' lang='lat' dir='ltr'><strong>¹tamen</strong></span> <span class='ocrx_word' id='word_1_593' title='bbox 1024 3804 1099 3862; x_wconf 90' lang='lat' dir='ltr'><strong>idem</strong></span> <span class='ocrx_word' id='word_1_594' title='bbox 1114 3822 1122 3860; x_wconf 74' lang='grc' dir='ltr'><strong>ι</strong></span> <span class='ocrx_word' id='word_1_595' title='bbox 1139 3827 1154 3856; x_wconf 73' lang='grc' dir='ltr'>α</span> <span class='ocrx_word' id='word_1_596' title='bbox 1169 3805 1273 3863; x_wconf 86' lang='lat' dir='ltr'><strong>Scribit</strong></span> <span class='ocrx_word' id='word_1_597' title='bbox 1297 3808 1455 3866; x_wconf 86' lang='lat' dir='ltr'><strong>Herodotus</strong></span> <span class='ocrx_word' id='word_1_598' title='bbox 1470 3809 1547 3880; x_wconf 94' lang='lat' dir='ltr'><strong>quod</strong></span> <span class='ocrx_word' id='word_1_599' title='bbox 1575 3808 1682 3866; x_wconf 88' lang='lat' dir='ltr'><strong>mulier</strong></span> <span class='ocrx_word' id='word_1_600' title='bbox 1707 3825 1778 3868; x_wconf 89' lang='lat' dir='ltr'><strong>cum</strong></span> <span class='ocrx_word' id='word_1_601' title='bbox 1791 3818 1855 3867; x_wconf 80' lang='lat' dir='ltr'><strong>reste</strong></span> 
     </span>
    </p>
   </div>
   <div class='ocr_carea' id='block_1_4' title="bbox 22 3892 1856 3968">
    <p class='ocr_par' dir='ltr' id='par_1_5' title="bbox 22 3892 1856 3968">
     <span class='ocr_line' id='line_1_42' title="bbox 22 3892 1856 3968; baseline 0.001 -16"><span class='ocrx_word' id='word_1_602' title='bbox 22 3896 27 3901; x_wconf 84' lang='grc'><strong>’</strong></span> <span class='ocrx_word' id='word_1_603' title='bbox 106 3892 137 3952; x_wconf 76' lang='lat' dir='ltr'><strong>&#39;s</strong></span> <span class='ocrx_word' id='word_1_604' title='bbox 156 3896 274 3955; x_wconf 88' lang='lat' dir='ltr'><strong>miseria</strong></span> <span class='ocrx_word' id='word_1_605' title='bbox 286 3894 422 3953; x_wconf 89' lang='lat' dir='ltr'><strong>delormis</strong></span> <span class='ocrx_word' id='word_1_606' title='bbox 433 3894 566 3963; x_wconf 87' lang='lat' dir='ltr'><strong>habetur,</strong></span> <span class='ocrx_word' id='word_1_607' title='bbox 580 3907 670 3964; x_wconf 92' lang='lat' dir='ltr'><strong>quam</strong></span> <span class='ocrx_word' id='word_1_608' title='bbox 685 3892 810 3949; x_wconf 85' lang='lat' dir='ltr'><strong>lormosa</strong></span> <span class='ocrx_word' id='word_1_609' title='bbox 823 3900 964 3950; x_wconf 85' lang='lat' dir='ltr'><strong>servatur.</strong></span> <span class='ocrx_word' id='word_1_610' title='bbox 1022 3893 1146 3965; x_wconf 89' lang='lat' dir='ltr'><strong>deponat</strong></span> <span class='ocrx_word' id='word_1_611' title='bbox 1155 3903 1183 3952; x_wconf 92' lang='lat' dir='ltr'><strong>et</strong></span> <span class='ocrx_word' id='word_1_612' title='bbox 1196 3895 1400 3953; x_wconf 87' lang='lat' dir='ltr'><strong>verecundiam</strong></span> <span class='ocrx_word' id='word_1_613' title='bbox 1416 3907 1463 3968; x_wconf 88' lang='lat' dir='ltr'><strong>;ct</strong></span> <span class='ocrx_word' id='word_1_614' title='bbox 1478 3905 1574 3954; x_wconf 88' lang='lat' dir='ltr'><strong>noster</strong></span> <span class='ocrx_word' id='word_1_615' title='bbox 1590 3897 1719 3955; x_wconf 79' lang='lat' dir='ltr'><strong>comicus</strong></span> <span class='ocrx_word' id='word_1_616' title='bbox 1734 3899 1856 3956; x_wconf 79' lang='lat' dir='ltr'><strong>loctuna-</strong></span> 
     </span>
    </p>
   </div>
   <div class='ocr_carea' id='block_1_5' title="bbox 103 3979 1878 5478">
    <p class='ocr_par' dir='ltr' id='par_1_6' title="bbox 103 3979 1878 5478">
     <span class='ocr_line' id='line_1_43' title="bbox 121 3979 1857 4060; baseline -0.002 -16"><span class='ocrx_word' id='word_1_617' title='bbox 121 4005 137 4036; x_wconf 66' lang='grc' dir='ltr'><strong><em>ι</em></strong></span> <span class='ocrx_word' id='word_1_618' title='bbox 156 3984 234 4044; x_wconf 90' lang='lat' dir='ltr'><strong>Nihil</strong></span> <span class='ocrx_word' id='word_1_619' title='bbox 251 3992 347 4043; x_wconf 91' lang='lat' dir='ltr'><strong>tutum</strong></span> <span class='ocrx_word' id='word_1_620' title='bbox 374 3984 405 4039; x_wconf 90' lang='lat' dir='ltr'><strong>in</strong></span> <span class='ocrx_word' id='word_1_621' title='bbox 421 3998 479 4056; x_wconf 93' lang='lat' dir='ltr'><strong>quo</strong></span> <span class='ocrx_word' id='word_1_622' title='bbox 495 3982 582 4040; x_wconf 90' lang='lat' dir='ltr'><strong>totius</strong></span> <span class='ocrx_word' id='word_1_623' title='bbox 602 3980 700 4053; x_wconf 89' lang='lat' dir='ltr'><strong>populi</strong></span> <span class='ocrx_word' id='word_1_624' title='bbox 720 3988 788 4038; x_wconf 85' lang='lat' dir='ltr'><strong>vota</strong></span> <span class='ocrx_word' id='word_1_625' title='bbox 803 3979 965 4052; x_wconf 83' lang='lat' dir='ltr'><strong>suspirant3</strong></span> <span class='ocrx_word' id='word_1_626' title='bbox 1021 3990 1178 4054; x_wconf 87' lang='lat' dir='ltr'><strong>tumputat</strong></span> <span class='ocrx_word' id='word_1_627' title='bbox 1190 3985 1370 4056; x_wconf 86' lang='lat' dir='ltr'><strong>quiuxorem</strong></span> <span class='ocrx_word' id='word_1_628' title='bbox 1386 4001 1540 4059; x_wconf 89' lang='lat' dir='ltr'><strong>nunquam</strong></span> <span class='ocrx_word' id='word_1_629' title='bbox 1567 3987 1701 4044; x_wconf 86' lang='lat' dir='ltr'><strong>duxerit.</strong></span> <span class='ocrx_word' id='word_1_630' title='bbox 1725 3988 1857 4060; x_wconf 78' lang='lat' dir='ltr'><strong>Epicuros</strong></span> 
     </span>
     <span class='ocr_line' id='line_1_44' title="bbox 123 4067 1856 4146; baseline 0 -14"><span class='ocrx_word' id='word_1_631' title='bbox 123 4094 134 4125; x_wconf 73' lang='grc' dir='ltr'><strong><em>ι</em></strong></span> <span class='ocrx_word' id='word_1_632' title='bbox 156 4073 227 4133; x_wconf 89' lang='lat' dir='ltr'><strong>alios</strong></span> <span class='ocrx_word' id='word_1_633' title='bbox 239 4074 342 4142; x_wconf 82' lang='lat' dir='ltr'><strong>forma,</strong></span> <span class='ocrx_word' id='word_1_634' title='bbox 358 4072 432 4129; x_wconf 88' lang='lat' dir='ltr'><strong>alios</strong></span> <span class='ocrx_word' id='word_1_635' title='bbox 447 4072 573 4144; x_wconf 91' lang='lat' dir='ltr'><strong>ingenio,</strong></span> <span class='ocrx_word' id='word_1_636' title='bbox 590 4070 662 4127; x_wconf 88' lang='lat' dir='ltr'><strong>alios</strong></span> <span class='ocrx_word' id='word_1_637' title='bbox 677 4069 798 4137; x_wconf 90' lang='lat' dir='ltr'><strong>lacetiis,</strong></span> <span class='ocrx_word' id='word_1_638' title='bbox 811 4067 884 4125; x_wconf 91' lang='lat' dir='ltr'><strong>alios</strong></span> <span class='ocrx_word' id='word_1_639' title='bbox 898 4069 967 4126; x_wconf 88' lang='lat' dir='ltr'><strong>libe·</strong></span> <span class='ocrx_word' id='word_1_640' title='bbox 1021 4071 1177 4143; x_wconf 79' lang='lat' dir='ltr'><strong>voluptatis</strong></span> <span class='ocrx_word' id='word_1_641' title='bbox 1191 4082 1315 4131; x_wconf 90' lang='lat' dir='ltr'><strong>assertor</strong></span> <span class='ocrx_word' id='word_1_642' title='bbox 1329 4088 1395 4132; x_wconf 90' lang='lat' dir='ltr'><strong>raro</strong></span> <span class='ocrx_word' id='word_1_643' title='bbox 1416 4075 1487 4133; x_wconf 87' lang='lat' dir='ltr'><strong>dicit</strong></span> <span class='ocrx_word' id='word_1_644' title='bbox 1500 4075 1623 4146; x_wconf 88' lang='lat' dir='ltr'><strong>sapienti</strong></span> <span class='ocrx_word' id='word_1_645' title='bbox 1653 4076 1786 4134; x_wconf 86' lang='lat' dir='ltr'><strong>ineunda</strong></span> <span class='ocrx_word' id='word_1_646' title='bbox 1799 4091 1856 4133; x_wconf 90' lang='lat' dir='ltr'><strong>con·</strong></span> 
     </span>
     <span class='ocr_line' id='line_1_45' title="bbox 122 4157 1855 4236; baseline -0.002 -15"><span class='ocrx_word' id='word_1_647' title='bbox 122 4183 134 4213; x_wconf 73' lang='grc' dir='ltr'><strong><em>ι</em></strong></span> <span class='ocrx_word' id='word_1_648' title='bbox 156 4163 279 4234; x_wconf 88' lang='lat' dir='ltr'><strong>ralitate,</strong></span> <span class='ocrx_word' id='word_1_649' title='bbox 295 4160 439 4219; x_wconf 88' lang='lat' dir='ltr'><strong>sollicitat.</strong></span> <span class='ocrx_word' id='word_1_650' title='bbox 455 4160 562 4232; x_wconf 77' lang='lat' dir='ltr'><strong>Aliquo</strong></span> <span class='ocrx_word' id='word_1_651' title='bbox 582 4160 665 4216; x_wconf 88' lang='lat' dir='ltr'><strong>modo</strong></span> <span class='ocrx_word' id='word_1_652' title='bbox 684 4165 873 4231; x_wconf 75' lang='lat' dir='ltr'><strong>expugnatur</strong></span> <span class='ocrx_word' id='word_1_653' title='bbox 887 4157 966 4230; x_wconf 91' lang='lat' dir='ltr'><strong>quod</strong></span> <span class='ocrx_word' id='word_1_654' title='bbox 1018 4158 1110 4232; x_wconf 72' lang='lat' dir='ltr'><strong>lugia,</strong></span> <span class='ocrx_word' id='word_1_655' title='bbox 1124 4161 1295 4231; x_wconf 89' lang='lat' dir='ltr'><strong>quiamulta</strong></span> <span class='ocrx_word' id='word_1_656' title='bbox 1309 4161 1491 4220; x_wconf 90' lang='lat' dir='ltr'><strong>incommoda</strong></span> <span class='ocrx_word' id='word_1_657' title='bbox 1505 4164 1628 4221; x_wconf 91' lang='lat' dir='ltr'><strong>admista</strong></span> <span class='ocrx_word' id='word_1_658' title='bbox 1642 4171 1708 4221; x_wconf 90' lang='lat' dir='ltr'><strong>scnt</strong></span> <span class='ocrx_word' id='word_1_659' title='bbox 1719 4164 1855 4236; x_wconf 74' lang='lat' dir='ltr'><strong>nuptiis.»</strong></span> 
     </span>
     <span class='ocr_line' id='line_1_46' title="bbox 103 4225 1855 4325; baseline -0.001 -16"><span class='ocrx_word' id='word_1_660' title='bbox 103 4272 136 4318; x_wconf 72' lang='lat' dir='ltr'><strong>,n</strong></span> <span class='ocrx_word' id='word_1_661' title='bbox 155 4253 287 4325; x_wconf 88' lang='lat' dir='ltr'><strong>undique</strong></span> <span class='ocrx_word' id='word_1_662' title='bbox 307 4250 469 4309; x_wconf 90' lang='lat' dir='ltr'><strong>lacessitur.</strong></span> <span class='ocrx_word' id='word_1_663' title='bbox 491 4249 572 4314; x_wconf 84' lang='lat' dir='ltr'><strong>Quod</strong></span> <span class='ocrx_word' id='word_1_664' title='bbox 600 4249 623 4306; x_wconf 92' lang='lat' dir='ltr'><strong>si</strong></span> <span class='ocrx_word' id='word_1_665' title='bbox 643 4255 758 4319; x_wconf 88' lang='lat' dir='ltr'><strong>propter</strong></span> <span class='ocrx_word' id='word_1_666' title='bbox 776 4246 964 4318; x_wconf 90' lang='lat' dir='ltr'><strong>dispensatio·</strong></span> <span class='ocrx_word' id='word_1_667' title='bbox 979 4225 1003 4282; x_wconf 74' lang='lat'>⁰</span> <span class='ocrx_word' id='word_1_668' title='bbox 1018 4247 1132 4317; x_wconf 83' lang='lat' dir='ltr'><strong>Quanta</strong></span> <span class='ocrx_word' id='word_1_669' title='bbox 1154 4249 1239 4305; x_wconf 91' lang='lat' dir='ltr'><strong>etiam</strong></span> <span class='ocrx_word' id='word_1_670' title='bbox 1259 4264 1331 4307; x_wconf 89' lang='lat' dir='ltr'><strong>cura</strong></span> <span class='ocrx_word' id='word_1_671' title='bbox 1355 4251 1490 4310; x_wconf 88' lang='lat' dir='ltr'><strong>honestas</strong></span> <span class='ocrx_word' id='word_1_672' title='bbox 1512 4251 1665 4325; x_wconf 89' lang='lat' dir='ltr'><strong>gentilium</strong></span> <span class='ocrx_word' id='word_1_673' title='bbox 1689 4268 1750 4310; x_wconf 91' lang='lat' dir='ltr'><strong>non</strong></span> <span class='ocrx_word' id='word_1_674' title='bbox 1774 4252 1855 4310; x_wconf 90' lang='lat' dir='ltr'><strong>solun</strong></span> 
     </span>
     <span class='ocr_line' id='line_1_47' title="bbox 119 4336 1854 4413; baseline 0.001 -20"><span class='ocrx_word' id='word_1_675' title='bbox 119 4363 135 4393; x_wconf 81' lang='grc'><strong>»</strong></span> <span class='ocrx_word' id='word_1_676' title='bbox 154 4356 220 4400; x_wconf 88' lang='lat' dir='ltr'><strong>nem</strong></span> <span class='ocrx_word' id='word_1_677' title='bbox 244 4342 358 4412; x_wconf 90' lang='lat' dir='ltr'><strong>domus,</strong></span> <span class='ocrx_word' id='word_1_678' title='bbox 386 4347 415 4397; x_wconf 91' lang='lat' dir='ltr'><strong>et</strong></span> <span class='ocrx_word' id='word_1_679' title='bbox 440 4339 592 4411; x_wconf 88' lang='lat' dir='ltr'><strong>languoris</strong></span> <span class='ocrx_word' id='word_1_680' title='bbox 620 4338 730 4405; x_wconf 88' lang='lat' dir='ltr'><strong>solatia,</strong></span> <span class='ocrx_word' id='word_1_681' title='bbox 754 4336 895 4408; x_wconf 87' lang='lat' dir='ltr'><strong>etlogam</strong></span> <span class='ocrx_word' id='word_1_682' title='bbox 924 4350 966 4393; x_wconf 91' lang='lat' dir='ltr'><strong>sc·</strong></span> <span class='ocrx_word' id='word_1_683' title='bbox 1018 4338 1166 4395; x_wconf 89' lang='lat' dir='ltr'><strong>actionum</strong></span> <span class='ocrx_word' id='word_1_684' title='bbox 1191 4352 1292 4396; x_wconf 87' lang='lat' dir='ltr'><strong>verum</strong></span> <span class='ocrx_word' id='word_1_685' title='bbox 1328 4340 1415 4398; x_wconf 89' lang='lat' dir='ltr'><strong>etiam</strong></span> <span class='ocrx_word' id='word_1_686' title='bbox 1444 4342 1642 4412; x_wconf 87' lang='lat' dir='ltr'><strong>suspicionum</strong></span> <span class='ocrx_word' id='word_1_687' title='bbox 1666 4340 1854 4413; x_wconf 80' lang='lat' dir='ltr'><strong>turpitudine</strong></span> 
     </span>
     <span class='ocr_line' id='line_1_48' title="bbox 118 4425 1852 4501; baseline 0.001 -16"><span class='ocrx_word' id='word_1_688' title='bbox 118 4429 287 4488; x_wconf 85' lang='lat' dir='ltr'><strong>»litudinis</strong></span> <span class='ocrx_word' id='word_1_689' title='bbox 309 4430 459 4487; x_wconf 86' lang='lat' dir='ltr'><strong>ducuntur</strong></span> <span class='ocrx_word' id='word_1_690' title='bbox 482 4442 599 4497; x_wconf 80' lang='lat' dir='ltr'><strong>uxores,</strong></span> <span class='ocrx_word' id='word_1_691' title='bbox 615 4427 706 4484; x_wconf 90' lang='lat' dir='ltr'><strong>multo</strong></span> <span class='ocrx_word' id='word_1_692' title='bbox 734 4425 837 4483; x_wconf 90' lang='lat' dir='ltr'><strong>melius</strong></span> <span class='ocrx_word' id='word_1_693' title='bbox 863 4438 964 4483; x_wconf 86' lang='lat' dir='ltr'><strong>servus</strong></span> <span class='ocrx_word' id='word_1_694' title='bbox 1017 4427 1147 4494; x_wconf 87' lang='lat' dir='ltr'><strong>evitaret,</strong></span> <span class='ocrx_word' id='word_1_695' title='bbox 1163 4426 1244 4484; x_wconf 88' lang='lat' dir='ltr'><strong>docet</strong></span> <span class='ocrx_word' id='word_1_696' title='bbox 1261 4427 1404 4486; x_wconf 85' lang='lat' dir='ltr'><strong>valterius</strong></span> <span class='ocrx_word' id='word_1_697' title='bbox 1428 4430 1573 4487; x_wconf 78' lang='lat' dir='ltr'><strong>Maximus</strong></span> <span class='ocrx_word' id='word_1_698' title='bbox 1587 4431 1622 4487; x_wconf 93' lang='lat' dir='ltr'><strong>de</strong></span> <span class='ocrx_word' id='word_1_699' title='bbox 1642 4430 1772 4501; x_wconf 89' lang='lat' dir='ltr'><strong>quodam</strong></span> <span class='ocrx_word' id='word_1_700' title='bbox 1794 4429 1852 4487; x_wconf 82' lang='lat' dir='ltr'><strong>ado</strong></span> 
     </span>
     <span class='ocr_line' id='line_1_49' title="bbox 119 4513 1853 4591; baseline -0.002 -14"><span class='ocrx_word' id='word_1_701' title='bbox 119 4539 135 4569; x_wconf 82' lang='lat'>»</span> <span class='ocrx_word' id='word_1_702' title='bbox 154 4519 248 4578; x_wconf 87' lang='lat' dir='ltr'><strong>ddells</strong></span> <span class='ocrx_word' id='word_1_703' title='bbox 272 4520 427 4591; x_wconf 89' lang='lat' dir='ltr'><strong>dispensat,</strong></span> <span class='ocrx_word' id='word_1_704' title='bbox 448 4518 584 4576; x_wconf 89' lang='lat' dir='ltr'><strong>obediens</strong></span> <span class='ocrx_word' id='word_1_705' title='bbox 604 4515 767 4574; x_wconf 89' lang='lat' dir='ltr'><strong>auctoritati</strong></span> <span class='ocrx_word' id='word_1_706' title='bbox 787 4514 908 4585; x_wconf 89' lang='lat' dir='ltr'><strong>domini,</strong></span> <span class='ocrx_word' id='word_1_707' title='bbox 936 4522 964 4570; x_wconf 91' lang='lat' dir='ltr'><strong>et</strong></span> <span class='ocrx_word' id='word_1_708' title='bbox 1016 4513 1138 4572; x_wconf 88' lang='lat' dir='ltr'><strong>lescente</strong></span> <span class='ocrx_word' id='word_1_709' title='bbox 1169 4515 1209 4571; x_wconf 89' lang='lat' dir='ltr'><strong>ita</strong></span> <span class='ocrx_word' id='word_1_710' title='bbox 1231 4517 1361 4575; x_wconf 89' lang='lat' dir='ltr'><strong>scribens</strong></span> <span class='ocrx_word' id='word_1_711' title='bbox 1388 4519 1443 4591; x_wconf 86' lang='lat'>(60)</span> <span class='ocrx_word' id='word_1_712' title='bbox 1462 4534 1468 4573; x_wconf 93' lang='lat'><strong>:</strong></span> <span class='ocrx_word' id='word_1_713' title='bbox 1485 4539 1499 4568; x_wconf 92' lang='lat'>«</span> <span class='ocrx_word' id='word_1_714' title='bbox 1513 4519 1661 4590; x_wconf 84' lang='lat' dir='ltr'><strong>Spurrina</strong></span> <span class='ocrx_word' id='word_1_715' title='bbox 1699 4518 1853 4577; x_wconf 80' lang='lat' dir='ltr'><strong>adolescens</strong></span> 
     </span>
     <span class='ocr_line' id='line_1_50' title="bbox 117 4603 1852 4681; baseline 0 -18"><span class='ocrx_word' id='word_1_716' title='bbox 117 4608 332 4681; x_wconf 79' lang='lat' dir='ltr'><strong>»dispositioni</strong></span> <span class='ocrx_word' id='word_1_717' title='bbox 355 4607 419 4681; x_wconf 86' lang='lat' dir='ltr'><strong>ejus</strong></span> <span class='ocrx_word' id='word_1_718' title='bbox 441 4608 650 4678; x_wconf 88' lang='lat' dir='ltr'><strong>obtemperans,</strong></span> <span class='ocrx_word' id='word_1_719' title='bbox 669 4618 759 4676; x_wconf 89' lang='lat' dir='ltr'><strong>quam</strong></span> <span class='ocrx_word' id='word_1_720' title='bbox 782 4604 873 4676; x_wconf 83' lang='lat' dir='ltr'><strong>luxor,</strong></span> <span class='ocrx_word' id='word_1_721' title='bbox 899 4617 964 4676; x_wconf 87' lang='lat' dir='ltr'><strong>quae</strong></span> <span class='ocrx_word' id='word_1_722' title='bbox 1016 4603 1179 4662; x_wconf 85' lang='lat' dir='ltr'><strong>excellentis</strong></span> <span class='ocrx_word' id='word_1_723' title='bbox 1203 4606 1428 4676; x_wconf 88' lang='lat' dir='ltr'><strong>pulchritudinis</strong></span> <span class='ocrx_word' id='word_1_724' title='bbox 1449 4623 1516 4665; x_wconf 93' lang='lat' dir='ltr'><strong>cnm</strong></span> <span class='ocrx_word' id='word_1_725' title='bbox 1538 4609 1615 4665; x_wconf 93' lang='lat' dir='ltr'><strong>mira</strong></span> <span class='ocrx_word' id='word_1_726' title='bbox 1640 4607 1852 4679; x_wconf 85' lang='lat' dir='ltr'><strong>specietenrim·</strong></span> 
     </span>
     <span class='ocr_line' id='line_1_51' title="bbox 117 4692 1851 4768; baseline -0.002 -15"><span class='ocrx_word' id='word_1_727' title='bbox 117 4722 133 4753; x_wconf 66' lang='grc' dir='ltr'><strong><em>ι</em></strong></span> <span class='ocrx_word' id='word_1_728' title='bbox 154 4698 185 4755; x_wconf 93' lang='lat' dir='ltr'><strong>in</strong></span> <span class='ocrx_word' id='word_1_729' title='bbox 199 4711 273 4756; x_wconf 89' lang='lat' dir='ltr'><strong>eose</strong></span> <span class='ocrx_word' id='word_1_730' title='bbox 291 4697 414 4754; x_wconf 80' lang='lat' dir='ltr'><strong>estimat</strong></span> <span class='ocrx_word' id='word_1_731' title='bbox 433 4696 592 4766; x_wconf 90' lang='lat' dir='ltr'><strong>dominam,</strong></span> <span class='ocrx_word' id='word_1_732' title='bbox 607 4695 631 4751; x_wconf 93' lang='lat' dir='ltr'><strong>si</strong></span> <span class='ocrx_word' id='word_1_733' title='bbox 642 4694 796 4751; x_wconf 84' lang='lat' dir='ltr'><strong>adversum</strong></span> <span class='ocrx_word' id='word_1_734' title='bbox 809 4693 861 4749; x_wconf 84' lang='lat' dir='ltr'><strong>viri</strong></span> <span class='ocrx_word' id='word_1_735' title='bbox 877 4692 963 4749; x_wconf 86' lang='lat' dir='ltr'><strong>iaciat</strong></span> <span class='ocrx_word' id='word_1_736' title='bbox 1015 4707 1082 4751; x_wconf 89' lang='lat' dir='ltr'><strong>rum</strong></span> <span class='ocrx_word' id='word_1_737' title='bbox 1102 4693 1258 4751; x_wconf 90' lang='lat' dir='ltr'><strong>illustrium</strong></span> <span class='ocrx_word' id='word_1_738' title='bbox 1287 4696 1451 4754; x_wconf 88' lang='lat' dir='ltr'><strong>sollicitaret</strong></span> <span class='ocrx_word' id='word_1_739' title='bbox 1466 4697 1574 4765; x_wconf 91' lang='lat' dir='ltr'><strong>oculos,</strong></span> <span class='ocrx_word' id='word_1_740' title='bbox 1598 4697 1722 4768; x_wconf 91' lang='lat' dir='ltr'><strong>ideoque</strong></span> <span class='ocrx_word' id='word_1_741' title='bbox 1741 4697 1812 4754; x_wconf 83' lang='lat' dir='ltr'><strong>viris</strong></span> <span class='ocrx_word' id='word_1_742' title='bbox 1831 4701 1851 4749; x_wconf 89' lang='lat' dir='ltr'><strong>ct</strong></span> 
     </span>
     <span class='ocr_line' id='line_1_52' title="bbox 115 4781 1850 4857; baseline -0.002 -17"><span class='ocrx_word' id='word_1_743' title='bbox 115 4809 131 4840; x_wconf 71' lang='grc' dir='ltr'><strong><em>ι</em></strong></span> <span class='ocrx_word' id='word_1_744' title='bbox 151 4788 342 4853; x_wconf 82' lang='lat' dir='ltr'><strong>voluntatem,</strong></span> <span class='ocrx_word' id='word_1_745' title='bbox 360 4785 387 4843; x_wconf 92' lang='lat' dir='ltr'><strong>id</strong></span> <span class='ocrx_word' id='word_1_746' title='bbox 407 4793 450 4843; x_wconf 91' lang='lat' dir='ltr'><strong>cst</strong></span> <span class='ocrx_word' id='word_1_747' title='bbox 465 4784 544 4857; x_wconf 91' lang='lat' dir='ltr'><strong>quod</strong></span> <span class='ocrx_word' id='word_1_748' title='bbox 559 4784 660 4855; x_wconf 90' lang='lat' dir='ltr'><strong>placet,</strong></span> <span class='ocrx_word' id='word_1_749' title='bbox 673 4781 960 4854; x_wconf 88' lang='lat' dir='ltr'><strong>nonquodjubetur.</strong></span> <span class='ocrx_word' id='word_1_750' title='bbox 1015 4782 1183 4853; x_wconf 88' lang='lat' dir='ltr'><strong>parentibus</strong></span> <span class='ocrx_word' id='word_1_751' title='bbox 1205 4796 1307 4842; x_wconf 91' lang='lat' dir='ltr'><strong>earum</strong></span> <span class='ocrx_word' id='word_1_752' title='bbox 1330 4799 1361 4843; x_wconf 90' lang='lat' dir='ltr'><strong>se</strong></span> <span class='ocrx_word' id='word_1_753' title='bbox 1379 4795 1545 4857; x_wconf 90' lang='lat' dir='ltr'><strong>suspectum</strong></span> <span class='ocrx_word' id='word_1_754' title='bbox 1569 4799 1630 4842; x_wconf 89' lang='lat' dir='ltr'><strong>esse</strong></span> <span class='ocrx_word' id='word_1_755' title='bbox 1657 4785 1790 4852; x_wconf 86' lang='lat' dir='ltr'><strong>sentiret,</strong></span> <span class='ocrx_word' id='word_1_756' title='bbox 1803 4783 1850 4841; x_wconf 78' lang='lat' dir='ltr'><strong>oris</strong></span> 
     </span>
     <span class='ocr_line' id='line_1_53' title="bbox 116 4871 1849 4946; baseline -0.001 -18"><span class='ocrx_word' id='word_1_757' title='bbox 116 4877 281 4935; x_wconf 73' lang='lat' dir='ltr'><strong>»desidere</strong></span> <span class='ocrx_word' id='word_1_758' title='bbox 299 4880 399 4933; x_wconf 88' lang='lat' dir='ltr'><strong>autem</strong></span> <span class='ocrx_word' id='word_1_759' title='bbox 426 4874 576 4946; x_wconf 73' lang='lat' dir='ltr'><strong>egrotanti</strong></span> <span class='ocrx_word' id='word_1_760' title='bbox 608 4872 701 4945; x_wconf 86' lang='lat' dir='ltr'><strong>magis</strong></span> <span class='ocrx_word' id='word_1_761' title='bbox 728 4879 848 4942; x_wconf 89' lang='lat' dir='ltr'><strong>possunt</strong></span> <span class='ocrx_word' id='word_1_762' title='bbox 876 4871 960 4927; x_wconf 90' lang='lat' dir='ltr'><strong>amici</strong></span> <span class='ocrx_word' id='word_1_763' title='bbox 1014 4871 1144 4929; x_wconf 87' lang='lat' dir='ltr'><strong>decorem</strong></span> <span class='ocrx_word' id='word_1_764' title='bbox 1172 4873 1346 4931; x_wconf 82' lang='lat' dir='ltr'><strong>vulneribus</strong></span> <span class='ocrx_word' id='word_1_765' title='bbox 1379 4875 1514 4932; x_wconf 92' lang='lat' dir='ltr'><strong>conlcdit.</strong></span> <span class='ocrx_word' id='word_1_766' title='bbox 1529 4897 1543 4926; x_wconf 77' lang='grc' dir='ltr'><strong><em>ι</em></strong></span> <span class='ocrx_word' id='word_1_767' title='bbox 1559 4873 1652 4932; x_wconf 84' lang='lat' dir='ltr'><strong>Factis</strong></span> <span class='ocrx_word' id='word_1_768' title='bbox 1673 4875 1763 4932; x_wconf 89' lang='lat' dir='ltr'><strong>etiam</strong></span> <span class='ocrx_word' id='word_1_769' title='bbox 1792 4871 1849 4943; x_wconf 84' lang='lat' dir='ltr'><strong>ipsis</strong></span> 
     </span>
     <span class='ocr_line' id='line_1_54' title="bbox 114 4959 1848 5034; baseline -0.005 -10"><span class='ocrx_word' id='word_1_770' title='bbox 114 4987 130 5018; x_wconf 70' lang='lat' dir='ltr'><strong>a·</strong></span> <span class='ocrx_word' id='word_1_771' title='bbox 148 4974 177 5024; x_wconf 87' lang='lat' dir='ltr'><strong>et</strong></span> <span class='ocrx_word' id='word_1_772' title='bbox 196 4963 360 5023; x_wconf 77' lang='lat' dir='ltr'><strong>vernaculae</strong></span> <span class='ocrx_word' id='word_1_773' title='bbox 382 4962 527 5021; x_wconf 78' lang='lat' dir='ltr'><strong>beneficiis</strong></span> <span class='ocrx_word' id='word_1_774' title='bbox 547 4961 680 5032; x_wconf 86' lang='lat' dir='ltr'><strong>obligati,</strong></span> <span class='ocrx_word' id='word_1_775' title='bbox 702 4974 791 5032; x_wconf 92' lang='lat' dir='ltr'><strong>qnam</strong></span> <span class='ocrx_word' id='word_1_776' title='bbox 820 4959 870 5016; x_wconf 89' lang='lat' dir='ltr'><strong>illa</strong></span> <span class='ocrx_word' id='word_1_777' title='bbox 894 4975 960 5032; x_wconf 78' lang='lat' dir='ltr'><strong>quae</strong></span> <span class='ocrx_word' id='word_1_778' title='bbox 994 4960 1133 5018; x_wconf 80' lang='lat' dir='ltr'><strong>‘adillud</strong></span> <span class='ocrx_word' id='word_1_779' title='bbox 1160 4976 1212 5020; x_wconf 90' lang='lat' dir='ltr'><strong>nos</strong></span> <span class='ocrx_word' id='word_1_780' title='bbox 1230 4963 1365 5034; x_wconf 85' lang='lat' dir='ltr'><strong>sapientis</strong></span> <span class='ocrx_word' id='word_1_781' title='bbox 1381 4965 1506 5021; x_wconf 82' lang='lat' dir='ltr'><strong>maxime</strong></span> <span class='ocrx_word' id='word_1_782' title='bbox 1533 4964 1715 5031; x_wconf 84' lang='lat' dir='ltr'><strong>adhortatus,</strong></span> <span class='ocrx_word' id='word_1_783' title='bbox 1738 4962 1775 5020; x_wconf 88' lang='lat' dir='ltr'><strong>de</strong></span> <span class='ocrx_word' id='word_1_784' title='bbox 1801 4973 1848 5032; x_wconf 89' lang='lat' dir='ltr'><strong>quo</strong></span> 
     </span>
     <span class='ocr_line' id='line_1_55' title="bbox 115 5049 1845 5124; baseline -0.005 -12"><span class='ocrx_word' id='word_1_785' title='bbox 115 5053 231 5112; x_wconf 67' lang='lat' dir='ltr'><strong>’nobis</strong></span> <span class='ocrx_word' id='word_1_786' title='bbox 263 5053 386 5124; x_wconf 89' lang='lat' dir='ltr'><strong>imputet</strong></span> <span class='ocrx_word' id='word_1_787' title='bbox 409 5053 553 5124; x_wconf 87' lang='lat' dir='ltr'><strong>lacrymas</strong></span> <span class='ocrx_word' id='word_1_788' title='bbox 581 5059 700 5119; x_wconf 88' lang='lat' dir='ltr'><strong>suas,et</strong></span> <span class='ocrx_word' id='word_1_789' title='bbox 714 5049 892 5108; x_wconf 79' lang='lat' dir='ltr'><strong>hereditatis</strong></span> <span class='ocrx_word' id='word_1_790' title='bbox 910 5063 960 5120; x_wconf 90' lang='lat' dir='ltr'><strong>spe</strong></span> <span class='ocrx_word' id='word_1_791' title='bbox 1013 5051 1153 5122; x_wconf 92' lang='lat' dir='ltr'><strong>scriptum</strong></span> <span class='ocrx_word' id='word_1_792' title='bbox 1180 5059 1232 5121; x_wconf 90' lang='lat' dir='ltr'><strong>est,</strong></span> <span class='ocrx_word' id='word_1_793' title='bbox 1257 5053 1353 5109; x_wconf 85' lang='lat' dir='ltr'><strong>lletius</strong></span> <span class='ocrx_word' id='word_1_794' title='bbox 1377 5057 1417 5107; x_wconf 85' lang='lat' dir='ltr'><strong>est</strong></span> <span class='ocrx_word' id='word_1_795' title='bbox 1443 5068 1539 5107; x_wconf 82' lang='lat' dir='ltr'><strong>nomen</strong></span> <span class='ocrx_word' id='word_1_796' title='bbox 1559 5052 1657 5107; x_wconf 85' lang='lat' dir='ltr'><strong>bouum</strong></span> <span class='ocrx_word' id='word_1_797' title='bbox 1681 5067 1767 5122; x_wconf 84' lang='lat' dir='ltr'><strong>quom</strong></span> <span class='ocrx_word' id='word_1_798' title='bbox 1781 5050 1845 5106; x_wconf 79' lang='lat' dir='ltr'><strong>dici·</strong></span> 
     </span>
     <span class='ocr_line' id='line_1_56' title="bbox 114 5136 1878 5213; baseline -0.002 -19"><span class='ocrx_word' id='word_1_799' title='bbox 114 5142 257 5200; x_wconf 66' lang='lat' dir='ltr'><strong>‚vendat</strong></span> <span class='ocrx_word' id='word_1_800' title='bbox 285 5141 429 5213; x_wconf 88' lang='lat' dir='ltr'><strong>illuviem,</strong></span> <span class='ocrx_word' id='word_1_801' title='bbox 448 5147 476 5199; x_wconf 90' lang='lat' dir='ltr'><strong>et</strong></span> <span class='ocrx_word' id='word_1_802' title='bbox 498 5139 723 5198; x_wconf 87' lang='lat' dir='ltr'><strong>sollicitudinem</strong></span> <span class='ocrx_word' id='word_1_803' title='bbox 750 5142 874 5208; x_wconf 84' lang='lat' dir='ltr'><strong>jactans,</strong></span> <span class='ocrx_word' id='word_1_804' title='bbox 896 5138 956 5196; x_wconf 88' lang='lat' dir='ltr'><strong>lan·</strong></span> <span class='ocrx_word' id='word_1_805' title='bbox 1014 5140 1059 5195; x_wconf 80' lang='lat' dir='ltr'><strong>tiae</strong></span> <span class='ocrx_word' id='word_1_806' title='bbox 1082 5138 1184 5194; x_wconf 83' lang='lat' dir='ltr'><strong>multu.</strong></span> <span class='ocrx_word' id='word_1_807' title='bbox 1210 5139 1387 5209; x_wconf 74' lang='lat' dir='ltr'><strong>(Pronum,</strong></span> <span class='ocrx_word' id='word_1_808' title='bbox 1408 5143 1444 5211; x_wconf 79' lang='lat' dir='ltr'><strong>l).</strong></span> <span class='ocrx_word' id='word_1_809' title='bbox 1475 5141 1511 5197; x_wconf 84' lang='lat' dir='ltr'><strong>Et</strong></span> <span class='ocrx_word' id='word_1_810' title='bbox 1532 5139 1717 5197; x_wconf 89' lang='lat' dir='ltr'><strong>crudeliscst</strong></span> <span class='ocrx_word' id='word_1_811' title='bbox 1746 5136 1845 5211; x_wconf 82' lang='lat' dir='ltr'><strong>quila·</strong></span> <span class='ocrx_word' id='word_1_812' title='bbox 1875 5152 1878 5161; x_wconf 94' lang='lat'>·</span> 
     </span>
     <span class='ocr_line' id='line_1_57' title="bbox 113 5227 1846 5302; baseline -0.005 -14"><span class='ocrx_word' id='word_1_813' title='bbox 113 5249 129 5280; x_wconf 71' lang='lat' dir='ltr'><strong>s</strong></span> <span class='ocrx_word' id='word_1_814' title='bbox 149 5231 266 5302; x_wconf 79' lang='lat' dir='ltr'><strong>gerentis</strong></span> <span class='ocrx_word' id='word_1_815' title='bbox 293 5231 425 5289; x_wconf 91' lang='lat' dir='ltr'><strong>animum</strong></span> <span class='ocrx_word' id='word_1_816' title='bbox 445 5229 644 5302; x_wconf 88' lang='lat' dir='ltr'><strong>desperatione</strong></span> <span class='ocrx_word' id='word_1_817' title='bbox 657 5228 815 5301; x_wconf 85' lang='lat' dir='ltr'><strong>perturbet.</strong></span> <span class='ocrx_word' id='word_1_818' title='bbox 833 5228 915 5293; x_wconf 80' lang='lat' dir='ltr'><strong>Quod</strong></span> <span class='ocrx_word' id='word_1_819' title='bbox 933 5227 958 5284; x_wconf 89' lang='lat' dir='ltr'><strong>si</strong></span> <span class='ocrx_word' id='word_1_820' title='bbox 1010 5241 1089 5284; x_wconf 91' lang='lat' dir='ltr'><strong>mam</strong></span> <span class='ocrx_word' id='word_1_821' title='bbox 1102 5241 1185 5285; x_wconf 88' lang='lat' dir='ltr'><strong>suam</strong></span> <span class='ocrx_word' id='word_1_822' title='bbox 1200 5227 1330 5300; x_wconf 78' lang='lat' dir='ltr'><strong>negligit.</strong></span> <span class='ocrx_word' id='word_1_823' title='bbox 1346 5229 1379 5285; x_wconf 90' lang='lat' dir='ltr'><strong>lli</strong></span> <span class='ocrx_word' id='word_1_824' title='bbox 1397 5230 1483 5286; x_wconf 89' lang='lat' dir='ltr'><strong>ctiam</strong></span> <span class='ocrx_word' id='word_1_825' title='bbox 1498 5237 1608 5301; x_wconf 89' lang='lat' dir='ltr'><strong>quanto</strong></span> <span class='ocrx_word' id='word_1_826' title='bbox 1630 5228 1729 5286; x_wconf 89' lang='lat' dir='ltr'><strong>studio</strong></span> <span class='ocrx_word' id='word_1_827' title='bbox 1744 5227 1846 5300; x_wconf 91' lang='lat' dir='ltr'><strong>pudici·</strong></span> 
     </span>
     <span class='ocr_line' id='line_1_58' title="bbox 112 5315 1845 5394; baseline -0.004 -19"><span class='ocrx_word' id='word_1_828' title='bbox 112 5336 128 5366; x_wconf 75' lang='lat' dir='ltr'><strong>s</strong></span> <span class='ocrx_word' id='word_1_829' title='bbox 146 5315 304 5391; x_wconf 87' lang='lat' dir='ltr'><strong>languerit,</strong></span> <span class='ocrx_word' id='word_1_830' title='bbox 314 5319 547 5394; x_wconf 73' lang='lat' dir='ltr'><strong>coaegrotandum</strong></span> <span class='ocrx_word' id='word_1_831' title='bbox 562 5326 614 5388; x_wconf 87' lang='lat' dir='ltr'><strong>est,</strong></span> <span class='ocrx_word' id='word_1_832' title='bbox 630 5325 657 5375; x_wconf 90' lang='lat' dir='ltr'><strong>et</strong></span> <span class='ocrx_word' id='word_1_833' title='bbox 671 5332 826 5390; x_wconf 77' lang='lat' dir='ltr'><strong>nunquam</strong></span> <span class='ocrx_word' id='word_1_834' title='bbox 841 5331 880 5376; x_wconf 93' lang='lat' dir='ltr'><strong>an</strong></span> <span class='ocrx_word' id='word_1_835' title='bbox 894 5317 958 5388; x_wconf 78' lang='lat' dir='ltr'><strong>eius</strong></span> <span class='ocrx_word' id='word_1_836' title='bbox 1010 5318 1080 5375; x_wconf 88' lang='lat' dir='ltr'><strong>tiam</strong></span> <span class='ocrx_word' id='word_1_837' title='bbox 1108 5317 1361 5387; x_wconf 89' lang='lat' dir='ltr'><strong>amplecterentur,</strong></span> <span class='ocrx_word' id='word_1_838' title='bbox 1388 5325 1416 5375; x_wconf 94' lang='lat' dir='ltr'><strong>et</strong></span> <span class='ocrx_word' id='word_1_839' title='bbox 1439 5321 1468 5375; x_wconf 92' lang='lat' dir='ltr'><strong>in</strong></span> <span class='ocrx_word' id='word_1_840' title='bbox 1487 5318 1623 5376; x_wconf 88' lang='lat' dir='ltr'><strong>omnibus</strong></span> <span class='ocrx_word' id='word_1_841' title='bbox 1649 5331 1717 5389; x_wconf 83' lang='lat' dir='ltr'><strong>qnae</strong></span> <span class='ocrx_word' id='word_1_842' title='bbox 1743 5320 1845 5388; x_wconf 82' lang='lat' dir='ltr'><strong>possent</strong></span> 
     </span>
     <span class='ocr_line' id='line_1_59' title="bbox 112 5401 1847 5478; baseline -0.002 -16"><span class='ocrx_word' id='word_1_843' title='bbox 112 5421 128 5452; x_wconf 68' lang='grc' dir='ltr'><strong><em>ι</em></strong></span> <span class='ocrx_word' id='word_1_844' title='bbox 147 5401 252 5466; x_wconf 84' lang='lat' dir='ltr'><strong>lectulo</strong></span> <span class='ocrx_word' id='word_1_845' title='bbox 273 5409 476 5468; x_wconf 87' lang='lat' dir='ltr'><strong>recedendum.</strong></span> <span class='ocrx_word' id='word_1_846' title='bbox 498 5408 557 5466; x_wconf 77' lang='lat' dir='ltr'><strong>Aut</strong></span> <span class='ocrx_word' id='word_1_847' title='bbox 576 5408 601 5465; x_wconf 92' lang='lat' dir='ltr'><strong>si</strong></span> <span class='ocrx_word' id='word_1_848' title='bbox 623 5407 699 5464; x_wconf 88' lang='lat' dir='ltr'><strong>bona</strong></span> <span class='ocrx_word' id='word_1_849' title='bbox 713 5406 801 5464; x_wconf 89' lang='lat' dir='ltr'><strong>luerit</strong></span> <span class='ocrx_word' id='word_1_850' title='bbox 814 5414 843 5464; x_wconf 92' lang='lat' dir='ltr'><strong>et</strong></span> <span class='ocrx_word' id='word_1_851' title='bbox 856 5405 957 5465; x_wconf 89' lang='lat' dir='ltr'><strong>suavis</strong></span> <span class='ocrx_word' id='word_1_852' title='bbox 1011 5405 1148 5463; x_wconf 89' lang='lat' dir='ltr'><strong>obscenas</strong></span> <span class='ocrx_word' id='word_1_853' title='bbox 1171 5405 1366 5476; x_wconf 89' lang='lat' dir='ltr'><strong>turpitudines</strong></span> <span class='ocrx_word' id='word_1_854' title='bbox 1393 5407 1586 5478; x_wconf 76' lang='lat' dir='ltr'><strong>prevenirent</strong></span> <span class='ocrx_word' id='word_1_855' title='bbox 1606 5406 1637 5463; x_wconf 87' lang='lat' dir='ltr'><strong>in</strong></span> <span class='ocrx_word' id='word_1_856' title='bbox 1654 5406 1757 5465; x_wconf 87' lang='lat' dir='ltr'><strong>eodem</strong></span> <span class='ocrx_word' id='word_1_857' title='bbox 1770 5402 1847 5463; x_wconf 90' lang='lat' dir='ltr'><strong>conti·</strong></span> 
     </span>
    </p>
   </div>
   <div class='ocr_carea' id='block_1_6' title="bbox 157 5511 1421 5658">
    <p class='ocr_par' dir='ltr' id='par_1_7' title="bbox 157 5511 1421 5658">
     <span class='ocr_line' id='line_1_60' title="bbox 157 5511 1421 5658; baseline -0.001 -86"><span class='ocrx_word' id='word_1_858' title='bbox 157 5515 191 5639; x_wconf 54' lang='grc' dir='ltr'><strong>ἓξ</strong></span> <span class='ocrx_word' id='word_1_859' title='bbox 214 5515 527 5658; x_wconf 44' lang='grc' dir='ltr'><strong>ἑιῦἶιὲῑέἰοέἓηζὲιὲῗι,</strong></span> <span class='ocrx_word' id='word_1_860' title='bbox 540 5529 608 5572; x_wconf 84' lang='lat' dir='ltr'><strong>rcro</strong></span> <span class='ocrx_word' id='word_1_861' title='bbox 617 5517 677 5573; x_wconf 82' lang='lat' dir='ltr'><strong>acts</strong></span> <span class='ocrx_word' id='word_1_862' title='bbox 690 5519 740 5572; x_wconf 76' lang='lat' dir='ltr'><strong>est.</strong></span> <span class='ocrx_word' id='word_1_863' title='bbox 1045 5511 1103 5586; x_wconf 81' lang='lat'><strong>(60)</strong></span> <span class='ocrx_word' id='word_1_864' title='bbox 1114 5511 1176 5581; x_wconf 82' lang='lat' dir='ltr'><strong>Vel,</strong></span> <span class='ocrx_word' id='word_1_865' title='bbox 1188 5512 1265 5573; x_wconf 71' lang='grc' dir='ltr'><strong>Μαι.</strong></span> <span class='ocrx_word' id='word_1_866' title='bbox 1279 5511 1300 5572; x_wconf 93' lang='lat' dir='ltr'><strong>l.</strong></span> <span class='ocrx_word' id='word_1_867' title='bbox 1317 5530 1356 5587; x_wconf 79' lang='lat' dir='ltr'><strong>rr,</strong></span> <span class='ocrx_word' id='word_1_868' title='bbox 1367 5516 1421 5571; x_wconf 75' lang='lat' dir='ltr'><strong>ct.</strong></span> 
     </span>
     <span class='ocr_line' id='line_1_61' title="bbox 389 5623 514 5654; baseline 0 -14"><span class='ocrx_word' id='word_1_869' title='bbox 389 5623 408 5654; x_wconf 94' lang='lat'><strong>.,</strong></span> <span class='ocrx_word' id='word_1_870' title='bbox 507 5623 514 5640; x_wconf 94' lang='lat'><strong>.</strong></span> 
     </span>
    </p>
   </div>
   <div class='ocr_carea' id='block_1_7' title="bbox 0 0 1906 5962">
    <p class='ocr_par' dir='ltr' id='par_1_8' title="bbox 0 0 1906 5962">
     <span class='ocr_line' id='line_1_62' title="bbox 0 0 1906 5962; baseline 0 8"><span class='ocrx_word' id='word_1_871' title='bbox 0 0 1906 5962; x_wconf 95' lang='lat' dir='ltr'><strong> </strong></span> 
     </span>
    </p>
   </div>
  </div>
 </body>
</html>
