3804 5962
115 191 185 247 last
381 187 484 245 aulul
504 187 691 243 remitum
712 188 788 243 OPP.
809 186 899 245 Plus
914 187 1009 245 HL·
1022 187 1245 244 tunoloutcll
1266 188 1307 241 ET
1326 186 1595 243 ettuosouutca.
1642 189 1646 197 “
1799 175 1859 239 1350

113 310 249 370 cernebat
266 323 381 368 carnem
403 317 430 364 et
455 307 587 364 credebat
603 308 694 364 Deum
715 309 744 364 in
759 322 846 364 carne
866 307 956 364 laten·
973 307 997 362 ll
1013 309 1042 362 in
1057 310 1180 378 Epistola
1203 312 1283 365 Pauli
1301 310 1338 364 ad
1366 309 1433 365 Rom
1448 328 1458 363 :
1491 307 1574 363 Fides
1606 305 1699 377 igitur
1727 313 1781 369 est,
1806 317 1860 376 qua

112 407 181 457 tem.
196 397 250 455 Sed
276 398 327 455 etsi
351 397 491 453 dicuntur
515 397 591 451 credi
616 411 682 466 quae
705 397 851 461 videntur,
881 397 958 453 sicut
1013 396 1309 453 veracitetcredimus
1326 395 1443 466 idquod
1458 407 1644 465 nequaquam
1663 393 1767 450 ridere
1782 393 1861 449 rale-

103 486 396 557 urcitanusqulsqne
415 484 506 540 oeulis
520 485 581 540 suis
595 500 624 541 sc
639 485 802 552 credidisse,
831 500 889 540 non
918 494 959 541 ta·
1013 499 1088 540 mus.
1115 484 1285 549 sinautem,
1301 485 1377 555 equod
1397 483 1552 546 credimus,
1576 481 1683 550 idjam
1719 481 1859 547 videmus,

113 589 180 633 men
196 576 259 646 ipsa
278 582 321 630 est
337 587 402 645 qun
423 573 452 628 iu
473 572 557 629 nobis
575 573 736 629 aedillcatur
752 573 841 644 lides;
856 574 904 629 sed
923 588 957 629 ert
1013 573 1081 629 fides
1092 588 1149 629 nun
1165 579 1206 629 est
1223 574 1364 640 habenda,
1386 573 1434 628 sed
1450 570 1586 641 cognitio.
1604 568 1717 624 Paulus
1733 568 1764 622 in
1779 567 1806 622 ιι
1818 582 1859 637 ep.

113 663 209 731 rebns,
226 677 292 733 que
306 661 454 728 videntur,
468 661 566 731 agitur
581 661 610 717 iu
630 662 724 728 nobis,
742 669 773 718 ut
786 677 819 717 ea
837 662 956 718 credan·
1013 662 1048 717 ad
1073 661 1226 718 Corium:
1247 665 1282 716 ul
1299 677 1347 716 nos
1373 660 1519 726 credimus,
1539 663 1651 728 propter
1677 655 1754 723 quod
1775 661 1800 711 et
1824 657 1862 711 loe

112 755 314 821 turquaenon
335 748 481 805 videntur.
506 749 612 803 Idem:
641 751 783 806 credituri
813 765 871 805 uun
904 750 959 805 tide
1013 753 1141 819 quiritur,
1168 754 1279 805 scientes
1306 742 1433 816 quoniam
1461 751 1509 818 qui
1529 747 1672 802 suscitavit
1708 747 1815 810 iesum,
1838 750 1861 799 et

114 853 198 904 nova,
214 837 376 905 audancia,
392 844 443 892 aut
458 844 545 905 corle,
569 852 635 893 cum
652 847 785 894 mortuus
804 846 887 904 essct,
912 838 959 894 dc·
1014 855 1062 893 etos
1079 854 1138 893 cum
1149 841 1212 892 Jcsu
1234 840 1376 893 suscitabit
1392 843 1419 892 ot
1432 840 1577 892 constituet
1589 836 1732 889 nobiscum
1748 835 1786 905 (ll
1804 834 1860 890 cor.

113 928 199 993 lecta,
241 939 307 981 cum
343 925 558 992 resurrexisset,
596 926 709 982 reiecta.
754 926 831 980 ldem
863 926 956 979 bomil.
1015 940 1053 993 tv,
1075 928 1115 992 l3,
1138 926 1193 997 li).
1211 929 1303 981 item:
1333 928 1438 982 Scimus
1459 928 1531 979 euim
1559 926 1697 993 quoniam,
1728 926 1755 977 st
1781 927 1858 978 tetre-

46 1072 53 1081 ,
115 1015 224 1070 xxxix.
263 1013 337 1081 Quid
367 1012 509 1083 promittit
543 1013 752 1069 credemibus?
786 1013 959 1084 cognoscetis
1013 1017 1078 1069 stris
1096 1017 1191 1069 domus
1221 1021 1313 1069 ttostm
1338 1016 1514 1082 dissoluatur,
1540 1014 1705 1082 generaliter
1737 1011 1860 1066 tuamor

112 1103 273 1160 raritatem.
304 1101 455 1172 Nonquia
480 1099 957 1172 cognoveruntcrediderunt,sed
1014 1105 1122 1158 domum
1136 1105 1561 1170 atcncmincnlis(llt'or.v.
1582 1103 1616 1172 l).
1643 1102 1768 1168 Aliqust.
1788 1100 1859 1153 libi

113 1200 147 1249 ut
161 1198 374 1264 cognoscerent,
394 1190 586 1246 crediderunt·
611 1189 761 1246 Credimus
784 1197 815 1246 Ui
836 1202 957 1259 ⁰0gss05·
1013 1195 1262 1249 detractationum-
1278 1193 1357 1259 Quod
1373 1192 1431 1249 dixi
1448 1192 1571 1247 muitum
1588 1192 1743 1248 interresse
1763 1197 1858 1247 utrum

112 1294 237 1349 Siamus,
267 1293 324 1336 11⁰ss
353 1279 600 1349 cognoscimusur
621 1278 783 1334 credimus·
818 1277 893 1341 Ouid
917 1284 958 1332 est
1015 1282 1128 1352 aliquid
1157 1291 1235 1338 certa
1262 1283 1365 1338 utentis
1392 1283 1502 1339 ratione
1531 1287 1672 1346 teneatur,
1691 1277 1859 1349 quodecire

113 1371 189 1428 ellim
205 1369 284 1435 fidis.
299 1367 354 1423 nisi
372 1367 486 1422 credere
506 1367 582 1437 ‘lUOd
599 1380 656 1422 11⁰ss
670 1366 773 1422 Vides?
795 1366 865 1421 fidis
890 1379 959 1435 θΐιιῡ
1014 1371 1150 1438 dicimur,
1181 1386 1217 1426 au
1242 1373 1319 1426 lama
1343 1371 1387 1426 rel
1413 1370 1514 1426 litteris
1542 1368 1720 1425 credendum
1745 1367 1859 1438 posterla

113 1465 165 1522 est,
182 1458 260 1529 quoa
275 1470 333 1513 non
357 1454 455 1511 vtutsu
471 1454 605 1525 πωπω
633 1453 844 1525 sterilescunt
862 1452 958 1509 credi·
1015 1460 1127 1515 utirtier
1141 1459 1366 1514 coruscantum.
1390 1459 1425 1512 aa
1445 1458 1625 1527 paulopost:
1645 1455 1728 1522 Quor
1756 1456 1858 1511 seimus

91 1540 182 1604 'disti
209 1545 325 1612 videre;
355 1543 464 1600 veritas
489 1551 540 1610 est,
558 1543 605 1599 sed
622 1543 718 1598 aduno
741 1543 879 1606 creditur,
901 1555 957 1596 non
1015 1546 1113 1618 igitur,
1138 1547 1242 1602 rationi
1265 1547 1412 1613 dehemus,
1442 1545 1519 1616 qnod
1552 1545 1709 1610 eredimus,
1734 1543 1851 1599 auctori·

112 1635 238 1692 videtur.
266 1633 398 1689 ldemlib.
425 1647 445 1687 ιι
470 1636 565 1700 quaest.
596 1631 718 1699 coattqcl.
737 1633 851 1687 lustitia
872 1634 901 1684 in
930 1645 958 1684 co
1013 1636 1065 1690 rari
1083 1650 1158 1691 :nun
1173 1635 1213 1691 sic
1229 1634 1429 1705 accipiendum
1444 1640 1538 1700 esunt
1563 1632 1592 1687 in
1612 1646 1749 1688 sermone
1768 1632 1851 1689 usita-

113 1724 250 1780 reveiatar
266 1739 301 1778 ee
315 1724 370 1793 fide
391 1723 419 1776 in
447 1721 528 1790 tidem
544 1723 631 1790 (Rom.
654 1735 675 1788 1,
708 1719 760 1791 ιι).
786 1718 958 1788 intelligitur
1015 1723 1084 1779 tiore
1097 1736 1251 1779 vereamur
1265 1723 1420 1777 nosdicere
1440 1722 1599 1792 scirequod
1617 1720 1730 1776 idoneis
1743 1720 1854 1776 testibus

114 1813 232 1885 quidem
252 1812 322 1869 tides
347 1824 407 1882 qua
422 1809 583 1866 creduntur
598 1823 633 1866 ea
650 1823 712 1881 quae
728 1807 955 1873 pannosarum
1013 1811 1172 1880 crodlmns3
1193 1813 1307 1881 proprie
1330 1811 1436 1881 quippe
1457 1824 1524 1865 cum
1548 1808 1705 1879 loquimur,
1725 1808 1753 1863 id
1768 1808 1854 1864 solun

114 1900 329 1958 sedtamenest
352 1899 438 1955 etiam
469 1897 798 1968 lidesrerum,quand0
817 1909 958 1951 nonver-
1014 1901 1089 1956 scire
1111 1900 1236 1956 dicimus
1250 1901 1328 1970 quod
1348 1898 1452 1954 urentis
1484 1897 1568 1955 firma
1591 1897 1702 1953 ratione
1730 1910 1852 1967 compre

115 1990 168 2059 bis,
187 1991 235 2048 sed
250 1991 338 2048 rebus
351 1989 421 2060 ipsis
448 1987 648 2058 presentibus,
679 1986 807 2042 creditur
820 1984 898 2055 quod
914 1983 957 2040 iu·
1014 1987 1176 2044 hendlmus.
1195 1990 1265 2044 Cum
1290 2001 1357 2043 vero
1373 1987 1522 2058 loquimur
1542 1984 1637 2041 verbis
1653 1983 1852 2041 consuetudini

114 2088 215 2138 turum
240 2086 293 2148 est,
323 2092 390 2134 curn
412 2077 473 2148 jam
502 2090 551 2145 per
581 2075 704 2147 speciem
723 2073 905 2130 manifestam
930 2086 959 2128 se
1014 2076 1183 2146 aptioribus,
1201 2090 1260 2131 nun
1275 2076 1440 2131 dubitemus
1455 2076 1549 2130 dicere
1569 2075 1642 2129 scire
1665 2087 1720 2129 nos
1737 2081 1766 2130 et
1784 2073 1855 2145 quod

114 2167 368 2238 contemplandam
384 2165 521 2236 praebebit
548 2164 656 2221 sanclis
671 2164 722 2220 Dei
745 2163 896 2233 sapientia.
918 2162 958 2217 De
1014 2165 1191 2236 percipimus
1215 2166 1304 2220 nostri
1330 2164 1459 2236 corporis
1487 2163 1620 2219 sensibus
1646 2171 1675 2219 et
1705 2163 1785 2232 quod
1807 2160 1856 2218 udo

115 2268 175 2327 qua
189 2257 353 2312 lldererum
373 2254 505 2324 lucisque
529 2254 621 2323 ipsius
645 2260 823 2323 praesentate
840 2250 957 2306 forsitan
1014 2254 1111 2324 dignis
1132 2254 1276 2309 credimus
1291 2252 1421 2308 testibus.
1440 2253 1514 2307 idem
1538 2253 1576 2306 oti
1604 2252 1772 2306 Paulinum:
1787 2250 1856 2306 Satis

114 2344 225 2401 Paulus
249 2343 344 2400 dicit:
371 2345 487 2397 iustitia
512 2346 584 2396 enlm
616 2343 662 2396 uei
680 2344 710 2395 m
729 2356 758 2395 eo
775 2342 911 2395 reueletur
925 2355 959 2393 eoo
1013 2351 1054 2399 est
1069 2342 1185 2399 utinter
1199 2342 1296 2397 videre
1316 2350 1343 2397 et
1366 2342 1481 2397 credere
1500 2341 1552 2398 ltoc
1580 2341 1690 2396 distare
1714 2340 1852 2406 dicamus,

115 2432 211 2504 iidata
243 2433 333 2503 fidem.
366 2431 438 2487 Dicit
466 2430 586 2487 enimet
612 2429 669 2485 aiio
692 2428 957 2493 locotlt'osaulem,
1015 2429 1586 2500 quodpraesentiavidentur,creduntur
1605 2428 1853 2485 absentiallem:

114 2523 234 2577 revelata
261 2522 335 2588 saue
356 2521 407 2574 liei
439 2516 555 2586 glorium
582 2518 760 2588 speculantes,
782 2517 814 2570 ia
839 2515 959 2571 camdem
1014 2520 1130 2574 Constat
1146 2518 1235 2588 igitur
1249 2526 1346 2574 nostra
1370 2519 1489 2574 scientia
1510 2532 1547 2575 ex
1563 2517 1632 2573 visis
1658 2518 1748 2574 rebus
1760 2523 1853 2574 etcre·

116 2613 264 2678 imaginem
289 2609 522 2676 transformamur
547 2607 579 2662 de
606 2607 697 2675 gloria
722 2608 751 2660 iu
779 2607 895 2673 gloriam
920 2604 957 2672 (ll
1014 2607 1090 2663 ditis.
1118 2609 1185 2660 ilem
1200 2626 1210 2661 .·
1235 2607 1298 2662 Non
1327 2614 1423 2662 autem
1449 2607 1589 2662 immerito
1618 2606 1691 2662 scire
1715 2620 1770 2661 nos
1793 2604 1854 2663 dici·

115 2701 176 2756 Gor.
193 2713 238 2766 ιιι,
259 2698 311 2769 ι8).
337 2695 417 2752 Sicut
440 2696 516 2751 enim
546 2695 614 2752 dicit
641 2694 689 2751 tric
703 2695 737 2750 de
750 2694 841 2766 gloria
859 2693 888 2748 in
901 2692 959 2763 glo·
1015 2707 1080 2748 mus
1094 2706 1151 2748 non
1168 2693 1260 2749 solum
1285 2706 1319 2748 ea
1339 2707 1403 2763 quae
1424 2693 1550 2749 vidimus
1564 2696 1621 2765 (65)
1648 2693 1693 2749 vel
1715 2693 1855 2759 videmus,

115 2788 201 2850 riam,
215 2785 255 2842 ita
274 2785 350 2842 etibi
366 2799 403 2841 ex
416 2783 471 2840 itde
495 2784 524 2840 ln
541 2784 643 2847 sldem;
675 2782 710 2839 de
737 2782 828 2854 gloria
853 2781 959 2838 scilicet
1013 2794 1116 2837 verum
1131 2788 1157 2837 et
1171 2795 1236 2852 qum
1254 2780 1362 2837 idoneis
1372 2783 1505 2837 comumti
1522 2781 1690 2837 testimoniis
1705 2782 1854 2839 credimus.

114 2873 275 2946 Evangelii,
292 2887 350 2945 quo
365 2872 602 2930 nnnccredentes
619 2871 832 2938 illuminantur,
849 2869 878 2925 in
895 2869 958 2940 glc-
1409 2870 1455 2928 lv.

114 2964 187 3020 riam
214 2963 372 3019 manilestae
400 2960 539 3018 veritalis.
574 2962 671 3014 licimo
698 2975 780 3027 super
807 2943 997 3027 IlpistotomC
1079 2956 1155 3022 Quod
1169 2960 1206 3011 sit
1220 2957 1383 3012 credendum
1397 2961 1427 3012 in
1441 2962 1526 3014 Deum
1537 2961 1634 3027 solum,
1650 2966 1676 3014 et
1691 2966 1798 3016 contro.

114 3053 152 3107 ad
161 3052 292 3123 Ephesios
307 3053 356 3119 (tv,
377 3050 420 3119 ll)
442 3065 449 3104 :
475 3052 512 3104 no
526 3052 584 3117 ipse
610 3048 686 3101 dedit
702 3048 833 3116 quosdam
849 3045 959 3115 quidem
1049 3048 1221 3115 Augerstimts
1263 3046 1300 3100 od
1338 3047 1495 3117 recapitules,
1539 3049 1630 3103 bomil·
1668 3050 1727 3104 lll:
1776 3047 1850 3115 Quod

114 3141 258 3211 oportoios,
282 3147 358 3208 etc.;
381 3137 473 3193 detrec
500 3149 688 3191 occurramus
712 3149 810 3190 omnes
845 3133 957 3190 obviarn

115 3228 228 3284 christo
243 3228 273 3283 in
295 3224 506 3282 resurrectione
523 3224 552 3278 in
574 3222 722 3279 veritatem
748 3222 813 3279 lidei
829 3231 856 3278 et
871 3224 958 3293 agni-

113 3316 220 3373 tionem
238 3312 303 3369 Filii
324 3312 384 3379 Dei,
400 3312 428 3367 id
454 3319 507 3377 est,
526 3325 681 3382 quousque
695 3324 783 3366 unam
798 3311 882 3367 fidem
904 3311 958 3366 ba-

114 3401 235 3459 beamus
266 3405 329 3470 post
363 3398 603 3454 resurrectionem
626 3406 653 3454 et
681 3412 779 3454 omnes
806 3398 959 3468 aqualiter

114 3491 206 3546 Deum
221 3499 437 3558 cognoscamus.
455 3488 485 3542 ln
515 3487 646 3556 praesenti
675 3485 818 3557 siquidem
843 3488 956 3555 saeculo,

114 3576 414 3634 sicutestdiversitas
442 3574 576 3642 scientia,
605 3574 645 3630 ita
672 3583 699 3631 et
731 3574 845 3631 diversa
877 3576 956 3643 tides,

113 3664 274 3738 quisalius
297 3663 372 3735 pius,
398 3663 474 3720 alius
502 3662 600 3719 minus
624 3663 659 3719 de
689 3663 745 3719 Deo
767 3662 909 3735 intelligit,
931 3672 959 3720 et

1013 3143 1108 3191 autem
1129 3135 1389 3205 interrogavimus:
1413 3138 1505 3192 credis
1529 3147 1660 3193 sanctam
1680 3136 1853 3195 Ecclesiam?

1013 3237 1070 3280 non
1085 3238 1117 3278 eo
1128 3223 1212 3279 modo
1228 3223 1482 3296 interrogavimus,
1498 3234 1539 3294 ut,
1556 3227 1701 3296 quomodo
1712 3225 1744 3283 in
1768 3227 1853 3283 Deum

1013 3311 1150 3378 creditur,
1180 3312 1257 3368 sicet
1285 3313 1314 3367 in
1346 3312 1502 3370 Ecclesiam
1525 3323 1665 3370 sanctam.
1692 3314 1758 3370 Non
1790 3328 1852 3387 ergo

1012 3400 1153 3469 diximus,
1179 3408 1209 3455 ut
1231 3401 1260 3455 in
1282 3400 1438 3457 Ecclesiam
1462 3403 1547 3473 quasi
1566 3403 1594 3457 in
1622 3402 1852 3459 Deumcredeto-

1014 3489 1060 3545 tis.
1091 3489 1165 3543 idem
1198 3504 1281 3558 super
1315 3493 1456 3557 loannem,
1487 3491 1560 3546 bom.
1602 3491 1680 3544 xllx
1709 3506 1716 3544 :
1764 3489 1852 3546 Domi·

999 3591 1069 3632 ,nus
1090 3578 1147 3632 ait:
1167 3578 1199 3632 Ut
1214 3579 1337 3634 credatis
1360 3580 1389 3634 ln
1405 3594 1471 3634 eum
1499 3594 1585 3649 quem
1608 3580 1657 3636 ille
1674 3579 1762 3648 misit,
1779 3586 1810 3637 ut
1824 3579 1851 3634 in

1012 3678 1089 3728 eum,
1104 3680 1161 3722 ιιοιι
1175 3674 1208 3722 ut
1220 3665 1264 3722 ei:
1281 3666 1423 3722 damonia
1437 3668 1592 3724 credebant
1614 3668 1651 3733 ei,
1669 3675 1696 3724 et
1718 3682 1779 3724 non
1793 3680 1852 3724 cre-

113 3753 274 3810 secundum
300 3752 356 3822 (bl)
378 3751 455 3822 quod
488 3749 623 3821 intelligit
646 3758 673 3806 ct
696 3752 852 3821 cognoscit,
873 3752 958 3809 babet

31 3827 34 3838 ’
114 3842 209 3898 iidem.
237 3843 302 3897 Post
329 3840 568 3897 resurrectionem
585 3839 760 3910 autem-iam
779 3855 836 3896 non
851 3841 906 3897 erit
918 3840 958 3896 di-

112 3930 236 3987 rarsitas
249 3928 323 3994 udal,
341 3928 421 4000 quia,
438 3927 514 3983 sicut
528 3941 626 3983 omnes
637 3927 789 3997 aqualiter
803 3929 957 3986 bominum
1012 3931 1061 4000 qui
1074 3931 1212 4001 justificat
1237 3932 1370 4001 impium,
1398 3932 1564 4004 [deputatur
1593 3933 1663 3990 tides
1685 3933 1751 4005 ejus
1765 3934 1801 3991 ad
1811 3936 1853 4004 ιιι·

112 4018 264 4086 videbunt,
290 4017 330 4074 ila
358 4016 511 4089 aequaliter
535 4016 621 4071 sidem
647 4016 805 4072 habebunt.
825 4017 957 4073 Boethius
1011 4017 1139 4089 stitiaml.
1158 4020 1230 4084 Quid
1242 4028 1284 4076 est
1295 4021 1410 4077 credere
1427 4022 1457 4076 in
1471 4020 1564 4078 eum?
1580 4022 1723 4079 credendo
1746 4035 1852 4087 amata,

112 4123 195 4178 saper
221 4108 339 4177 topicam
368 4107 515 4170 diaconis,
544 4105 590 4158 lib.
615 4105 645 4158 1:
676 4108 888 4174 Argumentum
916 4115 958 4163 est
1012 4108 1152 4163 credendo
1178 4106 1308 4178 diligero,
1337 4109 1477 4166 credendo
1514 4110 1543 4165 in
1572 4126 1638 4167 eum
1669 4112 1711 4168 ire
1740 4120 1769 4168 et
1789 4111 1851 4182 ejas

112 4196 281 4268 ratic,quae
302 4194 456 4252 reidubiae
478 4192 643 4249 lacitudem
669 4193 735 4264 (di).
760 4194 849 4250 Multa
879 4188 1148 4251 enimDmcmbris
1175 4196 1361 4267 incorporari.
1393 4199 1458 4269 ipsa
1482 4207 1524 4256 cst
1547 4199 1616 4256 tides
1640 4215 1730 4271 quam
1756 4200 1855 4258 delinit

112 4291 180 4342 sunt
203 4298 269 4356 quaa
297 4282 408 4340 lacirtnt
431 4281 539 4351 lldem3
570 4281 618 4337 sed
647 4283 718 4352 quia
746 4281 871 4338 ration-es
898 4297 956 4338 non
1011 4284 1175 4355 plenissime
1204 4285 1355 4354 Apostolus
1379 4286 1490 4343 dicens:
1516 4288 1569 4342 Sed
1582 4288 1659 4357 fides,
1678 4304 1739 4358 que
1754 4288 1855 4359 perdi·

111 4381 191 4437 sunt,
206 4387 260 4429 nec
281 4379 454 4443 argumenta
479 4384 540 4426 esse
568 4377 697 4441 possunt,
725 4378 756 4427 ut
784 4372 865 4428 visus
888 4371 957 4429 lacit
1010 4373 1149 4428 lectionem
1178 4378 1308 4442 opacior
1324 4375 1396 4444 (dal.
1423 4389 1452 4442 v,
1469 4374 1506 4445 o).
1525 4378 1705 4445 Hieronymus
1721 4379 1753 4431 in
1775 4379 1853 4447 epist.

106 4460 198 4518 lldetn
209 4461 254 4517 bis
264 4475 330 4531 quae
344 4459 491 4525 ridemur,
503 4458 543 4514 sic
558 4460 630 4530 quia
645 4459 718 4516 ratio
733 4468 847 4518 nonest
863 4461 954 4528 visus,
1011 4463 1093 4516 Pauli
1107 4462 1144 4515 ad
1158 4463 1230 4532 Epi.
1247 4465 1304 4517 siue
1328 4464 1477 4531 loquum.
1507 4467 1546 4518 lle
1570 4467 1704 4534 baptismo
1723 4467 1854 4535 pomula

1012 3750 1117 3808 debant
1135 3753 1164 3809 in
1192 3768 1268 3810 eum.
1295 3755 1444 3811 Credimus
1466 3755 1564 3823 Paulo,
1583 3756 1631 3812 sed
1656 3770 1716 3812 nou
1734 3757 1765 3812 in
1781 3757 1850 3813 Pau-

1012 3839 1253 3911 lum3Petr0,sed
1269 3858 1326 3900 nan
1353 3843 1384 3899 in
1403 3845 1530 3900 Petrum.
1556 3844 1689 3901 credenti
1718 3845 1750 3901 in
1777 3857 1851 3911 enm,

45 4605 54 4617 „
111 4563 165 4607 nec
174 4557 379 4621 argumentum
393 4562 454 4606 0888
467 4555 567 4619 poieSi.

475 4654 512 4709 ιιι
534 4653 599 4723 (aa).

112 4744 189 4810 Quod
203 4745 309 4813 aquilio
332 4744 436 4799 nonsit
460 4742 493 4796 de
507 4758 561 4798 non
580 4743 788 4811 apparentibus,
814 4743 864 4798 scd
887 4743 954 4812 fides

360 4820 467 4869 tontum
482 4814 549 4884 (ol),
561 4820 586 4869 et
601 4819 705 4868 contra.

145 4906 294 4974 Gregorius
315 4904 408 4960 bomit.
436 4904 481 4970 vl,
509 4903 556 4956 lib.
585 4902 629 4957 ll:
655 4904 688 4957 ln
714 4902 870 4974 Evangelio
888 4916 951 4972 prc-

108 4991 181 5051 iecto
194 4993 296 5066 liquet,
325 4993 394 5063 quia
406 4991 474 5048 tides
488 4991 605 5047 illarum
632 5005 731 5047 rerum
747 4999 952 5063 argumentum

108 5090 376 5155 estquaeapparere
399 5094 457 5136 non
479 5088 613 5151 possunl;
630 5094 696 5151 quae
712 5081 790 5136 enim
812 5093 952 5151 apparen.

109 5170 147 5227 tia
159 5178 239 5241 sunt,
255 5170 339 5227 noem
359 5184 417 5226 non
432 5169 549 5238 babent,
565 5169 614 5225 sed
633 5168 822 5240 agnitionem,
847 5169 951 5224 Haimo

143 5293 186 5359 (ot
210 5293 312 5350 Cous:
329 5295 420 5349 simut.

145 5363 190 5428 (bi
215 5365 414 5430 Argumentum
427 5393 461 5403 -
470 5364 541 5430 fucit
556 5363 637 5432 pidem
656 5364 761 5421 desunt
773 5363 849 5434 apud
864 5362 949 5420 Cotta.

144 5429 189 5494 (⁰³
226 5432 305 5489 Hanc
340 5434 529 5506 questionem
556 5433 641 5491 Cous.
673 5440 791 5504 quarto,
823 5439 951 5504 mutam

1009 4566 1081 4618 tum,
1098 4549 1145 4605 tib.
1171 4552 1211 4604 1:
1228 4551 1396 4606 Credeatiin
1424 4568 1483 4606 eum
1508 4556 1558 4621 qui
1576 4553 1715 4623 iustificat
1739 4556 1853 4625 impiant

1008 4641 1088 4693 Prae.
1103 4637 1190 4708 ιιιι).
1210 4637 1348 4710 Quisquis
1363 4654 1430 4710 ergo
1455 4641 1541 4697 luerit
1557 4654 1648 4697 atrsus
1662 4642 1759 4698 dicere
1776 4659 1782 4698 :
1804 4644 1853 4698 ln·

1009 4726 1099 4783 stiitco
1115 4735 1158 4794 le3
1184 4741 1362 4799 consequens
1378 4737 1429 4795 est,
1456 4737 1487 4786 nt
1504 4729 1580 4785 dicat
1593 4730 1702 4786 etiam:
1720 4730 1811 4788 crede
1824 4731 1852 4787 in

1008 4830 1070 4882 me3
1088 4816 1165 4886 quod
1181 4830 1265 4872 uento
1280 4825 1444 4873 sanctorum
1460 4825 1535 4875 recte
1552 4819 1645 4875 dicere
1669 4820 1776 4890 potnit,
1799 4819 1852 4876 nisi

1007 4903 1128 4960 Sanetus
1143 4913 1309 4962 sanctorum
1326 4921 1332 4960 :
1348 4908 1454 4963 credite
1483 4908 1512 4962 iu
1528 4909 1618 4964 Deum
1633 4914 1660 4964 et
1675 4908 1704 4963 in
1719 4923 1766 4965 me
1791 4924 1848 4966 cre·

1007 4990 1074 5048 dite.
1112 4992 1185 5047 toan
1212 4995 1242 5046 iu
1270 4994 1412 5064 epistolam
1440 4997 1563 5062 ioannis,
1588 5012 1669 5050 serm.
1693 4996 1713 5050 X
1742 5015 1749 5052 :
1780 4996 1850 5064 Quid

1007 5088 1137 5150 poterant
1151 5080 1216 5151 plus
1241 5082 1355 5138 credere
1378 5083 1521 5139 daemones
1548 5098 1635 5154 quam
1652 5092 1685 5141 ut
1704 5084 1849 5142 dicerent:

1007 5169 1113 5226 Scimus
1144 5171 1210 5239 quia
1234 5172 1272 5225 sis
1294 5170 1383 5225 Filius
1404 5173 1451 5226 lici
1460 5172 1473 5227 ι
1506 5171 1603 5242 (ituro.
1633 5190 1652 5242 t,
1688 5176 1745 5242 al).
1772 5172 1850 5240 Quot

1008 5294 1087 5347 terlio
1100 5291 1162 5349 loco
1171 5293 1278 5364 posuit.

1043 5364 1190 5433 (calceus.
1206 5380 1213 5418 ε
1230 5371 1328 5421 tamea.

1042 5432 1098 5505 (65)
1113 5433 1196 5490 Cous.
1213 5449 1220 5490 :
1236 5435 1372 5491 ridentur.
