3804 5962
550 205 703 265 termolis
720 205 928 265 THEOLOGIAE
946 207 1174 267 CHRISTIANAE.
1664 216 1732 273 lm

79 336 134 387 tter
152 330 317 401 apparebat,
330 331 383 405 qui
399 330 483 390 modo
497 345 564 388 eom
575 331 730 401 habehant,
745 331 829 389 modo
844 334 869 388 A
884 331 1009 390 Verhum
1034 333 1144 393 hahens
1159 332 1316 397 hominem,
1332 341 1360 390 et
1386 334 1518 393 Christus
1532 342 1574 393 est
1603 336 1688 396 homo
1702 345 1730 399 et

80 426 106 476 ιο
142 432 175 475 ιο
203 420 349 477 carebant.
374 420 471 485 thod
495 420 577 491 [roro
601 422 641 478 ait
662 422 825 493 Apostolus,
883 422 970 492 Deus,
984 423 1012 480 iti
1026 432 1069 481 est
1083 424 1167 481 homo
1184 423 1294 480 hahens
1308 421 1449 482 Verbum.
1516 485 1519 489 ,

79 519 137 561 tum
152 506 257 575 spiritu
273 520 374 563 eornm
398 507 521 578 Spiritus
535 508 585 565 hei
597 522 674 565 unus
692 510 827 578 elficitur,
1202 511 1316 570 CAPUT
1339 513 1415 569 xliv.

86 593 227 651 intellexit
254 595 423 665 voluntatis,
449 597 490 653 ita
518 605 613 655 tamen
637 598 716 669 quod
731 599 828 671 quod·
1059 604 1097 656 ιιι
1111 600 1256 657 voluntate
1271 604 1407 672 assumpti
1422 602 1549 658 hominis.

79 697 100 738 ,ι
119 683 199 740 aliud
223 683 325 740 volunt
343 693 370 741 et
391 688 532 755 appetunt
552 685 597 743 rel
623 694 828 758 contraquam
929 689 1069 761 Expedite
1093 688 1192 761 itaque
1214 691 1249 747 de
1270 690 1396 748 duarum
1423 698 1597 748 naturarum
1621 691 1730 750 unione

79 785 105 829 rs
126 779 245 829 sanetus
272 773 348 830 nolle
361 773 469 830 velleve
484 774 613 831 suadeat.
642 774 734 832 Aliter
758 789 828 846 ergo
882 777 1196 848 inpersonamunam‚
1215 779 1412 837 devolnntate
1428 779 1553 837 hominis
1576 780 1727 852 assumpti,

81 874 108 917 m
137 860 168 917 in
196 859 308 919 Christo
332 861 397 927 luit,
415 862 486 934 quia
513 863 556 919 sic
582 861 637 919 luit
654 862 695 919 illi
716 863 828 920 homini
882 879 920 923 an
933 867 1033 924 eadem
1047 867 1134 924 luerit
1148 882 1214 925 cum
1224 868 1373 926 voluntate
1388 869 1492 939 Patris,
1503 875 1590 926 restat
1605 868 1727 941 inquiri.

79 963 109 1018 n,
124 950 204 1021 quod
219 950 249 1007 in
269 965 360 1008 unam
376 965 528 1022 personam
540 966 607 1009 oum
619 951 667 1008 illo
682 953 825 1022 convenit,
881 953 963 1022 Quod
976 970 1047 1013 rero
1066 971 1124 1014 non
1140 958 1239 1014 eadem
1255 957 1354 1027 luerit,
1379 971 1437 1014 non
1453 957 1546 1015 solum
1563 957 1646 1025 ratio,
1680 970 1730 1014 ve·

79 1038 110 1106 ¹d,
129 1039 207 1097 sicut
223 1053 290 1097 caro
310 1040 414 1098 animae
435 1040 564 1111 subjecta
586 1048 638 1108 est,
663 1041 742 1112 quod
760 1041 825 1099 nul·
881 1057 949 1101 rum
963 1045 1050 1102 etiam
1064 1045 1257 1118 Evangelium
1277 1046 1347 1103 satis
1367 1046 1518 1103 manifeste
1541 1046 1729 1105 demonstrat.

79 1135 179 1197 totum,
193 1128 305 1185 nullam
317 1131 513 1200 operationem
537 1129 593 1185 nisi
609 1129 646 1186 ah
671 1130 825 1188 animaha·
882 1132 1016 1191 Alterum
1032 1133 1166 1192 Christus
1181 1134 1210 1191 in
1224 1134 1386 1207 Evangelio
1408 1136 1522 1206 :Patara
1553 1138 1578 1192 si
1598 1137 1731 1208 possibile

79 1223 172 1283 otest:
204 1218 246 1274 sic
268 1217 367 1275 anima
393 1218 443 1275 illa
471 1218 565 1277 Verho
591 1218 721 1290 subjecta
752 1227 826 1291 erat,
882 1227 931 1292 est,
947 1227 1101 1279 transacta
1119 1223 1249 1279 mesaliae
1278 1228 1330 1279 iste
1347 1226 1357 1280 l
1376 1230 1562 1281 verumtamen
1579 1241 1634 1282 aea
1655 1226 1727 1283 sieut

79 1304 186 1362 tullum
201 1314 312 1364 motum
323 1308 363 1365 illl
383 1308 495 1378 corpori
524 1308 684 1365 attribuere
703 1315 824 1378 poterat,
881 1327 930 1383 epo
944 1311 1014 1380 octo,
1044 1312 1093 1367 sed
1119 1314 1191 1367 sicut
1207 1316 1236 1368 ιιι
1253 1313 1364 1383 (Metti.
1389 1327 1472 1383 xxvi,
1489 1314 1545 1386 39).
1575 1315 1658 1380 Quod
1674 1315 1730 1373 tale

79 1404 198 1452 cantum
211 1396 339 1454 Verhum
354 1396 526 1468 inspirabat.
538 1397 573 1454 Et
583 1397 732 1454 sciendum
748 1396 826 1467 quod
880 1407 923 1457 est
937 1399 1009 1457 acsi
1033 1400 1132 1458 dicat:
1157 1399 1184 1458 Si
1198 1402 1467 1473 genus-humanum
1480 1403 1542 1458 sine
1556 1410 1647 1460 morte
1665 1417 1730 1461 mea

79 1482 170 1541 llasic
188 1484 263 1542 iacta
277 1493 329 1555 est,
350 1486 438 1557 quod,
453 1486 530 1543 sicut
557 1486 627 1543 dicit
642 1485 825 1543 heatnsAm·
881 1488 990 1546 salvari
1005 1497 1107 1560 potest,
1128 1504 1187 1547 non
1211 1489 1330 1557 moriar,
1350 1490 1490 1562 quianon
1513 1505 1629 1561 possum
1656 1492 1729 1550 velle

79 1587 110 1641 ts,
126 1567 335 1632 nnllaill'arnm
352 1581 524 1633 naturarum
551 1575 580 1632 in
604 1575 690 1631 aliam
714 1582 827 1632 mutata
842 1614 863 1668 Β
880 1577 955 1634 mori
971 1594 978 1646 ;
1005 1578 1051 1635 sin
1079 1579 1377 1645 suamvoluntatem
1393 1593 1486 1636 meam
1502 1586 1560 1637 tnae
1572 1587 1723 1652 postpono.

79 1662 140 1722 ruod
169 1663 200 1720 in
237 1664 354 1721 homine
384 1678 501 1736 quoque
533 1663 645 1735 liquido
672 1662 827 1720 monstrari
880 1666 953 1724 Ecce
963 1667 1012 1724 hic
1026 1668 1188 1725 ostenditur
1204 1675 1301 1739 aperte
1320 1667 1398 1739 quod
1422 1666 1480 1725 alia
1493 1675 1521 1725 et
1539 1667 1654 1726 diversa
1668 1668 1728 1726 ine

79 1749 230 1808 ‚Sioenlm
253 1753 394 1810 animast
420 1766 526 1823 corpus
553 1753 583 1809 in
611 1765 700 1809 unam
729 1765 826 1822 perso·
880 1754 918 1812 rit
938 1755 1018 1813 illins
1045 1756 1171 1814 hominis
1190 1756 1333 1814 voluntas.
1358 1756 1540 1826 Augustinus
1568 1762 1664 1814 tamen
1700 1763 1729 1814 ιι

80 1842 248 1911 onreniunt,
265 1843 343 1914 quod
363 1851 499 1900 neutrum
527 1841 632 1899 horum
647 1841 771 1898 vertitur
795 1840 826 1897 in
880 1842 1061 1916 aliiqnidam
1080 1844 1182 1901 dicunt
1201 1859 1270 1902 eum
1284 1859 1343 1902 non
1358 1860 1409 1916 per
1421 1860 1452 1902 se
1466 1846 1575 1903 dixisse
1595 1845 1660 1917 hoc,
1678 1845 1728 1902 sed

78 1944 116 1987 m.
145 1930 256 2001 Quippe
272 1945 324 1988 nec
339 1932 437 1989 anima
465 1944 541 1994 caro,
558 1939 611 1988 nec
628 1945 695 1988 caro
727 1930 826 1987 anima
880 1946 932 2004 per
952 1933 1068 1991 infirma
1092 1934 1232 2001 membra,
1254 1949 1321 2006 quae
1337 1935 1367 1992 in
1384 1949 1414 1992 se
1440 1934 1664 2005 transformarit,
1695 1939 1728 1993 ut

81 2019 305 2078 thoceiilcitnr.
322 2021 428 2078 Eodem
451 2036 568 2093 qnoque
595 2020 677 2078 modo
696 2021 726 2077 in
740 2019 826 2078 Chri·
879 2035 913 2078 ea
928 2022 1094 2092 instrueret,
1107 2022 1176 2094 quid
1188 2022 1219 2079 in
1231 2023 1412 2094 passionibus
1425 2031 1497 2081 esset
1517 2023 1674 2096 agendum,
1694 2030 1727 2081 nt

79 2108 137 2166 rina
151 2115 179 2166 et
202 2112 333 2166 humana
360 2118 467 2167 natura
495 2111 525 2166 in
553 2124 643 2166 unam
672 2122 825 2180 personam
880 2110 1084 2181 cumamplius
1099 2113 1260 2182 passionem
1274 2111 1366 2169 vitare
1391 2127 1450 2169 non
1464 2118 1566 2184 posset,
1590 2112 1725 2170 volunta-

79 2199 167 2267 riunt,
187 2199 264 2270 quon
283 2206 389 2256 neutra
403 2199 519 2257 illarum
534 2200 563 2255 in
575 2199 696 2257 alteram
711 2198 823 2255 transit.
881 2205 936 2256 tem
952 2199 1004 2257 llei
1027 2215 1087 2258 suae
1102 2203 1290 2272 preponeret,
1319 2208 1352 2258 nt
1366 2201 1471 2258 diceret
1487 2216 1495 2257 :
1509 2203 1573 2256 Fiat
1598 2201 1727 2257 ιοιιιιιιιι

79 2297 139 2355 tem,
154 2295 185 2344 ut
197 2287 441 2361 aitAugustinus,
458 2289 484 2346 sl
496 2288 626 2349 Verhum
642 2288 779 2345 transiret
794 2288 825 2343 in
880 2293 939 2345 too.
962 2289 1099 2347 Similiter
1114 2290 1232 2362 quando
1262 2289 1358 2346 dixit:
1377 2292 1476 2346 Tristis
1490 2295 1531 2347 est
1549 2293 1644 2346 animo
1666 2305 1727 2346 meu

80 2375 191 2441 emrel
208 2375 292 2434 homo
312 2377 343 2432 in
354 2376 494 2445 Verhum,
526 2384 597 2434 tnnc
611 2391 669 2434 non
686 2385 758 2434 esset
773 2376 823 2446 ihi,
879 2379 1012 2448 ιιιᾳιιιιιιι
1029 2383 1142 2435 ιιιοιιιιιι
1157 2380 1251 2452 (ibid,
1270 2379 1337 2450 38),·
1351 2379 1507 2451 etquanuo
1521 2379 1606 2450 coepit
1621 2391 1727 2450 perere

79 2473 173 2523 tntum
187 2466 270 2522 homo
284 2466 330 2523 vel
346 2472 459 2523 tantum
475 2466 615 2524 Verhum.
645 2465 722 2523 Solet
737 2465 824 2523 etiam
879 2473 908 2523 et
920 2467 1032 2525 taedere.
1054 2471 1088 2525 ln
1107 2468 1152 2525 his
1174 2466 1318 2537 omnihus,
1335 2474 1368 2524 nt
1395 2467 1502 2533 dicunt,
1536 2467 1726 2524 translorma·

80 2555 90 2611 i
117 2569 155 2612 an
172 2554 217 2611 hae
241 2555 432 2612 dnaenaturre
459 2555 538 2612 illins
566 2569 697 2627 persone
731 2563 825 2627 partes
880 2556 988 2614 tionem
1016 2557 1213 2615 memhmrum
1232 2557 1262 2614 in
1288 2572 1318 2614 se
1341 2555 1417 2614 iecit.
1446 2558 1484 2614 Et
1511 2557 1629 2628 quidem
1655 2557 1725 2614 satis

83 2645 200 2702 icendae.
226 2646 262 2699 At
280 2657 357 2710 vero,
373 2643 429 2699 nisi
447 2650 541 2714 partes
571 2644 629 2701 sint
655 2643 734 2702 illins
759 2659 824 2716 per·
878 2659 948 2702 sane
962 2644 1003 2702 sic
1028 2654 1118 2716 potest
1132 2647 1249 2717 exponi,
1265 2645 1347 2717 quia,
1365 2653 1397 2702 ut
1413 2644 1489 2702 idem
1518 2643 1559 2702 ait
1583 2645 1725 2717 Augusti·

84 2733 237 2791 Athanasii
254 2732 303 2789 illa
328 2732 488 2790 similitudo
508 2747 560 2803 pro
588 2733 681 2790 nihilo
709 2732 825 2791 ridetur
879 2749 945 2802 nus,
968 2735 1086 2806 qnando
1102 2735 1229 2813 aliquem
1250 2749 1367 2792 versum
1380 2733 1426 2791 isti
1441 2733 1494 2803 sie,
1507 2732 1549 2789 illi
1564 2732 1646 2790 aliter
1674 2747 1723 2790 ex·

79 2836 109 2880 a.
126 2824 195 2879 ltem
218 2823 242 2878 si
274 2835 333 2877 non
354 2828 447 2878 essent
464 2830 567 2893 partes,
584 2822 613 2878 in
626 2821 744 2894 aliquod
759 2838 825 2880 con·
879 2832 1001 2894 ponunt,
1013 2823 1095 2880 honae
1108 2831 1136 2881 et
1156 2823 1358 2881 convenientes
1373 2828 1494 2894 possunt
1511 2835 1583 2878 „esse
1609 2823 1725 2892 exposi-

79 2915 135 2970 lum
156 2925 214 2968 nou
229 2910 428 2978 convenirent,
439 2910 488 2968 sed
502 2912 678 2969 conveniunt
692 2911 722 2968 in
735 2925 824 2969 unam
842 2903 864 2960 C
881 2914 982 2983 tiones,
1005 2913 1140 2986 quamvis
1154 2914 1286 2984 diversae,
1315 2913 1387 2985 quia
1407 2912 1473 2970 licet
1488 2912 1539 2984 qui
1568 2911 1723 2983 scripserit,

79 3016 141 3058 tam.
161 3002 258 3058 Partes
282 3000 373 3071 igitur
388 3013 437 3056 eas
462 3014 522 3057 esse
536 3014 648 3058 necesse
661 3008 714 3068 est,
746 3000 824 3070 quod
880 3018 940 3061 nno
955 3004 1038 3062 morlo
1054 3013 1166 3062 tantum
1192 3003 1375 3071 intellexerit,
1394 3009 1491 3059 tamen
1515 3008 1543 3058 et
1556 3008 1596 3058 tot
1611 3008 1639 3058 et
1665 3007 1724 3058 tam

79 3089 158 3147 olum
180 3089 242 3146 haec
266 3089 338 3146 ratio
366 3097 393 3146 et
418 3089 467 3146 illa
485 3089 638 3146 Athanasii
666 3087 824 3148 similitudo
879 3092 1001 3150 dirersis
1024 3094 1116 3151 modis
1141 3108 1220 3165 posse
1247 3092 1449 3150 convenienter
1471 3090 1578 3164 exponi
1601 3089 1724 3162 Spiritus

80 3180 134 3250 llit,
158 3191 263 3236 rerum
281 3192 400 3249 quoque
415 3178 571 3236 auctoritas
584 3179 638 3237 hoe
657 3179 732 3236 irlem
744 3179 822 3237 inre·
879 3191 997 3240 sauctus
1011 3183 1155 3256 cognovit.

83 3282 218 3326 asserere.
232 3268 280 3325 Ait
298 3268 379 3325 enim
398 3268 611 3339 llieronymus3
626 3267 758 3326 Christus
772 3282 824 3340 pro
915 3272 970 3329 Sed
982 3273 1059 3330 dicat
1070 3271 1252 3345 Augustinus
1270 3270 1454 3328 voluntatem
1475 3282 1569 3338 suam,
1585 3282 1639 3326 nos
1651 3282 1720 3327 ιιιο

81 3364 124 3416 ιιι
151 3357 238 3415 homo
260 3364 287 3413 et
305 3370 356 3428 pro
380 3365 461 3428 parte
479 3365 521 3413 est
536 3357 624 3414 Deus.
641 3358 826 3428 Augustinus
878 3361 1013 3431 dicimus,
1029 3362 1100 3434 qnia
1127 3362 1201 3419 sicut
1226 3373 1324 3418 veram
1347 3357 1559 3416 humanitatem
1588 3370 1724 3429 assump-

90 3447 144 3504 hoe
161 3446 320 3517 approhare
348 3445 453 3516 noluit,
470 3453 585 3517 propter
598 3453 731 3504 mutuam
746 3446 780 3504 ιιι
793 3461 824 3504 ιι
877 3449 924 3518 ιιι,
945 3451 984 3506 ιιι
1016 3450 1151 3507 hnmanae
1169 3448 1345 3506 infirmitatis
1365 3461 1450 3505 veros
1472 3446 1600 3504 delectus
1611 3446 1725 3504 hahue-

79 3535 106 3592 ιι
144 3535 385 3606 predicationem.
426 3534 519 3601 Quam
562 3533 661 3592 ohrem
696 3534 731 3592 tie
769 3535 823 3592 hac
878 3537 933 3594 rit:
950 3538 1028 3609 qnod
1043 3545 1071 3595 et
1088 3537 1181 3594 sancti
1199 3536 1376 3593 unanimiter
1394 3542 1536 3593 asserunt.
1566 3535 1623 3593 Leo
1638 3549 1723 3607 popa,

79 3622 192 3688 tatione,
210 3630 311 3680 utrum
325 3636 393 3680 vera
410 3621 447 3679 sit
462 3636 499 3680 an
513 3637 583 3691 non,
611 3621 764 3694 diligenter
777 3623 822 3679 ln·
877 3625 1028 3694 Dominus,
1043 3625 1150 3696 inquit,
1165 3625 1247 3681 lesus
1260 3624 1392 3682 Christus
1414 3624 1512 3681 omnia
1538 3631 1637 3682 nostra
1650 3638 1722 3696 prae·

78 3711 327 3770 eestconsilium.
346 3711 452 3769 Omnes
466 3710 545 3768 enim
571 3710 730 3768 locutiones
761 3711 822 3768 istae
877 3721 920 3772 ter
939 3720 1089 3785 peccatum
1108 3711 1275 3783 assumpsit.
1294 3711 1374 3769 lrlem
1386 3725 1504 3782 quoque
1514 3709 1699 3782 Augustinus

80 3801 242 3858 toritatihns
256 3801 447 3858 inveniuntur
463 3816 470 3856 ι
484 3801 560 3858 Deus
574 3800 723 3870 esthemo,
738 3799 822 3857 homo
877 3802 1061 3862 Voluntatem
1084 3809 1211 3859 nostram
1235 3801 1390 3871 assumpsit
1413 3807 1442 3857 et
1456 3798 1614 3868 tristitiam,
1635 3798 1722 3855 tristi·

79 3903 135 3958 us;
167 3888 297 3948 Christus
310 3897 353 3947 est
376 3889 453 3946 lilius
467 3889 602 3952 hominis,
626 3888 757 3946 Christus
780 3895 823 3946 est
876 3891 948 3948 tiam
971 3891 1148 3949 confidenter
1167 3890 1241 3958 ilico,
1261 3888 1332 3960 qnia
1354 3902 1470 3945 erucem
1505 3885 1639 3959 predico.
1664 3887 1723 3943 lla·

79 3979 148 4047 llei3
160 3978 291 4037 Christus
304 3987 347 4036 ost
360 3979 437 4035 Deus
445 3985 474 4035 et
483 3977 569 4035 homo
582 3995 589 4034 :
602 3992 729 4050 quarum
738 3977 822 4036 nulla
875 3979 972 4038 huerit
984 3980 1076 4053 igitur
1091 3979 1148 4051 (tt)
1163 3991 1263 4036 reram
1286 3976 1432 4035 tristitiam
1448 3983 1477 4034 et
1499 3989 1583 4034 veros
1598 3973 1720 4046 dolores,

105 4082 196 4126 unam
216 4068 335 4141 propria
365 4068 491 4125 ridetur.
508 4067 538 4124 Si
550 4067 627 4124 enlm
643 4067 761 4139 propria
778 4075 822 4126 est
874 4078 903 4128 et
916 4085 979 4127 non
993 4068 1198 4126 simulatorios.
1212 4067 1318 4124 Dehoc
1331 4065 1410 4123 enim
1430 4064 1509 4137 qnod
1534 4063 1661 4121 Hilarius
1677 4063 1718 4120 di-

79 4159 170 4217 tutio:
186 4158 263 4216 llens
274 4165 316 4215 est
330 4158 428 4225 homo,
449 4165 519 4215 tunc
533 4163 676 4214 aeterunm
691 4164 734 4214 est
749 4163 818 4214 tem·
875 4159 913 4216 cit
931 4173 999 4216 enm
1018 4172 1077 4215 non
1093 4157 1176 4214 aliter
1198 4156 1319 4214 sensisse
1346 4154 1443 4212 claros
1459 4153 1581 4226 pedihus
1602 4159 1630 4209 et
1660 4165 1719 4209 ma·

79 4247 223 4319 ,simplex
245 4254 288 4304 est
311 4247 510 4316 compositum,
534 4243 652 4303 Creator
678 4253 721 4303 est
744 4259 821 4303 crea·
874 4247 961 4306 nihns
974 4246 1090 4315 inllxos,
1116 4259 1207 4317 quam
1228 4244 1252 4301 si
1275 4257 1349 4301 cerae
1377 4243 1576 4315 infigerentur,
1609 4253 1720 4300 errasse

81 4336 214 4395 similiter
234 4336 269 4394 de
288 4335 362 4392 aliis.
385 4335 553 4408 impropriae
579 4335 670 4408 igitur
691 4341 771 4403 sunt,
787 4342 820 4393 nt
874 4336 1018 4409 arguitur.
1039 4334 1104 4393 llisi
1121 4333 1198 4391 enim
1217 4340 1290 4390 esset
1306 4332 1345 4389 ihi
1376 4331 1480 4403 passio.
1510 4345 1570 4389 noo
1592 4329 1720 4388 essetihi

80 4441 112 4485 ro
150 4433 207 4483 toto
230 4425 379 4495 accipitur.
411 4424 492 4496 sape
516 4438 645 4497 namque
666 4423 818 4496 contingit,
874 4425 985 4497 aliquid
998 4431 1099 4481 eontra
1115 4422 1304 4482 voluntatem.
1316 4420 1398 4480 Unde
1408 4420 1439 4477 in
1454 4420 1554 4478 lutura
1583 4418 1719 4489 vita,uhi

83 4529 136 4587 pro
148 4522 227 4585 parte
248 4522 417 4586 partemque
444 4520 567 4584 prototo
582 4513 684 4584 accipi,
710 4521 743 4571 ιιι
758 4513 819 4571 eni·
873 4515 956 4573 nulla
969 4515 1024 4574 erit
1046 4513 1150 4585 passio,
1175 4511 1251 4570 nihil
1266 4509 1557 4569 contraroluntatem
1581 4507 1640 4565 het.
1668 4508 1720 4564 Vo-

79 4617 196 4676 tmpers
210 4601 396 4669 sithominis,
412 4615 464 4672 pro
480 4602 596 4659 homine
609 4602 737 4673 ponitur,
760 4609 792 4660 ιιι
808 4615 815 4659 :
872 4604 972 4662 luntas
992 4603 1070 4662 enim
1093 4616 1249 4674 nunquam
1275 4609 1317 4658 est
1348 4598 1406 4657 nisi
1420 4614 1488 4657 cum
1511 4597 1719 4663 delectatione,-

79 4700 84 4748 t
105 4696 212 4750 omanis
235 4708 298 4750 coro
324 4692 447 4748 solutore
476 4692 523 4746 lter·
537 4689 613 4760 (Aac.
631 4704 673 4760 111,
697 4691 735 4762 6).
764 4691 817 4748 Εο-
873 4693 979 4766 qnippe
997 4693 1077 4764 qnod
1092 4691 1211 4749 delectat
1229 4689 1303 4747 illud
1316 4689 1461 4755 volumus,
1489 4689 1567 4759 quod
1583 4700 1648 4744 vero
1662 4698 1721 4742 mo·

80 4783 134 4840 orio
148 4797 217 4840 cum
241 4782 386 4840 dicimus:
403 4781 479 4837 Deus
493 4786 535 4836 est
549 4779 645 4847 homo,
669 4793 721 4850 pro
737 4788 818 4851 parte
873 4780 956 4839 lestat
971 4782 1128 4839 abhorrere
1142 4780 1277 4837 solemus.
1294 4779 1400 4835 Contra
1418 4778 1598 4834 voluntatem
1621 4775 1720 4846 itaque

89 4879 132 4929 est
149 4879 177 4929 et
194 4877 237 4928 est
251 4881 376 4927 sensns:
397 4869 473 4926 Deus
499 4875 542 4925 est
561 4867 736 4925 unienssihi
763 4868 817 4928 ho·
872 4868 983 4926 dolores
1011 4868 1073 4925 illos
1110 4875 1199 4939 atque
1226 4865 1371 4923 molestias
1406 4860 1590 4935 patiebatur:
1623 4874 1719 4932 neque

79 4961 236 5017 ,Rursusz
259 4959 349 5016 llomo
373 4963 415 5015 est
444 4957 530 5023 heus,
560 4955 623 5012 haec
644 4963 687 5012 est
700 4955 817 5028 signill-
871 4955 951 5014 enim
973 4955 1090 5028 aliquod
1116 4955 1254 5012 meritum
1277 4952 1318 5010 ihi
1345 4952 1512 5010 haberetur.
1547 4952 1651 5006 Passus
1677 4955 1721 5006 est

90 5056 119 5106 et
132 5056 175 5106 est
197 5049 281 5105 homo
295 5046 476 5106 unitnslleo.
496 5045 544 5102 Sic
568 5058 684 5116 quoque
699 5044 736 5101 atl
750 5058 817 5115 par·
871 5060 951 5118 ergo,
967 5060 1025 5103 non
1036 5044 1114 5116 qnod
1127 5042 1213 5103 uellet
1227 5043 1288 5115 pati
1300 5043 1331 5099 ln
1350 5049 1441 5099 morte
1454 5038 1638 5109 lormidahat,
1666 5038 1716 5095 sed

79 5136 210 5196 tierenilae
237 5144 333 5195 sunt:
360 5137 415 5193 lste
440 5133 573 5193 Christus
594 5140 637 5191 est
663 5133 759 5203 homo,
789 5141 817 5190 et
872 5136 942 5207 quia
966 5135 1080 5192 Patrem
1104 5133 1252 5204 diligebat,
1269 5147 1357 5204 quem
1373 5131 1428 5188 hoc
1442 5129 1516 5187 velle
1541 5128 1657 5195 sciehat,
1689 5134 1718 5185 et

79 5241 103 5286 ιι
127 5233 170 5286 ιιι
198 5228 284 5284 lleus.
299 5224 364 5283 Sola
393 5224 485 5296 igitur
508 5223 584 5280 ista:
614 5220 746 5280 Christus
774 5228 817 5279 est
871 5225 1006 5295 qniaper
1030 5230 1150 5281 mortem
1164 5235 1248 5279 suam
1258 5221 1381 5279 salntem
1401 5219 1528 5292 proximi
1545 5214 1717 5287 llericopie·

80 5323 108 5374 et
134 5317 229 5385 homo,
256 5312 373 5386 propria
402 5319 455 5380 est,
484 5311 514 5370 id
540 5317 583 5371 est
615 5309 747 5371 Christus
773 5316 816 5368 est
869 5313 929 5372 hat.
944 5313 1005 5371 Nec
1018 5312 1161 5384 sequitur,
1188 5310 1213 5368 si
1231 5317 1349 5383 propter
1363 5310 1417 5370 hoc
1445 5307 1504 5380 pati
1525 5305 1627 5375 roluit,
1648 5318 1717 5379 ergo

79 5492 145 5566 hog.
161 5489 258 5550 tctatt
272 5491 371 5562 ιίιιιιι.
