3804 5962
72 157 140 214 liii
319 150 421 208 Parth
451 148 639 207 AhAEhAttttt
665 149 743 207 OPP.
763 148 854 206 PAtts
874 148 922 204 ttt.
942 177 977 188 -
995 143 1216 204 coodibiles
1234 144 1277 200 tet
1295 142 1560 203 ruttosortttcn

71 279 156 354 quale
182 285 223 336 est
242 275 313 335 illud
330 266 440 341 statim,
464 272 539 345 quod
564 273 693 343 primum
716 271 860 342 psalmum
884 269 958 327 deA
1009 267 1145 326 Boethius
1160 281 1277 340 quoque
1299 267 1328 323 in
1344 273 1449 339 quarto
1463 267 1628 340 topicorum
1652 273 1744 334 accidt

69 369 162 439 capite
179 363 313 440 [Christo]
331 377 390 420 non
404 375 464 419 esse
480 358 700 431 intelligendum
721 367 851 419 astruere
867 362 916 419 ni·
970 356 1162 415 substantiam
1179 357 1238 414 dno
1253 355 1347 427 prima
1361 368 1460 413 rerum
1485 371 1592 429 genera
1615 374 1688 422 carm
1713 363 1744 421 di

69 457 149 524 titur,
166 454 214 512 sed
230 451 401 526 generaliter
414 451 448 508 de
471 450 600 522 quolihet
619 448 676 506 alio
692 449 772 521 justo
787 464 848 508 esse
867 464 915 508 ac·
969 445 1006 503 ad
1028 445 1193 516 opinionem
1220 444 1315 515 potius
1338 458 1428 516 qoam
1451 445 1488 502 ad
1514 447 1674 507 ueritatem
1703 464 1744 524 asp

69 545 244 617 cipiendum.
269 540 349 608 Quod
377 547 405 597 et
429 541 488 610 ipse
515 539 706 609 Hieronymus
731 539 762 595 in
787 538 915 610 quadam
971 533 1050 599 Quod
1074 546 1142 589 vero
1166 532 1327 603 philosophi
1354 546 1472 604 qnoque
1494 533 1638 606 pleraque
1655 537 1744 608 jnxu

69 632 246 704 expositione
267 628 461 702 quorumdam
487 627 675 699 psalmorum,
701 627 856 700 Origenem
878 626 915 684 si·
970 620 1084 678 nionem
1108 620 1231 677 aliorum
1252 621 1344 691 magis
1363 634 1453 692 quarn
1479 621 1567 692 juxta
1590 637 1681 682 snam
1706 641 1744 697 pr

70 720 174 779 militer
199 726 376 791 prosecutus,
402 717 508 788 posuit.
536 717 635 787 Ipsum
655 730 773 788 quoque
797 714 916 773 tortasse
971 710 1041 767 bant
1066 709 1248 776 sententiam,
1273 707 1464 776 Tulliuhlib·
1482 711 1561 765 11⁰⁶
1580 713 1744 780 oficiishh

70 809 233 881 origenem,
265 807 327 878 ipso
355 812 517 870 attestante,
548 819 607 861 non
636 804 844 876 ambigendum
874 810 916 860 est
971 797 1016 854 his
1037 796 1187 854 manifeste
1205 797 1374 867 profitetur:
1394 798 1516 854 iustitia
1537 815 1599 855 eum
1629 803 1694 858 sina
1708 819 1744 876 pr

70 895 212 954 nonnulla
235 894 348 968 magnis
374 893 521 951 erroribus
549 891 688 964 implicita
704 891 916 964 juxtaopinio-
971 891 1012 943 tia
1030 890 1097 943 satis
1117 887 1214 942 babeat
1236 889 1421 955 auctoritatis,
1445 888 1595 957 prudentia
1627 894 1691 948 sine
1712 894 1744 964 gh

71 999 137 1044 nem
166 985 288 1041 aliorum
318 981 480 1053 protulisse.
505 980 586 1038 Unde
612 987 639 1036 et
663 979 916 1052 hieronymusad
969 976 1041 1031 nihil
1058 977 1130 1031 ualet
1157 975 1373 1042 adsumendum
1404 976 1495 1044 fidem.
1523 977 1579 1042 Quo
1607 981 1687 1034 enim
1714 997 1744 1052 qr

71 1075 187 1131 Auitum
217 1070 367 1129 scribendo
398 1069 608 1140 presbyterum,
641 1067 815 1138 multiplices
837 1066 914 1124 colli·
970 1067 1106 1121 versutior
1129 1069 1155 1119 et
1173 1064 1310 1130 callidior,
1335 1063 1382 1119 hac
1409 1065 1574 1120 invidiosior
1600 1072 1630 1123 et
1658 1084 1744 1141 suspt

72 1177 141 1234 gene
154 1174 275 1227 errores,
291 1173 365 1231 quos
378 1158 516 1230 Origenes
535 1157 564 1212 in
581 1156 664 1213 lihris
677 1156 738 1213 suis
758 1159 821 1228 pari
835 1171 917 1212 arcon
971 1154 1094 1210 detracta
1125 1154 1252 1222 opinione
1275 1153 1432 1221 probitatis.
1462 1154 1643 1221 Quamobrem
1669 1157 1744 1212 intel

72 1250 176 1322 posuit,
201 1249 236 1306 de
261 1249 320 1318 ipso
345 1248 384 1304 ita
406 1247 520 1303 locutus
547 1253 590 1303 est
613 1237 751 1317 Origene:
775 1248 838 1301 Post
861 1249 918 1301 tam
973 1246 1016 1299 tim
1035 1244 1144 1306 iustitia
1169 1242 1314 1312 coniuncta
1339 1246 1472 1308 mantum
1498 1244 1569 1298 uolat
1584 1244 1744 1301 inhabita

72 1339 221 1408 nefandam
248 1338 472 1407 disputationem,
495 1352 550 1407 qua
579 1337 685 1410 lectoris
706 1338 830 1389 animum
859 1335 918 1390 nul·
972 1332 1095 1388 ciendam
1119 1331 1199 1401 pidem
1221 1332 1331 1385 virium.
1353 1332 1469 1385 iustitia
1489 1333 1548 1386 sine
1576 1333 1735 1401 prudentio

72 1429 190 1493 nerauil,
211 1426 276 1495 hac,
302 1425 407 1497 inquit,
425 1425 512 1493 juata
535 1428 658 1479 nastrum
675 1425 838 1479 sententiam
863 1437 918 1478 non
973 1426 1030 1477 tunt
1040 1422 1157 1490 poterin
1186 1422 1244 1475 sine
1258 1420 1374 1490 justitia
1400 1420 1442 1475 nil
1466 1421 1566 1476 cambit
1586 1422 1744 1492 prudentia

73 1522 138 1572 sunt
157 1516 295 1584 aogmata,
310 1516 358 1570 sed
377 1515 492 1584 quaesito
513 1517 619 1569 tantum
638 1515 724 1583 utque
741 1510 918 1582 proJ'ectc,ne
973 1525 1007 1565 ne
1025 1511 1087 1577 qais
1107 1512 1144 1564 sii
1158 1509 1321 1577 admiratus,
1344 1523 1402 1574 cur,
1418 1509 1490 1578 quod
1503 1510 1576 1564 inter
1597 1525 1695 1566 omnes
1708 1511 1744 1582 pl

70 1607 182 1676 penitus
205 1604 311 1657 intacto
335 1601 495 1656 uiderentur
516 1597 577 1670 (tv,
592 1599 665 1670 763).
690 1598 737 1656 Sia
754 1605 781 1655 el
796 1597 857 1668 ipso
871 1611 918 1654 su·
970 1598 1040 1669 phos
1059 1601 1193 1653 consteta
1216 1612 1310 1664 meque
1328 1601 1388 1666 ipso
1421 1597 1591 1667 disputatum
1614 1614 1693 1670 sape
1713 1602 1744 1657 eit

72 1706 125 1765 pra
139 1692 332 1761 Hieronymus
354 1689 428 1746 dixit
442 1701 496 1744 sua
518 1687 563 1745 vel
578 1687 673 1744 aliena
696 1701 772 1758 saepe
786 1686 917 1750 dictasse,
974 1702 1057 1743 unam
1079 1687 1159 1741 habet
1186 1700 1275 1740 omues
1296 1685 1393 1740 hahere
1419 1687 1641 1753 circumsonor
1671 1691 1715 1744 ita
1736 1705 1744 1745 t

74 1786 106 1836 ut
121 1776 235 1835 lectoris
262 1774 381 1833 arbitrio
401 1774 623 1846 derelinqueret,
645 1781 744 1830 utrum
770 1772 919 1844 probanda
973 1792 1046 1845 gam,
1071 1776 1150 1842 quasi
1167 1775 1256 1845 possit
1269 1776 1425 1845 quisquam,
1441 1790 1503 1829 eum
1525 1790 1580 1830 non
1601 1776 1681 1833 ἰάσω
1707 1793 1744 1849 pr

74 1875 167 1926 essent
181 1880 219 1923 an
242 1864 444 1937 improbanda.
469 1865 574 1920 Beatus
594 1877 711 1934 quoque
725 1862 917 1933 Augustinus,
974 1865 1132 1933 sit,1'ustus
1152 1877 1221 1918 asse:
1250 1863 1307 1917 alia
1329 1863 1516 1919 ossiliacum
1542 1865 1648 1921 namtas
1671 1867 1736 1938 ipso

75 1955 213 2028 pleraque
241 1969 278 2012 ox
301 1954 438 2026 operibus
474 1954 536 2010 suis
558 1951 740 2009 retractando
768 1966 802 2008 aa
830 1950 918 2008 corri·
975 1954 1059 2009 turin
1074 1952 1269 2022 disputatione,
1285 1952 1343 2006 alia
1356 1966 1416 2006 cum
1434 1951 1472 2006 od
1490 1967 1580 2008 omnes
1602 1969 1744 2011 aeecmrna

72 2043 291 2116 gendo,²multa
315 2058 345 2101 so
368 2043 407 2100 ihi
441 2057 477 2099 ex
504 2041 640 2112 opinione
673 2040 767 2112 magis
797 2038 919 2096 aliorum
974 2042 1070 2098 arcuo.
1100 2038 1286 2108 Quamobrem,
1303 2046 1333 2095 ut
1356 2041 1464 2109 vulgus,
1490 2042 1531 2096 ita
1556 2056 1605 2098 nos
1631 2042 1744 2111 nautae

74 2146 163 2204 quam
180 2147 217 2190 ex
233 2133 348 2203 propria
364 2131 493 2202 posuisse
511 2129 653 2187 senmntia
667 2126 828 2200 profitetur.
844 2127 919 2185 Non·
974 2132 1042 2186 alias
1067 2131 1163 2197 sortes,
1189 2130 1256 2184 alios
1282 2129 1362 2185 bonos
1383 2130 1467 2197 viros,
1491 2129 1560 2186 atior
1591 2130 1744 2201 prudentes

74 2221 155 2278 nulla
179 2220 265 2277 etiam
287 2221 318 2277 in
344 2218 501 2291 Evangelio
522 2218 610 2290 juata
635 2217 799 2287 opinionem
826 2216 918 2273 homi·
975 2219 1112 2286 dieamus3
1137 2217 1320 2289 popularibus
1356 2219 1427 2273 enim
1452 2216 1542 2273 uerbis
1570 2223 1611 2275 est
1631 2220 1744 2290 agenda

74 2323 146 2366 num
161 2309 253 2378 magis
276 2322 364 2379 quam
382 2304 543 2364 secundum
567 2305 717 2362 veritatem
740 2319 838 2363 rerum
863 2304 920 2362 dici
975 2310 1086 2365 usitatis
1101 2323 1162 2364 cum
1181 2308 1326 2379 loquimur.
1353 2305 1518 2372 Quotidiani
1540 2306 1672 2380 denique
1690 2323 1744 2368 sert

72 2396 224 2464 videntum
245 2395 336 2452 veluti
359 2409 424 2450 cum
450 2394 552 2465 loseph
577 2400 657 2463 pater
671 2393 810 2450 christia
829 2400 921 2451 matre
976 2399 1102 2455 ususest
1113 2397 1200 2468 juxta
1222 2395 1367 2467 iudicium
1391 2394 1585 2466 corporalium
1608 2410 1744 2456 sensuun

74 2498 191 2558 quoque
214 2483 306 2554 ipsius
332 2482 445 2539 Domini
465 2482 553 2554 iunia
575 2479 738 2552 opinionem
760 2487 788 2537 et
811 2493 920 2538 morem
977 2496 1069 2558 reque
1089 2484 1145 2541 diei
1161 2485 1254 2553 aliter,
1277 2498 1366 2555 quam
1386 2483 1416 2539 in
1437 2498 1469 2541 re
1487 2483 1633 2542 consistat.
1658 2485 1734 2544 Cum

74 2572 156 2646 vulgi
182 2572 352 2644 appellatur,
378 2571 417 2628 1¹³
437 2570 554 2643 quidem
575 2570 700 2627 ῧῑθθῦῑθῑ
719 2571 775 2639 Eis>
797 2574 824 2626 el
839 2572 921 2640 poter
975 2573 1076 2631 nullus
1088 2573 1119 2630 in
1134 2580 1191 2631 toto
1216 2573 1325 2630 mundo
1341 2587 1454 2630 vacuus
1469 2573 1587 2630 omnino
1606 2574 1644 2630 sit
1665 2573 1744 2633 locut

77 2667 141 2719 tuus
157 2662 277 2718 dolentes
290 2661 476 2733 querebamus
495 2664 520 2714 te
539 2659 612 2729 (Luc.
631 2658 673 2730 ιι).
691 2659 726 2714 Εῑ
739 2659 826 2731 juxta
840 2658 920 2732 qnod
975 2677 1034 2720 non
1054 2661 1101 2720 vel
1116 2675 1181 2719 acre
1204 2662 1249 2719 vel
1275 2661 1375 2734 aliquo
1390 2674 1508 2732 corpore
1532 2660 1694 2732 repleatur,
1707 2675 1744 2719 ra

73 2758 187 2822 aspectu
209 2750 379 2822 percipitur,
401 2749 485 2806 modo
499 2748 606 2806 coelum
621 2747 767 2805 stellatum
781 2747 918 2813 dicimus,
977 2759 1072 2809 tamen
1097 2764 1218 2823 prorsus
1248 2764 1343 2807 arcam
1372 2764 1433 2807 esse
1461 2749 1597 2819 dicimus,
1615 2749 1645 2806 in
1672 2764 1735 2822 qua

75 2840 158 2897 modo
181 2853 255 2911 non;
285 2839 368 2895 modo
398 2837 487 2894 solem
510 2836 647 2903 calidum,
672 2836 757 2892 modo
784 2850 852 2894 roro
866 2835 917 2893 mi·
938 2820 1036 2897 Cesse
1058 2840 1124 2897 visu
1142 2839 1328 2911 percipimus.
1351 2838 1405 2906 Qui
1431 2852 1476 2895 res
1497 2837 1585 2908 juxta
1600 2839 1657 2910 (li)
1674 2838 1744 2897 ocul·

72 2928 160 2996 nime,
175 2929 219 2985 vel
237 2927 320 2983 modo
337 2927 437 2983 lunam
457 2925 522 2996 plus
536 2923 582 2981 vel
602 2923 701 2979 minus
713 2922 819 2991 lucere,
836 2924 920 2982 modo
975 2935 1108 3000 aspectus
1126 2929 1248 3001 judicat,
1272 2928 1356 2984 modo
1371 2927 1474 2984 caelum
1488 2925 1634 2984 stellatum
1650 2927 1733 2994 dicit,

74 3016 161 3072 etiam
186 3017 301 3086 penitus
329 3029 386 3070 non
416 3013 522 3081 lucere,
557 3026 624 3069 cum
650 3018 747 3067 tamen
770 3012 921 3082 aqualiter
975 3032 1044 3087 nou,
1061 3024 1089 3074 et
1112 3016 1196 3073 modo
1219 3015 1305 3072 solem
1331 3014 1468 3081 calidum,
1491 3013 1574 3069 modo
1598 3029 1670 3073 rero
1696 3015 1744 3073 mit

73 3104 135 3161 haec
149 3117 261 3175 semper
275 3104 304 3160 in
325 3110 497 3173 perpetuum
511 3093 664 3163 maneant,
681 3114 748 3170 queo
764 3114 823 3156 non
837 3100 921 3159 nohis
974 3103 1020 3162 vel
1035 3104 1118 3162 modo
1141 3103 1241 3160 lunam
1258 3102 1323 3174 plus
1335 3103 1379 3160 vel
1400 3103 1497 3160 minus
1515 3104 1622 3167 lucere,
1637 3103 1744 3163 modat

72 3193 224 3264 aequaliter
243 3206 356 3263 semper
374 3198 520 3262 apparent.
538 3190 574 3246 Et
587 3189 752 3259 Apostolus,
768 3187 799 3245 in
815 3189 919 3261 pleris-
974 3192 1089 3265 penitus
1103 3206 1162 3248 non
1178 3191 1284 3258 lucere,
1309 3206 1375 3247 cum
1398 3199 1494 3250 tamen
1514 3192 1667 3265 aequaliter
1679 3192 1741 3251 hmo

73 3296 130 3353 que
153 3281 229 3338 diota
263 3280 465 3350 derogantium
484 3277 540 3334 sihi
568 3284 693 3346 mantus,
724 3275 807 3336 aliter
829 3279 864 3336 de
889 3294 919 3337 se
974 3295 1026 3354 per
1049 3281 1079 3338 in
1103 3294 1134 3338 re
1160 3287 1357 3351 permaneant,
1389 3295 1456 3352 qnae
1481 3295 1538 3337 non
1560 3279 1646 3336 nobis
1674 3292 1744 3350 aequ

73 3369 135 3439 ipso
149 3381 237 3438 quarn
253 3368 357 3424 sentiat
371 3380 443 3433 esse,
468 3379 527 3423 non
542 3372 659 3422 veretur
673 3366 819 3436 profiteri;
834 3366 919 3439 quale
974 3382 1086 3440 semper
1109 3377 1259 3440 apparent.
1285 3369 1359 3437 Quid
1382 3367 1480 3440 itaque
1499 3368 1619 3434 mirum,
1639 3366 1665 3423 si
1685 3378 1744 3424 ast

72 3463 115 3513 est
138 3455 228 3512 illud:
254 3456 306 3511 Nos
331 3457 410 3510 stulti
434 3460 551 3526 propter
582 3455 729 3523 dirutum,
753 3471 800 3512 uos
829 3461 920 3512 autem
973 3472 1090 3530 quoque
1108 3458 1242 3515 Patribus
1257 3457 1399 3514 nonnulla
1415 3471 1452 3514 ex
1468 3456 1602 3528 opinione
1623 3455 1744 3528 magist

72 3544 221 3615 prudentes
257 3546 286 3599 in
319 3544 426 3602 cbristo
447 3543 472 3617 (l
495 3544 556 3601 dor.
581 3558 618 3614 rr,
646 3543 700 3616 to).
730 3545 808 3602 ldem
833 3545 919 3603 etiam
973 3561 1010 3604 ex
1037 3545 1159 3603 veritate
1182 3558 1395 3617 nonnunquam
1432 3545 1543 3616 prolata
1571 3545 1630 3600 sint
1657 3551 1744 3602 autt

72 3632 224 3704 Apostolus
248 3632 454 3690 Melchisedech
473 3633 536 3690 sine
556 3640 638 3705 patre
660 3641 688 3690 et
701 3636 794 3691 matre
810 3641 837 3692 et
858 3635 920 3692 sine
974 3635 1106 3708 scripta?
1126 3634 1283 3707 Diligenter
1309 3641 1337 3691 et
1360 3633 1433 3691 illud
1455 3631 1672 3691 discutiendnm
1688 3637 1743 3699 est,

72 3721 240 3794 genealogia
261 3721 340 3789 dicit,
356 3736 409 3779 nec
432 3722 548 3779 initium
562 3723 675 3780 dierum
699 3730 750 3780 aut
765 3722 852 3781 linem
865 3723 920 3780 ha·
974 3725 1009 3782 de
1023 3724 1121 3783 eodem
1143 3724 1259 3780 diversa
1282 3721 1430 3788 dicuntur,
1455 3722 1525 3795 qnid
1541 3721 1577 3779 ad
1593 3719 1731 3793 praecepti

72 3810 161 3882 here;
177 3810 316 3882 quiahoc
334 3811 442 3868 scilicet
454 3818 583 3868 nostram
598 3811 729 3868 notitiam
742 3812 819 3880 latet,
841 3811 920 3883 quod
974 3814 1130 3872 clationem
1145 3813 1213 3884 (20),
1231 3812 1299 3885 quid
1311 3812 1347 3868 ad
1366 3811 1552 3884 indulgentia
1565 3809 1744 3868 remissionct

73 3899 222 3969 Scriptura
242 3913 300 3955 non
322 3898 413 3968 docet,
430 3913 489 3955 non
514 3899 592 3971 quod
614 3899 654 3956 ita
670 3899 710 3956 rei
730 3900 837 3957 veritas
859 3914 920 3959 sese
973 3902 1010 3958 ad
1040 3901 1222 3974 pertecuonis
1254 3901 1485 3959 exhortationem
1521 3899 1704 3966 intendatur,
1723 3913 1744 3955 ιι

72 3987 185 4044 haheat.
207 3986 322 4044 samuel
344 4001 461 4059 quoque
476 3988 505 4044 in
528 3989 730 4060 phantasmate
752 3989 919 4060 apparuisse
974 3990 1103 4048 cundum
1120 3989 1312 4048 intentionum
1336 3990 1531 4048 diversitatem
1545 3987 1733 4045 adversitatis

72 4075 247 4146 Pythonissae
271 4076 390 4143 dicitur,
415 4090 473 4132 non
498 4082 557 4133 tam
586 4076 746 4134 secundum
768 4076 918 4136 veritatem
933 4097 957 4154 ῃ
974 4092 1073 4136 ramus
1091 4079 1265 4146 remedium3
1290 4078 1393 4135 sivero
1414 4075 1564 4148 praeceptio
1583 4083 1638 4143 est,
1659 4059 1744 4134 utr'ut

72 4176 160 4234 quam
184 4165 344 4221 secundum
369 4164 410 4221 rei
434 4163 665 4232 similitudinem,
691 4179 756 4238 quae
781 4167 919 4225 intuenti·
973 4166 1080 4224 neralis
1094 4181 1132 4224 an
1147 4166 1342 4239 particularis,
1372 4166 1400 4223 id
1419 4172 1461 4222 est
1475 4179 1514 4222 an
1529 4162 1565 4221 ad
1581 4178 1684 4221 omnes
1698 4178 1744 4221 ent

73 4252 128 4309 bns
152 4250 253 4308 laisam
279 4251 416 4323 gignebat
441 4251 616 4322 opinionem.
642 4255 678 4310 Ut
710 4254 787 4311 enim
819 4255 921 4313 heatm
976 4255 1050 4313 niter
1065 4270 1103 4313 an
1118 4255 1153 4313 ad
1175 4255 1289 4327 aliquos
1303 4254 1465 4326 specialiter
1480 4253 1596 4309 directa.
1611 4252 1744 4325 Distingn

71 4339 202 4397 meminit
220 4339 413 4410 Augustinus,
443 4339 616 4411 phantasma
643 4340 714 4399 illud
738 4341 854 4400 Samuel
871 4357 918 4415 ap·
975 4358 1093 4417 qnoque
1120 4351 1249 4416 tempora
1287 4350 1356 4401 snut
1385 4350 1413 4401 et
1441 4341 1691 4414 dispensationum
1719 4354 1744 4399 ct

70 4425 209 4497 pellatam
234 4434 286 4494 est,
307 4427 376 4496 quia
402 4426 618 4484 similitudinem
644 4428 785 4486 Samuelis
803 4428 921 4487 exhihe-
975 4432 1046 4504 quia
1070 4447 1146 4504 saepe
1167 4432 1244 4503 quod
1267 4447 1327 4490 uno
1350 4439 1477 4502 tempore
1497 4437 1539 4487 est
1565 4443 1744 4494 conoessum,

70 4513 130 4583 hat,
151 4513 226 4571 sicut
246 4521 274 4571 et
306 4513 412 4585 aliquis
432 4515 462 4572 in
482 4517 590 4572 somnis
619 4531 649 4573 se
672 4517 791 4574 Romam
813 4517 920 4576 vidisse
973 4526 1101 4592 tempore
1119 4519 1176 4592 (it)
1200 4520 1344 4592 reperitur
1367 4518 1563 4591 prohihitu1n3
1578 4525 1606 4575 et
1629 4518 1744 4590 quoda

70 4603 148 4670 dicit,
165 4604 235 4674 quia
252 4602 471 4660 similitudinem
487 4604 551 4678 ejus
567 4612 660 4663 urente
672 4606 810 4677 concepit.
974 4622 1071 4679 gorem
1098 4609 1202 4680 sapius
1230 4609 1407 4681 praecipitur,
1437 4622 1474 4664 ex
1506 4606 1723 4678 dispensatione

106 4692 225 4749 Poetiaae
256 4688 373 4764 quoque
392 4706 442 4750 sou
462 4692 649 4765 philosophia
677 4694 829 4765 scripturae
856 4695 918 4766 ple·
973 4710 1127 4769 nunqnam
1153 4705 1338 4770 temperatur.
1366 4698 1432 4754 llaec
1459 4703 1555 4754 autem
1581 4696 1610 4751 in
1632 4695 1744 4753 institut

70 4792 163 4853 raque
183 4781 224 4838 ita
239 4781 326 4853 juxta
341 4781 504 4852 opinionem
527 4781 700 4854 loquuntur,
721 4784 805 4856 quasi
824 4784 855 4843 in
869 4799 916 4843 ve·
972 4785 1028 4843 hus
1049 4786 1308 4844 ecclesiasticorum
1331 4785 1513 4843 decretorum
1537 4783 1583 4840 vel
1606 4798 1744 4843 canonun

70 4872 156 4930 ritate
179 4870 345 4939 consistant,
370 4871 715 4942 quaetamenareritate
735 4872 850 4943 penitus
870 4874 917 4931 di·
972 4876 1081 4949 stingui
1114 4876 1239 4935 maxime
1271 4889 1387 4933 necesse
1410 4882 1463 4931 est.
1498 4873 1601 4931 Facilis
1627 4880 1730 4931 autem

71 4973 203 5032 screpare
218 4959 318 5031 liquet.
334 4958 415 5017 Unde
433 4966 475 5017 est
498 4959 569 5018 illud
582 4960 756 5020 ovidianum
772 4962 846 5035 (Art.
861 4980 915 5020 om.
972 4978 1097 5037 rumque
1119 4964 1380 5022 controversiarum
1403 4962 1507 5022 solutio
1535 4962 1707 5033 reperietur,
1729 4978 1744 5021 s

72 5051 94 5116 t,
113 5048 185 5120 ³50).
971 5053 1034 5111 dem
1065 5053 1155 5112 rerba
1180 5052 1209 5110 in
1229 5053 1351 5110 dirersis
1379 5051 1675 5126 significationibusa
1699 5051 1744 5110 dit

141 5156 267 5213 Fertilior
280 5170 356 5225 sepes
375 5159 415 5212 'ese
429 5155 527 5213 alienu
541 5172 646 5228 semper
657 5162 686 5214 an
704 5165 790 5230 aym,
970 5144 1140 5201 auctoribus
1153 5143 1247 5215 posita
1261 5141 1411 5200 delendere
1426 5142 1595 5213 poterimus.

180 5230 362 5297 Vicinumque
375 5243 457 5297 pecus
469 5228 603 5296 grandius
619 5231 685 5286 uber
699 5232 787 5286 habet.
1006 5233 1056 5290 llis
1078 5232 1213 5291 omnibus
1235 5232 1381 5304 praedictis
1406 5232 1497 5290 modis
1521 5232 1630 5288 solvere
1651 5238 1744 5289 contri

108 5330 165 5398 lilii
182 5333 277 5389 blan:
294 5335 473 5403 attaminata
482 5335 564 5404 quod.
1004 5341 1057 5410 (ill
1072 5339 1155 5397 tione.
1172 5353 1229 5396 om.
1245 5346 1365 5410 tempore

108 5396 164 5469 too)
179 5400 284 5460 Cous:
301 5404 563 5463 diseoarctationam.
