3804 5962
154 178 221 233 llas

418 172 519 228 aulul
537 171 721 228 ABAELARDI
740 173 817 229 OPP.
838 174 927 230 PARS
944 174 994 229 ΙΙΙ.
1009 174 1266 232 -Ttlllubodlcn
1285 177 1328 232 ET
1349 177 1611 237 eultusoellmll.

1830 188 1889 241 ilbi

149 302 245 352 mento
264 293 470 364 parabolarum
500 305 621 348 suarum
651 292 785 363 apostolis
810 292 996 364 loquitnrtli·
1011 291 1035 344 Α
1051 301 1100 350 tur
1128 293 1192 366 (di),
1219 295 1272 352 nisi
1297 299 1410 354 tantum
1432 301 1583 368 prasentia
1613 301 1719 358 animae
1749 301 1885 371 bumana,

150 399 237 441 cens:
265 383 345 437 Vobis
360 382 455 436 tioium
481 386 520 434 est
544 396 621 436 nesse
644 383 804 450 mysterium
827 384 904 450 repet
932 385 992 447 net,

147 475 248 528 ceteris
264 477 354 525 etatem
373 471 402 524 ie
424 469 577 539 parobolis,
599 476 630 525 ut
653 471 773 527 uidentes
799 487 853 526 nen
868 472 990 537 eldelmi,

146 567 173 615 et
187 559 327 615 cudentes
350 573 404 612 nee
427 558 584 624 inteilipunt
606 555 703 627 (llere.
728 572 768 628 lv,
801 561 844 625 ll,
875 558 927 629 ta).
946 559 991 614 Er

147 648 201 704 bac
223 648 320 717 itaque
335 645 469 702 Macrobii
486 644 639 700 traditione
664 645 774 702 clarum
799 654 850 713 est,
876 659 909 700 ea
925 661 990 716 utrm

144 734 401 807 apbilosopbisde
423 733 519 791 anima
545 734 644 790 mundi
670 733 818 800 dicuntur,
847 749 896 805 per
912 735 990 790 inve

143 824 258 882 lucrum
284 823 451 894 accipienda
478 838 555 879 csse:
584 822 714 894 alioquin
736 837 881 879 summum
899 823 989 893 plrilo-

142 913 300 984 sophorum
315 911 461 968 Platonem
477 926 624 968 summum
640 910 795 968 stultorum
811 925 871 967 esse
886 910 988 981 depre-

142 1001 314 1059 hendemus.
345 1002 417 1067 Quid
440 1000 516 1055 cuim
548 1000 640 1070 magis
670 999 868 1066 ridiculosum,
899 1013 987 1069 quam

142 1091 285 1148 mundum
310 1097 401 1146 totum
431 1089 566 1145 arbitrari
592 1102 683 1144 unum
698 1102 758 1145 esse
775 1087 884 1144 animal
900 1088 986 1145 ratio·

140 1180 216 1249 ualc,
231 1179 285 1236 nisi
302 1179 356 1234 huc
371 1191 421 1248 per
445 1178 675 1249 integumentum
691 1178 747 1246 (69)
764 1177 800 1232 sit
816 1176 986 1246 prolatum?

141 1267 254 1324 Animal
280 1267 387 1339 quippe
402 1280 464 1322 esse
486 1279 545 1321 non
570 1271 670 1334 potest,
695 1265 751 1319 nisi
781 1264 983 1331 sensibilem,

139 1370 206 1413 cum
221 1357 257 1413 sit
272 1363 339 1413 nota
361 1353 495 1411 diffinitio
511 1353 645 1409 animalis
672 1353 834 1409 substantia
857 1353 985 1409 animata

139 1444 291 1501 sensibilis.
313 1443 382 1511 Quis
397 1451 492 1499 autem
509 1455 546 1498 ex
571 1442 702 1513 quinque
720 1442 850 1498 sensibus
876 1441 984 1497 mundo

139 1533 230 1596 inesse
255 1535 368 1605 poterit,
395 1532 449 1588 nisi
475 1531 547 1588 torte
573 1538 676 1598 tactus,
706 1530 758 1600 qui
787 1530 922 1586 omnibus
942 1538 983 1586 est

1048 395 1114 452 quac
1134 390 1161 439 et
1185 396 1310 453 praescus
1325 399 1430 455 eorpus
1450 387 1588 456 vivificat,
1604 397 1633 445 et
1648 390 1786 447 recedens
1801 391 1884 462 ipsun

1048 471 1219 528 mortificat?
1234 473 1314 538 Quod
1330 474 1351 528 si
1373 475 1408 530 ad
1422 475 1607 533 involuerum
1628 479 1719 540 etiam,
1733 480 1790 536 ista
1809 480 1883 538 delle·

1046 566 1250 630 stemusque
1270 562 1305 617 dc
1333 562 1431 618 anima
1459 565 1560 620 mundi
1580 579 1597 620 a
1614 566 1792 637 pbilosophis
1816 569 1882 626 dicta

1045 657 1123 715 sunt,
1149 649 1230 705 facile
1254 658 1295 706 est
1319 650 1528 709 rationabiliter
1546 662 1651 710 cuncta
1673 656 1779 727 accipi,
1802 671 1884 717 neca

1043 750 1132 793 sacrm
1149 738 1212 794 fidei
1229 746 1326 795 tenore
1346 739 1518 797 exorbitare.

1078 825 1232 882 Conferant
1265 828 1401 884 humanm
1439 829 1543 885 aninrae
1578 831 1749 902 corporibus
1787 837 1882 892 nostris

1043 914 1194 970 animalem
1210 916 1310 972 uitam.
1327 917 1460 973 Conlerat
1473 918 1570 974 anima
1598 920 1702 977 mundi
1719 935 1809 993 quam
1824 923 1880 994 (66),

1042 1005 1072 1058 ni
1097 1002 1189 1071 telier,
1216 1004 1355 1074 Spiritum
1375 1013 1509 1062 sanctum
1533 1006 1743 1066 intellexeruut
1767 1011 1880 1081 pbiloso

1041 1092 1102 1162 pbi,
1133 1092 1201 1163 ipsis
1223 1093 1376 1151 animabus
1403 1095 1506 1151 nostris
1521 1095 1609 1151 vitam
1637 1097 1829 1168 spiritualem,
1842 1101 1880 1156 di·

1040 1180 1211 1237 stributione
1236 1181 1344 1236 scilicet
1367 1196 1487 1237 suorum
1515 1182 1670 1249 donorum,
1695 1192 1727 1240 ut
1755 1183 1879 1241 sinisin·

1040 1267 1116 1337 gulae
1142 1269 1247 1325 animae
1272 1269 1334 1338 (66),
1358 1270 1416 1324 vita
1446 1283 1609 1339 corporum.
1641 1270 1769 1341 Spiritus
1792 1280 1878 1329 auten

1040 1363 1158 1411 sanctus
1173 1356 1233 1411 vita
1260 1357 1435 1420 animarum,
1456 1371 1530 1427 quas
1559 1358 1718 1428 vegetando
1747 1359 1784 1416 ad
1799 1359 1879 1430 prote

1039 1451 1115 1499 ctum
1143 1445 1285 1501 bonorum
1310 1459 1429 1515 operum
1452 1453 1609 1515 promovet,
1637 1447 1767 1518 quodam
1790 1447 1878 1519 itaque

1039 1534 1122 1588 modo
1151 1534 1217 1603 (65),
1240 1533 1345 1590 anime
1376 1531 1486 1591 'nostrae
1519 1549 1640 1604 corpora
1668 1535 1806 1606 quedam
1828 1537 1875 1608 (66)

139 1623 301 1678 communis
320 1618 516 1677 animalibus?
530 1619 635 1675 desunt
648 1619 756 1690 quippe
770 1620 795 1675 ei
813 1627 982 1676 caeterorum
999 1635 1020 1690 Β
1038 1619 1159 1689 Spiritus
1178 1621 1274 1678 Sancti
1289 1623 1416 1679 dicendae
1437 1631 1515 1689 sunt,
1533 1638 1607 1693 qttas
1624 1625 1682 1694 ipse
1701 1626 1876 1696 paratiquod

139 1725 278 1769 sensuum
300 1711 503 1776 instrumenta,
525 1709 586 1779 ipso
611 1715 761 1764 attestante
788 1707 914 1775 Platone,
932 1710 981 1765 ubi

137 1799 269 1858 videlicet
279 1799 411 1867 ostendit,
433 1812 524 1868 quare
537 1797 563 1853 ei
582 1805 633 1853 aut
654 1795 740 1864 oculi,
757 1804 913 1864 autaureS,
931 1805 981 1853 aut

137 1898 248 1947 caelerae
264 1897 358 1960 partes
372 1887 493 1944 bumani
509 1886 638 1956 corporis
655 1887 823 1941 necessariae
838 1900 896 1941 non
917 1885 981 1942 lue-

137 1979 214 2036 rinti
236 1987 287 2035 aut
310 1992 376 2049 qum
398 1984 439 2033 est
466 1990 532 2047 pars
553 1975 681 2045 corporis
705 1975 759 2045 (66)
786 1974 897 2042 mundi,
921 1989 980 2045 qua

136 2069 206 2138 ipse,
222 2069 246 2124 si
266 2073 415 2139 tangatur,
434 2065 538 2122 sentire
554 2072 642 2135 queat
656 2064 848 2134 magisquam
864 2064 980 2120 arbores

135 2157 180 2213 vel
197 2156 312 2226 plante,
333 2169 407 2226 uuas
428 2163 511 2211 terrae
529 2153 668 2210 radicitus
685 2151 788 2208 allisas
802 2153 900 2208 eadem
913 2153 977 2208 ani·

135 2258 183 2300 ma
209 2245 351 2300 vivificari
380 2244 490 2299 dicunt.
521 2243 593 2298 Nam
610 2242 663 2311 (66)
683 2241 753 2310 quid
769 2254 806 2295 cx
829 2240 979 2297 ellossioue

135 2339 218 2388 terrae
248 2333 346 2403 potius
370 2332 471 2387 sentiet
505 2331 642 2397 mundus,
678 2342 767 2399 quant
798 2330 916 2386 arbores
941 2344 978 2386 es

134 2420 283 2479 frondium
299 2419 459 2487 avulsione,
474 2417 519 2474 sel
542 2417 635 2483 tutius
652 2417 780 2487 corporis
807 2417 849 2473 sui
866 2418 977 2475 abscis-

132 2510 235 2567 sione?
259 2509 376 2566 arbores
389 2517 484 2564 tamen
503 2514 530 2563 et
550 2504 696 2577 quaslibet
721 2505 833 2574 plantas
856 2506 977 2563 insensi-

132 2599 204 2656 biles
226 2613 287 2656 esse
309 2604 429 2666 constat,
459 2597 581 2665 ideoque
597 2595 631 2650 ad
654 2594 849 2651 exclusionem
874 2609 974 2652 carum

131 2690 162 2746 in
177 2688 341 2745 defiuitione
355 2685 490 2744 animalis
507 2692 569 2756 post
593 2685 753 2741 auimatum
772 2685 888 2754 ponitur
910 2699 973 2741 sen-

129 2777 223 2835 sibile.

165 2869 305 2924 Praeterea
325 2879 392 2921 cum
416 2863 511 2919 dicant
527 2862 654 2918 animaru
678 2861 781 2918 mundi
797 2861 919 2933 singulis
935 2860 974 2916 in·

127 2955 221 3014 lusam
238 2954 415 3025 corporibus,
437 2965 470 3007 ea
484 2950 612 3006 animare
635 2965 701 3020 quae
720 2950 755 3005 ad
781 2949 970 3005 animandum

127 3052 193 3116 apta
221 3043 335 3114 reperit,
356 3040 426 3111 quid
454 3054 526 3109 opus
549 3045 610 3094 erat
638 3039 780 3094 creatione
806 3044 971 3093 nostrarum

127 3134 305 3199 animarum,
332 3143 406 3200 quas
428 3136 523 3197 postea
547 3126 637 3181 iactas
664 3140 724 3182 esse
753 3126 831 3181 Plato
846 3139 969 3182 comme·

125 3222 243 3277 morati
257 3223 313 3275 Aut
330 3217 401 3288 quid
414 3230 487 3286 opus
511 3223 553 3271 est
578 3214 705 3270 animam
721 3213 821 3269 mundi
851 3213 895 3269 llis
911 3228 971 3270 cor-

124 3309 245 3378 poribus
259 3309 349 3362 iuesse
365 3318 430 3374 quae
446 3317 503 3358 nou
519 3300 655 3358 animat?
674 3300 744 3372 quid
760 3301 836 3357 enirn
852 3294 967 3357 eviden-

124 3395 183 3453 tius
197 3402 249 3463 est,
266 3408 353 3465 quam
372 3404 493 3461 corpora
512 3397 609 3447 nostra
623 3403 660 3446 cx
679 3389 804 3461 propriis
816 3390 969 3447 animabus

123 3483 261 3542 humanis
280 3482 372 3553 magis
390 3494 478 3550 quam
494 3493 530 3536 cx
546 3481 644 3536 anima
671 3478 773 3534 muudi
791 3479 880 3534 vitam
905 3481 968 3534 ani-

122 3572 228 3631 malem
247 3570 375 3628 baberc‘l
396 3571 447 3626 llis
463 3570 571 3640 quippe
604 3569 757 3624 animabus
780 3570 968 3637 presentibus

121 3661 217 3718 statim
238 3661 366 3718 animata
396 3667 464 3716 sunt
490 3667 517 3714 et
544 3657 650 3713 eisdem
678 3657 846 3713 absentibus
874 3657 965 3713 inani-

103 3759 208 3821 mata,
224 3750 299 3814 licet,
316 3759 348 3806 ut
363 3749 456 3815 aiunt,
473 3747 502 3803 iu
515 3747 555 3803 eis
566 3746 660 3802 anima
681 3746 781 3801 mundi
797 3745 884 3803 etiam
902 3755 965 3816 post

119 3850 241 3901 mortem
270 3845 441 3911 perseveret,
468 3850 533 3908 ettae
553 3835 581 3891 in
612 3834 747 3891 omuibus
771 3842 831 3891 tota
849 3843 891 3891 est
906 3849 966 3890 cor-

119 3931 249 4003 poribus,
264 3928 351 3986 etiam
368 3929 396 3983 iu
417 3926 463 3983 bis
483 3927 513 3981 in
543 3923 651 3995 quibus
674 3931 767 3980 vacet.
783 3922 859 3989 Quid
879 3923 964 3979 ctiam

117 4027 158 4078 cst
174 4020 250 4092 quod
267 4017 434 4075 absentibus
447 4015 585 4071 burnonis
600 4012 753 4069 animabus
766 4012 864 4067 anima
881 4026 964 4067 mun.

117 4109 146 4166 di
162 4122 282 4180 corpora
309 4114 418 4170 nostra,
440 4104 505 4161 lieet
531 4104 572 4158 eis
587 4102 665 4167 insit,
689 4101 818 4156 animare
830 4114 887 4155 non
901 4098 960 4154 sul·

116 4197 185 4266 licit,
206 4211 272 4253 cum
295 4196 366 4266 ipsa,
394 4200 463 4250 teste
487 4192 613 4257 Platone,
640 4188 750 4245 eunctis
768 4187 963 4243 invisibilibus

1037 1708 1138 1778 gratim
1172 1724 1233 1766 suae
1258 1710 1380 1772 donum,
1403 1711 1487 1780 quasi
1513 1710 1652 1781 templum
1681 1712 1835 1781 inhabitat,
1852 1723 1875 1770 et

1036 1797 1195 1855 virtutibus
1217 1799 1356 1855 vivificat.
1378 1798 1430 1856 Sed
1455 1806 1482 1855 et
1505 1798 1575 1856 illud
1602 1801 1682 1871 quod
1707 1803 1803 1872 aiunt,
1818 1803 1873 1858 ani·

1035 1899 1113 1941 mam
1136 1893 1223 1942 totam
1251 1887 1375 1958 singulis
1391 1887 1560 1957 corporibus
1582 1887 1709 1946 iulusam
1726 1891 1825 1947 omnia
1837 1891 1871 1946 ri-

1035 1973 1160 2041 vilicare,
1189 1983 1277 2046 atquo
1297 1977 1437 2044 animare,
1463 1991 1528 2047 quae
1552 1977 1586 2034 ad
1616 1979 1873 2037 animandumido-

1033 2077 1088 2119 nea
1103 2066 1208 2133 reperit
1227 2064 1294 2136 (67),
1318 2065 1399 2121 nulla
1414 2065 1545 2134 ipsorum
1565 2067 1673 2123 duritia
1696 2068 1743 2124 vel
1759 2069 1872 2127 densita·

1034 2153 1068 2207 lis
1092 2150 1149 2224 (68)
1172 2162 1279 2209 natura
1310 2154 1492 2224 impediente,
1517 2155 1673 2225 pulchrum
1696 2165 1740 2213 est
1770 2158 1873 2215 involu-

1032 2243 1359 2313 crunt,quiacl1aritas
1381 2244 1442 2309 llei,
1463 2257 1551 2314 uuam
1581 2244 1720 2315 Spiritum
1747 2255 1871 2304 sanetum

1031 2329 1166 2397 dicimus,
1195 2331 1333 2388 cordibus
1355 2332 1491 2388 bremonis
1517 2347 1568 2403 per
1591 2334 1655 2389 fidei
1673 2333 1735 2391 sire
1760 2335 1872 2392 rationis

1031 2417 1139 2473 donum
1156 2418 1290 2488 primitus
1312 2419 1417 2486 inlusa,
1435 2421 1568 2490 quedam
1588 2420 1760 2493 vivificavit,
1780 2424 1816 2480 ad
1830 2423 1870 2480 be

1030 2519 1135 2562 uorum
1163 2521 1280 2576 operum
1304 2507 1430 2564 lructum
1457 2523 1509 2565 nos
1525 2511 1776 2579 promovendam
1790 2512 1867 2569 vitatu

1029 2607 1220 2666 assequamur
1243 2604 1389 2666 aeternam,
1416 2604 1444 2652 et
1465 2596 1496 2652 in
1517 2598 1692 2667 quibusdam
1709 2599 1772 2669 lpse
1795 2599 1868 2671 Spiri-

1027 2688 1074 2739 tus
1102 2697 1206 2740 vacare
1234 2684 1349 2752 dicitur,
1366 2684 1518 2757 pravitatis
1537 2699 1639 2743 eorum
1657 2686 1773 2744 duritia
1793 2701 1867 2758 repu-

1029 2779 1146 2842 gnante.
1164 2773 1243 2829 Hanc
1259 2781 1353 2830 aulem
1378 2773 1483 2830 animm
1497 2774 1628 2830 videlicet
1654 2776 1865 2832 mundanaedo·

1029 2861 1152 2916 utrinam
1192 2861 1335 2932 precipue
1365 2861 1602 2931 diligentissimus
1630 2862 1865 2935 pbilosophorum

1029 2948 1059 3004 iu
1082 2948 1259 3019 expositione
1284 2950 1446 3006 Macrobius
1472 2952 1592 3020 posteris
1616 2950 1746 3022 reliquit.
1783 2951 1865 3023 Cuius

1027 3037 1243 3108 quidemscrba
1258 3036 1281 3093 si
1301 3038 1443 3094 subtiliter
1472 3039 1670 3109 inspiciamus,
1691 3048 1783 3098 totam
1805 3055 1866 3097 rere

1026 3124 1111 3181 lideut
1136 3133 1263 3181 nostram
1279 3125 1314 3182 de
1329 3125 1440 3195 Spiritu
1455 3137 1553 3183 sancto
1570 3127 1598 3183 in
1615 3128 1685 3198 ipsis
1703 3142 1866 3199 expressam

1025 3210 1214 3277 inveniemus,
1231 3226 1297 3268 cum
1314 3213 1390 3269 banc
1415 3213 1504 3284 ipsam
1526 3215 1652 3270 animam
1670 3222 1699 3271 et
1712 3224 1866 3275 creatorem

1023 3298 1160 3363 nominet,
1185 3309 1273 3371 atque
1296 3315 1331 3357 er
1358 3304 1413 3358 lieo
1441 3303 1524 3358 Patre
1548 3303 1662 3373 ctNoy,
1688 3304 1867 3362 locustum

1024 3385 1096 3444 Filio
1109 3400 1172 3442 eam
1200 3403 1261 3446 esse
1282 3398 1540 3461 mundanamque
1561 3391 1709 3448 etiamad
1727 3395 1867 3450 uniutcm

1023 3477 1190 3534 substantiae
1213 3480 1429 3552 assignandam,
1447 3494 1535 3550 quam
1560 3481 1646 3538 babet
1661 3495 1730 3537 cum
1757 3482 1869 3550 Filiae

1023 3581 1080 3637 quo
1104 3565 1167 3635 ipsa
1191 3576 1244 3636 est,
1274 3582 1487 3639 nonuunquam
1512 3584 1589 3640 noyn
1613 3569 1697 3642 [seeo]
1720 3585 1815 3630 ausus
1836 3571 1868 3629 sit

1021 3656 1173 3726 appellare.
1190 3657 1271 3713 Unde
1286 3665 1314 3712 et
1332 3657 1423 3712 verba
1437 3657 1551 3727 Virgilii
1570 3673 1718 3728 exponens
1744 3661 1815 3718 dicit
1836 3660 1869 3716 dc

1021 3745 1171 3802 mundana
1185 3745 1307 3817 loquens
1316 3746 1415 3802 anima
1431 3763 1437 3801 :
1457 3768 1471 3797 u
1482 3747 1553 3803 Nam
1566 3757 1594 3805 et
1614 3748 1723 3806 mundo
1741 3750 1868 3807 animam

1024 3831 1112 3899 dedit,
1129 3840 1156 3889 et
1170 3841 1203 3889 ut
1221 3833 1341 3903 puritati
1356 3835 1419 3904 ejus
1433 3842 1628 3904 attestaretur,
1643 3844 1772 3894 mentem
1786 3851 1868 3895 voca·

1019 3919 1098 3976 vit.»
1115 3921 1199 3978 ltem:
1219 3929 1275 3978 «ut
1296 3921 1372 3979 illius
1385 3924 1541 3978 mundanae
1556 3924 1664 3980 animm
1676 3926 1868 3983 assereretdi·

1019 4009 1167 4079 peitatem,
1200 4018 1323 4066 mentem
1352 4024 1413 4067 esse
1437 4018 1558 4069 testatus
1573 4020 1624 4079 est,
1643 4034 1657 4062 u
1675 4027 1710 4071 ac
1724 4014 1750 4070 si
1766 4015 1870 4073 diceret

1017 4110 1081 4153 cam
1109 4113 1169 4155 esse
1197 4100 1324 4170 eiusdem
1350 4100 1522 4156 substantiae
1544 4115 1612 4157 curn
1642 4101 1704 4173 ipso
1733 4102 1869 4171 derben

1018 4198 1076 4255 quo
1100 4185 1161 4256 ipsa
1181 4194 1232 4242 est.
1268 4187 1382 4243 Puritas
1405 4188 1509 4243 mentis
1529 4189 1635 4246 dicitur
1658 4189 1806 4248 subtilitas
1821 4204 1865 4249 ra·

116 4287 299 4357 prestantior
325 4298 342 4339 a
376 4280 612 4354 praestantissimo
638 4277 764 4334 Auctore
794 4276 869 4332 lacta
897 4275 959 4332 siti
976 4261 997 4315 D
1014 4275 1109 4342 tionis,
1130 4289 1195 4346 qnae
1207 4276 1358 4332 universas
1380 4276 1559 4333 discutiendo
1581 4286 1712 4349 penetrat
1735 4287 1865 4338 naturas

101 4375 252 4446 liunquid
272 4370 536 4429 minoriseibcaeiae
549 4376 591 4425 est
616 4367 645 4424 in
667 4364 752 4423 uobis
771 4379 859 4436 quam
879 4374 959 4421 crete·

113 4477 153 4521 rae
180 4464 295 4531 animae,
316 4469 348 4517 ut
375 4460 435 4530 jam
460 4470 580 4528 corpora
609 4462 706 4511 nostra
732 4452 869 4510 deiuncta
900 4468 959 4511 uon

113 4561 181 4611 sunt
196 4552 301 4608 idonea
320 4550 355 4605 ad
371 4547 569 4613 animandum,
586 4544 660 4601 sieut
679 4551 764 4600 autea
779 4549 870 4610 eraut,
888 4557 959 4613 prm-

112 4642 242 4701 sentibus
265 4637 400 4697 bumanis
431 4634 602 4692 animabus‘l
631 4634 722 4689 Potest
746 4646 783 4688 ex
808 4647 868 4688 uno
894 4646 957 4687 cor-

111 4745 181 4804 pore
201 4730 372 4787 innumeros
390 4739 501 4782 vermos
515 4721 673 4784 vivificare,
695 4734 760 4776 cum
778 4718 838 4788 jam
860 4719 957 4788 ipsum

111 4833 217 4891 cerpus
245 4832 304 4874 non
327 4815 404 4871 valet
426 4813 574 4880 animare3
607 4822 671 4880 quae
695 4806 730 4877 [t.
754 4805 854 4878 igitur]
880 4806 957 4864 deest

111 4908 244 4981 aptitudo
265 4905 400 4962 deiuncto
418 4900 542 4971 corpori,
558 4913 594 4955 ne
616 4911 697 4953 nunc
718 4896 956 4967 quoqueaninre·

146 5034 204 5104 (69)
226 5031 347 5097 lotrad,
363 5030 418 5084 nisi
432 5042 480 5097 per
495 5025 543 5080 boc
565 5024 788 5089 intcpttmentum,
814 5018 866 5075 ubi
896 5032 953 5100 ma-

107 5105 214 5162 niiesta
228 5111 270 5161 est
294 5101 447 5158 verborum
469 5096 651 5165 transpositio
684 5093 737 5147 boc
765 5090 849 5146 modo
872 5103 956 5145 resu-

108 5172 657 5242 tueuda,nisibocperintepumentem.
696 5237 701 5248 .
809 5232 814 5243 ·
925 5230 930 5242 ¹

146 5249 201 5314 (66)
217 5244 335 5307 introii„
354 5249 435 5312 utque
458 5249 576 5308 estpars
594 5250 725 5306 corpores,
751 5232 853 5289 meltus
877 5238 909 5288 ut
924 5245 954 5287 tn

107 5318 207 5373 codice
222 5324 328 5374 nostro.

150 5385 207 5454 (dl)
226 5385 346 5453 lutrod,
361 5381 497 5450 nunquid.

147 5457 201 5527 (62)
222 5456 400 5523 lutrod.,ttee
413 5455 478 5507 item
493 5466 546 5520 etto
557 5454 703 5506 animetur.

1015 4363 1080 4418 llaec
1110 4371 1205 4419 autom
1234 4371 1302 4420 snut
1329 4364 1379 4421 illa
1404 4379 1469 4436 unae
1492 4368 1697 4437 proposuimus
1723 4368 1864 4427 Macrobii

1013 4449 1118 4506 verba:
1137 4472 1147 4500 ι
1168 4452 1272 4508 Anima
1282 4467 1362 4524 ergo,
1380 4453 1599 4525 inquit,creans
1612 4455 1666 4513 sibi
1676 4455 1864 4530 condensque

1013 4553 1142 4608 corpora,
1169 4554 1235 4596 nam
1262 4541 1323 4598 ideo
1339 4542 1376 4598 ab
1405 4544 1503 4599 anima
1520 4551 1626 4601 natura
1640 4544 1752 4616 incipit,
1773 4560 1863 4618 quam

1012 4628 1153 4698 sapientes
1168 4629 1203 4684 de
1230 4631 1286 4686 lico
1305 4637 1333 4687 et
1358 4638 1452 4687 mente
1476 4646 1533 4703 noy
1556 4630 1625 4703 [νοῦ]
1641 4633 1806 4704 nominant,
1829 4648 1865 4692 ex

1012 4716 1060 4774 illo
1084 4717 1237 4786 purissimo
1273 4718 1359 4786 lonte,
1393 4720 1480 4790 ¹<prem
1511 4722 1653 4777 nascendo
1679 4721 1714 4787 dc
1739 4723 1863 4795 originis

1011 4819 1072 4863 sum
1097 4806 1232 4863 hauserat
1260 4807 1353 4877 copia,
1377 4821 1502 4878 ¹corpora
1519 4808 1582 4864 coeli
1597 4817 1625 4865 et
1648 4809 1779 4868 siderum
1797 4826 1864 4884 que

1011 4893 1236 4965 condiditprirua
1251 4894 1401 4952 animavit.
1418 4916 1432 4946 o
1458 4897 1493 4953 lit
1514 4904 1577 4968 post
1592 4897 1692 4969 aliqua
1716 4901 1862 4972 cumipse

1046 5021 1100 5160 (63)
1113 5021 1221 5078 lutrod.
1238 5021 1316 5078 deest
1331 5039 1423 5093 quem.

1046 5091 1100 5232 ί66)
1114 5093 1233 5159 lntr0d.,
1249 5099 1279 5146 att
1297 5096 1367 5148 sieut
1381 5097 1489 5150 anime.

1056 5163 1103 5298 tii}
1117 5163 1236 5232 lntrod.,
1247 5165 1320 5230 qatod
1335 5167 1429 5234 itaque
1445 5166 1532 5221 modo.

1045 5233 1090 5300 (66
1118 5233 1225 5289 lutrod.
1242 5235 1319 5291 deest
1331 5236 1467 5305 quaedem.

1044 5304 1101 5386 (67)
1124 5304 1244 5372 lotrad,
1274 5312 1355 5375 etque
1378 5311 1472 5361 anima
1499 5322 1558 5378 quae
1588 5307 1626 5364 ed
1659 5310 1858 5385 vivificandum

1007 5378 1459 5516 reffgalt'lutrod,eet'etoerrttes.
