3804 5962
577 171 681 226 urunt
701 167 885 224 lemnum
903 166 981 223 OPP.
1002 164 1091 222 reiis
1108 164 1381 221 tv.-0luu1us.

682 432 891 521 HYMNI
919 425 1265 520 NOCTURNI.

511 665 532 718 l.

336 783 469 827 noumtcl
487 781 525 824 lin
546 779 723 823 uarurruuu.

419 878 451 931 lu
466 878 479 930 l
492 877 638 934 Noclumo.

211 986 419 1044 Universorum
432 982 578 1049 Conditor,

209 1056 397 1114 conditorum
416 1052 590 1132 dispositor,⁸

173 1129 316 1187 Universa
329 1132 356 1181 te
371 1123 491 1181 laudaut
505 1122 633 1187 condita,

177 1198 346 1257 Gloridcant
361 1195 400 1267 li)
412 1200 517 1250 cuncta
532 1191 678 1262 disposite.

206 1323 400 1379 instrumento
416 1331 473 1373 non
490 1315 630 1397 indigens.

206 1394 305 1464 Neque
320 1391 417 1447 tbema
430 1388 597 1467 discutiens,
610 1455 616 1467 ·

172 1464 238 1521 Solo
256 1469 362 1520 cuncta
375 1475 439 1517 com
461 1459 500 1514 les
516 1469 645 1526 imperio.

172 1535 264 1593 Dicis:
280 1534 374 1600 Fiant,
390 1539 419 1587 et
432 1473 507 1586 bpuut
522 1526 608 1584 illico.

207 1659 318 1716 Auctor
329 1670 360 1713 es
378 1651 643 1726 prestantissimus

206 1729 403 1798 Omnipotens,
424 1737 483 1780 non
497 1721 662 1803 haemulus3

170 1802 296 1858 Tantum
306 1812 375 1925 ergo
389 1809 455 1867 quae
470 1793 661 1874 iacrsomma,

169 1871 318 1941 Quantum
352 1875 412 1924 ecet
426 1865 625 1922 lacisexrmra.

205 1991 387 2067 Guiusenim
405 1989 547 2047 ‘udicium
586 2058 592 2069 ι

204 2066 267 2124 Non
283 2071 380 2122 censet
394 2061 476 2118 ilum
490 2061 646 2129 imponam
701 2128 706 2138 Ι

172 2137 228 2203 Qui
242 2134 424 2193 commodum
440 2131 563 2189 scienter
577 2127 731 2195 subtrahit,

167 2206 250 2277 Quod
262 2219 315 2262 nec
327 2211 430 2277 gravat
444 2202 558 2258 tandem
574 2214 627 2256 nec
637 2199 742 2255 minuit
753 2197 801 2270 (i).

204 2330 248 2385 Fit
260 2342 328 2399 ergo
345 2326 472 2382 mundus
487 2324 624 2393 optimus,

203 2399 245 2455 Ac
256 2399 398 2469 perlectus
419 2397 449 2450 in
468 2394 622 2462 omnibus;

167 2470 211 2526 Fit
226 2469 361 2541 pondero,
378 2479 524 2533 morsura,
544 2478 675 2531 numero,

94 2546 101 2556 “
165 2541 206 2598 Ne
220 2539 334 2597 vacillet
349 2538 379 2594 in
393 2550 541 2608 quoquam
556 2536 639 2591 ratio.

201 2663 281 2734 Opus
295 2662 418 2733 dignum
437 2659 548 2730 opifice,

201 2730 371 2797 Pulchrum,
386 2729 596 2796 indissolubile,

163 2805 208 2862 Ad
224 2803 374 2874 exemplar
390 2802 421 2857 iit
440 2801 690 2872 perlectissimum,

164 2877 259 2932 instar
272 2884 378 2931 cuncta
392 2872 568 2929 concludens
581 2873 733 2942 optimum.

199 2998 257 3055 Nec
272 2997 383 3053 minore
398 2995 562 3066 disponitur

199 3068 330 3125 Bonitate
343 3081 432 3138 quam
448 3067 599 3122 conditur:

163 3139 310 3209 Quidquid
326 3138 400 3194 male
412 3137 483 3208 gerit
499 3137 649 3205 iniquitas.

162 3209 282 3267 Summa
297 3209 368 3264 bene
383 3207 509 3277 disponit
523 3207 647 3276 equitas
661 3206 712 3276 (3).

198 3329 239 3384 Sit
249 3340 351 3398 perpes
365 3327 422 3382 Deo
437 3325 540 3396 gloria,

197 3399 242 3454 Ex
255 3411 314 3469 quo
326 3403 395 3452 sunt
406 3409 471 3466 quae
486 3403 554 3452 sunt
566 3396 675 3451 omnia.
780 3432 784 3441 .

161 3468 259 3540 lpsum
273 3470 378 3524 cuncta
393 3480 443 3538 per
459 3480 546 3536 quem
561 3473 630 3522 sunt
645 3465 810 3536 predicent.

148 3540 218 3612 ipsi
231 3551 345 3610 semper
359 3539 389 3595 in
404 3552 464 3609 quo
476 3545 545 3594 sunt
560 3537 738 3665 jubilent.AM

738 3624 785 3666 nu.

491 3715 526 3772 Il.

388 3841 421 3895 lu
435 3841 466 3896 ll
474 3841 620 3897 Nocturno.

194 3946 281 4014 Deus,
298 3945 350 4016 qui
364 3953 430 4001 tuos
444 3945 542 4002 erudis

192 4017 441 4074 Testamentorum
456 4017 580 4086 paginis,

157 4089 199 4143 Ex
213 4101 317 4145 eorum
332 4085 527 4156 intelligentiae

157 4159 266 4216 Cantus
280 4165 393 4214 nostros
401 4157 500 4213 condis
514 4156 673 4215 dulcedine.

189 4282 255 4339 'libi
271 4281 309 4338 sit
320 4280 504 4351 acceptabile,

191 4352 278 4410 Nobis
291 4351 333 4409 sic
344 4351 391 4407 liet
405 4351 475 4407 utile

155 4423 236 4492 Quod
251 4424 286 4480 de
301 4423 359 4479 tuis
375 4422 520 4478 solvemus
534 4421 681 4490 laudibus

155 4496 184 4552 Si
200 4493 278 4566 quod
297 4499 380 4550 sonat
394 4492 631 4551 intellexerimus.

186 4615 304 4687 Triplex
320 4615 511 4688 intelligentia

190 4687 309 4743 Diversa
322 4687 429 4756 praebet
444 4685 562 4743 fercula.

153 4758 263 4816 Delitiis
277 4757 428 4814 habundat
449 4759 538 4814 variis

152 4830 246 4887 Sacrae
261 4842 361 4885 mensa
375 4827 530 4899 Scripturas
548 4829 658 4886 fertilis.

114 4987 154 5059 (t)
171 4987 239 5043 uod.
256 4987 421 5057 cicumeat.

113 5059 151 5128 (2)
171 5057 239 5115 Cod.
258 5061 405 5114 Minuitur.

114 5129 153 5200 (3)
170 5130 203 5186 ln
218 5131 354 5186 universo
373 5128 430 5185 iere
455 5129 507 5186 boc
522 5129 628 5199 hymno
652 5129 848 5199 optimismum
872 5129 923 5186 ali·
981 5126 1099 5182 modum
1124 5142 1203 5183 nuno
1228 5139 1346 5252 quoque

966 659 991 711 A

1111 659 1200 714 Alunt
1214 672 1318 728 parvos
1333 657 1477 721 historica,

1111 731 1236 785 Pascunt
1247 729 1359 784 adultos
1372 729 1494 796 mistica,

1077 800 1268 856 perlectorum
1286 800 1405 856 lerrenti
1418 801 1457 868 (l)
1468 800 1569 856 studio

1076 870 1238 940 Suscipitur
1253 871 1369 935 moralis
1384 870 1475 926 lectio.

1109 975 1169 1032 lllis
1185 976 1253 1032 sides
1272 977 1421 1043 astruitur,

1110 1048 1153 1101 lix
1168 1046 1222 1104 hac
1236 1047 1348 1104 [ructus
1362 1047 1518 1117 colligitur,

1075 1117 1198 1173 Fructus
1210 1117 1258 1173 hic
1272 1124 1313 1172 est
1328 1124 1355 1173 et
1365 1117 1582 1173 consummatio

1074 1185 1165 1254 Quam
1180 1188 1231 1244 des
1245 1188 1336 1255 nobis,
1353 1201 1466 1243 morum
1479 1188 1641 1245 instructio

1110 1293 1175 1348 ilaec
1189 1293 1283 1357 nobis,
1296 1294 1379 1360 Deus,
1395 1293 1505 1350 iercula

1108 1363 1171 1418 'lua
1185 1365 1299 1433 paravit
1319 1365 1422 1435 gratia,

1073 1433 1113 1491 m,
1123 1433 1169 1490 bis
1183 1442 1282 1491 nostra
1301 1434 1494 1506 peregrinatio

1073 1503 1254 1561 Sustentetur
1273 1506 1358 1575 quasi
1377 1507 1491 1561 viatico.

1110 1625 1152 1683 su
1168 1641 1268 1698 perpes
1282 1628 1340 1685 Deo
1355 1628 1448 1699 gloria
1462 1626 1512 1698 (5).

1392 1735 1441 1789 lll.

1302 1825 1333 1877 lu
1347 1823 1391 1878 Ill
1402 1828 1545 1878 nocturno.

1106 1913 1139 1965 ln
1151 1918 1246 1967 ortum
1263 1911 1364 1967 mundi
1377 1911 1493 1967 sensilis

1106 1981 1233 2037 Mundus
1248 1981 1447 2051 intelligibilis,

1070 2050 1144 2107 Ceelo
1159 2052 1245 2108 simul
1261 2059 1288 2107 ei
1304 2059 1378 2107 terra
1393 2052 1520 2118 condito,

1072 2123 1110 2178 Do
1125 2122 1225 2178 divino
1237 2123 1298 2193 jam
1313 2123 1407 2193 prodit
1420 2122 1532 2178 animo.

1105 2246 1212 2302 Caelum
1228 2261 1295 2302 mox
1311 2246 1490 2316 spiritalibus

1104 2317 1278 2372 Redimitum
1294 2327 1336 2373 est
1356 2317 1487 2373 civibus:

1071 2387 1135 2441 llaec
1149 2395 1293 2444 auctorem
1310 2403 1394 2443 suum
1412 2389 1565 2444 laudantia

1067 2458 1207 2514 llatutina
1220 2465 1289 2515 sunt
1304 2459 1353 2514 illa
1368 2460 1475 2515 sidera.

1102 2581 1198 2638 Tellus
1217 2581 1323 2650 inanis,
1344 2596 1449 2650 vacua,

1103 2652 1219 2708 Latebat
1232 2652 1318 2722 aquis
1332 2653 1440 2718 obsita3

1068 2723 1127 2779 liae
1142 2722 1222 2779 laties
1235 2724 1370 2792 profundi
1386 2723 1511 2794 gurgitis

1066 2792 1215 2865 Caligabat
1228 2794 1362 2850 obductis
1374 2794 1509 2851 tenebris.
1560 2848 1572 2865 ,

1099 2920 1184 2989 Aqua
1202 2919 1239 2987 (b)
1253 2917 1351 2974 iovens
1366 2917 1502 2973 vivificus

1098 2989 1160 3043 lam
1178 2989 1364 3044 incumbebat
1378 2988 1508 3059 spiritus,

1065 3059 1100 3115 Ut
1114 3059 1182 3116 binc
1196 3074 1281 3130 aquae
1286 3061 1346 3130 jam
1362 3067 1432 3114 tunc
1445 3059 1636 3129 conciperent

1064 3131 1145 3186 Unde
1159 3131 1267 3201 prolem
1281 3145 1360 3186 nunc
1373 3144 1485 3186 sacram
1497 3141 1649 3200 parerent.

1092 3252 1198 3309 bluudi
1214 3255 1252 3324 (7)
1273 3268 1389 3324 quoque
1404 3252 1568 3324 primordia

1098 3324 1183 3380 Lucis
1197 3333 1357 3381 venustans
1368 3325 1470 3392 qratia,

1062 3393 1142 3450 Dixit
1155 3396 1249 3451 Deus:
1266 3395 1307 3452 Sit
1322 3396 1383 3462 lux,
1398 3403 1425 3451 et
1443 3395 1520 3452 lacta
1530 3403 1576 3453 est

1062 3469 1084 3520 Α
1100 3466 1225 3522 tenebris
1241 3465 1306 3522 inde
1321 3466 1414 3522 divisa
1427 3473 1478 3522 est.

1096 3590 1137 3648 Sil
1152 3605 1253 3662 perpes
1264 3578 1321 3648 Deo
1336 3589 1437 3663 gloria.

1289 3780 1375 3824 illuit
1394 3696 1532 3824 ISXCUNDA.

1288 3856 1336 3910 Ad
1355 3858 1532 3912 matutinum.

1094 3944 1126 3998 ln
1142 3951 1281 4001 coaeterno
1295 3945 1433 4000 Dominus

1094 4013 1188 4071 Verbo
1204 4014 1278 4071 dixit
1292 4014 1467 4070 altissimus:

1059 4083 1287 4142 Firmamentum
1302 4085 1338 4141 sit
1353 4084 1569 4155 interpositum,

1057 4155 1092 4211 Ut
1105 4155 1215 4211 dividat
1226 4169 1372 4228 aquarum
1391 4156 1531 4213 medium.

1091 4279 1203 4336 Dictum
1218 4279 1336 4336 eiiectus
1351 4279 1492 4351 sequitur.

1089 4350 1210 4406 Abissus
1224 4350 1427 4417 interceditur;

1055 4419 1220 4482 tacentibus
1235 4421 1320 4492 aquis
1335 4421 1457 4477 interius

1054 4491 1278 4561 suspenduntur
1293 4506 1377 4563 aqum
1390 4492 1535 4562 superius.

1086 4615 1199 4681 Quibus
1215 4615 1267 4672 bas
1278 4629 1371 4698 aquas
1384 4616 1487 4674 usibus

1086 4687 1231 4753 lleservet,
1247 4696 1327 4743 novit
1339 4689 1486 4745 Dominus.

1054 4756 1170 4814 Constat
1184 4766 1280 4814 autem
1293 4766 1320 4814 et
1335 4758 1406 4825 brec,
1421 4766 1448 4814 et
1458 4765 1554 4815 cetera

1052 4828 1139 4885 Nobis
1153 4843 1223 4893 csse,
1244 4829 1382 4896 nonsibi,
1398 4829 1526 4885 condita.

1018 4983 1056 5054 (ὅ)
1071 4985 1190 5056 Aliquot
1216 4984 1285 5042 locis
1308 4984 1446 5057 leguntur
1468 4986 1497 5042 iu
1520 4986 1629 5045 codice
1652 4990 1791 5048 Bruxelle

981 5055 1069 5125 siglae,
1085 5062 1133 5111 etc.
1149 5074 1156 5122 3
1172 5057 1220 5112 sed
1243 5056 1416 5183 plerumque
1440 5057 1519 5114 luere
1542 5059 1672 5129 omissae,
1700 5079 1793 5134 quemi

1374 5136 1395 5184 rt
1418 5129 1447 5183 in
1473 5128 1554 5184 libris
1592 5128 1758 5204 liturgicis.
1782 5135 1793 5190 l

98 5214 164 5256 uem
193 5200 421 5270 philosophicum
439 5199 581 5282 'obtrudi'
601 5213 685 5255 nemo
713 5215 771 5283 non
809 5201 923 5283 viderit
980 5196 1089 5267 ubique
1104 5198 1198 5283 posuit
1221 5212 1257 5253 c.
1277 5211 1306 5256 v.
1331 5196 1446 5255 Cousin.
1472 5199 1637 5258 llaluimus
1651 5207 1740 5276 sequi
1759 5205 1793 5262 eo

92 5285 109 5326 n
125 5269 218 5328 tribus
233 5270 409 5341 hymnorum
426 5268 531 5328 libellis
545 5271 602 5326 alta
621 5271 770 5341 pecularia
781 5271 924 5329 dbaelardr
978 5282 1053 5323 cem.

75 5341 182 5408 placila
197 5341 295 5398 videre
307 5356 365 5398 uon
380 5349 433 5398 est.

112 5409 153 5483 (l)
167 5409 214 5469 Sic
226 5409 283 5468 Cod
298 5412 375 5484 Legit
385 5412 420 5469 cl.
436 5426 466 5469 r.
482 5410 590 5470 Cousin
601 5413 740 5479 [eumeuii

1012 5337 1052 5482 ἐξ)
1068 5338 1113 5394 Sic
1126 5337 1195 5394 Cod.
1213 5338 1379 5409 Legendum
1392 5342 1506 5413 Aquom
1520 5340 1568 5400 vel
1582 5345 1691 5416 Aquae.

1066 5408 1133 5466 cod.
1149 5410 1185 5465 lu
1203 5410 1310 5466 muudi.
