3804 5962
1516 32 1837 51 ἡ

434 173 615 234 Exrosmo
632 174 671 234 tri
688 176 797 234 ertsr.
818 179 922 238 rnutl
940 181 987 240 lb
1007 186 1090 243 nell.
1103 187 1214 245 -llla
1236 188 1271 246 lt.
1666 202 1719 258 eet

79 305 127 349 ron
145 270 391 362 praevenientibus
418 297 530 354 meritis
558 312 669 369 eornm,
699 300 747 358 sed
769 316 819 373 per
833 303 857 358 Α
872 306 939 365 dam
968 323 1083 367 omnem
1106 325 1224 383 quoque
1255 313 1319 384 cius
1347 321 1515 384 potestatem
1542 317 1716 391 possidebat,

79 395 97 437 n
112 381 216 451 ipsius,
231 381 261 439 id
275 391 318 440 εει
330 385 381 442 Dei
397 387 450 457 qui
465 388 543 451 [trior
557 387 660 446 dilexit
673 404 735 447 nos·
750 389 819 458 Quae
873 410 906 453 ae
920 412 1031 470 semper
1044 398 1199 469 possideret
1213 399 1270 455 nisi
1285 399 1422 459 liberator
1435 404 1556 460 veniret.
1579 405 1634 462 Sed
1648 420 1717 464 enm

82 475 92 525 t
117 469 166 526 illa
181 470 286 543 gratia,
311 471 341 528 id
366 480 410 530 εει
433 476 596 547 gratuitum
614 484 641 535 et
665 477 818 549 spirituale
872 485 946 544 solos
967 487 1070 545 electos
1085 486 1259 573 liberaverit,
1288 491 1468 560 quandoeos
1486 492 1618 550 diabolus
1648 510 1717 566 pos-

87 557 208 628 donnm,
233 562 370 631 supponit
392 563 507 621 dicensi
532 567 584 621 Per
609 568 818 638 redemptionem
871 575 981 633 sidebat
1005 576 1066 632 sive
1089 577 1118 632 in
1134 576 1189 633 boc
1212 577 1317 634 saecuio
1345 578 1405 636 sive
1434 579 1464 635 in
1493 580 1592 638 luturo
1620 584 1714 655 magis

79 646 217 714 limium
234 662 288 717 Pir
305 649 454 720 Christum,
485 667 564 718 avem
573 660 718 724 l2r⁰li⁰⁵¹¹²l
739 656 816 712 mliii
871 679 962 735 quam
978 665 1072 722 modo.
1101 665 1240 737 Nunquid
1262 675 1290 723 et
1316 682 1471 738 pauperem
1496 669 1587 741 illum,
1616 673 1714 742 quiin

79 737 147 790 'W
160 738 397 807 implumem»
415 739 498 796 idest
524 743 772 802 reconciliatorem
787 749 817 800 in
871 753 939 810 sinu
953 753 1077 811 Abrabae
1090 755 1298 826 requiescebat,
1312 756 1387 813 sicut
1401 757 1521 815 divitem
1544 758 1715 816 damnatum

79 839 102 878 ιθ
120 839 182 894 ⁸²⁴⁰s
199 825 228 882 id
242 834 284 882 0⁵²
298 841 348 897 l)er
362 837 483 886 ffl⁰s10¹¹1
498 844 594 900 suam,
622 840 649 890 et
665 834 736 904 quia
757 849 815 891 non
870 842 1003 899 diabolus
1028 843 1187 910 cruciabat,
1203 844 1270 902 licet
1285 845 1382 901 minus
1396 861 1463 902 eum
1480 854 1637 918 torqueret,
1663 857 1715 906 aut

79 928 115 982 ts,
130 914 179 971 sed
203 915 271 972 solis
289 917 473 975 credentibus
492 919 554 977 baec
569 922 736 993 propitiatio
751 938 815 995 pro·
870 937 897 987 et
913 930 943 986 in
959 930 1054 1001 ipsum
1064 932 1212 988 Abraham
1227 933 1388 990 dominium
1403 934 1527 991 babebat
1540 943 1716 1009 caeterosque

79 1016 121 1060 ra
139 1003 208 1072 Deo,
225 1005 254 1061 id
281 1013 323 1062 est
337 1007 537 1074 constituitur,
553 1010 642 1074 addit,
661 1027 712 1080 per
733 1012 816 1082 ficiem
869 1017 996 1076 electos?
1024 1020 1144 1084 Quando
1159 1022 1189 1077 in
1203 1035 1272 1078 eum
1291 1020 1441 1092 malignus
1457 1021 1504 1079 illc
1520 1030 1610 1079 tortor
1625 1025 1714 1081 domi·

79 1092 196 1151 nsolos
210 1093 271 1151 baec
284 1096 480 1153 reconciliatio
502 1099 645 1171 contingit
675 1103 729 1172 qui
751 1116 815 1159 eam
869 1106 954 1162 nium
980 1107 1107 1175 baberet,
1125 1109 1178 1179 qui
1210 1117 1340 1179 portatus
1365 1109 1401 1165 ab
1426 1110 1537 1182 augelis
1564 1111 1716 1170 insicum

79 1189 153 1238 runt
167 1190 195 1239 ct
209 1192 458 1254 exspectaverunt.
487 1187 535 1242 Ad
560 1193 737 1245 ostensionem
758 1207 814 1248 sna
867 1194 990 1251 lbrabae
1003 1203 1256 1261 commemoratur,
1280 1197 1316 1253 de
1339 1212 1398 1268 quo
1422 1197 1509 1254 etiam
1539 1199 1598 1269 ipse
1621 1200 1716 1257 Abra·

79 1287 92 1339 t,
109 1270 195 1329 idest
221 1272 382 1341 charitatis,
399 1289 466 1346 quac
489 1290 551 1344 nos,
568 1283 600 1332 ut
627 1277 740 1336 dictum
760 1289 813 1350 est,
868 1281 937 1338 bam
953 1289 1074 1340 testatur
1087 1282 1204 1340 dicens:
1231 1285 1309 1341 Nunc
1328 1290 1421 1340 antem
1443 1285 1486 1340 bic
1499 1287 1663 1355 consoletur,
1680 1293 1711 1342 te

79 1373 129 1416 um
139 1360 292 1432 justificat,
324 1363 352 1418 id
380 1369 423 1419 est
449 1363 486 1420 ad
513 1364 710 1422 exhibendam
730 1369 815 1427 nobis
868 1384 931 1426 cero
947 1374 1079 1428 meciaris
1100 1372 1172 1443 (Luc.
1188 1385 1250 1439 xre,
1279 1372 1336 1443 25.)
1352 1371 1388 1428 Et
1404 1372 1524 1444 insuper
1550 1375 1636 1432 cbaos
1654 1390 1713 1432 ma·

79 1447 259 1518 tilectionem,
276 1450 322 1509 vel
338 1452 374 1508 ad
390 1452 602 1510 insinuandum
622 1455 705 1513 nobis
720 1471 812 1528 quan·
868 1473 961 1531 gnum
975 1461 1125 1518 firmatum
1138 1476 1199 1519 esse
1214 1463 1316 1518 asserit
1341 1462 1416 1519 inter
1437 1463 1540 1520 clectos
1565 1472 1592 1521 et
1619 1479 1716 1536 repro

79 1553 118 1594 rm
133 1539 252 1612 diligere
279 1540 446 1609 debeamus,
463 1543 515 1614 qui
532 1545 648 1615 proprio
664 1546 738 1602 Filio
759 1561 814 1603 suo
868 1550 929 1618 bos,
945 1557 979 1607 nt
1004 1565 1193 1623 nequaquam
1209 1551 1238 1607 bi
1254 1551 1288 1606 ad
1307 1551 1370 1607 ilios
1386 1551 1510 1610 transire
1536 1553 1656 1625 possint,
1679 1569 1718 1621 ne

79 1628 167 1700 percit
191 1643 243 1700 pro
263 1629 356 1687 nobis.
373 1633 490 1703 Propter
517 1634 709 1703 remissionem,
725 1635 753 1691 id
772 1645 814 1693 εει
869 1638 939 1695 dum
968 1639 1102 1696 diabolus
1116 1640 1252 1697 omnibus
1278 1641 1403 1711 nequior
1417 1640 1458 1697 ibi
1473 1642 1636 1699 dominium
1659 1643 1715 1700 ba·

90 1718 168 1784 itanc
190 1719 345 1791 justitiam,
363 1722 392 1778 id
414 1729 455 1779 est
474 1723 645 1781 charitatem
668 1727 811 1784 remissio·
867 1726 943 1796 beat,
961 1728 1012 1785 ubi
1027 1728 1127 1786 nullus
1142 1728 1265 1801 iniquus
1281 1728 1377 1786 locum
1389 1729 1433 1786 vel
1448 1736 1477 1786 ει
1490 1732 1646 1788 transitum
1659 1732 1715 1789 ba·

79 1816 240 1867 meatorum
264 1823 466 1882 assequamur,
490 1819 517 1869 et
544 1813 619 1870 sicut
641 1829 692 1885 per
706 1824 813 1874 semet-
867 1815 924 1873 bet.
951 1816 1033 1882 Quod
1060 1818 1148 1875 etiam
1161 1818 1210 1889 jus
1239 1819 1269 1874 ιε
1290 1819 1460 1889 possidendo
1489 1819 1637 1878 bominem
1651 1821 1713 1878 dia·

79 1897 186 1957 initas
200 1899 235 1956 de
256 1899 340 1957 beata
359 1901 517 1971 peccatrice
539 1903 594 1959 ait:
625 1906 812 1961 ltemittnntnr
867 1905 951 1962 bolus
974 1905 1080 1963 babere
1104 1913 1224 1977 poterat,
1240 1906 1298 1964 nisi
1324 1907 1395 1964 lorte
1410 1906 1482 1978 quia
1504 1922 1572 1966 eum
1593 1910 1713 1969 bomine

79 1990 115 2041 ιιε
130 1986 238 2058 [mutim
262 1991 391 2058 qnoniam
416 1990 516 2046 dilexit
533 1991 646 2047 metitum
661 1994 746 2062 (Luc,
763 2009 811 2065 ιιι,
867 1994 1050 2063 permittente
1072 2002 1131 2051 'aui
1156 1994 1245 2051 etiam
1287 1995 1417 2052 tradente
1453 1996 1489 2052 ad
1516 1998 1714 2067 torquendum

79 2074 254 2133 emissionem
269 2077 332 2134 dico
345 2078 488 2149 habitam,
510 2079 554 2136 vel
576 2082 809 2152 precedentium,
867 2081 964 2152 ipsum
992 2091 1165 2153 susceperat.
1181 2082 1322 2155 Nunquid
1343 2083 1422 2140 enim
1437 2084 1463 2140 si
1477 2083 1584 2155 aliquis
1612 2101 1713 2146 servus

79 2178 97 2235 ι,
126 2165 309 2235 delictorum,
350 2169 380 2223 in
403 2170 599 2224 sustentatione
623 2172 679 2233 liet,
711 2170 741 2226 id
769 2178 811 2227 εει
865 2170 1015 2228 dominum
1034 2186 1122 2228 snum
1139 2172 1267 2229 deserere
1281 2171 1376 2239 vellet,
1400 2180 1428 2229 et
1443 2172 1564 2230 alterius
1579 2177 1713 2245 potestati

79 2268 82 2283 ’
103 2255 274 2326 patientiam
289 2256 350 2326 Dei,
368 2257 421 2329 εει
438 2272 496 2313 non
515 2258 613 2315 statim
636 2259 721 2328 punit
748 2273 811 2316 reos
864 2273 894 2316 se
906 2260 1040 2329 subdere,
1055 2269 1083 2319 ει
1110 2262 1153 2318 sic
1168 2275 1253 2333 agere
1269 2260 1377 2330 liceret,
1391 2268 1424 2317 ει
1439 2277 1496 2318 non
1508 2261 1575 2333 jnre
1589 2263 1614 2319 si
1628 2264 1712 2323 vellet

79 2342 101 2400 it
129 2352 303 2414 peccatores,
318 2346 368 2403 sed
397 2347 449 2403 din
470 2354 617 2417 exspectat
646 2354 677 2403 ut
693 2347 811 2404 redeant
864 2361 933 2404 eum
957 2349 1092 2407 dominus
1119 2350 1291 2421 requireret,
1322 2357 1424 2421 atque
1447 2351 1619 2408 reduceret?
1641 2352 1711 2419 Quis

79 2432 251 2502 enitentiam,
267 2442 295 2490 et
309 2443 450 2492 cessenta
474 2442 600 2506 peceato,
615 2442 643 2492 ει
657 2436 699 2492 ειε
714 2435 808 2494 indui·
863 2436 950 2493 etiam
975 2437 1088 2495 dubitet
1114 2438 1192 2509 quod
1219 2439 1243 2495 si
1260 2452 1362 2495 servus
1384 2438 1510 2510 alicujus
1524 2439 1634 2496 domini
1649 2456 1711 2512 per-

78 2531 320 2594 icensequeniur.
333 2525 381 2580 Ad
390 2527 577 2580 ostensionem.
591 2524 809 2582 Primodixerat
863 2525 1051 2583 suasionibus
1069 2526 1131 2583 suis
1153 2540 1327 2583 conservum
1350 2540 1438 2581 suum
1467 2526 1595 2593 seducat,
1617 2535 1644 2585 et
1672 2530 1709 2587 ab

79 2609 177 2666 iterati
194 2613 388 2669 ostensionem
414 2613 537 2684 justitiae
552 2627 623 2679 snae,
640 2627 719 2670 nuno
739 2627 808 2670 vero
863 2612 1027 2670 obedientia
1045 2613 1154 2684 proprii
1183 2613 1291 2669 domini
1312 2612 1457 2670 declinare
1482 2613 1579 2681 iaciat,
1600 2624 1709 2685 quanto

79 2699 108 2753 in
131 2697 181 2754 boc
208 2705 326 2770 tempore
351 2701 504 2770 pectinem
527 2708 568 2757 est
592 2700 700 2758 amoris
713 2702 809 2772 potius
863 2701 987 2772 amplius
998 2701 1075 2772 apud
1089 2701 1240 2758 dominum
1255 2714 1343 2768 suum
1358 2715 1426 2756 reus
1454 2700 1647 2759 constituatur
1662 2718 1709 2760 sc·

79 2786 193 2844 imoris.
210 2787 283 2844 Cum
308 2789 406 2861 itaque
420 2791 462 2846 ait
487 2789 610 2861 justitie
625 2791 699 2862 ejus,
723 2791 808 2847 idest
862 2790 964 2847 ductor
990 2803 1079 2861 quam
1103 2791 1249 2858 seductus,
1261 2796 1289 2845 et
1308 2803 1398 2859 quam
1420 2788 1563 2859 injustum
1586 2790 1622 2847 sit
1638 2799 1669 2847 ut
1685 2793 1708 2848 is

83 2874 144 2931 boc
159 2883 286 2949 tempore
300 2878 409 2935 scilicet
433 2879 545 2951 gratiae,
566 2886 663 2950 aperte
677 2878 808 2936 insinuat
862 2878 913 2948 qui
926 2875 1303 2948 aliumseduxeritaliquod
1315 2876 1575 2949 indeprivilegium
1597 2878 1642 2936 vel
1657 2893 1708 2949 po·

79 2963 202 3020 tstitiam
216 2966 309 3036 primo
329 2967 515 3036 intellexerit,
534 2967 562 3023 id
576 2974 619 3024 est
633 2967 805 3024 charitatem
823 2941 844 2999 c
862 2973 991 3024 testatem
1007 2966 1036 3023 in
1047 2980 1116 3024 enm
1128 2979 1216 3037 quem
1230 2965 1348 3022 seduxit
1362 2965 1468 3022 babere
1480 2966 1628 3036 meruerit,
1644 2968 1706 3040 qui,

79 3052 221 3111 ›minibus
249 3056 342 3113 nostri
371 3057 519 3127 temporis,
549 3056 578 3113 id
598 3064 640 3113 εει
668 3057 806 3126 temporis
859 3055 972 3112 etiamsi
991 3056 1068 3127 quod
1084 3055 1165 3126 prius
1180 3056 1210 3111 in
1225 3069 1293 3111 eum
1308 3054 1358 3125 ins
1382 3054 1510 3122 baberet,
1523 3069 1559 3113 ex
1577 3056 1630 3113 lrac
1644 3056 1708 3127 ipsa

85 3147 236 3214 uniquam
266 3145 384 3216 propria
411 3145 555 3202 convenit.
573 3145 666 3202 Potest
684 3152 713 3203 et
726 3146 805 3217 quod
859 3144 1037 3201 seductionis
1050 3157 1112 3201 suae
1126 3143 1259 3215 nequitia
1280 3142 1329 3213 ius
1349 3143 1421 3200 illud
1436 3143 1567 3202 amittere
1591 3159 1704 3203 merue-

93 3232 125 3286 in
138 3236 333 3290 sustentatione
359 3237 418 3303 bei,
449 3235 486 3291 ad
501 3248 679 3306 consequens
693 3234 803 3300 rolerri,
860 3232 919 3288 riti
949 3232 1092 3303 Scriptum
1125 3232 1233 3303 quippe
1248 3237 1308 3287 est:
1339 3252 1349 3279 ι
1375 3231 1564 3302 Privilegium
1578 3241 1708 3291 meretur

84 3320 123 3376 ad
151 3321 205 3378 boe
227 3324 307 3395 quod
334 3324 533 3396 suanngitur,
567 3324 604 3379 ed
629 3325 806 3379 ostensionem
860 3322 1001 3390 amittere,
1031 3321 1082 3392 qui
1108 3320 1260 3377 commissa
1289 3318 1345 3376 sibi
1368 3327 1505 3390 potestate
1530 3321 1704 3378 abutitur.»

79 3408 142 3480 :eins
167 3412 259 3468 inlice
282 3419 409 3484 tempore,
424 3420 458 3470 ει
478 3413 516 3470 ειι
544 3412 678 3469 videlicet
692 3426 804 3480 sensus,
859 3410 940 3477 Quod
954 3410 1026 3468 alter
1040 3409 1122 3467 alteri
1137 3423 1173 3466 ex
1203 3408 1248 3465 bis
1266 3409 1410 3465 conservis
1438 3410 1648 3480 praeponendus
1662 3424 1706 3468 es·

79 3511 115 3554 m
129 3499 167 3556 ad
180 3499 234 3557 boc
256 3503 428 3559 sustinuisse
453 3502 499 3561 rel
515 3501 660 3559 distulisse
689 3503 720 3558 ιε
734 3515 803 3572 prec-
860 3508 911 3567 set,
935 3507 962 3556 ει
977 3506 1144 3571 potestatem
1172 3497 1202 3553 in
1225 3512 1293 3554 eum
1321 3504 1502 3568 accepturus,
1518 3513 1707 3571 nequaquam

100 3595 238 3660 tempore,
271 3597 302 3648 ut
329 3592 523 3648 manifestaret
548 3590 692 3663 justitiam
721 3603 805 3646 suam
860 3595 1002 3660 oporteret
1028 3587 1197 3658 nequiorem
1222 3600 1342 3656 preesse
1368 3586 1420 3657 εει
1453 3587 1564 3644 nullam
1588 3589 1707 3659 penitus

79 3675 217 3745 diximus,
244 3678 272 3735 id
286 3688 329 3736 est
348 3680 519 3737 charitatem
534 3680 565 3736 in
587 3679 641 3736 boc
665 3687 803 3750 tempore,
860 3675 945 3733 babet
961 3673 1105 3747 privilegii
1128 3674 1280 3742 rationem,
1298 3674 1347 3730 sed
1362 3674 1456 3746 magis
1470 3676 1574 3732 rationi
1586 3691 1703 3734 consen-

79 3779 107 3822 ιε
116 3766 222 3837 jnstns,
238 3767 396 3826 voluntate.
414 3777 441 3827 ει
454 3768 619 3842 justificans
629 3767 803 3839 operatione,
861 3772 979 3821 taneum
991 3770 1075 3829 esset,
1094 3769 1126 3818 ut
1140 3762 1166 3819 ei
1181 3764 1232 3833 qui
1247 3763 1385 3819 seductus
1397 3769 1439 3819 est
1458 3761 1488 3819 in
1503 3778 1571 3821 eum
1581 3766 1633 3836 qui
1648 3766 1705 3824 sibi

79 3862 131 3913 tet
143 3855 213 3914 velit
224 3856 343 3929 implere
353 3859 561 3929 peerristum
576 3858 654 3929 qnod
666 3857 805 3928 promise·
859 3851 1022 3908 seducendo
1046 3848 1153 3912 nocuit,
1175 3848 1385 3905 districtionem
1398 3860 1544 3908 exerceret
1559 3852 1702 3908 vindictae.

83 3943 280 4017 redemptione
293 3946 399 4005 scilieet
413 3947 459 4004 rel
472 3946 681 4018 iustificatione
696 3952 804 4015 nostra,
859 3937 1003 3996 Praeterea
1016 3936 1151 3994 diabolus
1166 3934 1412 3992 immortalitatem
1427 3949 1518 4007 quam
1538 3938 1649 3994 bomini
1667 3953 1705 3996 ex

91 4033 215 4093 voluerit
228 4050 312 4107 opere
326 4035 502 4108 adimpleat:
519 4040 589 4092 Eum
600 4038 647 4107 qni
657 4050 691 4090 ec
700 4034 757 4106 fide
766 4040 805 4090 est
859 4034 1088 4100 transgressione
1103 4024 1244 4096 promisit,
1256 4024 1325 4081 dare
1339 4039 1399 4081 non
1423 4025 1525 4096 potnit,
1540 4033 1573 4082 ut
1586 4040 1636 4096 per
1650 4026 1705 4083 boc

79 4125 154 4193 nisti,
167 4124 195 4181 id
206 4131 249 4182 est
259 4125 408 4197 creditqui
423 4140 490 4182 eum
501 4125 608 4192 Jesurn,
621 4124 650 4181 id
660 4132 701 4181 est
711 4124 802 4182 salva·
857 4120 925 4191 jure
942 4117 1041 4189 aliquo
1060 4114 1182 4174 retinere
1197 4122 1299 4186 posset.

79 4224 124 4282 per
135 4212 277 4285 hocquod
286 4215 417 4273 cbristus
426 4222 479 4286 est,
496 4215 569 4271 idest
579 4215 656 4272 Deus
670 4221 697 4271 ει
707 4213 802 4270 homo.
820 4247 844 4303 D
896 4209 948 4266 His
961 4208 1060 4280 itaque
1082 4205 1244 4263 rationibus
1258 4206 1391 4263 convinci
1404 4205 1521 4263 ridetur
1540 4206 1619 4279 quod
1641 4206 1703 4264 dia·

79 4315 133 4360 rto.
172 4303 300 4360 Maxima
332 4305 387 4362 hoc
414 4304 475 4362 loco
491 4304 612 4375 qnnstto
639 4318 670 4360 se
697 4303 805 4375 ingerit
860 4299 944 4357 bolus
973 4298 1004 4354 in
1018 4297 1164 4354 bominem
1178 4310 1267 4368 quem
1295 4295 1411 4352 seduxit
1424 4295 1539 4353 nullum
1551 4296 1601 4367 jus
1622 4297 1705 4354 sedu-

90 4390 147 4449 ista
161 4391 293 4450 videlicet
308 4403 405 4451 nostra
427 4393 585 4464 redemptio
601 4407 652 4464 per
666 4393 805 4464 majorem
859 4389 950 4446 cendo
966 4384 1142 4459 acquisierit,
1170 4385 1225 4440 nisi
1249 4384 1330 4452 loric,
1350 4392 1383 4440 ει
1397 4383 1536 4452 diximus,
1559 4392 1705 4455 quantum

87 4487 139 4537 ant
153 4482 271 4552 quando
286 4482 317 4538 in
332 4482 398 4555 ejus
408 4483 551 4555 sanguine
558 4482 715 4554 justificari
729 4483 803 4553 Apo·
859 4478 896 4534 ad
912 4475 1129 4548 permissionem
1144 4472 1258 4530 bomini
1283 4472 1473 4544 pertinebant,
1499 4473 1552 4544 qui
1571 4487 1638 4531 eum
1662 4473 1704 4530 ilii

79 4568 152 4638 licat,
168 4571 221 4641 qni
251 4571 355 4643 maiori
384 4572 526 4642 supplicio
550 4571 631 4643 digni
659 4572 804 4640 ridemur,
860 4564 946 4638 quasi
983 4562 1144 4620 carcerario
1172 4561 1218 4619 vel
1248 4560 1349 4618 tortori
1378 4575 1431 4617 sno
1461 4561 1497 4617 ad
1522 4560 1704 4659 puniendum

86 4659 285 4718 commisimus
296 4661 389 4732 iniqui
403 4661 490 4730 servi,
507 4661 708 4731 propterquod
718 4660 805 4717 inno·
860 4654 1026 4712 tradiderat.
1051 4652 1108 4710 Nec
1132 4649 1209 4708 enim
1236 4650 1283 4707 ille
1312 4649 1366 4706 nisi
1396 4649 1426 4705 in
1446 4650 1705 4706 Domrnnmsuum

79 4747 183 4805 iminns
193 4748 306 4807 occisus
316 4751 361 4807 sit.
374 4750 471 4807 Primo
486 4750 585 4820 itaque
594 4749 711 4807 videtur
725 4763 803 4821 quas·
861 4750 1039 4815 peccaverat,
1068 4740 1153 4812 cujus
1171 4737 1363 4797 obedientiam
1377 4738 1553 4795 deseruerat.
1578 4737 1612 4837 si·
1634 4752 1703 4810 ergo

79 4839 330 4908 [quanecesspaie
344 4839 592 4909 peusfflomtnem
606 4839 803 4909 assumpserit,
860 4833 1001 4890 Dominus
1014 4845 1087 4888 suus
1104 4829 1131 4886 ei
1149 4828 1292 4886 dimittere
1306 4834 1455 4898 peccatum
1480 4826 1573 4892 veliet,
1590 4834 1664 4882 sicut
1677 4833 1705 4883 et

79 4928 238 4985 secundum
253 4943 371 4986 carnem
391 4928 539 4985 moriendo
553 4926 717 4995 redimeret,
728 4925 773 4984 rel
788 4941 807 4984 a
859 4923 958 4982 biariae
968 4920 1076 4993 virgini
1091 4920 1201 4976 lactum
1224 4925 1275 4986 cst,
1292 4925 1320 4974 et
1336 4915 1436 4974 multis
1449 4915 1536 4972 etiam
1559 4922 1626 4972 ante
1640 4929 1704 4986 pas·

79 5016 245 5075 redemerit
259 5019 310 5090 qui
320 5017 601 5089 nosveljustitiavel
611 5024 803 5089 potestateca·
859 5013 969 5070 sionem
984 5023 1067 5067 suam
1082 5008 1213 5067 cbristus
1227 5007 1303 5075 lecit,
1320 5013 1353 5063 ut
1372 5006 1481 5063 dictum
1496 5011 1538 5062 est
1561 5005 1595 5062 de
1613 5005 1705 5062 Maria

79 5111 144 5177 et,et
153 5121 213 5179 qua
220 5107 395 5180 justitianos
406 5107 442 5165 ab
452 5106 805 5179 eiuspotostateliberave·
859 5101 1038 5174 naguatene,
1062 5106 1090 5156 et
1116 5095 1364 5170 quemadmodum
1379 5096 1520 5166 scriptum
1535 5102 1575 5151 εει
1596 5095 1632 5151 ad
1654 5109 1706 5166 pa·

87 5207 229 5270 praecepta
244 5198 363 5268 dederit,
380 5213 446 5270 quae
460 5199 508 5256 ille
522 5198 669 5268 suscipere
679 5196 763 5253 vellet
773 5204 805 5253 nt
860 5192 1013 5265 raiyticum
1029 5187 1150 5247 Domino
1171 5187 1296 5243 dicente:
1319 5185 1438 5254 concide,
1464 5185 1705 5256 premittentes

81 5285 518 5360 iterettttquoddicimrquod
530 5285 805 5359 apotestatediaboli
860 5284 912 5339 tibi
931 5285 1044 5353 peccate
1067 5283 1115 5334 tna
1130 5276 1239 5350 (llcttn.
1251 5288 1292 5342 rx,
1319 5274 1358 5345 ι).
1375 5273 1404 5375 Si
1432 5273 1481 5336 ita,
1497 5274 1627 5344 iuquam,
1641 5273 1705 5372 sine

79 5375 173 5433 amerit
185 5376 238 5449 qui
253 5392 305 5449 per
332 5377 592 5451 transgressionem
613 5374 699 5447 primi
713 5374 802 5432 homi·
860 5371 992 5444 passione
1018 5366 1132 5429 bomini
1157 5364 1364 5438 transgressori
1390 5375 1537 5437 ignoscere
1566 5363 1705 5462 bomrnns

79 5477 127 5523 ,ιε
139 5465 167 5524 ei
181 5475 282 5540 sponte
306 5466 464 5529 obediendo
476 5467 638 5540 subjecerat
649 5464 717 5538 iure
731 5478 803 5538 quo·
860 5463 956 5532 vellet,
975 5467 1003 5520 et
1017 5459 1112 5521 dicere
1126 5455 1228 5518 tortori
1246 5468 1314 5515 suo:
1340 5451 1461 5513 Nolunt
1484 5450 1612 5525 amplius
1634 5464 1703 5511 enm
1785 5470 1789 5479 ·
