3804 5962
131 173 200 228 lass
397 165 496 221 PETRI
516 162 705 220 stuntabl
724 162 799 218 OPP.
824 161 909 218 PARS
928 161 976 217 ltl.
993 187 1028 202 -
1041 159 1262 216 theotboldo
1280 160 1323 215 ET
1340 157 1607 216 ebriosorum.
1812 159 1866 215 titt

127 313 204 360 mus,
237 294 414 353 defendendo
446 292 595 349 veritatem
624 290 720 361 potius
746 303 836 360 qnam
862 289 1147 358 decen-dipsos.....
1165 294 1191 344 et
1210 289 1256 343 ios
1267 288 1377 358 quidem
1391 290 1500 356 arguite
1516 287 1659 356 seductos
1686 285 1764 357 (turi.
1794 296 1865 354 xmr,

128 371 273 453 dossQuod
310 385 334 438 si
377 381 449 437 mihi
486 380 614 437 lidelium
655 379 814 449 qnisquam
854 377 974 448 objiciat
1031 378 1072 446 ts,
1088 380 1144 449 2³).
1160 380 1200 433 hc
1214 379 1240 435 si
1260 385 1357 448 aperte
1381 391 1433 433 nos
1457 376 1627 433 adhortetur
1641 375 1865 432 diceusrl’rosi·

127 479 189 548 jam
216 489 269 531 nec
292 470 455 527 doctrinam
478 482 571 524 meam
596 482 648 524 neo
668 467 859 524 defensionem
876 481 973 522 neces·
1028 468 1092 524 dete
1116 474 1149 524 ut
1176 467 1245 523 tales
1274 466 1434 537 dijudicare
1458 480 1492 522 ao
1517 464 1683 522 rationibus
1705 463 1866 522 convincere
1899 468 1902 509 Ξ

130 565 237 623 sariam
271 574 341 627 esse,
373 566 435 629 post
463 565 504 614 tot
536 557 667 612 videlicet
692 563 720 612 et
749 563 828 610 tauta
859 559 973 610 sancto·
1027 557 1158 622 valeatis,
1179 558 1331 625 comparati
1345 571 1461 624 semper,
1478 557 1511 610 ut
1533 554 1635 610 boatus
1657 555 1766 610 Petrus
1781 554 1864 610 meni

128 665 193 708 rum
205 652 388 714 documenta,
409 659 510 701 verum
534 645 661 702 fortassis
683 645 753 700 dicit
778 651 922 714 quantum
937 643 973 697 ad
1027 647 1082 712 nit,
1097 645 1134 700 ori
1155 647 1372 712 satisfactionem
1392 645 1466 698 omni
1482 644 1605 712 poscenti
1624 658 1672 697 cos
1694 641 1865 698 romonem'ts
1900 643 1902 671 ³

128 738 299 802 doctrinam,
321 749 380 791 non
416 741 560 804 quantum
600 733 636 788 sd
673 732 876 788 defensionem.
899 731 973 786 lium
1028 749 1060 790 ea
1079 734 1273 800 quaeineodis
1293 739 1333 788 est
1353 738 1440 802 spect
1463 732 1666 801 scientiore
1689 731 1768 802 quod
1790 731 1865 787 debs·
1899 737 1902 758 ⁴

128 823 463 895 enimunusquisquein
485 835 571 878 seusu
590 835 643 876 sue
670 820 797 875 abundet
811 826 839 875 et
856 832 906 888 pro
931 819 974 875 di·
1028 825 1096 878 hunt
1126 824 1159 878 dc
1188 823 1262 878 uobis
1281 823 1499 893 conscenduntur,
1517 823 1566 888 qui
1596 821 1810 876 calumnientur·
1834 837 1866 877 ss·

128 915 263 972 versitate
274 912 424 968 homiuum
439 910 483 965 vel
493 907 883 978 temporumnovequoudte
893 920 973 977 quae-
1027 919 1114 967 strcm
1141 913 1238 967 bonom
1273 914 1303 966 ic
1339 912 1446 967 Chrbto
1481 911 1716 965 conversationem
1745 908 1775 979 (l
1799 911 1861 966 Peto.
1899 905 1902 933 ‘

127 1005 233 1062 stiones
257 1001 304 1058 vel
325 1000 558 1070 impugnationes
581 998 725 1062 oriantur,
741 995 824 1051 novis
844 993 973 1065 quotidie
1027 1017 1066 1067 m,
1090 1000 1141 1069 ti).
1156 1000 1233 1056 idem
1247 1007 1275 1056 ct
1295 998 1475 1067 coapostolus
1488 998 1552 1068 ejus
1567 996 1678 1054 Paulus
1699 995 1865 1054 admonens:
1899 1002 1902 1020 ¹

128 1090 293 1149 rationibus
319 1086 511 1144 resistendum
535 1092 603 1154 puto
622 1092 649 1140 et
673 1084 756 1140 novis
771 1082 973 1140 exorientibus
1027 1091 1128 1151 sermo,
1144 1088 1251 1158 inquit,
1265 1093 1354 1143 uester
1380 1090 1409 1139 in
1433 1089 1527 1153 pretio
1551 1085 1678 1140 conditus
1704 1087 1742 1140 sit
1770 1086 1866 1151 soient

128 1179 236 1236 morbis
276 1191 351 1233 novo
388 1174 546 1246 qurerenda
586 1173 723 1229 remedia.
741 1172 838 1228 Potuit
875 1179 972 1227 autem
1026 1181 1121 1233 sosares
1154 1177 1286 1246 quorsom
1318 1180 1443 1246 ops-roas
1474 1189 1520 1230 vos
1541 1176 1690 1242 unicuique
1715 1174 1866 1245 response„

127 1269 190 1326 lieri
209 1276 242 1324 ut
256 1267 286 1322 in
301 1265 431 1335 antiquis
442 1261 621 1332 temporibus
640 1261 731 1317 saneti
746 1261 844 1316 Patres
858 1274 891 1316 ea
908 1273 974 1330 quar
1027 1265 1094 1337 (Col.
1114 1280 1153 1331 rr,
1167 1267 1206 1336 i),

128 1364 198 1414 tunc
225 1356 364 1412 adversus
388 1352 558 1409 catholicam
585 1351 670 1406 iidem
695 1349 801 1419 opponi
836 1348 973 1405 audirent
1063 1355 1181 1411 Ratione
1205 1354 1297 1426 magis
1320 1353 1444 1410 haeretici
1466 1366 1555 1423 quam
1578 1360 1719 1423 potestate
1748 1366 1863 1410 coercet·
1896 1340 1899 1352 ’

127 1446 212 1501 rectis
225 1444 371 1500 diluerent
394 1440 569 1505 rationibus,
585 1446 612 1494 et
636 1436 692 1493 illis
715 1451 790 1508 quos
805 1444 873 1493 tuno
895 1437 972 1490 inve·
1025 1442 1067 1510 di,
1083 1456 1150 1498 cum
1162 1443 1249 1513 juxta
1264 1449 1430 1497 sanctorum
1446 1442 1564 1497 Parrum
1578 1439 1786 1497 auctoritatem
1805 1439 1862 1496 lide
1897 1444 1902 1463 ¹

127 1539 234 1588 nerunt
249 1529 357 1586 morbis
381 1528 575 1591 mederentur,
591 1538 649 1580 non
676 1523 721 1579 his
746 1537 818 1593 quos
841 1521 971 1592 quotidie
1026 1530 1067 1586 les
1087 1531 1216 1601 quidem,
1232 1530 1340 1600 quibus
1363 1529 1461 1584 omnia
1484 1535 1679 1598 cooperantur
1706 1528 1737 1584 in
1759 1527 1861 1585 bouum
1901 1533 1902 1536 ’

126 1626 337 1677 tuctfflsoefllsss
376 1616 507 1674 noudum
545 1613 674 1670 f0l¹³⁵⁵is
709 1611 1127 1682 deprehenderantggomm
1142 1617 1551 1689 disputationibusexercitati
1567 1616 1772 1688 vigilantiores
1791 1624 1861 1688 nque
1894 1607 1901 1646 ¹

125 1709 282 1780 Quousque
301 1707 377 1764 enim
400 1706 497 1777 paleas
521 1718 589 1760 cunr
611 1701 711 1773 granis
734 1714 860 1771 prresens
875 1697 969 1756 Eccle-

126 1887 218 1944 micus
233 1885 318 1941 homo
334 1895 421 1950 snper
442 1879 585 1936 seminare
603 1876 713 1932 zizania
728 1876 859 1943 cessabit,
880 1876 971 1931 donec

126 1973 303 2031 indeintlne
326 1970 424 2026 saeculi
448 1981 585 2024 messores
609 1965 703 2036 angeli
719 1965 768 2021 Dei
783 1964 892 2020 zizania
914 1964 972 2020 ool-

125 2063 217 2134 ligant
231 2069 258 2118 et
289 2060 318 2117 in
346 2058 496 2115 fasciculos
511 2058 540 2112 in
566 2055 661 2127 ignem
690 2067 807 2110 arsuros
832 2053 969 2121 mittant;

125 2165 183 2209 non
197 2155 315 2221 possunt
338 2145 522 2212 schismatici,
539 2158 598 2199 non
623 2149 742 2212 possunt
761 2143 857 2198 deesse
880 2141 969 2197 hoere-

125 2240 185 2306 tioi,
201 2252 253 2295 nec
268 2238 342 2293 inter
357 2235 521 2304 scorpiones
536 2238 564 2287 et
578 2236 724 2300 serpentes
744 2236 839 2285 tutum
859 2229 969 2299 patebit

127 2329 198 2395 iter;
214 2327 263 2382 sed
287 2337 399 2394 semper
424 2323 461 2377 ad
491 2318 689 2389 probationem
718 2317 762 2375 vel
791 2318 972 2374 exercitatio·

125 2429 192 2472 uem
228 2410 356 2468 iidelium
383 2409 500 2466 habebit
524 2417 614 2464 ruater
636 2404 761 2461 Ecclesia
783 2407 838 2462 sub
866 2405 969 2463 Christi

125 2500 243 2558 nomine
257 2499 363 2555 multos
388 2512 462 2567 quos
486 2494 585 2552 toleret
604 2494 810 2550 antichristos:
835 2507 887 2564 pro
907 2493 970 2564 qui·

73 2632 78 2643 ,
125 2590 181 2647 bus
195 2590 383 2660 ingemiscens
405 2584 534 2657 quotidie
559 2583 651 2638 dicat:
668 2586 711 2651 Ee
732 2584 809 2637 noim
833 2586 968 2650 eximunt,

124 2679 173 2735 sed
186 2694 221 2734 eo
242 2677 319 2732 nobis
338 2691 392 2730 non
415 2678 495 2729 eront
517 2673 607 2742 (toron.
623 2685 664 2738 ιι,
682 2673 733 2743 til,
747 2681 774 2727 et
789 2670 893 2728 affectu
909 2686 967 2727 ma·

125 2776 207 2825 terno
235 2780 284 2837 per
308 2764 438 2836 singulos
461 2776 553 2818 arrnos
576 2775 628 2831 pro
649 2760 693 2816 eis
716 2768 749 2817 ut
773 2761 900 2824 redeant,
917 2762 969 2816 irn-

125 2857 212 2914 molat
246 2854 380 2925 publicas
416 2852 581 2907 orationum
619 2849 734 2904 hostias.
762 2850 833 2905 Nam
867 2853 966 2918 portet,

1026 1698 1169 1764 cautiores
1191 1707 1360 1764 reddantur.
1379 1706 1457 1763 Unde
1478 1706 1672 1775 Hieronymus
1699 1718 1791 1776 super
1801 1707 1859 1762 lero
1885 1703 1902 1767 fl

1025 1800 1110 1852 miom
1124 1797 1197 1853 libro
1212 1812 1250 1853 u:
1269 1797 1471 1866 contempus,
1485 1815 1499 1843 ιι
1510 1793 1616 1863 inquit.
1633 1815 1644 1843 ι
1658 1792 1858 1861 salethrerssig
1885 1784 1900 1912 i}

1025 1975 1208 2047 Augustinus
1231 1982 1331 2030 contra
1350 1973 1501 2044 epistolam
1526 1970 1732 2027 Parmeniani:
1750 1992 1766 2022 s
1781 1970 1860 2027 ilem

1024 2063 1075 2119 tici
1100 2063 1125 2120 si
1155 2063 1183 2118 iu
1210 2063 1336 2119 Ecclesia
1374 2068 1478 2129 essent,
1507 2059 1704 2116 nihilominus
1732 2065 1862 2117 errarent

1025 2152 1098 2209 Cum
1113 2160 1212 2208 autem
1227 2151 1295 2208 loris
1320 2158 1399 2220 sunt,
1414 2150 1575 2220 plurimum
1597 2154 1723 2219 prosunt
1739 2162 1799 2205 non
1821 2161 1864 2203 re-

1025 2255 1091 2297 rum
1116 2241 1235 2297 dicendo
1259 2240 1336 2310 quod
1357 2240 1501 2304 nesciunt,
1526 2238 1576 2294 sed
1601 2236 1768 2293 adrerum
1793 2249 1865 2308 qus·

1025 2329 1148 2386 rendum
1172 2328 1311 2395 carnales,
1331 2337 1359 2385 et
1386 2328 1421 2383 ad
1449 2341 1553 2383 verum
1584 2324 1791 2396 accipiendum
1816 2325 1863 2396 spi

1024 2418 1145 2475 rituales
1179 2417 1332 2474 catholicos
1368 2416 1532 2474 excitando.
1548 2416 1672 2473 Utamur
1710 2428 1781 2487 ergo
1820 2413 1864 2470 hs

1023 2507 1121 2563 reticis
1151 2520 1209 2561 uon
1241 2512 1275 2561 ut
1311 2520 1410 2561 eorum
1447 2504 1644 2574 approbemus
1685 2499 1863 2559 ermressst

1024 2600 1056 2650 ut
1077 2594 1247 2650 catholicam
1268 2593 1453 2665 disciplinam
1475 2593 1614 2649 adversus
1628 2606 1732 2648 eorum
1757 2589 1863 2648 insidis

1024 2691 1192 2748 asserentes,
1219 2681 1417 2754 vigilantiores
1449 2689 1477 2739 et
1511 2682 1655 2738 cautiores
1696 2679 1799 2747 umus,
1818 2676 1861 2735 els'

1023 2785 1072 2827 eos
1095 2771 1130 2827 ad
1155 2770 1277 2826 salutem
1308 2784 1443 2828 revocare
1471 2785 1529 2825 non
1560 2766 1860 2839 possumus.»1sido·

1023 2873 1074 2915 rus
1102 2860 1303 2915 Sententiarum
1331 2859 1403 2916 libro
1420 2872 1481 2926 r,c.
1510 2860 1560 2913 ts:
1586 2856 1721 2914 «Sancta
1747 2852 1863 2912 Ecclesia

125 2945 221 3015 inquit
233 2942 394 3014 All⁰⁸¹0¹l¹³2
417 2941 532 2996 hilii&
546 2953 611 3005 ⁶⁵⁵2,
627 2942 658 2991 ²⁴⁶
671 2943 696 2991 ct
712 2939 760 3006 (Μ’
780 2937 968 3006 proscissum
986 2961 1006 3018 ρ
1022 2956 1174 3004 exercetur
1187 2947 1338 3018 sapientia,
1352 2962 1419 3003 cum
1435 2955 1563 3004 tentatur
1585 2945 1704 3013 verbis;
1720 2950 1863 3001 exercetm

124 3034 267 3099 manifesti
275 3035 343 3102 fierit
360 3030 384 3101 (l
397 3030 458 3085 Gor.
475 3041 505 3093 ιι,
523 3027 566 3095 19)
580 3042 586 3079 :
604 3025 682 3094 quod
698 3025 824 3080 inarime
835 3026 863 3080 iu
874 3026 970 3084 novis·

124 3120 400 3191 simistemporibus,
410 3114 578 3172 antichristi
603 3127 691 3183 regno
708 3111 969 3182 appropinquante,

125 3210 259 3267 luturum
287 3213 498 3275 exspectamus,
527 3200 644 3270 quando
673 3200 758 3270 iuxta
794 3200 972 3257 bominicam

124 3306 153 3355 et
167 3294 355 3366 apostolicam
369 3290 541 3347 senteutiam
550 3289 685 3359 graviora
700 3302 812 3357 semper
821 3289 972 3345 imminere

125 3393 214 3455 atque
235 3394 400 3440 exerescere
426 3384 537 3434 constat
561 3376 699 3446 pericula,
715 3384 742 3432 et
768 3377 971 3448 refrigescente

125 3473 275 3540 charitate,
297 3470 373 3525 mala
396 3466 493 3524 omnia
511 3466 646 3536 ,amplius
668 3465 821 3535 pullulare.
839 3467 919 3523 Unde
943 3474 971 3523 et

125 3564 200 3620 idem
214 3558 367 3631 Apostolus
382 3559 419 3613 ad
443 3556 645 3612 Timotheum:
663 3554 726 3610 Hoc
740 3560 841 3622 eutem,
864 3556 969 3627 inquit,

124 3655 192 3709 scito
215 3649 288 3719 quod
307 3652 337 3703 in
370 3647 524 3702 nouissimis
554 3645 651 3699 dicbus
677 3645 819 3699 instoburrt
848 3650 970 3715 ternporo

120 3740 285 3812 periculoso,
300 3744 326 3793 et
347 3741 428 3791 munt
449 3736 568 3790 iomines
591 3737 694 3803 seipsos
713 3739 847 3800 omontes,
863 3735 967 3803 crepidi,

122 3831 198 3896 stoli,
215 3828 335 3901 superbi,
349 3825 509 3895 blesphenti,
524 3826 583 3878 sine
609 3838 686 3892 poce,
701 3822 828 3877 habentes
853 3825 969 3892 speciem

123 3919 234 3986 quidem
266 3915 532 3986 pietatis,oirtutem
555 3910 613 3979 ejus
646 3910 810 3978 obnegontes
827 3909 866 3981 (lt
899 3912 966 3964 Tim.

123 4022 168 4074 ιιι,
186 4011 196 4060 t
220 4012 248 4063 et
271 4005 355 4074 seq).
371 4001 425 4069 Qui
452 4009 480 4057 et
497 3999 586 4055 alibi:
611 3999 675 4066 Nos,
698 3997 804 4069 inquit,
819 4013 922 4065 sumus,
939 4003 969 4052 in
987 4003 990 4007 '

123 4111 192 4167 quos
209 4100 277 4165 fines
311 4092 469 4148 soculorum
492 4088 656 4143 devenerunt
683 4088 706 4157 (l
720 4087 783 4142 Cor.
799 4100 829 4154 x,
854 4087 908 4158 lt).
932 4088 969 4144 Et

123 4186 225 4242 Petrus
253 4183 283 4238 in
311 4177 439 4251 Epistola
464 4176 607 4242 secunda;
633 4177 688 4230 lloc
714 4180 845 4244 primum,
860 4175 966 4246 inquit,

124 4277 247 4339 somnies,
268 4270 341 4340 quod
363 4269 472 4323 uenient
499 4266 529 4318 in
549 4266 704 4319 tenuissimis
729 4265 824 4318 diebus
843 4269 873 4318 in
891 4264 968 4319 dece-

121 4365 215 4432 ptione
229 4359 363 4419 illusores,
380 4364 434 4412 ete.
452 4355 491 4423 (ll
503 4356 576 4409 Petr.
601 4367 642 4418 ιιι,
658 4351 706 4419 3.,
725 4353 893 4409 Etloannes
904 4368 911 4407 :
922 4355 966 4407 Fi-

124 4453 194 4517 ticli,
210 4448 316 4520 iuquit,
332 4446 481 4500 srenissimo
494 4443 562 4497 horo
575 4446 624 4507 est,
642 4445 667 4495 et
677 4442 748 4495 sicut
762 4442 880 4496 credistis
896 4439 969 4511 quod

123 4540 312 4596 Antichristus
328 4537 410 4600 oeno,
428 4547 499 4585 nunc
525 4529 691 4586 antichristi
709 4530 789 4585 multi
808 4531 877 4596 tosti
891 4535 966 4586 sunt.

125 4627 202 4684 Unde
215 4629 316 4682 scimus
332 4624 400 4689 quio
418 4620 568 4674 nouissimo
592 4618 660 4672 toro
675 4623 724 4673 est.
740 4621 784 4673 Ec
808 4618 884 4673 nobis
900 4634 967 4688 pro-

123 4717 245 4782 dierum,
261 4713 308 4769 seri
335 4727 370 4766 eo
392 4709 470 4763 nobis
499 4723 552 4762 non
574 4711 652 4762 eront
664 4707 689 4776 (l
701 4709 780 4762 loon.
806 4722 835 4775 ιι,
854 4710 896 4775 ts,
914 4707 966 4779 ts),

124 4807 238 4863 illucet
262 4804 292 4858 in
306 4797 432 4870 Epistola
452 4796 532 4853 Judae
556 4795 770 4865 scriptumest:
799 4797 850 4849 Vos
865 4801 966 4864 cutem,

122 4895 284 4956 otiosissimi,
298 4885 436 4946 memores'
458 4891 541 4942 estote
565 4885 708 4940 cuborum
741 4900 801 4956 quae
833 4886 968 4955 predicto

122 4987 186 5039 sunt
217 4982 251 5037 ob
286 4978 419 5050 apostolis
453 4976 563 5030 Domini
590 4977 677 5027 nostri
699 4976 763 5029 lesu
794 4975 905 5041 Christi,
918 4976 967 5045 qui

6 5074 14 5085 '
122 5070 249 5128 dicebant
286 5066 370 5131 nobis,
388 5067 517 5132 quoniam
548 5063 578 5116 in
606 5063 761 5116 nouissimis
800 5064 966 5134 temporibus

120 5162 228 5217 venunt
263 5159 389 5213 illusores
393 5195 447 5210 .....
461 5154 498 5209 lli
530 5157 593 5207 sunt
628 5155 677 5218 qui
703 5157 847 5221 segregant
871 5159 964 5210 semet·

168 5285 201 5339 96
228 5282 310 5354 Apud
325 5282 401 5338 iiier.
418 5295 497 5347 sono,
511 5283 544 5333 ut
556 5275 633 5347 opud
645 5275 822 5347 Apostolum.

171 5286 216 5426 sti
232 5354 390 5412 boeotiam
416 5351 477 5409 loco
491 5348 668 5419 relinquitur
689 5349 815 5419 spatium
839 5362 967 5410 saeuum

122 5423 160 5480 ad
177 5424 205 5481 S.
221 5423 351 5497 Gregorii
364 5430 476 5481 textum
491 5420 668 5491 ponendum,
683 5419 770 5492 ouius
788 5418 892 5478 ultima
906 5430 968 5482 tan-

1025 3036 1174 3106 patientia,
1195 3050 1260 3091 cum
1293 3042 1421 3093 tentatur
1452 3035 1566 3106 gladiis.
1592 3035 1688 3091 Causa
1717 3029 1860 3103 pravitatis

1026 3124 1167 3180 hereticas
1189 3123 1319 3179 doctrina
1332 3131 1374 3180 est
1393 3130 1551 3194 propagata
1574 3121 1802 3179 uerisimilem
1815 3133 1859 3177 aa

1022 3220 1069 3269 tea
1091 3212 1217 3281 simplici
1242 3220 1355 3270 tantum
1371 3213 1427 3270 side
1445 3213 1571 3285 vigebat.
1588 3212 1800 3269 hereticorum
1815 3209 1856 3283 igi·

1024 3308 1073 3357 tur
1104 3301 1252 3357 occasione
1280 3303 1431 3373 propagati
1458 3309 1527 3358 suut
1550 3302 1681 3358 doctores
1707 3301 1738 3357 iu
1763 3300 1860 3368 lineet

1025 3403 1076 3459 per
1091 3403 1215 3446 acumen
1235 3389 1376 3448 heresum
1392 3389 1526 3447 Ecclesiae
1536 3389 1667 3461 magistri
1682 3396 1860 3447 creveruntr
1900 3386 1902 3406 l

1025 3478 1106 3535 Unde
1121 3478 1208 3534 etiam
1222 3479 1313 3534 sancti
1335 3479 1475 3545 doctores,
1489 3493 1556 3535 cum
1572 3479 1607 3534 ad
1623 3478 1860 3540 exercitationem.

1023 3574 1057 3624 ut
1076 3567 1184 3623 dictum
1200 3575 1252 3635 est,
1266 3567 1396 3624 lldelium
1425 3568 1494 3623 adeo
1509 3566 1689 3624 necessarias
1711 3565 1859 3624 esscharte

1023 3657 1147 3712 ticorum
1161 3655 1371 3725 disputationes
1386 3654 1431 3711 vel
1448 3655 1655 3726 inquisitiones
1679 3655 1857 3713 attenderent.

1022 3744 1137 3800 ratione
1161 3744 1257 3814 potius
1278 3758 1366 3814 quam
1383 3752 1520 3814 potestate
1542 3742 1667 3801 coerceri
1699 3748 1858 3807 sanxerunt,
1889 3796 1892 3803 .

1022 3839 1049 3889 et
1063 3845 1111 3888 eos
1125 3831 1209 3902 quasi
1233 3840 1318 3888 tantm
1333 3833 1459 3889 victorias
1474 3833 1615 3890 desiderio
1642 3832 1677 3889 ad
1704 3847 1797 3890 sacre
1809 3838 1859 3889 sm·

1023 3920 1104 3976 dium
1118 3920 1288 3978 eruditionis
1316 3930 1384 3978 sunt
1410 3922 1591 3992 potissimum
1615 3918 1861 3979 adhortationis

1022 4008 1214 4079 Hieronymus
1242 4009 1279 4065 ad
1308 4010 1520 4081 Nepotianum:
1552 4032 1563 4060 ι
1595 4011 1687 4074 Disce,
1715 4032 1730 4062 o
1760 4009 1858 4082 inquit,

1025 4117 1040 4146 o
1055 4096 1133 4166 quod
1156 4096 1250 4165 doces,
1267 4105 1299 4154 ut
1320 4100 1412 4168 possis
1435 4100 1583 4156 exhortari
1605 4099 1636 4155 in
1665 4099 1802 4157 doctrine
1823 4110 1860 4155 ss·

1026 1893 1059 1942 ut
1084 1885 1165 1942 electi
1191 1886 1302 1957 quique
1320 1883 1463 1940 manilcstl
1492 1883 1563 1939 llant
1586 1889 1614 1938 et
1630 1881 1748 1952 probati
1769 1882 1859 1938 sint.»
1882 1918 1892 2479 1

1898 2214 1901 2263 l

983 4198 1072 4281 Ders
1105 4185 1159 4255 (96)
1182 4186 1410 4244 contradicentes
1437 4189 1734 4257 revincere,paratus
1758 4198 1862 4256 semper

1023 4273 1059 4329 ad
1078 4271 1301 4329 satislactionem
1329 4275 1407 4330 omni
1432 4276 1558 4345 poscenti
1574 4283 1602 4332 te
1626 4275 1772 4333 rationem
1787 4276 1862 4333 dees

1022 4376 1088 4432 quae
1103 4361 1132 4417 in
1148 4369 1175 4417 te
1198 4369 1241 4418 est
1254 4376 1314 4432 spe.
1332 4383 1344 4412 ι
1370 4363 1526 4434 Gregorius
1554 4363 1769 4421 Bonilaeio.....
1791 4385 1803 4415 ι
1819 4377 1862 4435 po

1022 4451 1080 4507 tius
1092 4462 1181 4520 quam
1197 4451 1226 4505 vi
1240 4452 1418 4508 convincatis
1430 4453 1518 4522 (tila
1532 4452 1595 4518 Qua
1606 4465 1674 4509 rero
1689 4454 1805 4511 ratione
1818 4453 1863 4510 hor

1022 4538 1074 4610 qui
1099 4537 1324 4596 Christianitatis
1347 4541 1456 4598 bouum
1480 4541 1625 4612 suscipere
1641 4548 1776 4601 renuunt
1797 4555 1862 4600 oon·

1020 4627 1144 4692 vincere,
1164 4628 1272 4697 quibus
1296 4630 1412 4687 monitis
1432 4630 1478 4687 vel
1501 4630 1757 4688 exhortationibus
1784 4631 1821 4689 sd
1835 4630 1863 4688 d·

1021 4717 1084 4773 dem
1101 4717 1246 4774 attrahere
1269 4719 1439 4789 poterimus,
1461 4719 1572 4790 siquid
1593 4719 1701 4790 inipso
1727 4720 1797 4778 ildei
1819 4733 1865 4778 uo·

1021 4813 1087 4862 stro
1111 4805 1286 4876 protessione
1319 4807 1441 4865 dubium
1472 4807 1690 4878 protulerimus,
1707 4809 1787 4881 quod
1810 4822 1863 4867 non

1020 4894 1171 4951 valeamus
1184 4895 1347 4963 detondere,
1360 4897 1466 4953 nedum
1478 4896 1677 4954 confirmare?
1691 4899 1865 4957 Auctoritate

1021 4983 1139 5054 quidem
1168 4983 1323 5053 scripture
1351 5000 1441 5055 quam
1464 5000 1523 5042 non
1550 4986 1652 5057 recipit
1677 4989 1767 5060 argui
1789 5000 1865 5046 nemo

1021 5079 1121 5142 potest.
1140 5071 1248 5139 »Quod
1263 5072 1287 5129 si
1309 5074 1405 5131 adhuc
1419 5073 1526 5145 aliquis
1542 5074 1572 5130 in
1594 5088 1688 5132 meam
1706 5082 1862 5148 perseveret

1021 5160 1281 5230 reprehensionem,
1306 5169 1334 5219 et
1361 5177 1429 5221 eum
1459 5163 1590 5219 nondum
1625 5163 1676 5222 ills
1704 5167 1863 5238 periculoso

1021 5283 1189 5413 {wlago
1201 5286 1325 5358 scriptor
1347 5287 1490 5360 apposuit,
1506 5286 1613 5345 scilieet
1629 5289 1725 5360 potius
1742 5309 1826 5361 qnam
1843 5292 1865 5347 oi

1166 5374 1176 5411 i
1192 5399 1200 5413 .
