3804 5962
770 174 823 232 SlC
843 175 888 230 ET
907 175 990 232 NON.
1672 178 1739 233 itta

79 298 179 353 comitia
194 296 319 353 XXXlX
329 297 363 353 ds
376 297 512 369 Martyria
523 297 665 354 monacho
681 297 732 369 qui
743 298 839 368 ipsum
855 303 880 358 Δ
1275 297 1360 354 Xcll.

79 400 144 444 ffllffl
159 387 256 443 lesum
276 386 422 442 Christum
438 386 469 443 iss
494 386 586 457 ⁸9⁶⁰?ss
606 386 711 456 Ῑθιιΐθὸῑ
738 395 839 443 sustu·
894 405 970 472 Quod
989 409 1053 461 ante
1074 406 1254 473 Pentecosten,
1269 406 1312 460 net
1325 406 1357 459 in
1379 403 1452 474 ipsa,
1478 406 1512 461 de
1532 406 1656 462 omnihus
1684 408 1740 463 sint

88 476 225 532 humeros
238 482 266 531 ει
280 476 426 545 portavit:
452 474 584 546 Cumque
601 474 660 546 jam
674 473 839 531 monasterii
1120 476 1207 530 edocti
1219 477 1345 545 apostoli,
1361 480 1386 530 et
1405 479 1510 532 contra.

80 565 341 664 rs'prapiuquaret,
357 563 517 662 spiritualis
533 564 616 620 Pater
630 563 760 662 ejusdem
776 577 838 665 mo·
929 602 1060 655 Dominus
1101 599 1138 653 ad
1164 600 1298 668 apostolos
1337 598 1486 654 secundum
1516 602 1647 656 ‚roam
1675 600 1737 672 (xv,

79 667 112 708 ΓΗ
140 665 260 751 ‚mim
289 652 418 752 Clamas?
449 651 579 752 Qum?
596 660 690 752 Qu·
714 652 838 752 ,ΜΨ
897 688 956 758 ι5);
974 687 1031 745 Vos
1047 693 1144 743 autem
1161 687 1223 744 dixi
1250 686 1367 753 amicas,
1392 687 1463 758 quia
1487 699 1738 771 quaecuuquaau-

80 757 114 842 ‘¹²⁹¹
130 755 235 842 ianua?
259 743 418 840 m⁰nff⁵²³r²²
442 746 522 794 οπως
537 746 652 839 “pmwz
670 756 737 806 ‘lma
750 742 841 807 fram
894 775 952 830 divi
968 789 985 831 a
1001 775 1085 831 Patre
1101 789 1162 831 mco
1191 781 1259 831 uota
1289 773 1339 830 leci
1364 774 1459 832 vobis.
1487 775 1557 830 ltern
1585 775 1657 846 (rvr,
1676 777 1736 848 til:

79 844 146 928 W
174 833 247 882 '’m“
262 831 408 926 ⁰⁰m²¹²²ffn
428 833 552 926 mm·
582 826 683 927 smum
711 842 779 927 ΨΟ
809 836 840 928 “f
892 864 995 920 Adhuc
1010 864 1102 919 multa
1122 863 1213 919 haheo
1240 862 1441 930 vahisdicere,
1470 864 1519 920 sed
1550 866 1739 934 uoupotestis

79 931 149 974 ἨΠΒ
167 916 388 972 ²³¹¹¹⁰¹¹³⁵¹⁰¹¹¹
422 916 700 1016 ³⁶¹¹¹¹¹¹¹‚P⁰FV⁰¹3¹,⁸’
736 930 759 973 '⁵
788 930 839 1017 ‘¹9¹
895 960 1008 1021 portare
1023 952 1116 1008 mado.
1132 952 1205 1008 Cum
1217 958 1314 1007 autem
1337 950 1505 1007 veneritille
1520 952 1646 1022 Spiritus
1663 953 1742 1011 veri·

79 1020 124 1105 ³¹¹?
140 1019 201 1061 ⁰⁵⁵⁰
217 1004 374 1075 pntabaffls
389 1003 423 1060 de
442 1004 513 1059 ⁰⁰⁸⁰
526 1019 591 1104 Ψ
605 1004 750 1103 emnem,
766 1013 793 1104 ⁰,t
810 1019 840 1060 ¹¹¹
895 1040 969 1108 latis,
991 1040 1103 1097 docebit
1117 1054 1168 1097 vos
1185 1054 1300 1096 omnem
1315 1041 1475 1096 veritatem.
1500 1042 1603 1096 Paulas
1627 1044 1657 1096 in
1671 1044 1737 1111 Epi·

79 1107 303 1165 ³⁰¹⁰⁸Pl³²rensr
333 1106 393 1163 ΨΜ
422 1106 588 1164 s⁹⁰⁰g¹¹⁰⁸⁰¹
610 1093 647 1148 ab
674 1092 841 1149 h⁰m¹¹¹¹b¹¹³
894 1129 965 1184 stola
983 1129 1021 1184 ad
1035 1129 1152 1184 Galatas
1167 1127 1209 1199 lu,
1229 1128 1289 1198 ill:
1319 1128 1392 1184 Cum
1414 1129 1743 1199 autemcephasvenis-

91 1181 265 1251 Redemptor
293 1180 413 1236 humaui
441 1180 564 1279 generis,
598 1180 674 1280 DQ?
699 1189 727 1237 Εἰ
755 1182 841 1279 ¹¹⁰¹P⁰
895 1226 937 1274 set
955 1217 1153 1284 Antiochiam,
1170 1219 1200 1273 in
1222 1217 1323 1274 taciem
1337 1217 1363 1273 ei
1380 1215 1481 1283 restiti,
1500 1217 1571 1288 quia
1586 1218 1742 1288 reprehen-

80 1277 127 1325 tus
141 1271 233 1337 tosus,
250 1268 287 1324 ad
301 1268 403 1324 coeluru
419 1269 556 1338 Martyria
571 1276 727 1338 aspiciente
744 1269 839 1336 redut,
895 1306 987 1362 sibilis
1005 1313 1075 1363 era,

101 1358 258 1414 ascendens
283 1357 381 1413 dixit:
403 1359 527 1425 llartpri,
545 1362 575 1411 ta
602 1373 644 1412 me
659 1373 714 1412 non
730 1357 841 1412 erubui·

79 1463 130 1516 per
147 1452 258 1513 terram,
288 1461 335 1514 epo
351 1451 377 1500 te
399 1461 453 1499 non
477 1446 633 1501 erubescam
647 1461 729 1517 super
752 1447 839 1502 calos.
1263 1411 1363 1467 XCIII·

79 1542 182 1591 auctus
196 1535 242 1590 vir
264 1548 330 1591 mox
347 1542 379 1590 ul
393 1541 435 1590 est
453 1536 658 1591 monasterium
680 1537 840 1606 ingressus,
896 1517 974 1583 Qil’d
997 1519 1095 1574 Petris
1122 1523 1146 1575 ιι
1175 1517 1230 1589 (59)
1256 1518 1359 1572 Paulus
1384 1521 1409 1570 ⁶⁸
1436 1520 1528 1572 iiiiii
1549 1510 1666 1587 ⁰9⁰³f⁰li
1687 1520 1743 1572 Sim

79 1633 119 1680 ter
134 1624 299 1678 monasterii
326 1623 423 1678 dixit:
454 1625 551 1677 Frater·
573 1625 703 1692 Martyri,
729 1625 776 1678 ubi
799 1627 875 1696 estss
1198 1589 1326 1656 ΨΜ
1341 1592 1440 1643 ΜΨ·

81 1711 236 1782 portabas?
260 1710 314 1766 Cui
341 1710 388 1766 illo
416 1712 564 1781 respoudit
593 1712 714 1768 dicens:
739 1715 796 1781 Epo
815 1715 840 1766 si
933 1714 1096 1770 Ambrosius
1130 1728 1212 1784 saper
1236 1713 1337 1767 Lucam
1366 1713 1413 1767 lid.
1435 1713 1464 1768 l:
1495 1711 1615 1769 Gemina
1646 1712 1742 1769 virtus

79 1817 100 1855 n
114 1804 176 1870 qun
197 1805 273 1867 esset,
305 1799 387 1868 pedes
412 1801 471 1867 ejus
495 1801 652 1854 immissam.
668 1800 750 1856 iuno
766 1800 842 1856 idern
894 1804 981 1859 estin
1001 1803 1118 1859 homine
1139 1803 1274 1873 perlecto,
1300 1803 1333 1856 nt
1356 1808 1383 1857 et
1399 1800 1520 1857 intentio
1547 1801 1583 1857 sit
1605 1808 1633 1857 et
1647 1801 1739 1859 actio:

79 1889 152 1945 rrius
166 1888 304 1944 narrabat
324 1887 404 1958 quia,
423 1901 490 1944 cum
508 1901 575 1944 euru
592 1896 741 1958 portasset,
767 1902 841 1958 pon·
895 1893 967 1946 Item
979 1907 985 1946 :
998 1891 1053 1948 Ubi
1067 1891 1135 1948 dicit
1148 1891 1248 1947 Petrus
1264 1905 1271 1945 :
1285 1889 1416 1944 Animam
1431 1905 1517 1944 neam
1539 1905 1589 1960 pro
1604 1893 1629 1944 te
1640 1904 1742 1960 ponam

79 1978 136 2049 ejus
164 1975 284 2032 minime
310 1975 454 2032 sensisset.
469 1975 527 2032 Neo
547 1975 677 2044 mirum3
699 1976 842 2047 quomodo
897 1979 987 2050 (toan.
1001 1993 1064 2047 xm,
1080 1979 1135 2049 37),
1149 1985 1211 2034 erat
1227 1978 1345 2034 intentio
1361 1976 1511 2048 passionis,
1537 1977 1587 2033 sed
1611 1978 1741 2035 noudum

97 2064 212 2135 paudus
236 2063 300 2135 ejus
332 2065 439 2120 sentire
462 2071 573 2134 poterat
598 2065 650 2135 qui
679 2072 841 2135 portantem
896 2067 1162 2125 aetio.ltem:Cum
1176 2065 1269 2123 multa
1282 2065 1437 2136 apostolica
1450 2066 1559 2122 virtute
1574 2067 1740 2139 peregisset,

79 2152 153 2210 hat?
895 2163 992 2226 postea
1007 2154 1072 2213 tulit
1082 2168 1198 2212 crucem
1210 2162 1297 2225 atqua
1313 2153 1454 2209 actionem
1477 2154 1568 2210 subiit
1587 2153 1741 2225 passionis,

895 2245 944 2301 sed
969 2244 1024 2302 luit
1046 2244 1075 2300 iu
1101 2245 1194 2312 Petro,
1227 2241 1353 2310 Audrca,
1377 2241 1497 2310 Ioanne,
1530 2241 1638 2299 caeteris
1672 2255 1740 2313 apo·

380 2294 452 2351 XOE‘
896 2332 973 2390 stolis
996 2340 1024 2390 ει
1040 2331 1208 2389 ιιιιειιιιοιιιε
1237 2338 1264 2387 ει
1291 2329 1410 2387 actionis
1431 2330 1594 2402 equalitas.
1623 2333 1668 2386 Ea
1682 2346 1740 2386 ser·

138 2437 216 2503 Quod
229 2438 284 2493 3010
295 2439 385 2492 pram
396 2451 482 2508 passa
499 2438 580 2505 siper
594 2440 698 2492 ponpa,
895 2437 972 2477 mone
996 2422 1113 2492 quadarn
1146 2423 1176 2475 in
1202 2421 1330 2490 passione
1372 2420 1556 2489 apostoloram
1597 2421 1671 2475 Petri
1715 2422 1742 2474 ct

897 2511 990 2578 Pauli,
1003 2511 1043 2565 sic
1060 2510 1157 2579 incipit
1174 2525 1181 2565 ;
1199 2509 1270 2564 Cum
1293 2521 1391 2564 omues
1414 2506 1489 2564 beati
1505 2506 1626 2577 apostoli
1641 2519 1740 2578 parom

103 2612 224 2653 sermone
247 2598 282 2652 de
303 2601 486 2667 assumptione
509 2602 609 2652 sancta
631 2598 728 2653 diaria
751 2600 843 2656 Hiero-
896 2600 1020 2670 gratiam
1049 2599 1126 2668 apud
1155 2597 1246 2654 Deum
1270 2596 1431 2652 sanctitatis
1458 2595 1617 2667 obtineant,
1645 2596 1740 2652 nescio

80 2702 111 2742 s:
130 2687 213 2744 Recte
230 2685 319 2757 igitur
333 2687 416 2743 beata
434 2686 481 2742 liei
497 2685 628 2742 Genitrix
647 2693 674 2742 et
689 2686 772 2758 virgo
787 2687 841 2746 luit
896 2703 954 2758 quo
978 2695 1074 2743 tamen
1091 2693 1173 2757 pacto
1202 2686 1302 2741 Petrus
1329 2691 1357 2741 et
1381 2683 1488 2740 Paulus
1521 2684 1657 2740 videntur
1683 2696 1741 2754 prae

79 2782 168 2847 trtyr;
186 2774 254 2830 hiuc
278 2789 395 2846 quoque
419 2774 498 2846 quod
531 2789 598 2830 vere
617 2788 702 2845 passa
729 2775 775 2843 sit,
790 2775 841 2847 [ιε-
896 2775 1006 2833 caeteris
1020 2774 1160 2846 peculiari
1174 2773 1302 2844 quadam
1326 2772 1356 2828 in
1378 2772 1526 2829 salvatore
1549 2771 1616 2828 lldei
1630 2770 1740 2827 virtuts

79 2864 100 2934 r]
128 2862 242 2919 Simeon
280 2864 429 2933 propheta,
469 2863 590 2934 loquens
620 2863 657 2919 ad
687 2877 774 2920 cam:
805 2867 840 2921 dt
897 2862 1069 2933 praecellere,
1086 2861 1295 2932 quodquidam
1315 2875 1352 2916 er
1372 2859 1461 2930 ipsius
1489 2857 1602 2913 Domini
1628 2854 1739 2928 judicio

79 2951 203 3022 inquit,
219 2953 338 3005 animam
364 2953 542 3021 pertransibit
566 2952 677 3020 pladins
701 2952 777 3023 (Lito.
806 2970 836 3023 u,
856 2917 877 2973 ⁰
894 2951 1229 3024 possumusapprohara.
1244 2949 1318 3005 Nam
1337 2948 1420 3005 Petro
1435 2947 1511 3004 sicut
1526 2948 1599 3003 hono
1620 2946 1737 3016 dispeu-

79 3041 120 3096 lir
145 3054 203 3110 quo
228 3047 339 3096 constat
368 3040 446 3110 quad
474 3040 524 3096 alii
549 3041 650 3106 sancti,
678 3041 732 3098 ειει
762 3042 839 3112 passi
893 3040 982 3098 satori
996 3040 1092 3098 claves
1108 3039 1188 3111 regni
1211 3038 1349 3095 coelorum
1373 3037 1458 3103 dedit,
1487 3035 1575 3092 Paulo
1596 3041 1738 3106 tanquam

79 3142 124 3198 pra
140 3127 253 3184 Christo
281 3128 312 3183 in
345 3142 441 3194 carue,
462 3136 557 3186 tamen
583 3129 614 3185 in
636 3123 743 3199 ariirna,
774 3146 840 3202 quae
893 3126 1328 3199 idoneodootorimagisterium
1355 3124 1552 3182 ecclesiastica
1581 3122 1739 3181 institutio·

79 3216 167 3273 utalia
182 3225 233 3284 εει,
252 3216 311 3287 pati
332 3231 390 3273 uon
405 3224 581 3286 potueruut;
598 3217 681 3274 heata
706 3233 772 3276 vero
787 3219 838 3276 Dei
892 3219 949 3275 nis.
969 3218 1060 3274 Item:
1089 3216 1205 3273 Clavem
1241 3212 1453 3285 quodammodo
1476 3226 1493 3269 a
1512 3211 1624 3269 Christo
1643 3211 1739 3267 soien-

80 3307 134 3373 rix,
152 3306 222 3376 quia
236 3306 267 3361 iu
281 3320 314 3362 ea
330 3313 409 3375 parte
430 3319 514 3376 passa
529 3312 581 3372 est,
608 3320 674 3376 qua
704 3306 839 3377 impassi-
893 3306 939 3361 tiae
952 3312 980 3362 et
995 3303 1103 3361 Paulus
1117 3303 1235 3374 accepit.
1253 3302 1344 3359 Amba
1374 3301 1465 3374 igitur
1491 3299 1586 3357 clares
1606 3312 1738 3371 percepe-

79 3393 201 3456 rahetur,
219 3393 291 3461 ideo,
309 3402 341 3450 ut
364 3395 403 3449 ita
431 3395 531 3460 lateat,
552 3394 622 3465 quia
651 3395 840 3464 spiritualiter
893 3403 962 3451 runt
990 3407 1009 3450 a
1037 3393 1168 3460 Domino,
1196 3392 1243 3448 ille
1266 3391 1404 3457 scientiae,
1436 3391 1488 3446 iste
1512 3390 1657 3460 patentia.
1691 3387 1738 3444 Sia

79 3482 171 3539 ociter
194 3497 278 3553 passa
305 3490 358 3548 est,
383 3490 532 3552 propterea
560 3490 587 3538 ει
610 3481 675 3552 plus
704 3484 840 3541 omuibus
892 3484 970 3540 euim
990 3482 1117 3539 scientiae
1141 3480 1281 3548 thesauri,
1308 3479 1538 3550 sicutscriptum
1553 3485 1595 3535 εει
1611 3492 1619 3536 :
1638 3477 1738 3547 inquo

79 3571 268 3639 limanium,
286 3578 318 3626 ut
342 3571 470 3627 animam
493 3571 557 3642 ejus
585 3577 674 3627 totam
695 3581 839 3642 pertrans·
892 3578 956 3629 sunt
984 3587 1073 3628 ornnes
1091 3571 1213 3627 thesauri
1238 3571 1380 3640 sapientiae
1405 3574 1430 3624 et
1446 3573 1567 3625 scientiae
1585 3570 1740 3625 absconditi

79 3666 95 3714 ιι
109 3659 267 3730 possideret
281 3660 327 3715 vis
339 3659 445 3714 doloris
461 3660 496 3714 ad
516 3659 711 3716 testimonium
726 3660 839 3717 eximiae
893 3662 1003 3730 (Gotoss.
1028 3679 1058 3729 ιι,
1075 3661 1116 3731 3).
1136 3661 1211 3732 Ergo
1230 3660 1305 3715 beati
1327 3659 1427 3721 Petrus
1441 3667 1469 3717 el
1483 3659 1592 3716 Paulus
1606 3659 1733 3716 eminent

80 3749 163 3805 ionis.
179 3748 254 3816 Quia
269 3750 353 3805 beata
368 3749 458 3805 Maria
484 3757 580 3805 mento
607 3763 691 3819 passa
705 3758 757 3817 εει,
774 3749 839 3822 plus
894 3751 968 3807 iuter
982 3750 1135 3807 universos
1150 3747 1295 3818 apostolos
1320 3754 1347 3803 et
1361 3746 1501 3817 peculiari
1519 3747 1646 3818 quadam
1661 3761 1738 3817 prae·

79 3845 204 3907 tmartyr
219 3838 282 3893 iuit.
299 3837 446 3893 Nimirum
461 3839 563 3909 eteius
581 3837 694 3894 dilectio
714 3838 840 3908 amplius
893 3839 1025 3911 rogativa
1036 3836 1212 3908 praecellunt,
1229 3836 1306 3893 unde
1321 3836 1397 3891 iuter
1420 3835 1495 3906 ipsos
1510 3836 1576 3905 quis
1597 3835 1645 3891 cui
1666 3848 1738 3905 prae-

84 3940 173 3996 quam
188 3940 275 3995 mors,
292 3925 362 3998 quia
390 3934 509 3982 mortem
529 3926 635 3983 christi
658 3940 740 3983 suam
761 3926 838 3984 lecit.
894 3935 1019 3999 ponatur
1034 3927 1176 3983 incertum
1197 3933 1249 3982 εει.
1266 3923 1339 3981 Ριιιο
1365 3923 1444 3980 ειιιιιι
1459 3922 1521 3979 ιιιοε
1535 3923 1663 3994 aquales
1677 3935 1738 3978 esso

79 4018 166 4068 stinns
191 4016 355 4069 decivitate
378 4016 436 4081 liei,
463 4014 510 4070 lid.
539 4015 615 4070 XXll
633 4030 639 4068 :
657 4014 685 4071 Si
714 4015 841 4072 conside-
893 4015 1010 4072 meritis.
1028 4018 1072 4070 Ea
1085 4030 1207 4070 sermone
1234 4015 1330 4069 Leonis
1348 4027 1431 4082 papae
1449 4015 1478 4067 in
1498 4012 1651 4079 testivitate
1665 4013 1741 4066 Petri

79 4103 290 4174 sdiligentius,
307 4103 397 4171 dolor,
409 4103 460 4174 qni
477 4103 584 4160 dicitur
597 4103 734 4174 corporis,
748 4104 839 4176 magis
893 4110 918 4158 et
935 4104 1039 4160 Pauli:
1073 4104 1112 4159 lie
1139 4115 1264 4174 quorum
1307 4101 1416 4159 meritis
1450 4109 1536 4172 atque
1566 4099 1737 4167 virtutihus,

79 4190 180 4247 nimam
198 4193 320 4261 pertinet
341 4206 429 4262 quam
454 4191 490 4247 nd
518 4205 631 4262 corpus.
657 4192 769 4250 Animae
797 4200 839 4249 est
856 4192 877 4248 li
894 4206 960 4263 quau
975 4205 1090 4249 omnem
1103 4198 1241 4263 superant
1256 4189 1394 4261 loquendi
1415 4189 1590 4257 facultatem,
1606 4188 1681 4245 nihil
1697 4188 1737 4244 di·

79 4293 168 4348 c,uou
185 4281 321 4350 corporis,
337 4281 424 4336 etiam
437 4280 554 4351 quaudo
577 4281 602 4336 ei
618 4279 732 4338 dolendi
752 4294 840 4338 causa
895 4296 1022 4350 versum,
1047 4281 1120 4338 nihil
1140 4281 1277 4336 dehemus
1300 4279 1407 4334 sentire
1426 4278 1593 4347 discretum,
1615 4277 1683 4349 quia
1704 4276 1738 4333 il·

82 4374 93 4422 ι
111 4381 263 4437 acorpore,
280 4382 347 4423 curn
368 4368 396 4423 in
412 4381 445 4423 eo
460 4367 520 4424 loeo
544 4368 629 4429 dolet,
655 4369 705 4426 uhi
726 4369 840 4427 laeditur
894 4368 936 4425 los
952 4376 979 4425 ει
991 4369 1091 4426 ειεειιο
1106 4381 1198 4439 pares,
1213 4374 1240 4424 ει
1253 4366 1333 4423 labor
1348 4366 1462 4435 similes,
1488 4373 1515 4423 ει
1530 4366 1596 4423 ιεειι
1614 4365 1741 4437 aquales
1759 4379 1763 4385 ·

79 4469 109 4510 ts.
126 4455 198 4510 idem
227 4470 309 4525 super
335 4456 467 4512 Genesin:
498 4455 609 4513 Sentice
628 4471 687 4514 uon
711 4465 753 4514 εει
777 4471 840 4515 cor·
896 4455 971 4512 duis.
1000 4457 1102 4510 Pontus
1126 4458 1155 4509 in
1182 4455 1306 4525 Epistola
1330 4455 1425 4524 prima
1447 4454 1484 4509 ad
1505 4455 1656 4512 Corinthios
1676 4453 1739 4526 (xv,

79 4581 83 4606 .
100 4542 149 4598 sed
160 4542 264 4599 animae
282 4557 332 4613 per
351 4557 467 4613 corpus,
494 4543 559 4600 licet
575 4552 658 4602 acute
680 4546 840 4603 disseratur
894 4544 922 4614 8)
938 4543 1120 4607 :Novissime
1136 4551 1232 4602 autem
1255 4545 1385 4601 omnium
1401 4550 1540 4614 tanquam
1556 4543 1741 4602 abortiveri-

79 4629 154 4686 idum
181 4632 375 4688 diversitatem
404 4646 608 4703 corporeorum
632 4634 839 4692 elementorum
895 4647 946 4691 sus
969 4640 1011 4690 est
1035 4633 1166 4691 etmihi.
1192 4635 1250 4702 Epo
1274 4649 1337 4691 sum
1371 4631 1512 4689 minimus
1535 4633 1740 4704 apostolorum,

81 4721 295 4790 sesseoorpori
321 4720 500 4790 distributos,
526 4722 625 4778 anima
653 4731 760 4792 tamen,
791 4724 840 4781 cui
896 4722 967 4791 quia
995 4736 1054 4779 non
1077 4737 1142 4779 sum
1171 4722 1278 4794 dignus
1297 4721 1392 4778 vocari
1420 4721 1577 4792 apostolus,
1602 4720 1741 4792 quoniam

79 4807 135 4863 andi
151 4808 193 4864 vis
209 4808 292 4877 inest,
309 4823 376 4865 cum
402 4824 612 4879 corporeanou
628 4812 674 4880 sit,
703 4813 840 4882 persuh-
895 4817 1063 4881 persecutus
1089 4825 1155 4868 sum
1174 4810 1330 4867 Ecclesiam
1354 4810 1415 4866 Dei.
1436 4810 1536 4867 Gratia
1562 4817 1659 4866 autem
1687 4808 1740 4866 liei
1845 4830 1850 4836 ·

87 4911 192 4967 corpus
206 4897 297 4968 agitat
324 4899 453 4970 vigorem
476 4900 629 4957 sentiendi.
653 4901 773 4956 inchoat
788 4901 840 4956 ita·
895 4914 961 4957 sum
978 4900 1007 4957 id
1021 4900 1099 4973 quod
1122 4913 1200 4968 sarm,
1215 4907 1243 4956 et
1269 4899 1363 4970 gratia
1376 4898 1441 4969 ejus
1469 4898 1498 4953 in
1514 4913 1559 4955 me
1574 4913 1668 4956 vacua
1679 4911 1740 4954 nou

79 4993 176 5041 uotum
192 4987 223 5042 in
237 4988 371 5044 omuibus
387 4989 519 5045 seusihus
541 4987 732 5046 asuhtilitate
751 4989 838 5060 ignis.
895 4988 962 5059 luit,
986 4989 1035 5046 sed
1057 4987 1257 5045 abuudantius
1279 4987 1334 5044 illis
1360 4987 1503 5056 laborari,
1529 5002 1587 5044 uon
1612 5002 1665 5059 ego
1689 5001 1741 5042 au-

80 5074 212 5146 :Neque
231 5076 308 5132 cuitu
337 5091 442 5148 corpus
471 5078 568 5146 sentit,
592 5077 642 5134 sad
670 5078 769 5134 anima
790 5092 841 5149 per
894 5086 963 5145 tem,
992 5079 1042 5135 sed
1075 5079 1167 5150 gratia
1191 5077 1239 5133 Dei
1260 5090 1383 5135 mecum.
1413 5078 1658 5147 Greporinssnper
1677 5079 1741 5132 lize-

79 5176 108 5230 ts,
135 5176 193 5233 quo
221 5163 299 5220 velut
323 5165 425 5222 nuntio
458 5166 551 5222 utitur
580 5166 616 5222 ad
655 5166 839 5224 lormaudum
895 5169 1005 5224 chietem
1029 5167 1142 5223 homilia
1167 5166 1280 5226 XVlll:
1297 5166 1378 5223 Certe
1399 5165 1518 5235 Paulus,
1546 5179 1613 5223 cnm
1641 5167 1742 5223 Petrus

79 5251 191 5322 netipsa
206 5253 283 5323 quod
297 5254 478 5312 extrinsecus
491 5254 656 5311 nuntiatur.
895 5256 1041 5331 apostolus
1058 5270 1173 5315 serrare
1199 5256 1296 5315 adhuc
1324 5255 1563 5314 cousuetudinem
1592 5254 1663 5329 legis
1687 5254 1740 5313 cir·

79 5428 88 5500 l
102 5427 186 5488 Cous.
200 5444 207 5485 :
221 5433 272 5486 aet.
